4040 6424
191 361 306 421 379

192 496 335 552 10;;
375 479 500 530 Ὀτι
552 478 654 532 ἀπ’
700 478 961 546 ἐμαυτοῦ
993 480 1107 532 οὐκ
1152 476 1425 545 ἐλήλυθα
1452 517 1468 541 ,
1510 472 1660 546 [MO]
1693 472 1783 526 ὅτι

185 568 232 620 δ
253 563 500 631 πέμψας
517 579 592 629 με
621 560 842 629 Πατὴρ,
877 561 1108 627 ἐκεῖνός
1131 578 1232 629 μοι
1251 562 1475 615 ἔδωκεν
1494 559 1673 611 ἐντολ
1683 556 1778 623 ἡν,

190 649 254 701 τί
284 648 435 699 ειπω
483 644 584 696 καὶ
611 644 668 696 τί
705 646 990 712 λαλήσω·
1025 645 1120 697 καὶ
1149 645 1250 697 ὅσα
1289 642 1514 696 τοιαῦτα
1543 641 1706 710 ’ἐτερα
1728 650 1776 692 ι.

195 733 347 802 Ἀρα
373 729 547 784 ταῦτα
589 729 655 782 δι’
685 730 882 794 αὐτοὺς
906 729 1080 792 οὕτως
1104 728 1325 797 ἐλέγετο
1343 767 1358 788 .
1392 727 1480 780 ἵνα
1511 722 1783 802 μηδεμίαν

191 800 399 886 ἔχωσιν
433 814 729 881 ἀπολογίας
764 814 1058 883 πρόφασιν,
1108 813 1264 866 Ἐπεὶ
1304 813 1352 864 εἰ
1390 809 1465 879 μὴ
1493 806 1655 860 τοῦτο
1691 800 1780 886 ᾖν,

191 885 248 950 τι
296 898 522 949 Ἡσαΐου
571 897 732 949 πλέον
771 895 914 960 ἕξεις
966 895 1078 948 Καὶ
1129 893 1239 964 γάρ
1277 893 1486 953 ἐκεῖνος
1540 889 1602 941 16
1648 885 1784 939 αὐτὸ

189 979 357 1032 τοῦτό
385 996 518 1048 φησι
539 996 552 1009 ·
581 979 800 1045 Κύριος
824 978 1038 1032 δίδωσί
1050 994 1152 1046 μοι
1173 974 1467 1042 γλῶσσαν
1488 969 1781 1034 παιδείας,

189 1062 305 1114 τοῦ
322 1060 543 1129 γνῶναι
558 1061 740 1126 ἡνίκα
756 1060 850 1113 δεῖ
863 1059 1055 1114 εἰπεῖν
1075 1061 1282 1128 λόγον.
1300 1057 1365 1109 Τί
1387 1057 1444 1109 δὲ
1479 1051 1742 1124 Ἰερεμίου
1764 1067 1780 1116 ς

193 1145 294 1196 καὶ
322 1144 433 1214 γὰρ
460 1145 662 1205 ἐκεῖνος
689 1144 776 1196 ὅτε
811 1143 1091 1213 ἐπέμπετο
1114 1143 1410 1194 ἐνεπνεῖτο.
1441 1136 1506 1190 Τί
1533 1135 1589 1188 δὲ
1624 1133 1784 1197 Ἰεζεο

193 1228 364 1294 κιήλς
395 1227 488 1278 καὶ
521 1226 631 1296 γὰρ
659 1228 754 1278 καὶ
786 1221 942 1289 οὗτος
971 1227 1071 1294 τὴν
1111 1223 1376 1292 κεφαλίδα
1416 1214 1780 1285 καταφαγὼν,

190 1309 372 1371 οὕτως
418 1309 733 1377 ἐφθέγγετο.
784 1311 992 1373 Ἀλλως
1017 1310 1074 1362 δὲ
1098 1351 1112 1374 ,
1139 1307 1527 1378 εὑρεθήσονται
1555 1302 1605 1354 οἰ
1652 1299 1783 1370 μέλ-

191 1392 382 1453 λοντες
404 1392 623 1444 ἀκούειν
649 1394 786 1462 ὅπερ
810 1392 1012 1460 ἔλεγεν,
1035 1377 1213 1445 αἴτιοι
1229 1390 1326 1460 τῆς
1353 1377 1608 1456 γνώσεως
1631 1383 1783 1444 ὅντες

192 1473 366 1544 αὐτῷ.
397 1475 457 1527 EE
485 1474 592 1544 γὰρ
634 1475 721 1528 ὅτε
758 1477 1056 1546 ἐπέμπετο,
1089 1473 1310 1544 ἐντολὴν
1354 1471 1472 1524 τότε
1515 1466 1702 1529 ἔλαϐε,
1728 1463 1780 1517 τί

191 1556 326 1627 εἴπῃ
349 1597 363 1618 ,
394 1556 580 1609 λοιπὸν
608 1559 790 1628 ἐρεῖς,
830 1560 911 1611 ὅτι
947 1558 1042 1610 καὶ
1071 1558 1200 1627 πρὶν
1245 1557 1278 1628 ἢ
1314 1552 1631 1622 πεμφθῆναι
1678 1549 1780 1601 οὐκ

189 1638 335 1707 ᾔδει.
370 1640 480 1693 Καὶ
521 1640 573 1692 τί
611 1640 815 1692 τούτων
849 1641 1208 1711 ἀσεϐέστερον
1260 1638 1367 1690 τῶν
1399 1635 1682 1706 ῥημάτων,
1729 1631 1779 1682 εἰ

189 1720 371 1784 υῦτως
415 1723 554 1775 αὑτά
595 1739 680 1784 τις
713 1723 919 1792 δέχοιτο
943 1763 958 1786 ,
996 1724 1087 1774 καὶ
1125 1722 1200 1794 μὴ
1237 1717 1644 1789 καταμανθάνοι
1679 1715 1779 1783 τῆς

189 1804 580 1873 ταπεινότητος
609 1804 792 1878 αὑτῶχ
809 1807 908 1878 τὴν
933 1805 1108 1859 αἰτίαν
1129 1805 1156 1845 δ
1179 1823 1193 1871 ;
1229 1805 1371 1857 Ἀλλ’
1393 1805 1422 1856 6
1446 1802 1543 1872 μὲν
1567 1795 1779 1858 Παῦλός

193 1903 328 1954 φησι
353 1887 445 1939 καὶ
481 1887 643 1949 αὑτὸς
673 1868 875 1940 εἰδέναι.
896 1889 990 1942 καὶ
1014 1891 1142 1952 τοὺς
1174 1885 1648 1958 μαθητευομένους
1666 1919 1679 1942 ,
1716 1879 1780 1930 Τί

191 1968 262 2020 τό
310 1967 542 2037 θέλημα
584 1970 691 2023 τοῦ
739 1971 886 2025 Θεοῦ
922 1971 986 2025 τὸ
1027 1972 1253 2039 ἀγαθὸν
1297 1968 1398 2021 καὶ
1447 1963 1779 2031 εὐάρεστον

191 2051 295 2103 κ(ιί
339 2051 601 2105 τέλειον·
637 2055 666 2105 6
714 2055 769 2108 δὲ
816 2056 944 2118 Υἱὸς
988 2056 1086 2108 οὑκ
1119 2055 1388 2124 ἠπίστατο
1419 2050 1523 2111 ἕως
1556 2045 1776 2113 ἐντολὴν

191 2133 386 2199 ἔλαϐες
418 2137 510 2186 καὶ
553 2137 673 2198 πῶς
703 2136 767 2189 ἂν
803 2139 918 2208 ἔχοι
965 2137 1122 2206 λόγον
1156 2137 1345 2201 τοῦτο;
1387 2133 1552 2203 Ὀρᾷς
1581 2125 1776 2182 ὅτιδιά

188 2216 352 2268 τοῦτο
383 2220 460 2279 εἰς
494 2219 800 2290 ὑπερϐολὴν
822 2222 1210 2291 ταπεινότητος
1235 2219 1302 2272 τὰ
1331 2219 1598 2287 λεγόμενα
1626 2215 1772 2283 ἀγει,

188 2298 280 2350 ῖνα
328 2300 618 2362 κάκείνους
661 2304 1073 2372 ἐπισπάσηται,
1108 2303 1202 2355 καὶ
1248 2303 1375 2363 τοὺς
1431 2301 1570 2370 μετὰ
1603 2300 1777 2353 ταῦτα

190 2381 556 2455 ἐπιστομίσῃς
608 2384 709 2436 Διά
760 2386 890 2452 γοῦν
933 2386 1092 2439 τοῦτο
1127 2383 1445 2456 ἀνθρώπινα
1479 2383 1778 2450 φθέγγεται

193 2466 438 2535 ῥήματα,
470 2468 556 2520 ἵνα
589 2467 692 2519 κᾶν
723 2467 896 2530 οὑτως
927 2468 1217 2538 ἀναγκάσῃ
1242 2468 1434 2535 φυγεῖν
1463 2468 1524 2518 16
1560 2465 1778 2529 εὐτελὲς

189 2547 301 2598 τῶν
331 2547 650 2617 λεχθέντων,
683 2552 989 2614 συνειδότας
1011 2553 1092 2604 ὅτι
1115 2553 1175 2604 ού
1207 2553 1304 2621 τῆς
1326 2548 1541 2618 φύσεώς
1574 2549 1689 2601 ἐστι
1711 2547 1779 2601 τὰ

191 2625 484 2693 λεγόμενα,
510 2627 647 2681 ἀλλὰ
676 2630 774 2696 τῆς
813 2631 922 2682 τῶν
967 2629 1276 2682 ἀκουόντων
1310 2627 1616 2689 ἀσθενείας.
1658 2626 1770 2679 Καὶ

188 2707 327 2763 οἶδα
351 2710 439 2764 ὅτι
458 2711 496 2778 ἠ
519 2713 739 2780 ἐντολὴ
762 2714 947 2768 αὐτοῦ
968 2713 1078 2780 ζωὴ
1103 2713 1340 2776 αἰώνιός
1355 2713 1545 2765 ἐστιν.
1576 2713 1636 2764 Ἃ
1663 2707 1778 2765 οὖν

189 2793 393 2855 λαλῶ,
425 2794 620 2860 καθὼς
652 2797 989 2851 ἐνετείλατό
1010 2814 1112 2865 μοι
1143 2797 1174 2848 ὀ
1212 2794 1412 2862 Πατήρ
1440 2812 1582 2863 μου,
1621 2794 1776 2847 οὕτω

190 2876 384 2930 λαλῶ.
428 2878 591 2949 Ὀρᾷς
630 2880 690 2931 16
731 2881 989 2934 ταπεινὸν
1028 2881 1137 2933 τῶν
1183 2879 1529 2951 είρημένωνς
1577 2878 1636 2933 Ὁ
1665 2880 1775 2948 γὰρ

188 2960 416 3030 ἐντολὴν
451 2961 653 3021 λαϐὼν,
685 2962 784 3015 οὑκ
815 2963 962 3016 ἔστιν
1004 2962 1198 3016 ἑαυτοῦ
1228 2963 1441 3032 κύριος.
1489 2963 1680 3015 Καίτοι
1709 2979 1773 3030 γε

193 3042 358 3104 αὑτός
401 3060 601 3113 φησιν’
637 3045 867 3112 Ὠσπερ
899 3047 1009 3115 γὰρ
1059 3048 1091 3100 ό
1139 3044 1342 3110 Πατὴρ
1391 3045 1596 3113 ἐγείρει
1634 3045 1775 3110 τοὺς

193 3126 446 3193 νεκροὺς
479 3128 575 3179 καί
608 3125 899 3192 ζωοποιεῖ,
924 3129 1075 3182 οὕτω
1111 3128 1207 3180 καί
1234 3131 1265 3180 ὀ
1308 3128 1438 3192 Υἱὸς
1466 3127 1574 3193 οὓς
1616 3128 1776 3181 θέλει

195 3203 477 3265 ζωοποιεῖ.
516 3205 644 3260 Εἶτα
671 3212 878 3281 ἐγεῖραι
923 3212 1022 3281 μὲν
1049 3209 1142 3272 οὓς
1171 3210 1316 3262 θέλει
1345 3211 1594 3276 ἐξουσίαν
1622 3211 1732 3281 ἔχει
1756 3252 1772 3274 ,

193 3293 368 3343 εἰπεῖν
391 3293 446 3344 δὲ
467 3293 495 3344 ὃ
529 3292 774 3362 βούλεται
802 3296 902 3347 οὑκ
929 3296 1076 3365 ἔχεις
1106 3296 1171 3348 ’0
1201 3290 1293 3347 οὖν
1321 3294 1463 3347 θέλει
1492 3297 1666 3348 εἰπεῖν
1687 3296 1774 3348 διὰ

192 3376 284 3428 τοῦ
310 3378 637 3448 εἰρημένου,
671 3379 826 3430 τοῦτό
849 3382 1028 3432 ἐστιν·
1060 3380 1140 3431 ὄτι
1170 3380 1269 3430 οὐκ
1316 3377 1428 3447 ἔχει
1464 3390 1485 3416 υ
1511 3377 1672 3446 φύσιν
1714 3381 1774 3432 τὸ

194 3463 426 3530 πρᾶγμα
455 3460 542 3514 ’έτε
554 3478 620 3528 ρα
649 3463 745 3530 μὲν
763 3465 969 3514 ἐκεῖνον
991 3462 1190 3528 λέγειν,
1213 3462 1375 3532 ἕτερα
1403 3463 1460 3514 δὲ
1485 3463 1584 3532 ἐμὲ
1607 3463 1776 3530 φθέγ-

192 3544 405 3609 γεσθαι.
441 3544 549 3597 Καὶ
585 3541 719 3597 οἴδα
750 3544 836 3598 ὅτι
860 3547 898 3612 ἡ
928 3545 1147 3612 ἐντολὴ
1180 3546 1366 3598 αὑτοῦ
1397 3545 1507 3613 ζωὴ
1537 3546 1776 3613 αῑὼνιός

171 3625 342 3678 ἐστι.
375 3626 515 3696 Πρὸς
549 3628 789 3688 ἐκείνους
811 3629 937 3691 τοὺς
959 3629 1157 3682 πλάνον
1185 3629 1345 3680 αὑτὸν
1369 3629 1654 3696 λέγοντας,
1683 3633 1776 3683 καὶ

193 3709 284 3762 ἰπὶ
306 3709 454 3780 λύμῃ
480 3711 935 3780 παραγεγονέναι,
958 3710 1114 3764 τοῦτο
1145 3705 1315 3766 εἶπεν.
1349 3713 1517 3765 Ὅταν
1546 3713 1599 3765 δὲ
1620 3713 1774 3785 λέγῃ,

205 3790 354 3860 Ἐγὼ
379 3795 451 3844 οὐ
472 3794 673 3859 κρίνω,
704 3792 776 3862 μὴ
811 3789 947 3845 εἶναι
975 3795 1070 3862 τῆς
1093 3794 1368 3856 ἀπωλείας
1397 3794 1502 3846 τῶν
1519 3795 1775 3848 τοιούτων

196 3875 386 3927 ἑαυτὸν
412 3875 684 3928 δείκνυσιν
714 3876 887 3928 αίτιον
915 3875 963 3929 ιί.
994 3877 1092 3929 Διά
1120 3876 1226 3947 γὰρ
1262 3877 1465 3930 τούτων
1492 3879 1776 3948 μονονουχὶ

193 3958 640 4028 διαμαρτύρεται,
669 3958 878 4028 μέλλων
899 3960 1231 4028 ἀφίστασθαι
1259 3961 1439 4012 αὐτῶν
1462 3963 1553 4013 καὶ
1580 3962 1776 4031 μηκέτι

197 4042 547 4109 συγγίνεσθαι
575 4083 606 4119 ,η
632 4044 712 4095 ὅτι
743 4042 907 4095 Οὐδὲν
952 4042 1062 4110 ὲγὼ
1095 4044 1171 4106 ὡς
1226 4043 1356 4096 ῐδιον
1405 4044 1777 4115 φθεγγόμενος

194 4126 474 4194 διελέχθην
507 4126 665 4194 ὑμῖν,
708 4126 843 4179 ἀλλά
877 4128 1054 4181 πάντα
1095 4127 1168 4190 ὡς
1208 4128 1361 4196 παρά
1399 4128 1493 4180 τοῦ
1539 4129 1771 4197 Πατρός.

195 4211 306 4262 Καὶ
340 4209 431 4262 διὰ
454 4209 611 4262 τοῦτο
640 4214 719 4273 εἰς
743 4212 810 4262 τὰ
837 4211 1068 4263 ταπεινά
1101 4213 1194 4263 τὸν
1227 4211 1386 4280 λόγον
1418 4213 1552 4282 πρὸς
1579 4214 1776 4274 αὑτοὺς

196 4293 569 4355 κατέκλεισεν,
591 4293 677 4344 ἵνα
712 4293 842 4363 εἴπῃ
864 4335 877 4352 ,
903 4295 985 4346 ὅτι
1016 4294 1163 4356 ’Ἕως
1193 4295 1382 4358 τέλους
1407 4295 1611 4365 ταύτην
1642 4295 1777 4363 πρὸς

194 4377 389 4439 αύτούς
436 4376 669 4445 ὑστέραν
715 4377 901 4446 ἀφῆκα
954 4379 1156 4447 φωνήν.
1209 4378 1374 4431 Ποίαν
1429 4379 1491 4449 δὴ
1533 4378 1772 4446 ταύτηνς

195 4459 400 4523 Καθὼς
431 4458 634 4526 ειρηκέ
665 4476 765 4526 μοι
797 4463 828 4512 ό
858 4461 1078 4528 Πατὴρ,
1105 4461 1258 4514 οὕτω
1286 4461 1472 4516 λαλῶ.
1510 4463 1570 4514 Εἰ
1597 4462 1652 4514 δὲ
1679 4463 1775 4514 ἀν-

193 4541 372 4603 τίθεος
405 4542 576 4611 ήμην,
608 4543 919 4595 τούναντίον
949 4542 1012 4594 ἂν
1045 4539 1198 4595 εἷπον
1223 4561 1234 4573 '
1268 4545 1349 4597 ὃτι
1382 4545 1533 4597 οὐδὲν
1560 4544 1669 4596 τῶν
1699 4543 1776 4614 τῷ

194 4624 313 4694 Θεῷ
343 4624 645 4676 δοκούντων
669 4624 813 4692 λέγω
835 4668 846 4689 ,
877 4625 1018 4677 ὥστε
1061 4629 1140 4688 εἰς
1176 4628 1414 4696 ἐμαυτὸν
1445 4627 1777 4696 περιστῆσαι

191 4710 290 4777 τὴν
328 4708 507 4774 δόξαν.
559 4707 695 4760 Νυνὶ
738 4709 793 4761 δὲ
833 4708 1089 4762 τοσοῦτον
1128 4713 1205 4772 εἰς
1247 4712 1408 4763 αὑτὸν
1466 4712 1642 4764 πάντα
1678 4711 1776 4762 ἀν-

193 4791 422 4861 ήγαγον.
455 4791 530 4853 ὡς
560 4790 724 4860 μηδὲν
757 4792 888 4860 ἐμὸν
919 4795 1086 4861 φῆσαι
1117 4804 1163 4845 ε.
1200 4793 1356 4855 Τίνος
1384 4789 1476 4846 οὖν
1510 4795 1694 4846 ’ἐνεκεν
1716 4794 1774 4846 ού

191 4873 475 4926 πιστεύετέ
507 4890 596 4943 μοι
627 4873 856 4940 λέγοντι,
889 4875 968 4927 ’ὁτι
995 4875 1215 4946 ἐντολὴν
1246 4875 1459 4938 ἔλαϐον,
1497 4877 1591 4928 καὶ
1625 4875 1774 4947 [HI]

191 4957 335 5009 οὕτω
364 4953 611 5026 σφοδρῶς
631 4957 1056 5030 ἀναιροῦντιτὴν
1083 4959 1326 5028 πονηράν
1345 4960 1496 5030 ὑμῶν
1523 4961 1776 5013 ὑπόνοιαν

191 5040 290 5111 τὴν
319 5040 418 5109 τῆς
450 5040 852 5101 ἀντιστάσεως;
898 5041 1111 5111 Ὠσπερ
1142 5043 1251 5112 γὰρ
1282 5045 1406 5104 τοὺς
1439 5043 1659 5112 ἐντολὴν
1690 5044 1777 5096 δε-

191 5125 457 5196 χομένους
491 5123 753 5176 ἀδύνατον
783 5124 911 5176 ἄλλο
941 5143 994 5177 τι
1024 5129 1198 5178 ποιεῖν
1228 5127 1260 5195 ἢ
1292 5127 1493 5194 λέγειν,
1525 5127 1558 5197 ἢ
1593 5127 1693 5179 ὅσα
1727 5127 1776 5178 οί

193 5207 510 5277 πέμψαντες
551 5206 833 5274 βούλονται
860 5246 873 5268 ,
903 5207 1007 5271 ἕως
1043 5208 1109 5262 ἂν
1149 5209 1369 5277 ἐντολὴν
1398 5209 1648 5280 πληρῶσι
1679 5209 1777 5261 καὶ

195 5291 272 5362 μὴ
307 5290 804 5360 παραχαράττωσιν
824 5308 836 5320 ο
866 5289 1038 5353 οὕτως
1069 5292 1187 5344 οὐδὲ
1214 5293 1314 5361 ἐμὲ
1339 5293 1466 5346 ἄλλο
1491 5311 1543 5346 τι
1570 5293 1776 5362 πρᾶξαι

192 5375 226 5442 ἢ
271 5375 446 5426 εἰπεῖν
485 5374 742 5436 δυνατὸν,
775 5373 890 5426 ἀλλ’
931 5375 964 5444 ἦ
999 5375 1142 5445 ἅπερ
1192 5379 1220 5429 6
1261 5377 1451 5447 Πατὴρ
1501 5376 1772 5445 βούλεται.

199 5461 256 5510 Ἀ
281 5458 388 5525 γὰρ
406 5458 520 5526 ἐγὼ
538 5456 704 5517 ποιῶ,
729 5457 956 5524 ἐκεῖνος
979 5459 1156 5524 ποιεῖ,
1180 5459 1270 5512 ὅτι
1285 5461 1414 5524 μετ’
1440 5461 1588 5529 ἐμοῦ
1620 5461 1771 5525 ἐστι,

192 5544 284 5594 καί
314 5543 413 5594 οὑκ
447 5542 625 5610 ἀφῆκέ
670 5559 735 5611 με
773 5543 931 5612 μόνον
956 5545 983 5594 6
1020 5545 1228 5613 Πατήρ.
1279 5543 1445 5614 Ὁρᾷς
1491 5546 1609 5607 πῶς
1639 5563 1773 5597 παν-

191 5626 355 5694 ταχοῦ
381 5625 620 5678 δείκνυσι
644 5625 986 5695 συνημμένον
1009 5626 1086 5696 τῷ
1105 5629 1479 5702 γεγεννηκότι,
1505 5630 1596 5681 καὶ
1619 5628 1772 5680 οὐδὲν

255 5763 280 5790 ⁸
305 5758 478 5824 Ἀοςθί.
503 5759 700 5824 τοιαῇα
925 5763 950 5802 b
965 5761 1058 5810 Alii
1077 5762 1232 5808 αὐτῶν
1253 5763 1339 5819 τὴν
1360 5762 1624 5824 πρόφασινς
1649 5764 1770 5813 ἀλλ’.

254 5824 275 5849 ο
304 5821 569 5886 -Αἰίί-έχεις
615 5823 671 5886 Τί
696 5821 777 5886 οὑν
815 5823 919 5886 ἐστι
955 5824 1011 5869 τὸ
1035 5825 1275 5885 εἰρημένον
1315 5821 1487 5886 τοῦτο,
1517 5827 1675 5886 φησὶν,
1701 5829 1773 5873 ὅτι

191 5881 277 5932 οὐκ
300 5883 364 5946 ἐ.Δ
401 5879 432 5919 ιι
453 5879 551 5931 ,4-1ίὶ
583 5883 637 5929 οὑ
656 5884 818 5944 κρίνω,
855 5883 960 5931 Ούκ
994 5879 1088 5946 εἰμῖ
1111 5879 1193 5941 τῆς
1224 5879 1587 5939 ἀπωλείαςτῶν
1616 5879 1776 5935 τοιού-ο

193 5960 284 5990 των
316 5943 464 5998 αἰτιος
487 5981 500 5999 ,
545 5943 703 6005 φησὶν,
747 5946 847 5991 ἀλλ’
877 5943 1047 5995 αὑτοίί
1099 5948 1119 5976 ε
1153 5947 1356 6006 Quidam
1383 5947 1526 6006 μηδὲν
1576 5947 1696 5994 ἴδιόν
1728 5965 1773 5996 τι

197 6021 354 6066 φησαμ

1175 354 1242 411 IN
1277 352 1598 412 JOANNEM
1639 349 1873 408 IIOMIL.
1908 351 2095 407 LXIX.
2140 354 2211 409 al.
2256 354 2486 410 LXVIII.

3377 354 3483 410 $80

1893 472 2058 542 μέσον
2093 475 2186 541 δν;
2225 478 2335 529 Καὶ
2369 477 2478 548 γὰρ
2504 477 2635 529 ὅταν
2684 475 2840 548 λέγῃ,
2888 476 3015 529 Ἀπ’
3057 473 3323 542 ἐμαυτοῦ
3369 477 3481 527 οὐκ

1887 556 2158 624 ἐλήλυθα
2176 598 2190 618 .
2221 561 2283 612 ού
2308 560 2408 629 τὴν
2437 558 2688 624 ἐξουσίαν
2713 559 3118 630 ἀφαιρούμενος
3149 558 3317 624 λέγει,
3344 557 3480 610 ἀλλά

1886 636 1947 689 16
1973 638 2252 708 ἀλλότριον
2278 643 2372 694 καὶ
2396 642 2639 696 ἐναντίον
2672 641 2934 712 ἀναιρῶν.
2977 642 3038 695 EI
3061 641 3170 711 γὰρ
3195 639 3292 693 ἀνθ
3303 657 3478 710 ρωποι

1889 719 2067 790 κύριοι
2105 722 2333 784 ἑαυτῶν,
2364 724 2544 794 πολλῷ
2577 724 2778 794 μᾶλλον
2811 725 2839 776 6
2867 723 3162 793 μονογενὴς
3190 722 3336 784 Υίός.
3376 721 3479 774 Καὶ

1887 803 1968 855 ὅτι
1992 803 2150 857 τοῦτό
2174 806 2321 858 ἐστιν
2355 806 2572 875 ἀληθὲς,
2596 806 2830 860 ἀκουσον
2863 807 2916 857 τί
2943 822 3108 874 φησιν
3135 804 3164 854 6
3193 804 3404 866 Παῦλος
3429 803 3448 842 τ
3462 820 3474 834 ·

1901 885 2228 940 Ἐκένωσεν
2275 888 2513 952 ἑαυτὸν,
2563 890 2662 942 καὶ
2720 889 3067 956 παρέδωκεν
3091 887 3245 952 ὑπὲρ
3285 887 3474 954 ἡμῶν.

1899 967 2039 1020 Ἀλλ’
2089 969 2226 1041 ὅπερ
2259 970 2419 1040 ἔφην,
2459 972 2634 1024 δεινὸν
2664 974 2697 1042 ὴ
2743 971 3052 1037 κενοδοξία,
3089 963 3284 1026 δεινόν.
3323 970 3470 1040 Αὕτη

1875 1049 1994 1122 ,γὰρ
2029 1053 2123 1105 καὶ
2151 1052 2393 1117 ἐκείνους
2436 1054 2511 1124 μὴ
2543 1052 2844 1117 πιστεύειν,
2883 1054 2980 1106 καὶ
3026 1052 3250 1124 ἐτέρους
3285 1053 3473 1116 κακῶς

1884 1134 2162 1187 πιστεύειν
2202 1135 2582 1207 παρεσκεύασε
2606 1178 2620 1200 ,
2652 1137 2748 1190 καὶ
2785 1135 2822 1189 ἃ.
2853 1135 2921 1188 δι’
2961 1137 3208 1198 ἐκείνους
3253 1135 3478 1202 ἐλέγετο

1885 1215 2295 1287 φιλανθρωπίας
2319 1219 2526 1280 ἐνεκεν,
2553 1220 2727 1272 ταῦτα
2753 1220 2834 1281 εἰς
2859 1219 3114 1272 ἀσέϐειαν
3139 1218 3391 1271 ἐκλαϐεῖν
3425 1220 3472 1272 ³.

1952 1306 2020 1368 γ’.
2055 1300 2351 1369 Φεύγωμεν
2390 1300 2567 1353 τοίνυν
2607 1301 2668 1354 τὸ
2702 1301 2891 1372 θηρίον
2917 1300 3074 1354 τοῦτο
3104 1301 3192 1354 διὰ.
3225 1302 3471 1355 πάντων.

1883 1382 2134 1435 Ποικίλον
2162 1383 2270 1453 γάρ
2300 1385 2416 1436 ἐστι
2438 1383 2530 1436 καὶ
2552 1383 2909 1446 παντοδαπὸν,
2927 1386 3020 1437 καί
3047 1383 3324 1454 πανταχοῦ
3356 1384 3472 1436 διαο

1885 1465 2100 1535 σπείρει
2125 1465 2218 1518 τὸν
2239 1467 2439 1520 οἰκεῖον
2460 1466 2559 1527 ἰὸν,
2584 1468 2678 1520 καὶ
2706 1469 2764 1520 ὲν
2786 1469 3054 1537 χρήμασι,
3074 1468 3167 1520 καὶ
3192 1469 3248 1520 ἐν
3269 1469 3472 1537 τρυφῇ,

1884 1549 1978 1601 καὶ
2024 1552 2083 1602 ἐν
2135 1549 2320 1604 κάλλει
2364 1550 2654 1619 σωμάτων.
2703 1551 2804 1603 Διά
2840 1550 3000 1604 τοῦτο
3044 1551 3324 1621 πανταχοῦ
3374 1552 3475 1620 τὴν

1883 1632 2076 1702 χρείαν
2120 1634 2559 1705 ὑπερϐαίνομεν
2608 1634 2697 1687 διὰ
2728 1635 2888 1689 τοῦτο
2923 1637 2956 1708 ἡ
2994 1637 3124 1706 περὶ
3163 1637 3232 1689 τὰ
3284 1637 3475 1706 ἱμάτια

1883 1715 2206 1782 πλεονεξία,
2243 1719 2270 1770 6
2313 1718 2480 1780 πολὺς
2523 1719 2632 1770 τῶν
2681 1719 2907 1772 οἰκετῶν
2955 1720 3154 1797 ἐσμόςς
3187 1718 3276 1772 διὰ
3315 1719 3474 1771 τοῦτο

1882 1798 2159 1867 πανταχοῦ
2185 1799 2330 1870 μὲνὴ
2354 1801 2513 1871 χρεία
2537 1803 3036 1873 καταπεφρόνηται,
3062 1803 3157 1855 κα)⁵
3174 1805 3228 1852 ἐν
3251 1802 3471 1864 οἰκίαις,

1882 1881 1976 1933 καὶ
2019 1884 2077 1933 ἐν
2115 1881 2355 1951 ἱματίοις
2380 1923 2394 1944 ,
2434 1884 2528 1935 καὶ
2576 1885 2635 1936 ἐν
2681 1886 2933 1957 τραπέζῃ
2963 1903 2976 1914 ·
3011 1887 3042 1955 ἡ
3090 1887 3148 1938 δὲ
3185 1885 3472 1948 πλεονεξία

1881 1965 2092 2033 κρατεῖ.
2141 1964 2327 2017 Βούλει
2360 1965 2521 2033 δόξης
2558 1967 2888 2030 ἀπολαύειν;
2923 1967 3198 2038 Ἔργασαι
3238 1968 3471 2038 ἐλεημο·

1884 2046 2085 2116 σύνην·
2125 2050 2248 2102 τότε
2283 2067 2342 2102 σε
2379 2049 2760 2104 ἐπαινέσονται
2803 2053 2852 2104 οἰ
2897 2051 3154 2119 ἀγγελοιο
3195 2051 3316 2104 τότε
3344 2068 3403 2103 σε
3443 2053 3472 2103 6

1881 2129 2013 2192 Θεὸς
2050 2130 2393 2197 ἀποδέξεται.
2425 2133 2540 2185 Νῦν
2570 2133 2670 2204 μὲν
2708 2135 2819 2204 γὰρ
2848 2135 2907 2186 16
2938 2134 3124 2204 θαῦμα
3163 2135 3328 2204 μέχρι
3362 2134 3471 2185 τῶν

1880 2215 2193 2282 χρυσοχόων
2225 2216 2425 2287 ἕστηκε
2457 2217 2550 2270 καὶ
2575 2218 2686 2270 τῶν
2722 2219 2976 2286 ὑφαντῶν
2999 2236 3015 2249 ο
3049 2220 3112 2272 σὺ
3147 2219 3203 2271 δὲ
3231 2218 3472 2286 ἀστεφα-

1881 2312 2048 2358 νωτος
2071 2298 2395 2366 ἀναχωρεῖς,
2427 2301 2673 2370 κατάρας
2698 2301 2882 2371 ὁρῶσα
2912 2301 3144 2371 σεαυτὴν
3171 2302 3469 2370 δεχομένην

1880 2378 2161 2442 πολλάκις.
2203 2381 2299 2432 Ἂν
2328 2380 2583 2434 δὲταῦτα
2608 2383 2681 2454 μὴ
2705 2384 2784 2453 τῷ
2817 2383 3031 2455 σώματι
3066 2384 3318 2454 περιθῇς,
3354 2382 3468 2436 ἀλλ’

1879 2463 1959 2524 εἰς
1983 2460 2082 2524 τάς
2106 2463 2380 2533 γαστέρας
2420 2465 2531 2519 τῶν
2563 2468 2878 2536 πενομένων
2920 2466 3169 2537 κενώσῃς
3189 2509 3204 2530 ,
3247 2465 3413 2527 πολὺς
3442 2469 3470 2518 6

1880 2545 2072 2614 κρότος
2102 2548 2440 2617 πανταχόθεν
2470 2549 2645 2614 ἔσται,
2672 2550 2839 2614 πολὺς
2861 2553 2888 2604 ό
2908 2551 3147 2614 ἔπαινος.
3173 2548 3306 2602 Τότε
3331 2551 3472 2603 αὑτὰ

1878 2628 2058 2695 ἕξεις,
2097 2629 2226 2684 ὅταν
2267 2631 2475 2702 ἑτέροις
2527 2633 2666 2703 δῷς
2704 2634 2808 2697 ἕως
2839 2634 2884 2688 δ’
2920 2635 2984 2688 ἂν
3020 2635 3152 2705 μόνη
3197 2634 3468 2704 κατέχῃς.

1879 2712 1978 2765 οὑκ
2009 2713 2172 2782 ἔχεις.
2199 2713 2490 2785 Θησαυρδς
2517 2715 2626 2787 γὰρ
2654 2715 2883 2780 ἄπιστος
2907 2719 2939 2787 ἡ
2976 2717 3124 2768 οἰκία
3150 2734 3162 2746 °
3193 2715 3470 2786 θησαυρὸς

1877 2795 1935 2848 δὲ
1965 2794 2182 2863 βέϐαιος
2211 2799 2267 2850 aI
2303 2797 2411 2851 τῶν
2443 2801 2696 2870 πενήτων
2741 2802 2941 2870 χεῖρες.
2983 2799 3048 2851 Τί
3080 2799 3142 2852 16
3184 2797 3344 2868 σῶμα
3374 2815 3470 2851 κο-

1881 2879 2038 2944 σμεῖς
2063 2918 2075 2938 ,
2106 2877 2206 2947 τῆς
2244 2879 2420 2950 ψυχῆς
2449 2882 2806 2952 ὴμελημένης
2827 2923 2840 2947 ,
2893 2882 3206 2952 ἀκαθαρσία
3240 2898 3470 2951 κατεχο-

1884 2959 2084 3028 μένηςς
2117 2961 2169 3012 τί
2197 2961 2272 3032 μὴ
2299 2962 2569 3034 τοσαύτην
2595 2965 2894 3034 ἀπονέμεις
2914 2967 2979 3035 τῇ
3012 2965 3156 3035 ψυχῇ
3187 2965 3468 3034 πρόνοιαν,

1879 3042 2010 3112 ὂσην
2033 3043 2111 3113 τῷ
2142 3043 2355 3113 σώματι
2379 3064 2393 3106 ;
2428 3047 2622 3099 Καίτοι
2643 3063 2706 3114 γε
2730 3047 2952 3100 πλείονα
2981 3048 3088 3100 ἔδει
3115 3064 3126 3077 ·
3157 3047 3273 3099 ἀλλ’
3296 3048 3468 3115 ὅμως,

1877 3127 2151 3194 ἀγαπητοὶ
2167 3131 2216 3190 h,
2236 3127 2337 3180 κᾶν
2358 3130 2456 3200 τὴν
2481 3130 2600 3199 ίσην
2618 3131 2754 3201 αὑτῇ
2773 3132 3036 3202 παρέχειν
3059 3132 3164 3184 ἔδει
3185 3132 3465 3202 πρόνοιαν.

1881 3207 2012 3260 Εἰπέ
2058 3209 2167 3277 γάρ
2203 3226 2322 3278 μοι·
2365 3211 2418 3262 εί
2441 3212 2526 3274 τίς
2571 3230 2630 3264 σε
2663 3214 2848 3283 ἤρετο,
2879 3214 2931 3266 τί
2964 3213 3165 3282 βούλει,
3201 3214 3262 3267 16
3303 3215 3467 3284 σιτ)μὰ

1881 3308 1973 3342 σου
2009 3286 2149 3344 εἶναι
2185 3291 2436 3363 λαμπρὸν
2467 3296 2560 3347 καὶ
2583 3296 2863 3360 εὐεκτοῦν,
2892 3299 2987 3351 καὶ
3017 3298 3136 3368 ὥρα
3165 3301 3342 3368 νικᾷν,
3375 3301 3470 3352 καὶ

1883 3373 2072 3442 ἱμάτια
2107 3379 2294 3445 φορεῖν
2328 3376 2552 3446 εὑτελῆ·
2590 3377 2623 3449 ἢ
2660 3378 2820 3431 τοῦτο
2861 3381 2961 3447 μὲν
3011 3382 3294 3451 ἀνάπηρον
3326 3382 3470 3450 ἔχειν

1880 3456 1974 3508 καὶ
2006 3457 2177 3509 νόσων
2203 3459 2682 3530 ἐμπεπλησμένον,
2711 3462 2806 3514 καὶ
2829 3467 3190 3533 χρυσοφορεῖν
3218 3465 3310 3517 καὶ
3340 3464 3471 3517 καλ-

1878 3537 2244 3603 λωπίζεσθαις
2287 3541 2348 3592 οὑ
2378 3541 2557 3611 πολλῷ
2587 3542 2786 3611 μᾶλλον
2824 3544 2967 3597 εἵλου
3001 3546 3058 3598 ἐν
3082 3549 3146 3616 τῇ
3186 3545 3344 3613 φύσει
3373 3545 3470 3598 τοῦ

1880 3622 2134 3692 σώματος
2178 3623 2324 3692 ἔχειν
2368 3625 2468 3694 τὴν
2502 3625 2829 3694 εὐμορφίαν,
2865 3627 2898 3698 ἢ
2935 3631 3000 3698 τῇ
3050 3629 3310 3700 περιϐολῇ
3359 3630 3469 3682 τῶν

1883 3705 2154 3774 ίματίων;
2199 3700 2318 3758 εἶτα
2357 3706 2452 3758 ἐπὶ
2490 3707 2588 3776 μὲν
2619 3708 2713 3761 τοῦ
2749 3708 3001 3778 σώματος
3034 3710 3192 3765 τοῦτο
3227 3712 3466 3784 αἱρήσῃ,

1879 3788 1972 3839 ἐπὶ
2012 3786 2069 3840 δὲ
2112 3787 2210 3857 τῆς
2247 3788 2427 3858 ψυχῆς
2464 3790 2808 3856 τούναντίον,
2859 3795 2953 3846 καὶ
3003 3794 3238 3864 αἰσχρὰν
3293 3796 3467 3866 αὐτὴν

1879 3869 2079 3938 ἔχουσα
2107 3871 2202 3922 καὶ
2221 3870 2436 3940 δυσειδῆ
2463 3874 2557 3926 καὶ
2584 3873 2846 3942 μέλαιναν
2867 3893 2879 3908 ’
2913 3878 3012 3929 οίει
3039 3894 3091 3928 τι
3117 3877 3468 3948 καρποῦσθαι

1879 3952 1985 4003 ἀπὸ
2025 3952 2133 4003 τῶν
2167 3954 2406 4022 χρυσίων
2435 3973 2448 4018 ;
2482 3956 2592 4008 Καὶ
2629 3957 2800 4025 πόσης
2834 3959 3007 4011 ταῦτα
3043 3959 3263 4024 ἀνοίας;
3298 3960 3466 4029 Στρέ-

1876 4035 1975 4104 ψον
2012 4035 2100 4088 τὸν
2133 4037 2338 4107 κόσμον
2380 4036 2528 4109 [412]
2572 4039 2759 4092 τοῦτον
2794 4040 2965 4103 ἔνδον,
3003 4043 3096 4094 καὶ
3131 4041 3200 4094 τὰ
3247 4042 3465 4112 περιδέ-

1881 4137 2009 4190 ραια
2039 4119 2210 4172 ταῦτα
2250 4123 2313 4191 τῇ
2362 4120 2507 4192 ψυχῇ
2559 4122 2803 4192 περίθες.
2854 4124 2934 4177 Τὰ
2969 4125 3066 4195 μὲν
3096 4126 3204 4196 γάρ
3251 4124 3467 4195 σώματι

1880 4202 2238 4272 περικείμενα
2291 4202 2414 4256 οῦτε
2463 4206 2544 4269 εὶς
2594 4207 2824 4273 ὑγίειαν,
2862 4207 2986 4260 οὔτε
3035 4211 3114 4270 εἰς
3159 4209 3467 4278 εὑμορφίαν

1879 4283 2044 4337 αὑτοῦ
2076 4284 2231 4338 τοῦτο
2262 4286 2501 4355 ὀνίνησιν
2526 4305 2539 4318 ·
2571 4287 2694 4342 οῦτε
2719 4291 2827 4360 γὰρ
2857 4290 2918 4341 16
2961 4292 3127 4360 μέλαν
3157 4290 3350 4343 λευκὸν
3373 4293 3467 4362 ἐρ-

1880 4369 2129 4433 γάσεται,
2155 4367 2278 4421 οὔτε
2304 4369 2364 4421 τὸ
2389 4372 2614 4442 αἰσχρὸν
2636 4373 2798 4424 καλὸν
2878 4374 3113 4438 εὑειδές’
3140 4378 3204 4445 τῇ
3233 4374 3289 4426 δέ
3318 4374 3464 4445 ψυχῇ

1879 4449 1946 4502 ἂν
1985 4451 2239 4522 περιθῇς,
2268 4454 2477 4522 ταχέως
2507 4454 2675 4522 αὐτὴν
2696 4457 2818 4508 ἀντὶ
2852 4456 3111 4526 μελαίνης
3139 4457 3340 4528 λευκὴν
3374 4459 3469 4527 ἐρ-

1881 4532 2046 4603 γάσῃ,
2075 4535 2195 4585 ἀντὶ
2237 4538 2469 4605 αἰσχρᾶς
2502 4541 2595 4590 καὶ
2626 4537 2902 4600 δυσειδοῦς
2932 4539 3102 4610 καλὴν
3131 4543 3223 4592 καὶ
3259 4542 3463 4612 εὐειδῆ.

1882 4616 1993 4667 Καὶ
2032 4618 2132 4669 οὑκ
2160 4619 2290 4688 ἐμὸς
2321 4621 2348 4671 ὁ
2388 4619 2566 4688 λόγος,
2609 4621 2725 4672 ἀλλ’
2748 4622 2913 4675 αὐτοῦ
2954 4623 3048 4675 τοῦ
3085 4624 3289 4694 Κυρίου
3324 4625 3467 4679 οὕτω

1882 4697 2135 4766 λέγοντος
2158 4719 2171 4730 ·
2222 4702 2357 4755 Ἐὰν
2378 4699 2531 4756 ὦσιν
2569 4706 2631 4756 al
2665 4705 2940 4772 ἁμαρτίαι
2966 4705 3133 4774 ὑμῶν
3165 4708 3243 4774 ὠς
3279 4726 3468 4776 φοινι-

1881 4781 2050 4847 κοῦν,
2073 4784 2153 4849 ὡς
2174 4787 2348 4852 χιόνα
2374 4785 2650 4840 devitarc?)
2671 4805 2681 4815 ο
2721 4788 2833 4850 καὶ,
2853 4790 2995 4842 Δότε
3021 4790 3465 4858 ἐλεημοσύνην,

1881 4865 1976 4917 καί
2003 4866 2200 4920 πάντα
2223 4868 2365 4938 ὑμῖν
2382 4870 2552 4922 ἔσται
2579 4871 2826 4937 καθαρά.
2855 4873 2928 4925 Οὑ
2959 4875 3161 4943 σαυτὴν
3185 4874 3239 4925 δὲ
3268 4875 3457 4944 μόνην,

1880 4948 2017 5001 ἀλλὰ
2042 4952 2136 5001 καὶ
2163 4952 2252 5003 16v
2277 4952 2446 5022 ἄνδρα
2476 4951 2620 5004 οὑτω
2645 4953 2964 5029 διακειμένη
2995 4956 3162 5010 καλὸν
3194 4957 3462 5028 ποιήσεις.

1883 5032 1980 5082 Ἂν
2011 5035 2119 5104 γὰρ
2155 5035 2304 5087 ἴδωσι
2352 5037 2443 5088 τὸν
2488 5037 2693 5106 κόσμον
2744 5037 2935 5091 τοῦτον
2967 5040 3310 5110 ἀποθεμένας
3339 5082 3354 5105 ,
3404 5043 3464 5095 ού

1882 5116 2084 5188 πολλὴν
2119 5117 2299 5180 ἕξουσι
2338 5118 2589 5190 δαπάνης
2636 5119 2885 5191 ἀνάγκην
2911 5139 2922 5150 ·
2959 5123 3061 5176 οὑκ
3111 5124 3323 5193 ἔχοντες
3366 5125 3422 5178 δέ
3449 5167 3463 5190 ,

1851 5269 1856 5274 ι
1883 5200 2196 5266 πλεονεξίας
2216 5203 2616 5270 ἀποστήσονται
2642 5205 2842 5274 πάσης,
2867 5205 2963 5258 καὶ
2995 5208 3073 5268 εἰς
3095 5208 3466 5278 ἐλεημοσύνην

1883 5284 2094 5335 ἔσονται
2129 5283 2520 5357 εὑκολώτεροι,
2558 5286 2653 5338 καὶ
2680 5288 2837 5357 ὑμεῖς
2859 5287 2914 5340 δὲ
2956 5289 3140 5351 αὑτοῖς
3168 5289 3462 5360 δυνήσεσθε

1883 5367 2019 5436 μετά
2068 5368 2380 5438 παρρησίας
2419 5369 2808 5439 συμϐουλεύειν
2853 5370 2920 5424 τὰ
2945 5371 3153 5425 δέοντα.
3202 5373 3315 5426 Νῦν
3368 5374 3467 5442 μὲν

1879 5452 1987 5522 γὰρ
2019 5454 2201 5506 πᾶσαν
2236 5452 2560 5523 παρῄρησθε
2594 5455 2694 5523 τὴν
2736 5455 2994 5525 τοιαύτην
3020 5455 3286 5518 ἐξουσίαν.
3319 5458 3464 5526 Ιῐοίῳ

1877 5535 1986 5606 γὰρ
2020 5536 2251 5606 στόματι
2281 5535 2452 5589 ταῦτα
2483 5536 2828 5605 διαλέξεσθε;
2865 5539 3038 5602 ποίοις
3081 5540 3137 5594 δὲ
3168 5540 3465 5611 ὀφθαλμοῖς

1943 5764 1962 5802 ί
1987 5765 2157 5814 Morel.
2176 5764 2331 5812 καίτοι
2353 5763 2495 5828 τοῦτὸ
2518 5765 2643 5812 ἐστιν
2668 5765 2852 5822 ἀληθές.
2874 5764 3092 5828 Δείκνυσι
3117 5765 3205 5828 γαρ
3231 5768 3256 5828 6
3278 5765 3470 5828 Παῦλος

1876 5827 1936 5874 δι’
1979 5828 2044 5873 ὧν
2095 5844 2265 5888 φησιν.
2322 5827 2467 5888 {Alii
2501 5829 2565 5881 εἰς
2594 5828 2816 5888 ἀσέϐειαν
2842 5827 3083 5888 εἵλκυσαν.
3150 5827 3176 5863 δ
3221 5827 3371 5875 δαῒὶἰ.
3414 5837 3467 5878 ει

1877 5901 1989 5935 mss.
2029 5887 2285 5949 ἀγαπητοί.
2314 5887 2488 5936 Morel.
2515 5897 2568 5936 et
2606 5892 2714 5935 cod.
2740 5887 2832 5935 709
2871 5887 3131 5946 ἀγαπητόν.
3166 5901 3277 5949 qua}
3319 5890 3468 5937 lectio

1879 5948 2088 5998 I'nrtasse
2112 5948 2323 6010 melior.
2350 5951 2388 5997 si
2420 5960 2589 5996 vocem
2637 5950 2729 5998 ἔδει
2765 5957 3062 6010 sequentem
3108 5948 3288 5997 tollere
3340 5963 3470 6010 ρτωκ

1880 6009 2165 6072 sumpseris‘,
2193 6012 2360 6058 invitis
2383 6023 2498 6060 mes.
