4040 6500
182 397 277 450 381
1199 387 1260 442 ΙΝ
1297 385 1612 442 JOANNEM
1648 383 1880 438 llOlllL.
1925 382 2088 440 LXX.
2128 383 2198 435 al.
2244 383 2426 436 LXIX.

180 510 396 572 reddes,
425 522 520 577 pro
549 506 689 574 turpi
717 515 769 558 et
793 502 1041 568 deformi,
1073 502 1346 571 pulchram
1376 509 1430 554 et
1452 499 1765 553 formosam.

182 603 297 656 Non
329 614 481 655 meus
522 597 608 651 hic
657 611 835 651 sermo
862 603 979 660 est,
1009 593 1102 648 sed
1128 592 1336 647 Domini
1385 591 1612 645 dicentis
1660 605 1674 641 ι
1707 589 1768 643 Si

181 694 371 761 fuerint
409 700 616 760 peccata
647 699 806 742 vestra
847 695 899 740 ut
926 686 1181 740 coccinum
1208 724 1222 749 ,
1245 694 1300 736 ut
1341 684 1500 735 nivem
1527 679 1768 734 dealbaho

180 785 337 852 (Isni.
367 785 420 836 1.
466 783 588 849 18);
623 792 678 836 ct
701 823 716 844 ,
750 779 878 834 Date
922 780 1288 847 eleemosynam
1314 817 1326 835 .
1358 785 1403 828 et
1428 775 1597 827 omnia
1635 772 1770 826 vobis

180 875 377 926 munda
415 882 562 925 erunt
591 871 737 937 (Luc.
771 871 855 923 1-1.
884 870 998 939 41).
1032 868 1086 923 Si
1117 869 1186 921 ita
1213 868 1287 920 sis
1320 865 1508 919 affecta
1536 905 1548 928 ,
1585 879 1688 917 non
1720 872 1772 916 te

182 964 356 1018 solam
384 1005 401 1030 ,
431 964 524 1018 sed
556 963 729 1017 virum
763 975 971 1030 quoque
1019 969 1168 1012 tuum
1215 958 1504 1012 formosmn
1553 955 1768 1010 reddes.

183 1053 317 1108 Nam
365 1055 409 1108 si
441 1063 491 1108 te
540 1055 717 1106 luxmu
751 1053 1106 1123 deponentem
1150 1050 1377 1115 viderit,
1429 1065 1533 1101 non
1567 1048 1773 1117 magnis

185 1159 324 1214 opus
349 1147 451 1198 erit
480 1144 780 1210 sumptibus
808 1160 820 1194 :
857 1142 982 1195 hinc
1010 1151 1210 1195 autem
1246 1138 1471 1192 habendi
1505 1137 1770 1206 cupidita-

186 1242 296 1288 tem
326 1235 560 1302 deponet
581 1273 595 1294 .
628 1243 680 1286 et
711 1231 927 1298 pronior
950 1232 1051 1285 erit
1077 1228 1142 1282 ad
1173 1230 1566 1297 eleemosynam
1589 1267 1604 1292 ,
1637 1235 1688 1279 et
1720 1236 1773 1278 tu

187 1324 416 1379 fidenter
457 1323 658 1393 poteris
711 1323 785 1374 illi
817 1336 877 1376 ea
918 1337 1037 1391 qua:
1087 1320 1280 1374 decent
1328 1317 1575 1373 suadere.
1625 1315 1776 1370 Nunc

186 1427 366 1468 autem
395 1455 408 1475 ,
440 1429 473 1464 ο
506 1429 598 1464 vos
636 1413 884 1466 mulieres
904 1453 918 1476 ,
952 1427 1057 1465 non
1087 1426 1266 1479 parem
1301 1409 1506 1463 habetis
1537 1415 1774 1476 potesta-

187 1512 318 1558 tem.
353 1504 472 1568 Quo
503 1519 620 1566 ore,
645 1519 742 1572 qua
771 1502 944 1556 fronte
987 1503 1243 1571 conjuges
1284 1500 1348 1554 ad
1378 1502 1774 1570 eleemosynam

189 1597 533 1652 hortabimini
561 1639 572 1661 ,
606 1612 726 1651 cum
759 1596 1045 1651 maximam
1071 1608 1230 1663 epum
1261 1603 1464 1662 partem
1493 1591 1557 1645 ad
1586 1604 1775 1658 corpoo

3371 386 3479 442 38%

1879 497 1953 549 ris
1974 485 2219 550 ornatum
2239 496 2552 550 iusumatis?
2575 495 2709 550 Tum
2735 497 2933 565 poteris
2948 512 3069 552 cum
3100 497 3288 554 fiducia
3309 499 3477 554 virum

1876 588 1943 642 de
1975 588 2314 659 eleemosyna
2371 588 2570 658 alloqui
2599 631 2613 654 ,
2647 604 2766 643 cum
2819 605 3043 645 aureum
3073 591 3274 645 cultum
3308 594 3478 661 depo-

1877 679 2069 733 sueris.
2107 679 2326 733 Etiamsi
2363 694 2491 734 vero
2524 679 2656 732 nihil
2695 680 2949 748 proﬁcias
2971 725 2985 744 ,
3020 682 3159 749 quod
3190 690 3337 736 tuum
3366 693 3483 737 erat

1882 778 2049 824 totum
2080 771 2312 839 implesti
2341 788 2353 823 :
2389 771 2496 825 imo
2526 771 2639 826 ﬁeri
2669 775 2852 842 nequit
2881 783 2936 826 ut
2959 773 3106 826 illum
3137 789 3242 827 non
3269 773 3478 840 ﬂeetas,

1880 877 2000 916 cum
2031 877 2131 932 per
2158 878 2246 917 res
2277 864 2417 932 ipsas
2447 864 2703 934 loqueris.
2752 865 2889 929 Quid
2915 868 3048 919 enim
3093 867 3189 920 scis
3209 908 3224 933 ,
3253 867 3437 920 mulier
3464 909 3476 926 .

1880 971 1946 1006 an
1972 955 2133 1007 uirum
2159 962 2298 1008 tuum
2339 956 2533 1015 salvum
2565 957 2764 1024 factura
2793 959 2860 1011 sis
2894 957 2967 1029 (1.
3004 957 3121 1011 Cor.
3148 958 3202 1015 7.
3237 957 3369 1023 16)?
3414 958 3482 1013 L't

1884 1049 2024 1100 nunc
2049 1057 2105 1099 et
2147 1061 2242 1114 pro
2265 1055 2317 1098 te
2354 1055 2408 1099 et
2435 1062 2530 1115 pro
2560 1048 2651 1101 illo
2683 1049 2945 1102 rationem
2977 1048 3244 1102 redditura
3275 1063 3336 1102 es
3362 1065 3375 1100 :
3401 1048 3481 1102 sic

1883 1135 1928 1191 si
1958 1136 2138 1189 luxum
2163 1136 2467 1205 hujnsmodi
2491 1137 2754 1205 deponas,
2775 1138 3042 1206 duplicem
3065 1151 3324 1194 coronam
3347 1151 3482 1190 eon-

1885 1226 2160 1294 sequeris,
2192 1241 2312 1280 cum
2346 1227 2460 1280 viro
2489 1238 2745 1282 coronata
2788 1238 2842 1283 et
2885 1230 3118 1298 gloriosa
3148 1244 3243 1298 per
3276 1227 3481 1281 infinita

1885 1316 1975 1370 illa
2004 1317 2195 1371 saecula
2221 1359 2234 1383 ,
2265 1326 2318 1372 et
2343 1320 2560 1374 aeternis
2592 1320 2772 1374 fruens
2820 1321 3010 1375 bonis:
3043 1336 3163 1390 qua:
3215 1335 3314 1374 nos
3359 1334 3480 1373 om-

1888 1423 1983 1462 nes
2027 1408 2239 1478 assequi
2268 1412 2577 1480 contingat,
2607 1413 2774 1481 gratia
2805 1423 2857 1465 et
2903 1412 3232 1482 benignitate
3271 1411 3484 1467 Domini

1889 1502 2056 1554 nostri
2087 1500 2212 1555 Jesu
2243 1500 2475 1566 Christi,
2507 1503 2595 1556 cui
2627 1504 2792 1573 gloria
2825 1507 2875 1556 in
2907 1505 3104 1558 saecula
3136 1505 3482 1560 seculorum.

1892 1591 2083 1643 Amen.

1510 1788 1849 1849 HOMILIA
1894 1787 2093 1847 LXX.

187 1947 321 1997 Car.
381 1942 465 1995 15.
539 1942 672 1993 v.1.
734 1939 858 1991 Ante
905 1938 1037 1989 diem
1105 1935 1282 2004 festum
1337 1933 1577 1994 Paschaz,
1629 1929 1778 1984 Jesus

269 2036 438 2088 sciens
458 2035 572 2101 quia
600 2033 725 2084 venit
749 2031 872 2082 hora
899 2031 1028 2098 ejus.
1053 2037 1106 2081 ut
1134 2037 1352 2081 transeat
1381 2042 1444 2078 ea:
1472 2027 1563 2077 hoc
1593 2024 1781 2075 mutulo

265 2127 336 2178 ad
367 2122 592 2184 Patrem,
617 2139 729 2174 cum
751 2121 1005 2173 dilexisset
1031 2134 1168 2182 suos,
1204 2117 1288 2186 qui
1325 2125 1464 2168 erant
1491 2115 1543 2166 in
1572 2113 1778 2175 mundo,

265 2217 318 2269 in
350 2216 499 2282 ﬁnem
538 2212 713 2266 dilexit
753 2228 856 2264 eos.

271 2305 322 2358 1.
372 2302 600 2358 Christus
646 2303 786 2355 nobis
834 2298 1110 2367 exemplar.
1167 2298 1343 2366 Ipsius
1385 2313 1508 2367 erga
1552 2295 1783 2347 inimicos

193 2395 574 2465 benignitas.—
595 2391 883 2444 lmitatores
910 2391 1006 2442 mei
1035 2399 1206 2451 estote,
1244 2388 1412 2457 inquit
1441 2386 1655 2449 Paulus,
1687 2385 1783 2437 sic-

194 2499 250 2541 ut
278 2499 325 2541 et
362 2504 450 2558 ego
477 2486 660 2540 Christi
693 2485 782 2553 (1.
808 2483 924 2537 Cor.
960 2483 1046 2536 11.
1079 2479 1166 2550 1).
1198 2480 1320 2534 ldeo
1351 2478 1491 2533 enim
1517 2492 1578 2532 ex
1611 2489 1783 2528 massa

200 2589 386 2634 nostra
433 2592 644 2631 carnem
694 2575 936 2642 accepit,
984 2582 1038 2625 ut
1075 2587 1170 2640 per
1223 2585 1336 2624 eam
1389 2583 1486 2622 nos
1533 2569 1782 2620 virtutem

191 2671 437 2723 doceret.
472 2665 537 2718 In
565 2665 978 2725 similitudinem,
1026 2663 1228 2730 inquit,
1258 2661 1424 2713 carnis
1465 2659 1654 2728 peccati
1678 2695 1697 2720 ,
1743 2668 1788 2709 et

193 2764 260 2813 de
308 2768 512 2827 peccato
542 2766 796 2826 peccatum
825 2757 877 2806 in
906 2770 1058 2807 carne
1086 2753 1343 2806 damnavit
1375 2752 1551 2820 (Rom.
1603 2751 1652 2804 8.
1691 2750 1744 2819 ὂ)
1773 2769 1784 2811 ;

196 2854 424 2920 ipseque
471 2847 713 2902 Christus
760 2850 834 2899 ait
872 2863 886 2900 :
935 2844 1120 2899 Discite
1155 2863 1184 2896 a
1214 2861 1324 2909 me,
1355 2846 1471 2911 quia
1501 2843 1635 2895 utilis
1677 2857 1784 2893 sum

195 2953 242 2996 et
277 2941 484 2995 humilis
521 2939 669 2993 corde
715 2937 926 3010 (Matth.
981 2938 1069 2990 11.
1115 2935 1229 3004 9.9).
1279 2933 1402 2987 ilice
1450 2947 1553 2986 non
1611 2930 1785 2986 verbis

198 3042 410 3087 tantum
440 3072 452 3093 ,
488 3030 581 3084 sed
613 3040 664 3082 et
715 3029 873 3081 rebus
918 3026 1118 3081 docuit.
1147 3025 1280 3078 Nam
1309 3033 1361 3078 et
1389 3025 1782 3080 Samaritanum

197 3137 254 3179 et
304 3122 694 3176 dmmoniaeum
749 3119 920 3187 ipsum
966 3117 1267 3179 vocabant,
1299 3123 1353 3168 et
1399 3114 1736 3180 deceptorem
1769 3155 1782 3178 ,

199 3214 517 3285 lapidesque
548 3213 599 3264 in
631 3213 799 3279 ipsum
825 3209 1093 3278 jaeiebant
1121 3225 1133 3259 :
1165 3217 1219 3262 et
1249 3221 1391 3261 nunc
1441 3205 1652 3274 quidem
1686 3206 1787 3258 mi-

201 3308 406 3360 nistros
450 3304 713 3356 miserunt
745 3298 994 3354 Pharismi
1023 3338 1038 3359 ,
1069 3307 1126 3351 ut
1155 3298 1300 3351 illum
1333 3305 1614 3364 caperent;
1648 3308 1789 3348 nune

199 3400 338 3451 alios
389 3395 732 3462 suhjccerunt
785 3392 1122 3449 insidiatores
1169 3409 1181 3442 :
1241 3389 1336 3457 ipsi
1387 3400 1598 3458 quoque
1647 3402 1789 3458 stupe

201 3487 562 3544 contumelias
591 3485 920 3545 inferebant,
953 3498 1072 3537 cum
1106 3491 1280 3535 tamen
1315 3481 1441 3534 nihil
1494 3481 1708 3535 adesset
1736 3479 1785 3533 in

201 3597 311 3649 quo
340 3585 658 3633 accusarent
687 3578 887 3644 ipsum,
920 3576 1014 3630 sed
1047 3573 1303 3629 beneﬁcia
1353 3574 1655 3641 frequenter
1698 3587 1787 3628 ac-

201 3673 467 3739 ciperent.
502 3668 878 3722 Verumtamen
928 3675 1046 3734 post
1090 3665 1204 3720 haec
1248 3675 1426 3726 tanta,
1465 3680 1568 3718 non
1621 3672 1792 3720 cessat

203 3778 303 3816 eos
353 3771 407 3815 et
455 3759 636 3813 verbis
677 3767 730 3811 et
775 3759 1031 3826 operibus
1060 3757 1248 3824 juvarc
1279 3771 1292 3808 :
1322 3763 1377 3810 et
1407 3769 1523 3808 eum
1559 3770 1586 3807 a
1635 3769 1792 3808 servo

204 3853 435 3925 quodam
463 3851 782 3915 cwdcretur,
805 3851 877 3902 ait
905 3866 915 3900 :
953 3847 1010 3902 Si
1038 3850 1168 3901 male
1193 3848 1430 3918 loquutus
1474 3864 1618 3911 sum,
1651 3849 1791 3899 testi-

206 3950 433 4002 monium
459 3946 663 4014 perhibe
683 3945 743 3996 tle
774 3943 906 3995 malo
930 3960 945 4006 ;
977 3943 1018 3995 si
1049 3950 1216 3994 autem
1247 3942 1367 3994 bene
1390 3980 1405 4004 ,
1435 3941 1555 4007 quid
1586 3957 1661 4020 me
1691 3955 1791 3994 cte-

209 4043 291 4095 dis
317 4039 498 4111 (Joan.
532 4037 620 4091 18.
650 4034 786 4106 25)?
819 4035 1010 4088 Verum
1039 4033 1154 4088 haec
1180 4034 1406 4087 inimicis
1435 4044 1486 4086 et
1515 4032 1792 4086 insidiato-

211 4133 357 4185 ribus
402 4129 556 4185 dixit.
593 4124 874 4180 Videamus
906 4135 1112 4188 autem,
1147 4125 1270 4194 quid
1300 4137 1438 4178 nunc
1483 4123 1640 4177 iaciat
1669 4137 1790 4192 erga

209 4219 523 4289 discipulos;
550 4221 656 4270 imo
674 4231 789 4283 qua:
815 4230 952 4268 nunc
974 4213 1227 4268 exhibeat
1247 4228 1368 4281 erga
1402 4213 1788 4267 insidiatorem.

210 4307 312 4379 Qui
343 4311 490 4365 enim
520 4307 758 4362 omnium
813 4307 1040 4361 maxime
1077 4305 1200 4360 odio
1233 4303 1424 4374 dignus
1467 4313 1618 4370 erat,
1672 4304 1792 4373 quia

212 4418 334 4458 cum
364 4399 662 4468 discipulus
691 4408 744 4450 et
774 4411 971 4451 mensae
1018 4409 1240 4450 consors
1269 4402 1411 4449 esset
1438 4435 1451 4456 ,
1480 4409 1598 4447 cum
1631 4394 1795 4447 mira-

211 4491 331 4548 cuia
359 4491 622 4552 vidisset,
656 4497 707 4541 ct
737 4497 813 4541 tot
859 4488 1108 4557 dignatus
1132 4494 1276 4538 esset
1308 4485 1622 4538 muneribus
1645 4527 1657 4549 ,
1696 4485 1795 4540 de-

215 4582 430 4637 terrima
460 4580 697 4634 omnium
726 4577 847 4630 fecit
876 4596 889 4630 :
919 4592 1022 4630 non
1053 4576 1314 4643 lapidibus
1333 4616 1349 4640 ,
1384 4592 1490 4628 non
1523 4585 1801 4631 contume-

215 4675 300 4726 liis
351 4671 609 4740 impetiit,
657 4669 749 4722 sed
783 4669 926 4722 illum
976 4667 1207 4736 prodidit
1253 4684 1265 4718 :
1321 4667 1460 4722 hunc
1505 4682 1630 4720 vero
1679 4666 1797 4720 vide

213 4779 378 4834 quam
422 4762 652 4831 benigne
693 4761 940 4828 excipiat.
997 4758 1146 4811 Lavit
1197 4759 1314 4826 ejus
1364 4757 1562 4825 pedes,
1613 4768 1669 4810 ut
1700 4757 1800 4811 hoc

216 4855 396 4910 ofﬁcio
429 4857 601 4921 ipsum
635 4851 909 4907 cohiberet
951 4867 981 4905 a
1010 4859 1150 4903 tanta
1186 4852 1442 4920 nequitia.
1493 4852 1648 4921 Atqui
1699 4867 1796 4920 po-

219 4953 359 4998 terat
389 4945 560 5012 ipsum
589 4943 724 4996 sicut
756 4942 908 4995 ticum
961 4941 1259 5006 arefacere,
1292 4944 1336 4994 si
1381 4941 1635 4995 voluisset
1663 4985 1674 5007 ,
1715 4942 1800 4995 vel

220 5033 524 5088 discindere
569 5031 708 5085 sicut
734 5041 910 5098 petras
937 5029 1183 5094 discidit,
1212 5039 1266 5084 et
1295 5033 1432 5085 sicut
1465 5032 1588 5084 item
1624 5034 1796 5086 velum

220 5124 402 5192 templi
449 5121 678 5176 discidit.
727 5121 921 5174 Verum
951 5122 1122 5176 noluit
1152 5123 1231 5186 vi,
1278 5123 1370 5177 sed
1404 5125 1675 5192 proposito
1705 5141 1800 5179 vo-

220 5213 438 5266 luntatis
467 5227 492 5262 a
529 5211 824 5279 proditione
846 5211 1130 5266 abducere.
1166 5211 1288 5265 Ideo
1321 5212 1444 5266 lavit
1476 5215 1592 5280 ejus
1617 5215 1796 5283 pedes.

219 5305 403 5374 Neque
445 5303 545 5356 hac
569 5302 636 5356 de
682 5319 738 5354 re
767 5303 977 5356 eiiibuit
1003 5303 1184 5357 infelix
1231 5313 1285 5358 et
1317 5307 1479 5360 miser
1510 5308 1615 5361 ille.
1668 5311 1801 5361 Ante

218 5397 352 5452 diem
395 5399 576 5464 festum
619 5392 834 5446 Pascha:
862 5433 876 5456 ,
907 5393 1096 5461 inquit,
1126 5396 1285 5449 sciens
1319 5395 1470 5451 Jesus
1511 5401 1629 5466 quia
1671 5401 1800 5453 venit

221 5489 347 5542 hora
377 5489 506 5555 ejus.
552 5485 664 5538 Non
699 5497 825 5539 tunc
873 5487 1099 5554 primum
1143 5490 1325 5553 scivit,
1366 5492 1460 5545 sed
1510 5506 1629 5546 cum
1678 5493 1798 5548 fecit

225 5579 272 5632 id
305 5579 444 5648 qnml
481 5578 604 5632 fecit
626 5619 638 5639 ,
666 5579 773 5644 jam
808 5578 932 5630 olim
966 5581 1186 5634 sciebat.
1215 5580 1282 5636 Ut
1311 5595 1552 5658 transeat.
1596 5585 1799 5655 Magni-

223 5669 321 5723 iice
365 5670 689 5738 evangelista
735 5671 1015 5723 transitum
1045 5671 1159 5739 ejus
1188 5683 1412 5728 mortem
1446 5686 1621 5730 vocat.
1673 5678 1800 5733 Cum

222 5760 477 5820 dilexisset
517 5778 658 5822 suos,
686 5763 738 5812 iu
777 5764 928 5827 ﬁnem
962 5763 1137 5816 dilexit
1163 5782 1266 5819 eos.
1302 5765 1488 5822 V'iden’
1533 5775 1799 5840 quomodo

537 5860 808 5923 Ριιτιιοι..
859 5865 972 5922 Gn.
1032 5867 1189 5926 LIX.

1897 1928 2185 1984 relicmrus
2237 1945 2329 1985 eos
2385 1931 2841 1987 vehementiorem
2899 1950 3136 1989 amorem
3190 1935 3488 1990 exhibeat?

1894 2019 2025 2075 lllud
2058 2023 2198 2076 enim
2218 2065 2231 2088 ,
2264 2023 2388 2076 Cum
2419 2025 2677 2079 dilexisset
2706 2043 2847 2090 suos,
2883 2027 2934 2080 in
2965 2028 3119 2095 finem
3151 2028 3329 2083 dilexit
3360 2044 3444 2081 eos
3469 2070 3484 2090 ,

1894 2112 1996 2167 hoc
2019 2115 2280 2185 significat
2313 2135 2324 2169 :
2361 2117 2490 2170 nihil
2516 2119 2857 2187 praetermisit
2888 2135 3074 2174 eorum
3097 2136 3215 2189 qua:
3238 2121 3442 2175 ardenti
3464 2137 3491 2174 r

1891 2218 2160 2266 amantem
2192 2219 2406 2278 Oportet
2451 2209 2648 2266 facere.
2696 2212 2804 2265 Cur
2854 2229 2959 2266 non
3005 2227 3032 2264 τι
3079 2213 3343 2282 principio
3389 2214 3490 2267 hoc

1895 2296 2019 2352 fecit
2047 2298 2068 2350 ?
2098 2299 2295 2368 Majora
2327 2301 2379 2354 in
2418 2310 2670 2357 extremo
2699 2302 2844 2367 facit,
2878 2311 2935 2357 ut
2978 2316 3164 2356 eorum
3211 2305 3488 2356 caritatem

1894 2399 2106 2460 augeat,
2135 2402 2188 2444 et
2234 2406 2483 2462 magnum
2519 2393 2669 2447 indat
2723 2394 2961 2448 animum
2994 2393 3060 2447 ad
3109 2395 3277 2448 futura
3311 2393 3490 2462 perfe-

1895 2481 2056 2534 renda
2088 2483 2248 2535 mala.
2273 2481 2412 2537 Suos
2439 2494 2618 2539 autem
2647 2484 2777 2539 dicit
2798 2484 3092 2539 secundum
3118 2484 3492 2541 familiaritatis

1894 2571 2196 2638 rationem;
2251 2588 2370 2626 nam
2404 2583 2456 2628 et
2487 2575 2622 2629 alios
2652 2589 2780 2630 suos
2813 2583 2969 2629 vocat
3001 2576 3299 2630 secundum
3331 2592 3487 2629 crea-

1894 2663 2090 2715 tionem
2120 2681 2134 2726 ;
2165 2673 2219 2716 ut
2248 2680 2366 2716 cum
2402 2665 2552 2731 dicit,
2589 2664 2686 2719 Sui
2717 2682 2828 2719 eum
2856 2683 2958 2720 non
2983 2676 3278 2737 receperunt
3307 2665 3486 2736 (Joan.

1896 2753 2091 2820 1.11).
2147 2752 2282 2819 Quid
2330 2755 2428 2809 sibi
2483 2755 2595 2808 vult
2626 2755 2775 2820 illud,
2815 2755 2915 2822 Qui
2959 2767 3106 2810 erant
3152 2757 3203 2808 in
3248 2756 3438 2808 mundo
3468 2755 3493 2807 .’

1893 2843 2024 2910 Quia
2054 2847 2132 2900 sui
2167 2857 2321 2901 erant
2351 2848 2508 2902 etiam
2535 2849 2749 2914 mortui,
2785 2848 3078 2912 Abraham,
3108 2847 3274 2912 lsaac,
3299 2848 3487 2912 Jacob,

1896 2937 2134 3006 ipsisque
2155 2938 2357 2992 similes
2385 2956 2397 3004 ;
2431 2939 2525 2993 sed
2559 2939 2608 2992 hi
2635 2953 2740 2993 non
2767 2940 2817 2992 in
2849 2939 3050 2994 nmndo
3077 2949 3250 2993 erant.
3303 2938 3492 2993 Viden‘

1895 3041 2015 3080 eum
2045 3041 2162 3081 esse
2191 3027 2357 3081 Deum
2382 3041 2435 3081 ct
2468 3030 2662 3083 veteris
2693 3039 2746 3083 et
2773 3043 2926 3083 nova:
2950 3028 3126 3099 legis?
3156 3028 3293 3094 Quid
3323 3029 3491 3098 signi-

1897 3118 2020 3171 ficat
2051 3117 2198 3184 illud,
2237 3117 2300 3171 lu
2329 3119 2481 3186 ﬁnem
2510 3119 2685 3172 dilexit
2714 3120 2840 3173 eos?
2890 3119 2944 3173 ld
2971 3128 3074 3186 est,
3105 3133 3286 3173 amare
3310 3134 3491 3190 perse-

1895 3209 2135 3276 veravit,
2171 3223 2234 3262 ac
2264 3209 2518 3264 ferventis
2569 3210 2769 3264 amoris
2800 3210 3010 3279 signum
3046 3211 3148 3265 hoc
3179 3224 3300 3264 esse
3340 3210 3488 3264 dicit.

1893 3297 2055 3367 Atqui
2105 3299 2244 3351 aliud
2297 3299 2418 3353 alibi
2447 3299 2695 3360 dixerat.
2730 3300 2960 3360 animum
2989 3314 3141 3355 suam
3188 3315 3247 3356 se
3293 3315 3493 3370 ponere

1896 3404 1995 3459 pro
2036 3391 2222 3445 amicis
2273 3393 2405 3446 suis.
2452 3391 2555 3448 Sed
2599 3394 2834 3449 nondum
2887 3393 2989 3448 hoc
3036 3393 3319 3448 acciderat.
3370 3392 3494 3449 -Cur

1898 3491 2077 3536 autem
2105 3482 2206 3536 hoc
2229 3499 2370 3539 nunc
2399 3485 2560 3539 fecit?
2590 3485 2720 3553 Quia
2748 3485 2799 3540 id
2824 3486 2980 3556 longe
3009 3486 3307 3540 mirabilius
3338 3498 3453 3542 erat
3475 3528 3489 3554 ,

1897 3573 2110 3643 quando
2142 3588 2246 3628 tam
2275 3567 2598 3646 conspicuus
2629 3577 2766 3646 apud
2802 3591 2992 3633 omnes
3015 3592 3136 3634 esse
3165 3579 3448 3634 videbatur
3475 3621 3490 3643 ,

1898 3679 1998 3719 nec
2022 3681 2236 3734 parvam
2265 3667 2690 3722 consolationem
2712 3668 3070 3724 abscessurus
3095 3669 3336 3739 reliquit.
3361 3670 3492 3735 Quia

1900 3757 2041 3809 enim
2076 3758 2126 3810 in
2157 3771 2389 3813 maerore
2423 3758 2728 3813 vehementi
2762 3759 2924 3814 futuri
2962 3769 3140 3827 erant,
3176 3776 3357 3829 parem
3394 3762 3496 3816 illis

1901 3849 2323 3903 consolationem
2357 3849 2580 3904 inducit.
2608 3851 2664 3903 2.
2702 3849 2765 3904 Et
2792 3867 2934 3905 coma
2960 3855 3096 3921 {acta
3121 3892 3136 3916 ,
3167 3868 3279 3905 cum
3321 3852 3498 3906 diabo-

1903 3936 1980 3990 lus
2019 3939 2133 4006 jam
2175 3939 2388 3994 misisset
2418 3941 2470 3993 in
2497 3957 2582 3994 cor
2613 3982 2627 4007 ,
2661 3950 2716 3993 ut
2746 3942 2965 3996 traderet
3004 3958 3116 3996 eum
3145 3941 3335 3996 Iudas.
3385 3943 3497 3998 Hoc

1902 4027 2033 4083 dicit
2065 4031 2339 4099 perculsus
2369 4033 2697 4102 evangelista
2725 4075 2739 4098 ,
2775 4048 2999 4087 narrans
3029 4048 3300 4104 quomooo
3332 4035 3498 4105 pedes

1903 4119 2039 4187 ejus,
2070 4122 2156 4190 qui
2191 4124 2364 4191 ipsum
2392 4125 2617 4192 prodere
2639 4125 2964 4188 instituerat,
2989 4126 3201 4181 laverit.
3225 4125 3497 4196 lugentem

1907 4227 2065 4279 porro
2092 4212 2208 4283 ejus
2237 4216 2530 4282 nequitiam
2561 4216 2818 4283 ostendit,
2849 4215 2991 4286 quod
3022 4232 3120 4272 nec
3147 4232 3348 4272 mensa:
3378 4231 3500 4272 con-

1905 4304 2127 4358 sortium
2180 4305 2351 4375 ipsum
2404 4306 2748 4374 cohibuerit,
2780 4323 2900 4377 qua:
2946 4323 3032 4363 res
3081 4307 3313 4362 maxime
3360 4309 3502 4363 solet

1908 4396 2160 4449 malitiam
2214 4399 2532 4463 continere,
2565 4413 2665 4454 nec
2711 4399 2942 4454 suaserit
2986 4400 3062 4454 illi
3115 4411 3173 4455 ut
3219 4415 3389 4471 usque
3432 4402 3501 4456 ad

1908 4487 2152 4540 ultimum
2184 4487 2326 4542 diem
2377 4503 2498 4542 eum
2544 4488 2797 4560 Magistro
2828 4504 2887 4546 se
2917 4500 3204 4560 superante
3238 4503 3500 4549 maneret.

1905 4579 1957 4632 5.
1993 4579 2171 4633 Sciens
2200 4589 2369 4632 autem
2392 4579 2564 4648 Iesus,
2588 4582 2707 4650 quia
2737 4583 2909 4636 omnia
2950 4581 3163 4635 tradidit
3189 4583 3233 4636 ei
3265 4582 3419 4637 Pater
3447 4585 3502 4638 in

1904 4685 2118 4733 manus,
2153 4679 2200 4723 et
2228 4673 2350 4739 quia
2391 4688 2422 4724 a
2450 4671 2560 4725 Deo
2589 4674 2741 4726 exivit
2757 4715 2776 4745 ,_
2800 4682 2845 4728 et
2873 4675 2941 4726 ad
2988 4673 3152 4728 Deum
3191 4676 3352 4730 vadit.
3403 4676 3504 4733 llic

1907 4759 2065 4812 etiam
2101 4760 2452 4816 mirabundus
2502 4761 2628 4817 dicit
2667 4781 2677 4812 :
2709 4762 2841 4817 Cum
2877 4773 3054 4818 tantus
3088 4775 3144 4819 et
3173 4765 3292 4819 talis
3321 4775 3516 4830 esset,

1905 4851 2050 4918 quia
2081 4851 2190 4905 Deo
2217 4852 2461 4918 exierat,
2492 4863 2546 4907 et
2590 4855 2654 4906 ad
2711 4854 2877 4908 Deum
2921 4855 3066 4917 ibat,
3115 4857 3204 4925 qui
3253 4858 3506 4910 omnibus

1907 4942 2233 5009 imperabat,
2265 4941 2366 4996 hoc
2395 4953 2568 4998 tamen
2599 4943 2742 5026 fecit,
2775 4960 2873 4999 nec
2897 4944 3216 5016 dedignatus
3255 4956 3338 5002 est
3391 4963 3504 5003 rem

1909 5034 2067 5087 talem
2104 5035 2344 5104 aggredi.
2373 5034 2509 5089 Cum
2556 5027 2842 5092 tradidisse
2873 5039 2967 5105 ait,
2995 5051 3049 5092 ut
3083 5048 3232 5109 puto,
3265 5039 3505 5095 fidelium

1905 5127 2132 5180 salutem
2161 5127 2396 5195 respicit.
2429 5126 2562 5180 Nam
2603 5143 2724 5181 cum
2753 5129 2901 5193 dicit,
2937 5129 3125 5184 Omnia
3165 5131 3292 5184 mihi
3317 5132 3506 5184 tradita

1907 5229 2025 5271 sunt
2053 5236 2083 5272 a
2119 5218 2274 5272 Patre
2301 5236 2412 5272 meo
2461 5219 2674 5292 (Matth.
2725 5221 2811 5275 11.
2862 5221 2978 5290 27),
3012 5225 3079 5277 de
3129 5221 3232 5276 hoc
3261 5223 3503 5277 tradendi

1905 5326 2102 5380 genere
2135 5311 2388 5380 loquitur,
2421 5323 2478 5366 ut
2519 5321 2572 5367 et
2614 5313 2744 5367 alibi
2775 5313 2849 5366 ait
2883 5331 2894 5366 :
2946 5312 3046 5367 Tui
3073 5323 3219 5368 erant
3247 5357 3261 5381 ,
3289 5327 3338 5370 et
3379 5315 3505 5367 mihi

1905 5421 1990 5458 eos
2019 5405 2196 5459 dedisti
2227 5405 2404 5476 (Joan.
2439 5406 2524 5459 17.
2557 5405 2646 5478 6);
2679 5415 2732 5460 et
2761 5422 2999 5473 rursum,
3033 5405 3202 5461 Nemo
3229 5418 3390 5479 potest
3417 5423 3502 5461 ue-

1907 5497 2014 5549 nire
2043 5497 2111 5548 ad
2140 5513 2219 5551 me
2243 5539 2255 5557 .
2287 5497 2386 5550 nisi
2420 5496 2576 5551 Pater
2603 5500 2813 5552 traxerit
2863 5517 3016 5564 eum;
3045 5510 3098 5555 et
3118 5543 3132 5567 ,
3165 5500 3285 5555 Nisi
3326 5501 3502 5553 datum

1905 5590 1969 5641 sit
2000 5587 2043 5640 ei
2073 5590 2135 5642 de
2173 5589 2297 5642 crs-lo
2338 5587 2502 5658 (Ibid.
2534 5590 2586 5644 6.
2620 5592 2708 5655 44;
2743 5603 2787 5644 et
2817 5593 2870 5649 3.
2903 5591 3017 5663 27).
3063 5592 3160 5647 Vel
3205 5594 3305 5647 hoc
3331 5592 3497 5654 dicit,

1907 5683 1987 5736 vel
2021 5697 2079 5736 se
2103 5682 2230 5734 nihil
2261 5697 2327 5736 ex
2364 5683 2466 5738 hoc
2493 5684 2843 5740 minuendum
2875 5700 3017 5752 esse,
3046 5688 3136 5756 qui
3163 5701 3191 5739 a
3221 5686 3328 5740 Deo
3349 5684 3500 5741 exie-

1906 5776 2015 5840 rit,
2046 5774 2111 5828 ad
2146 5774 2314 5828 Deum
2348 5773 2504 5829 vadat
2542 5786 2596 5830 et
2624 5777 2801 5830 omnia
2848 5777 3142 5832 contineat.
3191 5776 3326 5831 Cum
3368 5789 3496 5827 vero

3089 5878 3167 5938 24
