4040 6440
604 377 710 433 333

618 488 749 543 illud
778 487 983 543 tradere
1021 485 1204 551 audis,
1238 484 1371 541 nihil
1397 486 1684 541 humanum
1724 485 2009 558 suSpiceris
2034 500 2048 537 :
2074 483 2173 538 ho-

608 593 792 633 norem
818 578 958 631 ettim
980 576 1123 631 Patri
1150 574 1418 632 redditum
1445 585 1499 632 et
1518 576 1861 632 concordiam
1890 572 2167 644 signiﬁcat.

602 669 751 723 Sicut
781 666 920 722 enim
953 667 1110 722 Pater
1165 667 1264 737 ipsi
1312 666 1471 723 tradit
1501 708 1517 733 ,
1550 667 1628 721 sic
1667 667 1780 735 ipse
1805 664 1985 729 Patri;
2026 664 2171 734 quod

601 761 836 815 declarat
876 760 1076 815 Paulus
1100 760 1315 827 dicens,
1347 760 1473 814 Cum
1516 758 1777 812 tradiderit
1814 773 2025 827 regnum
2064 755 2172 810 Deo

596 860 646 906 et
676 851 819 904 Patri
860 852 934 923 (1.
967 851 1086 905 Cor.
1121 852 1207 906 15.
1236 849 1350 921 24).
1383 850 1480 904 llic
1504 857 1683 903 autem
1709 847 2005 902 humaniori
2024 861 2173 903 more

596 940 833 1009 loquitur
856 981 871 1006 ,
905 939 1222 995 ineifabilem
1262 954 1384 1010 erga
1426 939 1545 993 illos
1570 937 1829 993 exhibens
1853 938 2126 993 caritatem
2153 978 2168 1003 ,

597 1043 824 1098 quorum
850 1043 1033 1083 curam
1061 1037 1121 1082 ut
1146 1042 1362 1083 suorum
1388 1028 1640 1097 gerebat,
1672 1027 1872 1082 docens
1913 1026 2035 1081 illos
2064 1026 2168 1082 hu.

597 1122 876 1176 militatem
926 1127 1150 1175 matrem
1201 1119 1500 1185 honorum,
1557 1134 1715 1189 quam
1762 1128 1819 1175 et
1865 1118 2072 1174 initium
2116 1125 2172 1174 et

591 1213 763 1267 tinem
811 1212 1024 1266 virtutis
1062 1225 1184 1266 esse
1214 1211 1361 1266 dicit.
1406 1210 1515 1266 Nec
1546 1220 1746 1267 temere
1772 1211 1912 1281 jacet
1947 1210 2094 1279 illud,
2123 1211 2169 1266 Α

601 1303 704 1356 Deo
730 1304 910 1368 exivit,
937 1312 982 1357 et
1012 1302 1080 1355 ad
1106 1302 1266 1356 Deum
1294 1302 1468 1366 vadit;
1495 1302 1590 1357 sed
1620 1312 1675 1356 ut
1700 1302 1966 1357 discamus
1994 1302 2165 1371 ipsum

597 1392 755 1462 digna
804 1391 994 1447 fecisse
1016 1391 1135 1462 ejus
1154 1391 1255 1462 qui
1286 1391 1430 1446 illinc
1457 1392 1675 1447 exiisset
1698 1399 1753 1447 et
1794 1390 1918 1445 illuc
1947 1390 2163 1457 ivisset,

592 1498 917 1555 omnemque
942 1482 1132 1537 fastum
1161 1482 1577 1538 conculcavisse.
1604 1483 1656 1538 4.
1687 1482 1752 1536 Et
1778 1497 1893 1536 cum
1918 1482 2165 1536 surrexis-

599 1585 671 1627 set
698 1590 727 1625 τι
753 1590 891 1627 ctrna
910 1614 924 1639 ,
957 1573 1133 1640 positis
1159 1572 1390 1627 vestibus.

657 1664 714 1718 2.
764 1662 889 1715 Vide
915 1660 1183 1730 quomodo
1222 1676 1326 1715 non
1361 1660 1584 1717 lavando
1611 1662 1822 1725 solum,
1862 1660 1955 1715 sed
1985 1662 2169 1716 etalio

592 1766 801 1821 quoque
828 1750 985 1806 modo
1015 1750 1368 1826 humilitatem
1397 1750 1663 1807 exhibeat.
1694 1751 1807 1806 Non
1832 1747 1973 1805 enim
2016 1758 2167 1804 aute-

593 1858 749 1912 quam
770 1842 1125 1905 recumberet.
1146 1841 1241 1898 sed
1257 1852 1534 1912 postquam
1560 1856 1746 1896 omnes
1774 1841 2165 1907 recubuissent,

594 1942 719 1986 ωηο
760 1932 1015 1987 surrexit.
1043 1930 1249 1987 Deinde
1276 1946 1379 1985 non
1409 1930 1579 1984 solum
1607 1930 1746 1985 lavat
1775 1972 1790 1997 ,
1837 1930 1930 1985 sed
1983 1930 2165 1999 positis

592 2021 847 2076 vestib'ts.
874 2021 1057 2090 Neque
1102 2020 1184 2076 his
1220 2030 1498 2075 contentus
1522 2062 1536 2087 ,
1579 2021 1744 2076 linteo
1783 2035 1839 2074 se
1870 2020 2163 2089 praecinxit.

593 2112 770 2181 Neque
801 2112 851 2166 id
892 2114 1021 2167 satis
1047 2111 1259 2177 habuit,
1293 2110 1384 2165 sed
1414 2112 1525 2179 ipse
1553 2111 1745 2179 pelvim
1780 2111 2036 2181 implevit,
2067 2126 2162 2165 ue-

595 2216 691 2270 que
731 2201 879 2256 atteri
928 2201 1244 2270 implendam
1276 2201 1530 2265 tradidit,
1562 2201 1656 2255 sed
1684 2200 1799 2255 htcc
1849 2202 2027 2255 omnia
2051 2200 2164 2270 ipse

586 2290 713 2344 facit
744 2307 757 2341 :
795 2289 879 2344 his
918 2290 1162 2344 omnibus
1192 2290 1477 2345 ostendens
1516 2290 1629 2346 hrec
1669 2305 1773 2345 non
1808 2291 2164 2361 perfunctorie

590 2381 745 2436 nobis
771 2395 891 2436 esse
935 2380 1169 2436 iacienda
1200 2422 1213 2446 ,
1249 2396 1367 2434 cum
1405 2391 1550 2436 recte
1592 2381 1809 2437 facimus
1840 2422 1852 2446 ,
1907 2382 1997 2436 sed
2043 2397 2163 2436 cum

588 2472 733 2525 omni
761 2471 1028 2541 diligentia
1059 2480 1111 2526 et
1141 2472 1431 2529 alacritate.
1471 2472 1694 2527 Videtur
1740 2487 1899 2543 porro
1941 2473 2069 2527 mihi
2100 2474 2165 2529 il-

588 2563 695 2618 lum
729 2564 1017 2633 proditoris
1047 2564 1275 2633 primum
1299 2565 1493 2620 lavisse
1519 2565 1710 2634 pedes,
1747 2565 1887 2637 quod
1918 2566 2113 2621 dixerit
2151 2608 2163 2631 .

590 2654 639 2706 5.
675 2653 833 2722 Carpit
873 2654 1043 2707 lavare
1067 2656 1217 2723 pedes
1246 2655 1612 2721 discipulorum
1638 2672 1655 2710 :
1684 2665 1738 2711 et
1775 2657 2039 2711 addiderit
2065 2700 2078 2722 ,
2110 2657 2163 2711 6.

599 2742 742 2796 Venit
773 2743 841 2796 ad
863 2743 1122 2799 Simonem
1147 2744 1373 2809 Petrum,
1409 2748 1493 2816 qui
1522 2747 1642 2799 dicit
1662 2748 1707 2798 ei
1729 2764 1748 2801 :
1773 2746 1851 2800 Tn
1886 2748 2007 2801 mihi
2030 2748 2164 2801 Inoas

590 2834 737 2901 pedes
758 2833 784 2886 7
808 2832 902 2887 His
941 2835 1206 2899 inanibus,
1239 2836 1425 2903 inquit,
1463 2835 1652 2904 quibus
1678 2836 1859 2891 oculos
1885 2837 2160 2907 aperuisti,

588 2925 832 2991 leprosos
862 2924 1127 2979 mundasti
1152 2965 1166 2991 ,
1199 2935 1434 2981 mortuos
1478 2926 1790 2981 suscitasti?
1822 2926 1943 2982 llrec
1970 2928 2164 2997 quippe

584 3028 833 3081 magnam
860 3012 1058 3067 habent
1098 3013 1391 3082 emphasim
1419 3031 1431 3067 :
1461 3028 1625 3081 quare
1654 3028 1757 3068 non
1779 3013 1881 3068 alio
1906 3028 2039 3085 opus
2071 3016 2167 3069 ha-

595 3101 711 3154 buit
729 3142 744 3166 ,
773 3115 929 3170 quam
958 3102 1046 3155 illa
1077 3117 1225 3168 voce,
1258 3102 1337 3156 Tu
1358 3144 1371 3169 ,
1404 3117 1523 3173 qua:
1550 3118 1645 3173 per
1671 3117 1729 3157 se
1757 3112 1924 3158 totum
1960 3104 2163 3173 signifi-

582 3199 695 3246 cat.
745 3192 874 3248 iure
915 3204 1091 3246 autem
1140 3207 1389 3261 quaeras:
1431 3193 1539 3249 Cur
1588 3194 1765 3249 nullus
1811 3193 1949 3249 alius
1994 3195 2165 3265 ipsum

591 3282 843 3346 cohibuit,
878 3282 977 3336 nisi
1020 3281 1208 3337 Petrus
1232 3323 1248 3349 ,
1280 3281 1418 3351 quod
1464 3297 1568 3338 non
1601 3284 1745 3353 parvi
1771 3287 1968 3339 amoris
2008 3298 2165 3339 reve-

590 3375 881 3444 rentiaeque
906 3373 1115 3445 signum
1144 3372 1286 3428 fuit?
1317 3374 1428 3441 Qua
1458 3389 1585 3445 ergo
1614 3376 1679 3429 de
1708 3389 1867 3430 causa
1894 3375 1919 3429 τ
1946 3374 2166 3431 Videtur

592 3463 723 3519 mihi
771 3464 944 3533 primo
994 3463 1283 3534 proditoris
1337 3464 1500 3536 pedes
1546 3466 1815 3532 abluisse;
1864 3466 2059 3523 deinde
2096 3467 2163 3522 ad

591 3555 806 3612 Petrum
834 3556 1046 3612 venisse
1068 3597 1083 3622 ,
1112 3558 1348 3628 aliosque
1370 3558 1623 3627 deinceps
1651 3558 1949 3614 admonitos
1977 3559 2161 3617 fuisse.

587 3647 741 3714 Quod
772 3648 912 3704 enim
942 3648 1103 3702 alium
1148 3648 1445 3718 quempiam
1496 3658 1618 3704 ante
1650 3649 1794 3703 illum
1818 3648 2008 3704 laverit
2030 3689 2045 3713 ,
2071 3664 2163 3720 pa-

588 3737 693 3791 lam
722 3744 803 3793 est
829 3752 895 3792 ex
923 3736 1011 3793 his
1054 3737 1231 3792 verbis
1253 3776 1270 3803 ,
1300 3740 1427 3791 Cum
1457 3749 1632 3800 autem
1662 3740 1805 3793 venit
1831 3737 1897 3792 ad
1924 3739 2159 3794 Petrum.

586 3825 695 3881 Sed
725 3842 830 3881 non
876 3835 959 3883 est
995 3826 1283 3881 vehemens
1328 3837 1607 3882 accusator
1636 3828 1979 3899 evangelista.
2032 3828 2163 3883 Illud

580 3917 763 3984 enim,
814 3915 974 3987 Capit
1002 3959 1017 3985 ,
1061 3915 1164 3971 hoc
1200 3915 1517 3971 subindicat.
1564 3917 1781 3971 Etiamsi
1816 3931 1945 3973 vero
1975 3917 2162 3971 Petrus

593 4010 795 4075 primus
823 4017 964 4063 esset
986 4047 999 4070 ,
1043 4006 1327 4062 verisimile
1359 4016 1439 4061 est
1473 4007 1816 4076 proditorem,
1843 4016 2025 4077 utpote
2064 4022 2159 4077 pe-

580 4098 867 4159 tulantem,
891 4106 1016 4152 ante
1039 4098 1378 4167 coryphroum
1407 4098 1737 4153 accubuisse.
1766 4098 1994 4151 Atiunde
2016 4112 2163 4151 nam-

587 4204 691 4258 que
726 4190 841 4257 ejus
881 4188 1167 4259 petulantia
1205 4188 1613 4257 dignosccbatnr
1637 4230 1651 4254 ,
1700 4187 1913 4257 quando
1949 4188 2161 4242 intinxit

585 4296 708 4334 cum
746 4280 1012 4351 Magistro,
1045 4288 1093 4334 et
1126 4282 1338 4349 quando
1366 4279 1718 4348 reprehensus
1759 4294 1862 4333 nou
1904 4294 2161 4347 compun—

591 4378 705 4424 ctus
739 4379 838 4423 est.
890 4370 1076 4423 Petrus
1104 4378 1277 4423 autem
1316 4370 1423 4437 jam
1450 4369 1613 4423 semel
1646 4380 1796 4422 antea
1825 4370 2123 4437 iucrcpatus
2147 4410 2162 4433 ,

594 4459 682 4526 qui
717 4457 804 4510 illa
836 4472 899 4512 ex
926 4455 1122 4511 amoris
1154 4456 1485 4511 vehementia
1515 4454 1756 4523 dixerat,
1791 4457 1860 4510 ita
1888 4471 2161 4526 repressus

594 4556 697 4611 est,
730 4556 784 4600 ut
810 4547 997 4601 anxius
1035 4555 1087 4599 et
1114 4555 1344 4600 tremens
1386 4545 1554 4599 altero
1589 4560 1720 4614 opus
1749 4537 1967 4602 haberet
1990 4545 2055 4600 ad
2084 4548 2163 4601 in-

586 4634 961 4703 tet-rogandum
987 4651 1003 4700 ;
1034 4633 1121 4689 hic
1161 4648 1286 4689 vero
1321 4649 1462 4703 saepe
1501 4635 1857 4702 reprehensus
1887 4649 1953 4689 ne
1997 4637 2165 4689 sensit

590 4724 822 4792 quidem.
852 4724 983 4778 Cum
1012 4739 1138 4793 ergo
1179 4725 1411 4779 venisset
1452 4724 1516 4779 ad
1550 4725 1762 4783 Petrum
1786 4764 1800 4790 ,
1835 4724 1968 4778 Dicit
1988 4726 2031 4778 ei
2061 4722 2162 4777 Pe-

587 4825 735 4865 trus:
768 4812 981 4866 Domine
1006 4852 1020 4876 ,
1054 4823 1104 4865 tu
1136 4814 1257 4865 mihi
1283 4815 1423 4867 lavas
1467 4814 1611 4882 pedes
1637 4813 1661 4865 .9
1692 4813 1745 4866 7.
1776 4814 2053 4884 Respondit
2082 4814 2161 4868 ei:

594 4902 743 4966 Quod
768 4918 855 4972 ego
887 4903 1019 4972 facio
1049 4912 1101 4954 tu
1131 4903 1289 4957 nescis
1312 4902 1458 4955 ntodo
1479 4943 1493 4966 ,
1517 4902 1637 4955 scies
1668 4912 1831 4956 autem
1862 4913 2034 4972 postea
2059 4918 2076 4957 :
2109 4904 2159 4957 id

590 5002 691 5057 est,
716 5003 968 5062 quantum
1018 4993 1141 5047 hinc
1168 4992 1339 5058 lucri,
1372 5002 1616 5061 quantam
1665 4993 1919 5047 doctrina:
1959 4994 2158 5048 utilita-

591 5094 719 5145 tem,
752 5092 805 5136 et
828 5094 1077 5153 quantam
1104 5084 1204 5138 hoc
1230 5083 1297 5137 ad
1328 5084 1670 5136 humilitatem
1695 5099 1793 5137 nos
1819 5085 2013 5140 ducere
2035 5100 2160 5154 pos-

590 5175 680 5227 sit.
725 5174 859 5239 Quid
900 5188 1025 5243 ergo
1054 5174 1241 5229 Petrus
1268 5174 1291 5226 ?
1316 5173 1503 5227 Adhuc
1554 5174 1768 5229 cohibet
1805 5185 1859 5230 ct
1901 5174 2067 5230 dicit:
2106 5177 2157 5231 8.

589 5261 711 5315 Non
732 5262 921 5315 lavabis
951 5264 1071 5315 mihi
1090 5264 1236 5331 pedes
1258 5264 1310 5317 in
1338 5274 1597 5317 internum.
1621 5264 1755 5330 Quid
1783 5264 1929 5330 facis,
1963 5266 2162 5320 Petrc?

587 5365 693 5406 non
731 5351 1028 5407 recordaris
1068 5368 1249 5407 eorum
1297 5370 1414 5423 qure
1445 5355 1589 5421 prius
1616 5355 1751 5408 dicta
1780 5357 1944 5410 sunt?
1972 5359 2158 5410 Annon

588 5456 708 5495 cum
736 5441 937 5505 dixisti,
973 5440 1232 5510 PrOpitius
1261 5452 1364 5496 esto
1386 5443 1495 5505 tibi,
1529 5442 1744 5507 audisti,
1775 5443 1911 5498 Vade
1934 5453 2040 5513 post
2062 5462 2158 5511 me,

587 5531 810 5585 satana?
863 5546 1032 5599 neque
1077 5532 1345 5600 resipiscis
1368 5574 1381 5599 ,
1427 5532 1519 5586 sed
1551 5532 1724 5587 adhuc
1753 5533 2035 5588 vehemens
2062 5536 2161 5589 es?

595 5621 790 5685 Etiam,
823 5621 1028 5690 inquit:
1055 5636 1140 5676 res
1160 5624 1298 5676 enim
1320 5639 1509 5693 magna
1541 5634 1591 5678 et
1624 5634 1844 5693 stupore
1873 5625 2023 5694 plena
2052 5627 2160 5695 agi-

594 5723 697 5768 tur.
729 5712 856 5779 Quia
886 5714 1041 5783 igitur
1063 5714 1112 5768 id
1143 5728 1207 5769 ex
1234 5715 1281 5768 vi
1310 5718 1504 5769 amoris
1525 5715 1773 5783 faciebat,
1794 5715 1922 5770 hinc
1949 5732 2157 5789 quoque

1374 373 1436 430 S.
1478 372 1755 431 JOANNIS
1791 366 2257 428 (JIIRYSOSTOMI
2300 370 2610 428 ARCHIEP.
2651 373 3183 430 CONSTANTINOP.

3759 382 3856 436 385

2281 485 2489 556 capitur
2520 501 2548 539 a
2592 486 2825 541 Christo.
2860 486 2929 542 Ut
2972 503 3100 556 ergo
3135 496 3257 543 tunc
3298 486 3644 547 vehementer
3687 495 3855 548 incre-

2281 577 2425 644 pavit
2448 618 2461 638 ,
2486 575 2732 645 edixitque
2752 617 2767 642 ,
2802 575 3117 630 Scandalum
3140 595 3193 631 es
3225 578 3347 631 mihi
3369 577 3582 650 (Matth.
3614 582 3682 634 16
3733 584 3857 641 9.5):

2279 668 2356 720 sic
2381 677 2433 720 et
2459 666 2559 720 hoc
2586 667 2703 721 loco
2728 666 2890 730 dicit,
2933 666 3052 720 Nisi
3078 668 3243 720 lavem
3272 678 3322 721 te
3346 710 3359 731 ,
3384 686 3482 722 non
3515 671 3725 724 habebis
3748 689 3859 741 par-

2279 766 2376 809 tem
2406 772 2615 809 mecum.
2648 756 2781 823 Quid
2813 772 2940 826 ergo
2969 756 3180 812 fervens
3212 758 3299 813 ille
3328 759 3632 829 ardcnSqne
3660 762 3784 815 vir?
3810 763 3857 817 9.

2279 846 2512 911 Domine,
2530 863 2629 900 non
2657 856 2853 899 tantum
2878 849 3030 917 pedes
3051 864 3205 913 meos,
3227 850 3316 901 sed
3341 858 3387 902 et
3411 866 3595 904 manus
3616 862 3665 906 et
3688 864 3857 922 caput.

2276 935 2593 990 Recusando
2623 936 2929 1001 vehemens,
2962 938 3312 993 concedendo
3340 937 3722 997 vehementior
3745 943 3860 999 efﬁ-

2276 1025 2433 1081 citur.
2474 1024 2768 1096 Utrumque
2795 1038 2971 1081 autem
3015 1043 3080 1083 ex
3116 1044 3298 1084 amore
3326 1029 3595 1099 prodibat.
3627 1032 3736 1088 Sed
3768 1050 3861 1089 cur

2275 1128 2382 1168 non
2408 1114 2543 1170 dixit
2567 1114 2721 1171 Iesus
2742 1157 2757 1182 ,
2787 1131 2889 1185 qua
2910 1117 2977 1172 de
3009 1132 3169 1173 causa
3191 1118 3242 1174 id
3280 1118 3480 1175 faceret
3510 1163 3527 1188 ,
3560 1124 3659 1178 sed
3687 1127 3860 1180 minas

2275 1204 2478 1261 addidit
2504 1205 2527 1258 τ
2550 1205 2684 1273 Quia
2720 1206 2809 1261 ille
2858 1223 2963 1261 non
2989 1207 3094 1262 alio
3135 1209 3296 1263 modo
3324 1224 3529 1265 morem
3577 1212 3855 1282 gessisset.

2273 1296 2404 1351 Nam
2433 1296 2478 1351 si
2525 1296 2769 1357 Christus
2793 1297 3049 1363 dixisset,
3080 1299 3208 1354 Sine
3232 1315 3246 1364 ;
3280 1299 3380 1356 hoc
3402 1302 3544 1356 enim
3569 1304 3737 1358 modo
3766 1319 3858 1359 vos

2272 1384 2477 1440 docebo
2515 1385 2903 1442 humilitatem:
2933 1389 3124 1443 millies
3166 1403 3224 1443 se
3262 1390 3516 1446 humilem
3568 1392 3689 1448 fore
3733 1410 3857 1463 pro-

2274 1478 2523 1545 misisset,
2557 1495 2621 1535 ne
2652 1481 2908 1535 Dominus
2938 1482 3040 1535 hoc
3064 1480 3282 1536 faceret.
3315 1483 3385 1537 At
3411 1498 3555 1539 nunc
3579 1486 3708 1553 quid
3730 1486 3857 1542 dicit

2269 1566 2517 1622 Christus
2542 1569 2566 1623 l
2593 1569 2743 1637 Quod
2773 1569 2963 1626 Petrus
2987 1572 3215 1626 maxime
3247 1572 3502 1640 timebat,
3536 1590 3601 1629 ne
3634 1588 3857 1644 separa-

2272 1669 2419 1711 retur
2450 1673 2478 1710 a
2505 1659 2748 1714 Domino.
2794 1660 2884 1714 llic
2922 1662 3062 1715 enim
3093 1670 3206 1715 erat
3232 1663 3320 1731 qui
3350 1660 3661 1734 frequenter
3688 1708 3705 1729 ,
3734 1681 3841 1733 quo

2274 1748 2391 1811 iret,
2422 1749 2804 1819 interrogabat.
2834 1751 2958 1805 ideo
2985 1751 3222 1817 dicebat,
3250 1753 3486 1807 Animam
3511 1772 3674 1808 meam
3714 1758 3845 1810 dabo

2270 1854 2361 1909 pro
2385 1848 2447 1893 te.
2478 1838 2613 1894 Nam
2643 1841 2687 1894 si
2726 1856 2843 1895 cmn
2882 1843 3105 1907 audivit,
3138 1842 3287 1910 Quod
3311 1859 3400 1913 ego
3421 1846 3556 1916 facio
3596 1855 3653 1899 tu
3693 1848 3854 1900 nescis

2272 1930 2443 1993 modo,
2473 1930 2599 1983 scies
2622 1941 2786 1983 autent
2813 1944 3001 1999 postea,
3034 1947 3100 1987 nc
3122 1934 3197 1986 sic
3222 1932 3431 2002 quidem
3455 1935 3682 2000 abstitit,
3717 1939 3855 1991 tnui-

2274 2029 2327 2075 to
2354 2021 2526 2075 minus
2561 2022 2603 2073 si
2636 2023 2891 2075 scivisset.
2921 2021 3041 2077 ideo
3068 2024 3199 2077 dixit
3224 2066 3236 2086 .
3272 2024 3415 2079 Scies
3444 2036 3609 2078 autem
3633 2035 3811 2093 postea
3835 2070 3849 2093 ,

2269 2124 2464 2179 gnarus
2491 2125 2634 2176 eum,
2658 2112 2702 2166 si
2723 2112 2984 2177 scivissct,
3014 2112 3187 2167 adhuc
3213 2127 3628 2185 repugnaturum
3666 2118 3850 2172 fuisse.

2268 2199 2450 2269 Neque
2471 2199 2604 2255 dixit
2638 2201 2827 2257 Petrus
2848 2242 2862 2268 ,
2901 2202 3038 2256 Doce
3070 2218 3210 2258 nunc
3242 2219 3328 2259 me
3355 2245 3370 2269 ,
3411 2216 3466 2259 ut
3502 2207 3675 2260 sinam
3709 2224 3722 2272 ;
3758 2209 3851 2263 sed

2269 2289 2408 2357 quod
2440 2290 2595 2359 longe
2624 2291 2989 2347 vehementius
3019 2302 3153 2358 erat,
3183 2309 3249 2349 ne
3272 2295 3411 2350 scire
3441 2298 3655 2365 quidem
3687 2301 3852 2352 susti—

2270 2379 2420 2443 nuit,
2453 2380 2548 2434 sed
2579 2380 2737 2435 instat
2771 2396 2952 2436 rursus
2981 2399 2991 2434 :
3028 2380 3146 2436 Non
3171 2384 3359 2438 lavabis
3392 2386 3513 2438 milii
3541 2388 3693 2454 pedes
3750 2387 3852 2443 Ubi

2270 2477 2446 2522 autem
2488 2471 2842 2525 comminatus
2886 2479 3006 2536 est,
3054 2474 3229 2525 statim
3276 2475 3453 2527 cessit.
3487 2474 3622 2542 Quid
3672 2490 3849 2531 autem

2270 2558 2554 2627 significat,
2601 2560 2742 2614 Scies
2771 2570 2941 2630 postea
2964 2561 2987 2614 Ρ
3013 2561 3348 2630 quandonam
3372 2562 3395 2615 ?
3422 2564 3645 2630 Quando
3674 2566 3723 2617 iu
3749 2581 3851 2618 no-

2272 2651 2413 2705 mine
2444 2663 2563 2705 meo
2588 2650 2844 2704 daemonia
2871 2652 3075 2719 ejicies,
3103 2668 3221 2706 cum
3252 2668 3336 2707 mc
3360 2653 3554 2707 videris
3582 2654 3634 2708 in
3657 2655 3851 2710 caelum

2269 2739 2484 2803 assumi,
2512 2752 2630 2793 cum
2659 2754 2687 2791 a
2713 2738 2908 2809 Spiritu
2937 2742 3185 2796 didiceris
3228 2758 3313 2797 me
3338 2758 3367 2796 a
3392 2742 3594 2798 dextris
3622 2746 3817 2800 sedere
3835 2788 3849 2811 ,

2270 2837 2393 2883 tunc
2440 2843 2728 2897 cognosces
2773 2830 2898 2899 quid
2948 2845 3089 2886 nunc
3152 2833 3348 2885 foetum
3403 2833 3492 2886 sit.
3538 2833 3678 2901 Quid
3719 2850 3851 2906 ergo

2268 2916 2509 2974 Christus
2535 2918 2557 2971 2
2586 2919 2717 2985 Quia
2745 2919 2933 2974 Petrus
2977 2918 3185 2974 dixerat
3209 2960 3224 2986 ,
3266 2918 3387 2974 Non
3424 2929 3621 2975 tantum
3648 2924 3804 2993 pedes
3833 2965 3849 2987 ,

2269 3010 2356 3061 sed
2380 3018 2425 3062 et
2457 3025 2633 3063 manus
2656 3019 2701 3063 et
2726 3022 2875 3082 caput
2900 3052 2914 3076 ,
2958 3010 3045 3065 10.
3078 3011 3177 3078 Qui
3204 3013 3336 3066 lotus
3359 3022 3471 3077 est,
3514 3014 3709 3084 inquit,
3748 3032 3851 3069 non

2268 3100 2492 3169 indiget,
2522 3101 2616 3154 nisi
2660 3111 2715 3153 ut
2746 3102 2893 3171 pedes
2923 3102 3049 3155 lavet
3075 3142 3089 3168 ,
3121 3103 3209 3156 sed
3232 3112 3306 3155 est
3345 3105 3562 3159 mundus
3595 3114 3751 3159 totus.
3787 3106 3852 3159 Et

2269 3209 2354 3248 vos
2390 3195 2566 3247 mundi
2620 3196 2734 3249 estis
2761 3196 2800 3261 ¹,
2837 3196 2923 3249 sed
2965 3210 3066 3249 non
3118 3211 3307 3250 omnes.
3356 3188 3444 3251 11.
3475 3195 3677 3251 Sciebat
3716 3200 3851 3252 mins

2269 3285 2380 3352 quis
2419 3284 2695 3337 traditurus
2722 3294 2842 3339 esset
2882 3300 3011 3338 eum.
3054 3284 3108 3339 Si
3145 3285 3325 3341 mundi
3361 3295 3527 3351 sunt,
3572 3303 3670 3343 cur
3702 3290 3850 3345 lavas

2270 3372 2432 3442 pedes
2462 3386 2643 3427 eorum
2661 3373 2683 3425 l
2701 3372 3210 3429 Utnosmodestiam
3222 3373 3548 3431 discamus’.
3564 3375 3693 3433 ldeo
3706 3379 3848 3447 quod

2270 3465 2581 3520 vilissimum
2622 3464 2979 3519 membrorum
3035 3463 3242 3520 videtur
3261 3479 3420 3531 esse,
3469 3466 3641 3519 solum
3699 3468 3849 3522 lavit.

2269 3556 2403 3623 Quid
2427 3555 2689 3626 significat
2718 3556 2869 3620 illud,
2902 3556 3001 3621 Qui
3035 3556 3168 3611 lotus
3189 3566 3258 3610 est
3284 3556 3309 3610 .’
3333 3555 3389 3612 id
3416 3564 3529 3621 est,
3562 3559 3651 3627 qui
3683 3573 3852 3629 purus

2269 3654 2369 3702 est.
2396 3645 2530 3701 Num
2555 3646 2628 3700 illi
2658 3646 2771 3715 puri
2799 3655 2975 3712 erant,
3003 3646 3092 3715 qui
3116 3645 3347 3700 nondum
3374 3661 3401 3699 a
3434 3648 3667 3717 peccatis
3697 3649 3849 3705 liberi

2269 3744 2451 3799 erant,
2482 3750 2578 3789 nec
2603 3735 2801 3805 Spiritu
2827 3734 3058 3805 dignati,
3088 3750 3209 3790 cum
3248 3735 3422 3791 adhuc
3447 3748 3727 3806 peccatum
3752 3739 3853 3793 do-

2271 3826 2565 3878 minaretur
2592 3867 2607 3891 ,
2640 3834 2693 3885 et
2718 3825 3105 3880 maledictionis
3134 3825 3545 3896 chirographum
3569 3840 3846 3895 maneret,

2273 3913 2496 3984 necdum
2524 3914 2735 3969 victima
2781 3924 2925 3970 esset
2967 3914 3182 3969 oblata?
3208 3914 3486 3982 Quomodo
3525 3917 3688 3987 igitur
3732 3919 3853 3974 illos

2270 4018 2389 4058 esse
2417 4017 2576 4072 puros
2608 4003 2781 4058 dicit?
2809 4004 3001 4059 Verum
3042 4019 3111 4059 ne
3157 4016 3310 4074 putes
3332 4045 3347 4071 ,
3387 4005 3507 4077 quia
3536 4021 3704 4077 puros
3734 4010 3852 4064 illos

2268 4094 2429 4160 dicit,
2456 4108 2576 4148 esse
2606 4107 2822 4162 prorsus
2849 4108 2877 4145 a
2904 4094 3134 4163 peccatis
3180 4095 3376 4149 liberos
3396 4136 3413 4162 ,
3456 4095 3663 4151 addidit
3688 4115 3702 4151 :
3728 4096 3851 4152 lant

2267 4199 2352 4237 vos
2378 4185 2552 4275 mundi
2596 4184 2711 4238 estis
2730 4224 2746 4250 ,
2790 4193 2994 4252 propter
3021 4199 3296 4238 sermonem
3319 4201 3463 4254 quem
3484 4186 3723 4255 toqusstus
3738 4204 3851 4241 sum

2268 4271 2402 4327 vobis
2424 4290 2443 4337 ,-
2466 4271 2565 4325 hoc
2586 4282 2667 4327 est
2691 4314 2703 4334 .
2729 4272 2839 4326 liae
2865 4281 3065 4326 tantum
3100 4274 3305 4327 ratione
3330 4273 3514 4329 mundi
3546 4275 3700 4329 estis.
3732 4275 3850 4330 Jam

2269 4364 2439 4418 lucem
2478 4362 2752 4431 accepistis
2779 4404 2795 4427 ,
2846 4363 2956 4431 jam
2986 4377 3012 4414 a
3044 4362 3265 4418 Judaico
3291 4379 3475 4421 errore
3507 4364 3664 4421 liberi
3695 4368 3845 4422 estis.

2267 4454 2398 4509 Nam
2429 4453 2681 4524 propheta
2710 4454 2837 4510 dicit
2861 4473 2873 4510 :
2906 4454 3189 4522 Lavamini,
3217 4456 3395 4510 mundi
3433 4466 3611 4522 estote,
3640 4458 3849 4529 abjicite

2269 4546 2513 4600 malitiam
2548 4544 2609 4598 ab
2647 4546 2908 4599 animabus
2931 4545 3107 4599 vestris
3132 4544 3183 4617 (1
3192 4546 3287 4599 sai.
3315 4546 3371 4601 1.
3396 4544 3507 4618 16).
3535 4544 3725 4616 Itaque
3760 4548 3851 4618 qui

2270 4636 2386 4688 talis
2410 4644 2509 4699 est,
2537 4636 2673 4689 lotus
2694 4643 2775 4690 est
2793 4676 2808 4701 ,
2836 4643 2889 4690 et
2912 4649 3097 4704 purus.
3124 4634 3259 4702 Quia
3291 4650 3421 4707 ergo
3443 4651 3660 4692 omnem
3690 4639 3854 4692 mali-

2271 4726 2393 4779 tiam
2440 4726 2508 4780 ab
2546 4728 2721 4780 anima
2768 4734 3121 4795 respuerant,
3149 4737 3204 4782 et
3228 4742 3359 4796 pura
3388 4737 3567 4784 mente
3595 4743 3722 4784 cum
3764 4730 3855 4783 illo

2270 4815 2646 4870 versabantur:
2679 4816 2797 4869 ideo
2822 4816 3506 4885 secundumpropheticum
3539 4832 3853 4871 sermonem

2270 4906 2413 4971 dicit,
2441 4906 2541 4972 Qui
2571 4906 2709 4959 lotus
2753 4914 2863 4968 est,
2896 4906 3004 4973 jam
3045 4904 3272 4959 mundus
3293 4916 3395 4959 est.
3421 4905 3539 4960 Non
3567 4906 3852 4962 lavacrum

2269 4994 2394 5047 illud
2420 5010 2513 5063 per
2558 5008 2749 5065 aquam
2780 5002 2833 5049 et
2853 4993 3133 5047 Judaicum
3161 4994 3291 5048 dicit
3317 5035 3331 5057 ,
3380 4994 3472 5049 sed
3503 4996 3855 5051 conscientia-

2270 5086 2653 5153 purgationem.

2337 5178 2388 5231 5.
2430 5176 2707 5229 Viduarum
2756 5188 2799 5229 et
2827 5177 3135 5246 pupillorum
3164 5176 3390 5229 habenda
3416 5188 3654 5246 curagesl.
3676 5208 3743 5218 —
3769 5180 3826 5233 Si

2268 5282 2384 5321 lllllS
2412 5282 2541 5336 ergo
2570 5276 2622 5319 ct
2649 5280 2745 5319 nos
2772 5267 2952 5319 mundi
2978 5284 2991 5332 ;
3023 5267 3289 5320 discamus
3316 5268 3451 5321 bene
3482 5267 3679 5322 facere.
3710 5269 3852 5335 Quid

2266 5368 2347 5413 est
2397 5360 2530 5411 bene
2561 5358 2776 5411 facere?
2804 5357 3039 5410 Judicate
3066 5357 3281 5427 pupillo,
3309 5358 3558 5426 defendite
3596 5359 3804 5410 viduam
3835 5376 3855 5411 :

2266 5462 2309 5503 et
2333 5451 2509 5517 venite,
2540 5450 2889 5519 disceptemus,
2915 5450 3038 5502 dicit
3067 5446 3319 5501 Dominus
3346 5446 3394 5518 (Ι
3403 5447 3504 5500 bid.
3536 5450 3586 5501 l.
3614 5448 3701 5501 17.
3731 5446 3850 5515 18).

2329 5606 2344 5636 ί
2368 5612 2474 5652 Post
2496 5604 2600 5651 hzec
2621 5603 2812 5663 quidam
2835 5608 2940 5651 Mss.
2966 5601 3058 5651 alia
3082 5601 3276 5660 addunt,
3302 5612 3411 5664 quae
3435 5598 3678 5648 habentur
3704 5597 3854 5658 intra,

2268 5673 2319 5714 et
2333 5664 2558 5728 consulto
2574 5665 2649 5728 hic
2672 5664 2975 5711 omittuntur.
3072 5720 3104 5728 Α
3220 5719 3229 5726 ,

2331 5730 2349 5758 ¹
2385 5726 2514 5773 Alias
2548 5726 2743 5784 legitur,
2767 5731 2815 5771 ut
2842 5740 3021 5775 vos“...
3050 5724 3265 5772 discetis.
