4040 6456
208 392 319 451 385

210 505 347 572 τέρα
369 504 477 559 τῶν
502 506 722 575 ἀγαθῶν
748 509 846 578 τὴν
866 508 1392 580 ταπεινοφροσύνην,
1416 507 1483 577 ἠν
1509 506 1604 558 καὶ
1624 504 1800 578 άρχὴν

211 586 308 639 καὶ
336 587 487 651 τέλος
536 588 740 660 ἔφησεν
772 589 912 645 εἶναι
944 596 1043 663 τῆς
1072 592 1292 662 ἀρετῆς.
1348 592 1462 659 Οὐχ
1506 584 1694 650 ἁπλῶς
1742 586 1800 638 δὲ

209 669 536 738 πρόσκειται
566 684 592 713 ι
630 673 711 737 τὸ,
754 674 889 732 Ἀπὸ
926 674 1074 729 Θεοῦ
1112 673 1334 741 ἐξῆλθε
1366 671 1466 725 καὶ
1506 668 1657 737 πρὸς
1686 668 1796 721 τὸν

209 755 364 806 Θεὸν
386 755 633 827 ὑπότει-
654 758 769 811 ἁλλ*
800 758 888 811 ἴνα
922 758 1185 829 μάθωμεν
1215 759 1299 809 ὅτι
1329 755 1455 821 ἄξια
1498 753 1671 807 ἐποίει
1701 748 1796 803 τοῦ

206 834 423 891 ἐκεῖθεν
447 838 692 903 ἐλθόντος
718 842 812 893 καὶ
843 841 962 894 ἐκεῖ
990 840 1267 905 ἀπιόντος,
1298 839 1513 892 ἃπαντα
1542 851 1795 890 καταπα-

205 916 321 969 τῶν
339 919 529 990 τῦφον.
559 922 668 976 Καὶ
682 922 953 990 ἀναστὰς
971 923 1093 979 ἀπὸ
1116 922 1223 977 τοῦ
1247 920 1520 985 δείπνου,
1550 918 1650 972 καί
1674 915 1799 983 θεὶς

207 998 283 1052 τὰ
303 1000 524 1069 ἱμάτια.

281 1080 351 1151 β’.
378 1082 520 1154 Ὅρα
548 1084 665 1148 πῶς
697 1086 758 1139 οὐ
779 1086 859 1157 τῷ
891 1086 1043 1157 νίψαι
1075 1086 1259 1158 μόνον,
1305 1086 1441 1139 ἀλλὰ
1467 1084 1563 1138 καὶ
1595 1082 1801 1153 ἑτέρως

205 1162 272 1216 τὸ
299 1167 558 1221 ταπεινὸν
587 1168 945 1224 ἐνδείκνυται.
973 1170 1049 1224 Οὐ
1088 1169 1199 1243 γάρ
1233 1169 1365 1239 πρὶν
1397 1167 1429 1239 ἢ
1467 1164 1803 1235 κατακλιθῆ-

205 1263 322 1310 ναι,
355 1248 494 1303 ἀλλὰ
532 1250 675 1320 μετὰ
701 1251 763 1304 τὸ
810 1254 1105 1311 ἀναπεσεῖν
1160 1254 1389 1318 πάντας,
1423 1251 1545 1305 τότε
1575 1248 1796 1318 άνέστη.

210 1329 449 1383 Ἔπειτα
477 1333 597 1386 οὐδὲ
630 1333 815 1398 ἁπλῶς
846 1336 1044 1400 νίπτει,
1077 1333 1216 1390 ἀλλὰ
1242 1335 1312 1388 τά
1338 1332 1531 1404 ίμάτια
1555 1329 1803 1385 άποτιθέ⁶

210 1426 396 1478 μενος.
424 1408 533 1467 Καὶ
558 1414 680 1468 οὐδὲ
719 1416 884 1488 μέχρι
896 1417 1103 1472 τούτων
1138 1416 1290 1487 ἔστη,
1312 1414 1449 1470 ἀλλὰ
1470 1415 1566 1468 καὶ
1593 1413 1800 1466 λέντιον

204 1491 528 1555 διεζώσατο.
566 1498 675 1551 Kal
699 1500 820 1552 οὐδὲ
851 1499 1026 1570 τούτῳ
1050 1498 1319 1571 ἠρκέσθη,
1354 1497 1491 1571 ἀλλὰ
1516 1500 1610 1551 καὶ
1640 1494 1803 1557 αὐτὸς

208 1575 460 1644 δτέμισε.
497 1580 593 1631 καὶ
619 1581 718 1651 οὐχ
747 1582 922 1653 ἑτέρῳ
950 1582 1235 1653 πληρῶσαι
1264 1582 1292 1623 δ
1318 1570 1627 1645 ἐκέλευσεν,
1663 1577 1802 1632 ἀλλὰ

208 1657 395 1711 πάντα
434 1661 597 1724 αὐτὸς
647 1662 939 1732 ἐργάζεται
984 1663 1179 1728 ταῦτα,
1209 1662 1299 1718 διὰ
1345 1665 1561 1719 πάντων
1588 1661 1803 1724 δεικνὺς

206 1739 296 1791 ὅτι
327 1740 428 1793 οὐκ
483 1742 909 1814 ἀφοσιουμένους
947 1744 1031 1798 δεῖ
1067 1748 1240 1799 ποιεῖν
1278 1746 1347 1799 τά
1393 1744 1638 1807 τοιαῦτα,
1674 1744 1802 1796 ὅταν

209 1817 272 1875 εὖ
301 1823 566 1893 ποιῶμεν,
597 1825 731 1879 ἀλλὰ
758 1827 897 1897 μετὰ
923 1827 1106 1899 πάσης
1156 1827 1488 1900 προθυμίας.
1537 1826 1693 1897 Ἐμοὶ
1745 1826 1803 1878 δὲ

207 1903 363 1956 δοκεῖ
384 1904 478 1958 τοῦ
500 1907 760 1976 προδότου
790 1907 1007 1979 πρώτου
1042 1909 1194 1979 νίψαι
1236 1911 1365 1973 τοὺς
1403 1908 1591 1972 πόδας,
1620 1910 1684 1961 ἐκ
1707 1904 1801 1959 τοῦ

208 1990 408 2055 είπεῖν,
432 1992 693 2061 Ἤρξατο
714 1994 949 2047 νίπτειν
976 1994 1120 2061 τοὺς
1139 1993 1330 2060 πόδας
1352 1993 1473 2047 τῶν
1494 1989 1797 2062 μαθητῶν,

210 2069 309 2121 καὶ
335 2072 656 2140 ἐπαγαγεῖν,
694 2075 969 2144 Ἔρχεται
992 2075 1141 2142 πρὸς
1163 2075 1400 2144 Σίμωνα
1435 2075 1682 2142 Πέτρον,
1702 2069 1802 2125 καὶ

207 2152 374 2221 λέγει
407 2153 568 2220 αὑτῷ
593 2156 849 2224 ἐκεῖνος·
878 2160 961 2212 Σύ
981 2176 1101 2229 μου
1134 2158 1367 2223 νίπτεις
1394 2156 1537 2223 τοὺς
1565 2155 1798 2221 πόδας;

210 2235 349 2297 Ταῖς
375 2238 531 2307 χερσὶ
551 2237 797 2303 ταύταις,
829 2242 1013 2310 φησὶν,
1061 2234 1149 2304 αῖς
1181 2239 1495 2310 ὀφθαλμοὺς
1533 2237 1796 2309 ἀνέῳξας,

210 2318 308 2369 καὶ
333 2317 568 2388 λεπροὺς
595 2321 893 2394 ἐκάθηρας,
923 2323 1015 2377 καὶ
1036 2325 1262 2394 νεκροὺς
1288 2323 1626 2392 άνέστησας;
1666 2321 1803 2374 Πολ-

209 2400 310 2472 λὴν
331 2402 440 2473 γὰρ
464 2403 702 2472 έμφασιν
728 2405 823 2457 καὶ
849 2404 1011 2458 τοῦτο
1032 2405 1146 2476 ἔχει
1166 2422 1179 2434 ·
1209 2405 1400 2476 διόπερ
1429 2405 1551 2459 οὐδὲ
1579 2404 1801 2473 ἐδέησεν

208 2483 365 2554 αὐτῷ
396 2501 449 2537 τι
484 2484 643 2538 πλέον
672 2487 867 2552 είπεῖν,
897 2488 929 2556 ἢ
964 2487 1021 2540 τὸ
1045 2490 1151 2542 Σύ.
1194 2489 1303 2541 Kal
1352 2489 1462 2560 γάρ
1487 2487 1607 2541 καθ’
1638 2486 1800 2540 ἑαυτὸ

210 2566 404 2621 ἱκανὸν
439 2563 507 2638 ἦν
559 2568 622 2621 τδ
669 2571 779 2623 πᾶν
813 2562 1171 2636 ἐνδείξασθαι.
1204 2571 1468 2641 Ζητήσειε
1507 2570 1552 2623 δ’
1603 2569 1669 2623 ἄν
1714 2586 1800 2633 τις

210 2652 459 2717 εἰκότως,
485 2651 603 2715 πῶς
625 2651 800 2715 οὐδεὶς
823 2652 986 2706 αὐτὸν
1014 2652 1122 2709 τῶν
1149 2652 1325 2706 ἄλλων
1350 2653 1643 2717 ἐκώλυσεν,
1665 2650 1802 2706 ἀλλὰ

211 2733 421 2802 Πέτρος
453 2732 633 2802 μόνος,
670 2732 753 2805 [εΗ
768 2733 825 2806 5]
849 2735 985 2806 ὅπερ
1010 2735 1071 2788 οὑ
1101 2735 1297 2805 μικροῦ
1333 2735 1559 2805 φίλτρου
1586 2736 1683 2788 καὶ
1716 2739 1800 2789 al-

208 2814 337 2879 δοῦς
372 2811 462 2886 ἦν.
496 2816 593 2878 Τίς
626 2812 718 2870 οὖν
758 2818 905 2884 ἐστιν
934 2819 968 2888 η
998 2819 1183 2882 αίτία;
1230 2818 1384 2887 Ἐμοὶ
1416 2819 1565 2872 δοκεῖ
1611 2816 1803 2888 πρότε-

214 2913 308 2967 ρον
332 2897 423 2950 τὸν
456 2898 721 2969 προδότην
735 2898 907 2968 νίψαι,
931 2895 1050 2953 εῐτα
1078 2900 1215 2964 πρὸς
1244 2900 1334 2953 τὸν
1368 2900 1572 2973 Πέτρον
1603 2899 1799 2963 ἐλθεῖν,

214 2978 468 3043 καὶτοὺς
513 2978 707 3044 ἄλλους
756 2981 853 3033 ἀπ’
880 2982 1092 3035 ἐκείνου
1140 2992 1161 3021 ο
1194 2981 1549 3052 παιδευθῆναι
1594 2981 1798 3034 λοιπόν.

217 3060 339 3113 ’Ὁτι
374 3059 475 3130 μὲν
526 3056 620 3114 οὖν
650 3060 809 3116 ἄλλον
838 3062 959 3116 τινὰ
988 3065 1093 3136 πρὸ
1143 3064 1310 3118 αὐτοῦ
1341 3064 1513 3133 ἐνιψε,
1559 3063 1714 3134 δῆλον
1738 3066 1796 3116 ἐκ

214 3142 308 3197 τοῦ
339 3145 537 3200 εἰπεῖν.
567 3145 698 3198 Ὅτε
728 3146 785 3199 δὲ
816 3142 948 3217 ἦλθε
979 3148 1115 3215 πρὸς
1129 3149 1355 3219 Πέτρον.
1388 3148 1527 3200 Ἀλλ’
1555 3149 1655 3201 οὐκ
1688 3147 1801 3200 ἔστι

217 3229 449 3298 σφοδρὸς
467 3230 771 3301 κατήγορος
790 3233 818 3284 0
832 3232 1244 3302 εὐαγγελιστής·
1275 3233 1338 3284 τὸ
1364 3231 1495 3302 γάρ,
1519 3231 1798 3298 Ἤρξατο,

213 3310 374 3365 τοῦτό
405 3312 553 3363 ἐστιν
572 3314 968 3384 αἰνιττομένου.
1002 3315 1063 3367 El
1086 3314 1142 3367 δὲ
1174 3315 1267 3367 καὶ
1292 3315 1321 3365 0
1353 3314 1558 3384 Πέτρος
1584 3313 1802 3383 πρῶτος

214 3392 305 3468 ἦν,
334 3396 448 3449 ἀλλ’
475 3399 621 3460 είκὸς
646 3398 736 3451 τὸν
762 3398 1027 3470 προδότην
1051 3398 1242 3468 ἰταμὸν
1268 3398 1415 3464 ὅντα,
1451 3400 1546 3450 καὶ
1579 3398 1686 3466 πρὸ
1708 3396 1801 3450 τοῦ

216 3481 518 3553 κορυφαίου
558 3480 971 3551 κατακλιθῆναι.
1014 3482 1126 3535 Kal
1170 3481 1278 3551 γὰρ
1310 3482 1405 3534 καὶ
1438 3479 1704 3552 ἑτέρωθεν
1741 3480 1804 3533 τὸ

219 3565 415 3634 ίταμὸν
440 3563 606 3618 αὐτοῦ
636 3564 933 3631 δείκνυται,
954 3565 1083 3618 ὅταν
1125 3563 1306 3636 βάπτῃ
1344 3564 1483 3633 μετὰ
1520 3562 1614 3616 τοῦ
1648 3562 1799 3617 Διδα-

218 3647 443 3713 σκάλου,
500 3647 594 3700 καὶ
648 3648 777 3700 ὅταν
833 3646 1191 3717 ἐλεγχόμενος
1249 3646 1324 3716 μὴ
1372 3644 1799 3715 κατανύσσηται.

229 3726 370 3780 Ἀλλ’
404 3731 433 3781 0
460 3729 558 3796 μὲν
587 3729 791 3801 Πέτρος
818 3728 964 3795 ἅπαξ
991 3727 1336 3798 ἐπιτιμηθεὶς
1371 3729 1430 3780 ἐν
1460 3730 1573 3791 τοῖς
1600 3727 1805 3797 ἐμπρο-

219 3810 369 3873 σθεν,
404 3810 496 3863 καὶ
521 3810 692 3863 ταῦτα
722 3810 831 3863 άπὸ
858 3810 1242 3882 φιλοστοργίας
1267 3809 1335 3863 τὰ
1362 3811 1579 3881 ῥήματα
1610 3810 1802 3875 εἰπὼν,

216 3892 361 3947 οὓτω
391 3893 711 3962 συνεστάλη,
743 3892 818 3955 ὡς
844 3894 937 3946 καὶ
963 3892 1211 3959 ἀγωνιῶν
1242 3894 1334 3946 καὶ
1370 3893 1587 3963 τρέμων
1614 3893 1803 3965 ἐτέρου

215 3976 474 4049 δεηθῆναι
508 3976 643 4049 πρὸς
669 3976 770 4047 τὴν
798 3974 1063 4047 ἐρώτησιν
1084 3992 1097 4005 θ
1130 3971 1283 4038 οὗτος
1302 3976 1358 4029 δέ
1384 3976 1626 4047 συνεχῶς
1651 3976 1804 4044 ἐλεγ-

221 4060 451 4129 χόμενος
469 4058 569 4113 οὐκ
605 4059 889 4131 ᾐσθάνετο.
923 4059 1053 4112 Ὅτε
1084 4056 1216 4127 γοῦν
1237 4055 1369 4128 ἦλθε
1401 4060 1539 4129 πρὸς
1576 4059 1667 4112 τὸν
1702 4060 1803 4114 Πέ-

220 4158 371 4212 τρον,
400 4142 571 4209 Λέγει
601 4140 764 4207 αὐτῷ
794 4140 1051 4207 ἐκεῖνος·
1084 4142 1280 4211 Κύριε,
1310 4145 1393 4196 σύ
1426 4160 1546 4213 μου
1574 4143 1805 4209 νίπτεις

220 4226 362 4292 τοὺς
381 4226 572 4292 πόδας
592 4238 609 4291 ;
629 4226 792 4294 Λέγει
820 4225 969 4296 αὐτῷ
990 4244 1002 4257 ·
1023 4226 1084 4278 Ὃ
1104 4225 1220 4295 ἐγὼ
1240 4226 1389 4279 ποιῶ
1410 4227 1492 4281 σὺ
1510 4229 1621 4281 οὐκ
1637 4223 1805 4292 οἶδας

218 4308 371 4377 ἄρτι,
406 4306 609 4377 γνώσῃ
639 4306 707 4361 δὲ
730 4307 881 4377 μετὰ
918 4306 1102 4361 ταῦτα
1126 4322 1139 4338 ·
1187 4309 1472 4376 τουτέστι,
1507 4309 1568 4362 τὸ
1615 4308 1805 4379 κέρδος

216 4391 344 4444 ὅσον
365 4389 428 4443 τὸ
459 4390 524 4443 ἐκ
550 4389 760 4453 τούτου,
782 4390 880 4460 τὴν
904 4389 1173 4459 ὠφέλειαν
1197 4391 1295 4459 τῆς
1324 4391 1692 4455 διδασκαλίας,
1710 4391 1804 4445 καὶ

216 4473 337 4536 πῶς
359 4472 542 4527 ἱκανὸν
561 4475 640 4536 είς
661 4474 843 4526 πᾶσαν
860 4472 1087 4542 ἀγαγεῖν
1113 4464 1615 4545 ταπεινοφροσῦνην
1635 4474 1802 4543 ἡμᾶς.

216 4555 285 4609 Τί
306 4550 405 4610 οὖν
431 4558 460 4610 0
490 4556 730 4625 Πέτρος;
766 4556 886 4610 Ἔτι
909 4555 1128 4620 κωλύει,
1154 4556 1248 4610 καὶ
1275 4555 1455 4625 λέγει·
1489 4558 1573 4611 Οὐ
1590 4556 1677 4626 μὴ
1713 4558 1803 4609 νί-

215 4642 344 4708 ψῃς
375 4638 515 4706 τοὺς
543 4639 735 4704 πόδας
764 4656 885 4707 μου
926 4644 1013 4706 εις
1041 4640 1149 4694 τὸν
1187 4639 1394 4693 αἰῶνα.
1440 4638 1507 4694 Τί
1538 4642 1729 4708 ποιεῖς,
1758 4637 1805 4695 ὧ

130 4713 139 4721 ’
215 4720 523 4792 Πέτρεςοὺ
558 4720 832 4793 μέμνησαι
883 4720 993 4775 τῶν
1037 4722 1320 4794 προτέρων
1367 4723 1668 4794 ρημάτων;
1702 4725 1803 4776 οὑκ

214 4802 401 4869 εἴπας,
430 4805 639 4870 Ἵλεώς
657 4820 775 4869 σοι,
797 4805 887 4859 καὶ
912 4806 1171 4876 ἢκουσας,
1196 4805 1415 4875 Ὕπαγε
1443 4806 1637 4859 ὀπίσω
1659 4824 1800 4875 μου,

214 4887 484 4946 σατανᾶ·
527 4889 620 4944 καὶ
646 4890 765 4943 οὐδὲ
798 4889 941 4944 οὕτω
968 4886 1299 4963 σωφρονίζῃ,
1322 4889 1435 4941 ἀλλ’
1468 4890 1546 4943 ἔτι
1575 4891 1803 4961 σφοδρὸς

214 4970 302 5039 εῐ;
332 4971 461 5039 Ναὶ,
491 4972 659 5043 φησί·
693 4972 827 5025 πολὺ
842 4973 953 5043 γὰρ
970 4972 1030 5025 τό
1059 4973 1344 5042 γινόμενον
1370 4972 1462 5025 καὶ
1486 4972 1803 5042 ἐκπλήξεως

212 5056 409 5125 γέμον.
462 5054 616 5108 Ἐπεὶ
649 5049 743 5108 οῦν
779 5055 887 5107 ἀπὸ
920 5054 1122 5123 πολλῆς
1153 5053 1375 5124 ἀγάπης
1407 5054 1568 5107 τοῦτο
1600 5054 1802 5124 ἐπρατ-

211 5156 307 5192 τεν
331 5140 583 5203 ἐκεῖνος,
641 5138 748 5191 ἀπὸ
777 5140 875 5207 τῆς
899 5138 1069 5208 αὐτῆς
1111 5138 1274 5191 αὐτὸν
1311 5138 1589 5209 χειροῦται
1641 5137 1802 5192 πάλιν

212 5223 311 5274 καὶ
331 5222 362 5274 0
386 5221 639 5288 Χριστὸς,
673 5222 863 5291 ὥσπερ
893 5217 986 5274 οὖν
1014 5221 1111 5275 καὶ
1135 5223 1254 5275 ἐκεῖ
1282 5223 1528 5293 σφοδρῶς
1547 5224 1797 5292 ἐπιτιμή-

213 5320 316 5369 σας
342 5303 437 5355 καὶ
457 5302 645 5366 εἰπὼν,
672 5302 1027 5357 Σκάνδαλόν
1046 5322 1148 5373 μοι
1162 5301 1246 5359 εἷ’
1279 5304 1421 5359 οὕτω
1450 5307 1544 5358 καὶ
1566 5306 1790 5359 ἐνταῦθα

210 5386 406 5453 λέγων,
452 5385 587 5439 Ἐὰν
624 5386 710 5455 μὴ
752 5389 911 5456 νίψω
961 5404 1056 5453 σε,
1110 5392 1221 5443 οὐκ
1250 5389 1410 5458 ἔχεις
1453 5389 1635 5459 μέρος
1669 5391 1797 5460 μετ’

209 5468 381 5538 ἐμοῦ.
410 5468 476 5520 Τί
505 5465 597 5522 οὖν
623 5472 651 5522 0
683 5469 883 5539 θερμὸς
912 5472 1007 5523 καὶ
1034 5470 1295 5542 διακαήςς
1327 5474 1522 5539 Κύριε,
1543 5473 1628 5541 μὴ
1658 5475 1800 5540 τοὺς

212 5551 405 5615 πόδας
424 5568 543 5619 μου
561 5554 770 5619 μόνον,
806 5552 968 5606 ἀλλὰ
1011 5554 1109 5606 καὶ
1160 5554 1269 5620 τὰς
1298 5555 1502 5624 χεῖρας
1532 5557 1632 5609 καὶ
1686 5556 1800 5624 τὴν

210 5634 506 5702 κεφαλήν.
538 5635 648 5687 Καὶ
672 5638 731 5687 ἐν
759 5637 825 5705 τῇ
855 5637 1182 5707 παραιτήσει
1232 5638 1490 5709 σφοδρὸς,
1524 5641 1616 5692 καὶ
1641 5641 1699 5694 ὲν
1734 5644 1797 5712 τῇ

213 5718 559 5786 συγχωρήσει
583 5717 934 5786 σφοδρότερος
963 5720 1198 5786 γίνεται·
1229 5722 1463 5791 ἑκάτερα
1484 5722 1541 5774 δὲ
1574 5722 1631 5787 ἐξ
1660 5724 1797 5791 ἁγά-

211 5816 343 5865 πης.
369 5798 522 5851 Διατί
551 5797 661 5870 γάρ
698 5800 798 5853 οὐκ
832 5796 976 5865 εἷπε,
1008 5804 1152 5866 τίνος
1182 5803 1368 5858 ἕνεκεν
1398 5806 1572 5858 ἐποίει
1602 5806 1790 5859 τοῦτο·

276 5884 305 5949 εξ
330 5879 564 5949 Nonnulli
588 5882 770 5949 0931315.
791 5882 849 5949 Τί
871 5884 953 5949 οῦν
973 5885 1266 5949 πρόσκειται.
1292 5888 1444 5936 Paulo
1464 5896 1572 5949 post
1603 5889 1798 5949 quidam

212 5942 403 6016 ᾗπάγει,
422 5942 666 5991 τουτέστιν
688 5943 795 6000 ἄξιοι
818 5944 982 5994 ἐποίει.
1013 5942 1022 5947 ’
1049 5945 1076 5984 ³·
1105 5949 1201 5999 Alii
1225 5942 1477 6011 ἐμπλῆσαί
1552 5954 1573 5980 ε
1603 5942 1698 6000 illi
1719 5952 1798 5997 ὑπ’

216 6018 413 6051 nam.

1245 395 1310 449 IN
1352 390 1675 450 JOANNEM
1707 385 1945 445 IIOMIL.
1986 388 2148 444 LXX.
2177 391 2247 446 al.
2287 391 2470 446 LXIX.

3386 387 3495 445 εει

1907 501 2025 555 ἀλλ’
2054 501 2284 575 ἀπειλὴν
2333 502 2643 565 ἐνέθεικενς
2682 502 2822 575 ’Ὅτι
2873 503 3081 563 ἐκεῖνος
3127 497 3227 569 μὲν
3277 495 3379 553 οὐκ
3428 499 3495 554 ἂν

1906 585 2156 656 ἐπείσθη.
2188 587 2248 639 El
2274 586 2385 656 γὰρ
2408 581 2579 649 εἶπεν,
2608 586 2831 647 Ἔασον,
2862 582 2951 637 διὰ
2973 583 3082 654 γὰρ
3101 580 3295 635 τούτου
3327 581 3499 636 πείθω

1908 669 2053 738 ὑμᾶς
2095 670 2536 738 ταπεινόφρονεῖν
2558 706 2571 729 ,
2609 667 2878 737 ὑπέσχετο
2904 665 2971 720 ἂν
3010 667 3274 738 μυριάκις
3314 665 3495 727 τοῦτο.

1909 751 2048 823 ὑπὲρ
2080 751 2175 804 τοῦ
2207 752 2283 821 μὴ
2309 753 2400 804 τὸν
2428 751 2710 821 Δεσπότην
2738 748 2895 802 τοῦτο
2927 750 3175 819 ποιῆσαι.
3220 747 3334 802 Νῦν
3357 749 3415 801 δέ
3446 749 3499 800 τί

1905 850 2107 904 φησιν;
2161 837 2227 889 '0
2270 834 2507 905 μάλιστα
2556 833 2812 887 ἐδεδοίκει
2840 833 2935 887 καὶ
2953 832 3175 903 ἔτρεμε,
3203 831 3265 884 τὸ
3292 831 3501 900 διασχιο

1907 920 2100 987 σθῆναι
2128 918 2312 973 αὐτοῦ.
2340 917 2517 981 Αὐτὸς
2545 917 2656 989 γάρ
2684 917 2833 971 ἐστιν
2876 916 2907 969 0
2960 915 3201 986 συνεχῶς
3232 915 3455 987 ἐρωτῶν
3478 953 3497 981 ,

1900 1001 2028 1055 Ποῦ
2052 999 2304 1071 ὑπάγεις
2320 1019 2340 1067 ;
2373 1002 2575 1072 Διόπερ
2603 1001 2698 1054 καὶ
2724 1000 2940 1069 ἔλεγεν,
2967 1002 3049 1054 ὅτι
3092 998 3203 1053 Kal
3230 1000 3343 1067 τὴν
3377 1001 3498 1067 ψυ-

1903 1083 2046 1152 χὴν,
2091 1085 2226 1153 φησὶ
2249 1123 2264 1149 ,
2298 1083 2474 1138 δώσω
2496 1083 2523 1124 ἀ
2546 1085 2704 1152 ὑπὲρ
2731 1083 2869 1137 σοῦ.
2904 1082 2966 1135 El
2986 1081 3097 1153 γὰρ
3131 1079 3390 1145 ἀκούσας,
3414 1082 3499 1133 ὅτι

1904 1169 2028 1221 Οὐκ
2059 1161 2228 1233 οἶδας
2250 1166 2282 1221 0
2309 1165 2457 1221 ποιῶ
2474 1164 2611 1235 ἐγὼ,
2635 1164 2843 1235 γνώσῃ
2874 1164 2944 1217 δὲ
2961 1164 3114 1233 μετὰ
3143 1163 3351 1227 ταῦτα,
3380 1163 3501 1216 οὐδὲ

1901 1248 2077 1314 οὕτως
2128 1248 2341 1320 ἀπέστη
2367 1291 2382 1315 ,
2423 1247 2606 1318 πολλῷ
2641 1246 2861 1318 μᾶλλον,
2915 1248 2963 1299 εί
3011 1246 3207 1317 ἔμαθε.
3237 1245 3338 1301 Διὰ
3388 1245 3500 1317 γὰρ

1902 1330 2063 1386 τοῦτο
2088 1328 2210 1386 εἷπε
2234 1372 2250 1397 ,
2276 1330 2497 1400 Γνώσῃ
2529 1330 2600 1384 δὲ
2630 1329 2783 1400 μετὰ
2823 1327 3013 1383 ταῦτα
3033 1367 3049 1393 ,
3078 1327 3267 1394 εἰδὼς,
3296 1328 3379 1382 ὅτι
3403 1327 3501 1382 ἐὰν

1903 1414 2000 1469 νῦν
2043 1415 2214 1488 μάθῃ,
2249 1415 2621 1470 ἀντικείσεται
2653 1412 2757 1466 ετι.
2816 1412 2926 1465 Kal
2957 1412 3059 1465 οὐκ
3090 1406 3244 1477 εἶπε,
3281 1410 3502 1476 Δίδαξον

1902 1493 1997 1553 οὖν
2052 1516 2158 1570 με,
2193 1499 2282 1554 ἵνα
2314 1497 2473 1567 ἀφῶ·
2530 1496 2649 1551 ἀλλ’
2679 1496 2708 1549 0
2755 1494 2936 1565 πολλῷ
2994 1493 3354 1566 σφοδρότερον
3392 1490 3498 1565 ἦν,

1902 1581 2025 1636 οὐδὲ
2052 1581 2248 1651 μαθεῖν
2270 1581 2530 1652 ἠνέσχετο
2552 1620 2569 1647 ,
2600 1578 2715 1632 ἀλλ’
2746 1578 3022 1633 ἐνίσταται
3058 1576 3241 1638 πάλιν,
3273 1575 3453 1644 λέγων
3482 1590 3498 1606 ⁸

1898 1666 1982 1718 οὐ
2014 1662 2101 1734 μὴ
2150 1664 2339 1732 νίψῃς
2375 1679 2496 1733 μου
2555 1662 2700 1727 τοὺς
2755 1659 2968 1727 πόδας.
3014 1658 3235 1728 Ἐπειδὴ
3260 1656 3316 1711 δέ
3337 1657 3500 1728 ἠπεί-

1903 1747 2067 1815 λησεν
2097 1785 2111 1809 ,
2171 1744 2376 1809 εὐθέως
2443 1736 2676 1815 ἐχάλασε
2727 1742 2821 1795 τὸν
2879 1741 3055 1795 τόνον.
3110 1739 3177 1794 Τί
3232 1738 3386 1811 [H6]
3443 1738 3501 1791 δέ

1905 1831 2055 1890 ἐστι,
2104 1828 2327 1896 Γνώσῃ
2380 1826 2532 1897 μετὰ
2582 1825 2804 1888 ταῦτα;
2852 1822 3007 1877 Μετὰ
3056 1820 3232 1877 ταῦτα
3258 1863 3274 1889 ,
3327 1823 3499 1887 πότε;

1906 1908 2075 1962 Ὅταν
2114 1907 2193 1979 τῷ
2243 1907 2364 1979 ἐμῷ
2408 1909 2634 1978 ὀνόματι
2665 1906 2921 1978 δαιμόνια
2966 1904 3242 1978 ἐκϐάλῃς,
3296 1905 3498 1975 φησίν·

1902 1991 2031 2045 ὅταν
2062 1990 2178 2064 ἴδῃς
2206 1992 2286 2053 είς
2317 1990 2445 2054 τοὺς
2472 1991 2736 2061 οὐρανοὺς
2759 1987 3281 2059 άναλαμϐανόμενον
3299 2002 3315 2017 ·
3369 1986 3501 2040 ὅταν

1904 2072 2056 2145 παρὰ
2101 2072 2194 2125 τοῦ
2241 2071 2559 2143 Πνβύματος
2597 2071 2810 2143 μάθῃς,
2853 2072 2936 2124 ὅτι
2992 2072 3057 2123 ἐκ
3100 2067 3294 2134 δεξιῶν
3329 2066 3504 2138 κάθη-

1906 2175 2005 2226 μαι
2028 2168 2053 2196 ο
2075 2199 2089 2223 ,
2114 2157 2237 2210 τότε
2265 2158 2385 2228 εἴσῃ
2413 2157 2475 2210 τὸ
2501 2157 2596 2211 νῦν
2621 2157 2926 2227 γινόμενον.
2950 2154 3016 2208 Τί
3043 2149 3138 2208 οὖν
3163 2156 3193 2207 ό
3227 2152 3499 2224 Χριστόςς

1916 2240 2133 2311 Ἐπειδὴ
2156 2238 2309 2294 εἶπεν
2335 2243 2363 2293 0
2383 2240 2610 2310 Πέτρος.
2635 2239 2732 2307 Μὴ
2759 2238 2900 2304 τοὺς
2925 2237 3117 2303 πόδας
3139 2254 3260 2306 μου
3280 2237 3499 2305 μόνον,

1902 2324 2063 2379 ἀλλὰ
2092 2324 2322 2389 καὶτὰς
2354 2322 2560 2391 χεῖρας
2583 2323 2682 2376 καὶ
2719 2320 2834 2389 τὴν
2864 2320 3165 2390 κεφαλὴν,
3203 2319 3257 2372 '0
3289 2321 3503 2373 .1st-

1898 2406 2104 2478 μένος,
2152 2405 2341 2476 φησιν,
2373 2407 2447 2460 οὐ
2498 2405 2709 2475 χρείαν
2743 2405 2869 2474 ἔχει
2910 2407 2962 2458 εί
2990 2402 3079 2473 μὴ
3122 2400 3268 2468 τοὺς
3306 2400 3501 2463 πόδας

1903 2491 2198 2559 νίψασθαι
2241 2488 2457 2557 μόνον,
2501 2489 2640 2543 ἀλλ’
2684 2488 2817 2542 ἔστι
2868 2486 3130 2555 καθαρὸς
3175 2486 3341 2550 ὅλος.
3389 2484 3501 2538 Καὶ

1902 2571 2069 2641 ὑμεῖς
2102 2573 2353 2639 καθαροί
2388 2572 2549 2637 ἐστε,
2575 2569 2715 2624 ἀλλ’
2743 2569 2882 2639 οὐχί
2916 2568 3159 2634 πάντες.
3189 2566 3356 2637 ’ᾙδει
3389 2566 3501 2635 γὰρ

1902 2656 2011 2708 τὸν
2040 2653 2444 2722 παραδιδόντα
2472 2653 2678 2706 αὐτόν.
2706 2654 2818 2705 Καὶ
2842 2653 2891 2705 εί
2930 2649 3161 2721 καθαροί
3194 2651 3322 2714 είσι,
3354 2648 3502 2710 τίνος

1902 2738 2088 2791 ἕνεκεν
2125 2737 2337 2799 νίπτεις
2359 2737 2485 2800 τοὺς
2516 2736 2714 2801 πόδας;
2742 2736 2908 2789 ’Ὥστε
2942 2736 3089 2807 ἡμᾶς
3120 2732 3139 2772 ί
3182 2731 3501 2803 μετριάζειν

1905 2819 2119 2890 μαθεῖν.
2149 2818 2247 2872 Διὰ
2281 2819 2441 2872 τοῦτο
2481 2820 2582 2873 οὐκ
2613 2820 2699 2889 ἐφ’
2733 2819 2924 2891 ἓτερον
2957 2819 3123 2889 μέρος
3165 2812 3352 2887 ἦλθεν,
3381 2813 3500 2867 ἀλλ’

1900 2903 1930 2956 0
1961 2904 2069 2956 τῶν
2103 2903 2280 2959 ἄλλων
2320 2904 2646 2975 ἀτιμότερον
2679 2899 2819 2957 εἶναι
2851 2903 3016 2956 δοκεῖ.
3046 2900 3111 2954 Τί
3141 2900 3198 2953 δέ
3237 2901 3408 2963 ἐστιν,
3444 2899 3500 2951 ’0

1899 2985 2299 3055 λελουμένος
2328 2987 2473 3038 Ἀντὶ
2497 2987 2617 3048 τοῦ,
2652 2986 2711 3039 '0
2754 2986 3017 3055 καθαρός.
3060 2980 3189 3052 Ἀρ*
3224 2977 3319 3036 οὖν
3343 2982 3501 3035 αὐτοὶ

1903 3068 2135 3139 καθαροὶ
2155 3064 2297 3139 ἦσαν
2314 3084 2328 3134 ;
2345 3068 2400 3121 οἵ
2413 3085 2475 3137 γε
2505 3068 2719 3123 οὐδέπω
2742 3070 2766 3109 8
2790 3068 2898 3121 τῶν
2919 3066 3336 3139 ἁμαρτημάτων
3358 3060 3500 3135 ἦσαν

1901 3151 2335 3222 ἀπηλλαγμένοι,
2378 3151 2497 3205 οὐδὲ
2546 3152 2865 3219 Πνεύματος
2902 3152 3220 3221 ἠξιωμένοι,
3252 3149 3348 3202 an:
3395 3146 3499 3216 τῆς

1903 3235 2179 3306 ἁμαρτίας
2201 3234 2282 3289 ἐτι
2311 3233 2645 3305 κρατούσης,
2676 3236 2773 3304 τῆς
2801 3236 3049 3302 κατάρας
3079 3232 3174 3285 τοῦ
3206 3233 3502 3303 χειρογρά-

1904 3335 2006 3388 φου
2056 3317 2330 3387 μένοντος,
2376 3317 2472 3370 τοῦ
2510 3317 2709 3387 ίερείου
2745 3315 2960 3369 οὐδέπω
3007 3313 3498 3386 προσενεχθέντος

1904 3401 2023 3463 πῶς
2058 3397 2151 3454 οὖν
2191 3399 2391 3463 αὐτοὺς
2434 3399 2705 3469 καθαροὺς
2745 3395 2887 3451 εἶναι
2922 3398 3102 3463 λέγεις
3137 3397 3276 3449 Ἀλλ’
3303 3395 3390 3449 ἴνα
3425 3394 3502 3465 μὴ

1902 3482 1992 3537 διὰ
2008 3482 2186 3558 ταῦτα
2209 3481 2439 3554 νομίσῃς
2466 3484 2662 3545 αὐτοὺς
2687 3480 2961 3553 καθαροὺς
2986 3482 3063 3544 ὡς
3086 3481 3502 3551 ἁμαρτημάτων

1903 3567 2392 3637 ἀπηλλαγμένους.
2451 3568 2731 3636 ἐπήγαγεν
2758 3582 2772 3595 ”
2820 3565 2964 3632 Ἤδη
3020 3563 3188 3631 ὑμεῖς
3252 3561 3503 3630 καθαροί

1903 3650 2045 3703 ἐστε
2082 3648 2181 3703 διὰ
2220 3650 2326 3704 τὸν
2362 3651 2550 3718 λόγον
2580 3649 2653 3702 ὃν
2689 3646 2969 3713 ἐλάλησα
3010 3644 3181 3715 ὑμῖνο
3216 3643 3498 3706 τουτέστι,

1905 3731 2090 3803 Ταύτῃ
2111 3730 2253 3795 τέως
2270 3732 2392 3785 ἐστέ
2422 3731 2672 3803 καθαροί.
2704 3730 2843 3802 Ἤδη
2874 3729 2935 3782 τὺ
2960 3727 3078 3796 φῶς
3099 3725 3374 3791 ἐδέξασθε,
3396 3726 3501 3796 ήδη

1905 3815 2005 3885 τῆς
2045 3814 2253 3885 πλάνης
2296 3814 2649 3885 ἀπηλλάγητε
2682 3813 2782 3882 τῆς
2818 3812 3133 3881 Ἰουδαίκῆς.
3170 3811 3280 3865 Καὶ
3313 3808 3425 3879 γάρ
3472 3812 3502 3862 0

1906 3900 2192 3969 προφήτης
2237 3897 2402 3967 φησι·
2434 3898 2774 3959 Λούσασθε,
2810 3894 3058 3963 καθαροὶ
3088 3895 3350 3965 γίνεσθε,
3386 3895 3501 3965 ἀέρα

1904 3980 2070 4035 έλετε
2099 3982 2205 4046 τὰς
2233 3980 2528 4048 πονηρίας
2557 3977 2677 4032 ἀπὸ
2711 3977 2830 4031 τῶν
2866 3977 3087 4047 ψυχῶν
3111 3975 3298 4047 ὑμῶν.
3332 3979 3500 4031 ’Ὥστε

1903 4064 1934 4115 0
1964 4061 2203 4125 τοιοῦτος
2238 4061 2489 4115 λέλουται
2519 4062 2615 4115 καὶ
2642 4060 2885 4132 καθαρός
2915 4062 3051 4114 ἐστι.
3087 4061 3240 4114 Ἐπεὶ
3264 4056 3359 4113 οὖν
3394 4062 3500 4114 πᾶ·
3578 4076 3579 4079 ‘

1907 4161 2007 4199 σαν
2046 4144 2313 4215 πονηρίαν
2359 4144 2590 4217 ἔρριψαν
2637 4143 2746 4197 άπὸ
2793 4144 2895 4213 τῆς
2926 4143 3107 4216 ψυχῆς
3136 4146 3369 4209 ἐκεῖνοι,
3402 4143 3501 4195 καὶ

1908 4226 2047 4299 μετὰ
2080 4226 2411 4299 εἰλικρινοῦς
2448 4226 2688 4290 διανοίας
2720 4226 2962 4297 συνῆσαν
3009 4225 3180 4295 αὐτῷ,
3220 4227 3309 4280 διὰ
3340 4223 3500 4278 τοῦτό

1905 4326 2039 4380 φησι
2078 4311 2219 4364 κατὰ
2246 4311 2336 4364 τὸν
2370 4310 2709 4381 προφητικὸν
2740 4308 2921 4376 λόγον,
2958 4309 3018 4363 '0
3048 4309 3372 4379 λελουμένος
3396 4308 3497 4379 ἠδη

1905 4391 2144 4464 καθαρός
2171 4395 2305 4446 ἐστι.
2344 4394 2453 4446 Kal
2485 4392 2595 4461 γάρ
2627 4394 2745 4446 ἐκεῖ
2776 4391 3001 4463 λουτρὸν
3030 4394 3091 4445 οὐ
3125 4391 3187 4445 τὸ
3216 4391 3285 4444 δι’
3308 4391 3500 4454 ὓδατος

1904 4474 2052 4544 λέγει
2074 4475 2137 4528 τὸ
2171 4475 2480 4540 Ἰουδαῖκὸν,
2507 4474 2642 4529 ἀλλὰ
2666 4476 2758 4530 τὸν
2786 4476 2886 4545 τῆς
2919 4475 3280 4545 συνειδήσεως
3303 4475 3329 4514 δ
3362 4474 3499 4529 καθ-

1905 4557 2103 4628 αρμόν.

1976 4640 2049 4708 γ’.
2072 4639 2367 4711 Γενώμεθα
2394 4641 2574 4695 τοίνυν
2605 4643 2700 4696 καὶ
2733 4644 2891 4715 ἡμεῖς
2925 4643 3154 4712 καθαροί
3180 4663 3191 4674 ·
3234 4640 3498 4713 μάθωμεν

1905 4722 2071 4778 καλὸν
2097 4727 2294 4779 ποιεῖν.
2322 4725 2387 4777 Τί
2414 4725 2468 4777 δέ
2500 4729 2617 4780 ἐστι
2650 4728 2712 4780 τὸ
2732 4727 2934 4791 καλόν;
2965 4729 3209 4795 Κρίνετε
3234 4726 3497 4796 ὀρφανῷ,

1904 4804 2004 4858 καί
2035 4806 2392 4862 δικαιώσατε
2421 4807 2645 4876 χήραν·
2678 4811 2777 4864 καὶ
2815 4809 3009 4869 δεῦτε.
3044 4809 3143 4863 καί
3170 4806 3501 4879 διαλεχθῶο

1898 4903 2036 4955 μεν,
2086 4889 2249 4958 λέγει
2305 4891 2541 4958 Κύριος.
2590 4892 2764 4955 Πολὺς
2810 4886 2965 4956 οὗτος
3006 4896 3034 4946 0
3080 4892 3235 4959 λόγος
3273 4892 3331 4945 ἐν
3377 4893 3502 4954 ταῖς

1904 4969 2149 5041 Γραφαῖς
2200 4974 2309 5025 τῶν
2349 4975 2535 5044 χηρῶν
2579 4976 2674 5028 καὶ
2720 4974 2829 5027 τῶν
2876 4973 3130 5045 ὀρφανῶν
3154 4989 3168 5002 ·
3203 4972 3321 5027 ἀλλ’
3367 4974 3500 5045 ἡμῖν

1904 5053 2080 5116 οὐδεὶς
2118 5055 2308 5108 τούτου
2346 5057 2524 5124 λόγος.
2558 5058 2750 5112 Καίτοι
2795 5057 2861 5125 γε
2905 5056 3159 5128 ἐννόησον
3208 5057 3397 5127 ἡλίκον
3434 5056 3498 5112 τὸ

1905 5135 2160 5191 ἔπαθλον.
2202 5139 2338 5191 Ἐὰν
2382 5135 2518 5202 ὦσι,
2554 5141 2739 5212 φησὶν,
2775 5143 2836 5194 al
2886 5141 3164 5210 ἁμαρτίαι
3207 5139 3376 5210 ὑμῶν
3416 5141 3498 5207 ὠς

1904 5220 2244 5287 φοινικοῦν,
2277 5224 2358 5289 ὼς
2405 5224 2582 5291 χιόνα
2625 5221 2945 5277 λευκανῶ’.
2973 5223 3083 5277 ἐὰν
3114 5222 3183 5276 δέ
3226 5217 3379 5277 ὦσιν
3416 5223 3499 5290 ὠς

1902 5306 2207 5371 κόκκινον,
2242 5307 2323 5373 ὡς
2361 5307 2527 5375 ἔριον
2568 5306 2867 5361 λευκανῶ.
2906 5308 3018 5360 Καὶ
3066 5306 3176 5378 γὰρ
3210 5306 3495 5376 ἀπροστάο

1902 5402 2089 5444 τευτον
2120 5392 2153 5462 ἡ
2187 5393 2363 5463 χήραο
2395 5392 2487 5444 διὰ
2521 5391 2681 5445 τοῦτο
2711 5391 2914 5462 πολλὴν
2944 5388 3086 5461 ὑπὲρ
3120 5390 3294 5460 αὐτῆς
3324 5391 3497 5442 ποιεί-
3546 5392 3547 5395 “

1966 5561 1994 5602 ἆ
2017 5562 2115 5611 Alli
2134 5561 2297 5619 δώσω,
2328 5559 2412 5607 alii
2436 5558 2677 5605 ἐπιδώσω.
2749 5568 2772 5595 ο
2797 5555 2928 5619 Edili
2950 5556 3171 5619 κάθηται,
3202 5569 3316 5603 mss.
3361 5568 3493 5616 pene

1900 5636 2077 5674 omnes
2099 5617 2325 5682 κάθημαι,
2351 5632 2465 5682 quae
2503 5618 2923 5682 vera_es_t‘leclio.
2960 5617 3021 5665 Et
3051 5620 3200 5682 paulq
3233 5620 3491 5682 an}e_edlli

1899 5686 2024 5748 παρὰ
2048 5681 2133 5730 τοῦ
2158 5676 2380 5748 μάτρωες
2398 5678 3040 5748 Manuscriptifergqmngs
3055 5676 3065 5678 ⁷
3080 5679 3209 5740 παρὰ
3232 5676 3317 5724 τοῦ
3342 5678 3492 5748 Πνεῦ-

1902 5739 2066 5809 ματος,
2093 5751 2148 5809 ει
2190 5739 2293 5809 llas}:
2330 5748 2418 5809 esl_
2459 5754 2572 5789 vera
2610 5739 2775 5789 léclio.
2809 5739 2917 5809 Ubi_
2940 5739 3171 5809 adfer-[aq
3208 5751 3351 5809 vo_ces
3392 5739 3493 5787 Πα-

1899 5799 2008 5869 τρός
2030 5799 2080 5854 εἰ
2104 5804 2377 5869 Πνεύμριτος
2407 5804 2455 5851 in
2488 5814 2601 5849 mss.
2630 5814 2764 5862 saxpe
2799 5799 3051 5869 confuqdir,
3088 5801 3203 5861 quia
3232 5806 3491 5859 utramque

1901 5861 2073 5917 vbcem
2095 5869 2167 5913 sic
2204 5861 2423 5912 eil’erunl
2454 5879 2541 5925 πρς
2565 5870 2618 5910 ει
2636 5861 2745 5921 me,
2773 5868 2951 5923 estque
2972 5861 3103 5911 inter
3164 5869 3217 5909 et
3238 5878 3264 5907 ν
3299 5874 3347 5908 ιι]
3373 5874 3489 5909 mss.

1901 5928 2121 5969 mundam
2145 5925 2432 5969 simililndo.
2508 5932 2515 5957 ι
2538 5926 2637 5969 Alii
2660 5926 2787 5969 ὥστε
2807 5926 2946 5969 ὑμᾶς.
3014 5922 3040 5962 Β
3061 5878 3311 5969 Αιῗὶἢσαν.
3332 5923 3487 5969 καίτοι

1900 5928 2121 5990 ηιιιιδόιιῐη
2145 5925 2432 5990 είιηὶιῇιιιόο.
2495 5922 2515 5957 “¹
2538 5926 2638 5990 Alii
2660 5926 2787 5973 ὥστε
2807 5922 2946 5986 ὓμῖις.
3014 5922 3040 5962 Β
3061 5922 3311 5982 ΑῘιὶἧσαν,
3332 5923 3487 5971 καίτοι

1902 5986 2107 6038 οὐδέπω.
2176 5993 2202 6023 ιι
2229 5987 2326 6037 Alii
2355 5986 2675 6044 δημιουργίας.
