4040 6424
252 143 286 188 ,δ’

246 315 278 338 -ὶ

189 359 297 416 5115

192 472 541 541 Frequenter
586 469 637 523 in
676 465 949 536 Scriptura
992 459 1267 514 viduarum
1297 464 1352 511 et
1384 452 1704 525 pupillorum
1748 447 1806 503 ﬁt

190 564 439 618 mentio:
474 570 533 614 at
571 558 726 615 nobis
756 558 965 612 illorum
1015 551 1155 605 nulla
1207 548 1343 603 ratio
1375 555 1476 600 est.
1519 542 1677 612 Atqui
1710 557 1804 595 co-

188 658 296 726 gita
356 662 574 723 quanta
620 652 690 708 sit
726 647 958 718 reposita
1002 657 1228 699 merces.
1259 639 1321 696 Si
1350 637 1575 708 fuerint,
1617 633 1803 726 inquit,

189 724 404 811 peccata
438 755 612 799 vestra
652 744 781 797 sicut
809 738 1078 811 puniceum
1110 775 1124 797 ,
1157 732 1213 786 ut
1237 732 1399 785 nivem
1442 726 1726 789 dealbubo;
1763 724 1808 778 si

192 847 243 889 ut
276 837 562 890 coccinum
588 878 603 901 ,
646 845 699 889 ut
728 837 897 887 latium
929 826 1172 883 dealbabo
1203 823 1356 895 (lsai.
1390 823 1443 875 1.
1477 819 1585 892 18).
1616 817 1808 871 Delen-

188 928 317 984 δότε
352 943 600 996 namque
626 935 770 981 caret
798 922 952 977 vidua
980 936 993 984 ;
1020 919 1141 974 ideo
1164 930 1411 985 magnam
1452 912 1596 967 illius
1624 924 1806 964 curam

190 1020 377 1077 habet.
414 1020 597 1075 Vidua
644 1018 786 1074 enim
832 1031 953 1071 cum
994 1012 1165 1082 possit
1205 1006 1468 1064 secundas
1511 1002 1660 1057 adire
1706 1016 1805 1054 nu-

190 1115 332 1183 ptias
363 1155 381 1180 ,
426 1112 505 1169 ob
554 1111 644 1167 Dei
694 1110 936 1164 timorem
978 1102 1249 1159 viduitatis
1291 1111 1558 1154 :rrumnas
1590 1094 1803 1149 tolerat.

187 1207 413 1261 Manum
461 1220 600 1275 ergo
627 1203 753 1272 ipsis
781 1200 1117 1272 porrigamus
1160 1207 1349 1250 omnes
1380 1198 1436 1246 et
1466 1188 1562 1243 viri
1592 1195 1647 1242 et
1691 1201 1808 1240 mu-

188 1300 383 1361 lieres,
416 1313 491 1352 ne
520 1294 737 1367 quando
766 1290 1037 1347 viduitatis
1068 1284 1342 1342 molestias
1367 1282 1675 1338 subeamus.
1711 1276 1806 1367 Sin

188 1389 499 1443 subeamus
527 1429 541 1450 ,
574 1400 820 1455 magnam
866 1382 1021 1436 nobis
1065 1374 1416 1446 experiuuda:
1466 1366 1807 1440 benignitatis

188 1495 384 1534 ansam
421 1477 753 1549 parabimus.
784 1473 900 1528 Non
927 1486 1088 1544 parva
1139 1469 1217 1522 vis
1248 1467 1605 1536 laerymarum
1633 1460 1807 1514 vidua:

1224 345 1288 399 IN
1327 339 1641 400 JOANNEM
1682 335 1916 391 llUMIL.
1959 333 2147 391 LXXI.
2190 332 2261 387 al.
2305 329 2470 387 LXX.

3415 330 3531 388 388.

1916 456 2041 514 est,
2073 446 2167 502 sed
2217 455 2394 516 potest
2445 444 2531 498 illa
2574 444 2655 499 vel
2707 444 2879 514 ipsum
2913 448 3102 499 caelum
3152 445 3388 515 aperire.
3443 447 3521 505 Ne

1918 554 2046 611 ergo
2093 538 2199 593 illis
2242 538 2561 592 insultemus
2585 577 2600 603 ,
2650 552 2750 592 nec
2790 536 3150 593 calamitatem
3180 553 3475 610 augeamus
3504 583 3519 606 ,

1917 633 2010 689 sed
2043 633 2188 688 οηιηί
2217 632 2375 687 modo
2404 631 2639 686 feramus
2666 646 2846 701 Opem.
2876 632 2930 687 Si
2955 632 3023 685 ita
3056 632 3311 689 faciamus
3334 676 3349 699 ,
3383 635 3521 688 mul-

1918 736 2025 780 tum
2052 726 2206 780 nobis
2242 726 2589 780 securitatem
2622 725 3056 795 comparabimus
3083 737 3136 781 et
3176 728 3226 781 in
3262 728 3364 783 hoc
3415 744 3519 784 sat-

1914 818 2038 871 culo
2067 826 2121 872 et
2148 818 2201 871 in
2249 819 2443 871 futuro.
2474 816 2590 873 Non
2621 820 2764 873 enim
2793 817 2880 873 hic
2924 828 3127 873 tantum
3155 861 3170 885 ,
3196 819 3291 875 sed
3323 831 3379 876 et
3412 822 3521 876 illic

1916 910 2071 976 nobis
2091 924 2247 979 opem
2291 908 2503 976 ferent,
2549 907 2674 964 dum
2708 912 2994 967 maximam
3041 922 3382 981 peccatorum
3424 930 3517 968 no-

1915 1008 2149 1055 strorum
2182 1009 2389 1069 partem
2432 1000 2502 1057 ob
2546 1000 2809 1056 beneﬁcia
2842 1001 2971 1071 ipsis
3016 1005 3252 1073 prmstita
3298 1004 3519 1059 abscin-

1914 1090 2072 1155 dent,
2105 1100 2159 1147 et
2183 1091 2236 1146 id
2264 1092 2419 1147 nobis
2449 1093 2815 1148 conciliabant
2837 1136 2852 1160 ,
2889 1102 2945 1149 ut
2977 1094 3246 1164 possimus
3273 1105 3400 1150 ante
3428 1096 3520 1148 tri-

1915 1184 2079 1242 bunal
2104 1185 2303 1240 Christi
2352 1185 2565 1242 adstat-
2594 1202 2716 1243 cum
2750 1187 2982 1253 ﬁducia;
3016 1189 3155 1258 quod
3190 1205 3289 1244 nos
3327 1207 3519 1246 omnes;

1914 1276 2126 1346 assequi
2165 1277 2461 1347 contingat,
2497 1278 2665 1349 gratia
2698 1288 2752 1333 et
2790 1278 3125 1350 benignitate
3165 1282 3375 1336 Domini
3414 1300 3514 1336 no-

1914 1366 2010 1421 stri
2040 1365 2169 1422 Jcsu
2205 1366 2427 1434 Christi,
2471 1370 2555 1424 cui
2605 1369 2774 1440 gloria
2821 1372 2872 1425 in
2927 1373 3120 1428 smcula
3173 1375 3513 1432 steculorum.

1915 1457 2110 1512 Amen.

176 1573 3517 1617 ________________________———_____________

1561 1638 1907 1702 uomuit
1954 1637 2181 1715 Lxxt.

191 1812 325 1869 Car.
380 1812 472 1866 l3.
522 1825 575 1863 ν.
621 1806 708 1863 12.
753 1804 821 1859 Et
864 1802 1056 1872 accepit
1103 1800 1391 1853 vestimenta
1420 1810 1511 1849 sua
1538 1833 1551 1854 ,
1606 1797 1653 1841 et
1693 1802 1805 1839 cum

265 1902 588 1966 recubuisset
611 1901 792 1953 iterum
810 1937 826 1963 ,
855 1895 985 1948 dixit
1007 1892 1079 1948 eis
1109 1910 1122 1945 :
1150 1889 1308 1946 Scitis
1328 1888 1451 1957 quid
1477 1883 1679 1953 fecerim
1716 1896 1829 1939 vos

264 1996 344 2049 bis
367 1996 394 2049 7
420 2003 532 2049 etc.

266 2087 323 2143 1.
375 2085 509 2139 Post
558 2085 758 2152 lapsum
820 2090 1085 2151 resurgere
1138 2072 1490 2146 difﬁcillimum
1533 2076 1622 2124 est.
1653 2066 1808 2120 Judrc

194 2177 516 2249 pervicacia.
544 2205 613 2215 —
642 2171 1007 2229 Pcrniciosmn
1035 2176 1119 2222 est
1144 2207 1160 2231 ,
1193 2164 1373 2221 dilecti
1397 2204 1413 2230 ,
1443 2160 1803 2232 perniciosum

197 2248 389 2338 utique
418 2309 435 2333 ,
476 2268 529 2320 in
559 2263 883 2335 profundum
931 2260 1195 2329 malorum
1246 2253 1504 2310 incidere.
1553 2251 1629 2305 Ex
1683 2248 1807 2304 hinc

195 2360 344 2414 enim
378 2356 609 2411 difﬁcile
639 2352 970 2409 convertitur
999 2350 1232 2403 animus.
1269 2345 1500 2413 Ideoque
1527 2341 1657 2396 nihil
1700 2354 1804 2394 non

196 2448 478 2519 agemlum
508 2454 627 2508 est,
666 2452 725 2499 ut
769 2458 835 2497 ne
876 2457 905 2495 a
936 2438 1197 2511 principio
1249 2436 1542 2505 capiamur.
1577 2430 1805 2487 Facilius

197 2539 406 2609 quippe
436 2546 523 2593 est
569 2551 677 2590 non
726 2533 956 2597 cadere,
988 2546 1147 2601 quam
1204 2527 1410 2598 lapsmn
1463 2524 1799 2593 resipiscere.

202 2626 337 2683 Vide
368 2642 523 2696 ergo.
555 2624 771 2696 quando
792 2622 957 2676 semel
989 2622 1170 2690 lapsus
1197 2616 1478 2681 estJudas,
1506 2624 1636 2684 quot
1657 2613 1806 2669 obla-

198 2720 269 2775 tis
300 2719 408 2775 sibi
462 2718 675 2771 auxiliis
701 2757 715 2781 ,
762 2733 866 2768 non
902 2724 1080 2767 tamen
1122 2718 1385 2779 resurgat.
1423 2710 1561 2764 Dixit
1606 2707 1763 2761 lusus
1788 2747 1803 2770 ,

204 2812 355 2870 Unus
384 2820 608 2868 vestium
629 2809 859 2862 diabolus
881 2791 996 2872 est}
1025 2805 1181 2871 dixit,
1213 2802 1335 2857 Non
1366 2818 1536 2855 omnes
1559 2800 1805 2861 crrdnnt;

201 2905 373 2968 dixit,
426 2904 549 2958 Non
599 2903 662 2955 de
715 2899 945 2953 omnibus
998 2898 1153 2959 dico;
1195 2904 1248 2949 ct
1276 2936 1289 2958 ,
1341 2892 1463 2948 Scio
1510 2909 1633 2960 quos
1680 2889 1808 2957 elegi

204 2998 390 3067 (Joan.
427 3000 482 3055 6.
518 2998 604 3050 71.
641 2994 723 3049 15.
759 3000 803 3043 et
849 2993 933 3046 15.
968 2988 1069 3059 18)
1098 3005 1110 3041 :
1138 2996 1191 3042 et
1225 2986 1352 3039 nihil
1388 2986 1579 3038 horum
1614 2982 1801 3037 sensit.

205 3088 501 3161 Postquam
527 3075 695 3141 autem
729 3084 850 3138 lari!
879 3080 1046 3151 pedes,
1074 3088 1118 3132 et
1147 3077 1338 3146 accepit
1366 3076 1658 3128 vestimenta
1685 3089 1802 3137 sua,

204 3196 320 3233 cum
371 3176 699 3240 recubuisset,
754 3175 864 3227 ait:
899 3170 1052 3227 Scitis
1096 3168 1217 3237 quid
1256 3167 1458 3235 fecerim
1504 3164 1658 3217 vobis.
1690 3162 1807 3217 Non

206 3271 349 3325 ultra
376 3270 602 3324 Petrum
632 3267 803 3320 solum
832 3304 847 3329 ,
882 3262 973 3317 sed
1007 3276 1197 3315 omnes
1235 3258 1546 3327 alloquitur.
1580 3256 1662 3310 15.
1709 3252 1808 3307 Vos

207 3366 405 3418 vocatis
445 3377 522 3415 me
566 3359 874 3430 Magistrum
902 3366 947 3410 et
974 3353 1256 3407 Dominum
1279 3352 1333 3417 ¹;
1365 3360 1411 3404 et
1454 3350 1575 3403 bene
1599 3348 1806 3412 dicitis;

207 3471 320 3509 sum
361 3453 568 3508 etenim.
608 3448 708 3504 Vos
732 3448 919 3503 uocatis
960 3464 1037 3500 me
1092 3444 1306 3500 lllorum
1347 3442 1609 3512 judicium
1654 3455 1808 3495 acce-

210 3556 360 3616 ptum
392 3545 578 3600 habet.
610 3542 812 3598 Deinde
844 3557 910 3595 ne
938 3540 1003 3594 ad
1035 3538 1245 3592 illorum
1272 3538 1496 3607 gratiam
1525 3536 1639 3590 haec
1666 3534 1806 3589 dicta

209 3653 331 3695 esse
373 3637 659 3693 videantur
681 3676 694 3700 ,
729 3632 906 3688 subdit
934 3674 946 3697 ,
978 3632 1107 3685 Sum
1142 3630 1346 3683 etenim.
1375 3628 1508 3683 Cum
1544 3642 1672 3697 ergo
1694 3641 1808 3681 ser-

210 3743 431 3785 monem
470 3740 658 3781 eorum
696 3723 924 3787 inducit,
950 3723 1059 3792 jam
1088 3736 1350 3776 onerosus
1378 3736 1482 3773 non
1515 3729 1629 3784 est;
1664 3717 1806 3788 quod

212 3820 365 3875 illum
393 3817 715 3881 conﬁrmet,
756 3816 885 3870 nulli
935 3813 1225 3883 suspicioni
1265 3813 1555 3868 obnoxium
1609 3811 1805 3866 reddit.

214 3910 347 3968 Sum
376 3910 559 3966 etenim
584 3952 598 3973 ,
624 3906 815 3978 inquit.
851 3906 1039 3960 Viden’
1068 3919 1173 3974 quo
1199 3916 1371 3973 pacto,
1402 3902 1617 3974 quando
1642 3902 1807 3958 disci-

217 3992 373 4070 pblos
413 3999 739 4068 alloquitur,
784 3996 852 4052 de
896 4010 955 4050 se
980 3996 1215 4063 apertius
1254 3993 1521 4064 loquatur.
1572 3992 1639 4049 Ut
1682 4008 1810 4062 ergo

199 4092 388 4149 ulicit:
427 4090 602 4145 Nolite
652 4106 832 4145 vocare
878 4088 1177 4158 magistrum
1208 4102 1359 4155 super
1401 4096 1587 4139 terram
1630 4102 1648 4139 :
1679 4103 1810 4139 unus

217 4185 350 4237 enim
388 4191 669 4253 praeceptor
711 4189 871 4233 vester
910 4186 981 4232 est
1012 4177 1225 4249 (.llattlt.
1258 4176 1345 4231 25.
1380 4176 1431 4231 8.
1466 4178 1563 4245 9);
1599 4178 1666 4231 ita
1694 4178 1765 4232 ait
1794 4219 1808 4244 ,

220 4273 287 4329 Et
312 4273 475 4330 nolite
510 4288 690 4327 vocare
738 4280 937 4340 patrem
977 4286 1130 4340 super
1168 4279 1374 4324 terram.
1411 4268 1542 4323 Illud
1588 4279 1765 4324 autem
1795 4310 1808 4333 ,

221 4380 359 4423 unus
389 4373 443 4420 et
465 4378 621 4429 unus,
654 4377 758 4416 non
786 4361 855 4417 de
876 4360 1033 4416 Patre
1061 4369 1264 4415 tantum
1288 4361 1503 4425 dicitur,
1532 4361 1627 4416 sed
1650 4360 1812 4415 etiam

220 4456 285 4513 de
314 4458 432 4529 ipso
455 4454 630 4519 Filio;
671 4454 751 4507 sin
800 4452 868 4509 de
904 4467 963 4507 se
1012 4468 1115 4506 non
1165 4452 1473 4521 loqueretur
1498 4493 1512 4516 ,
1542 4452 1813 4522 quomodo

220 4550 466 4614 dixisset,
501 4545 569 4602 Ut
597 4546 690 4617 ﬁlii
720 4546 846 4600 lucis
880 4545 990 4599 sitis
1010 4544 1193 4614 (Joan.
1224 4544 1306 4598 12.
1339 4543 1472 4613 36)?
1500 4548 1577 4599 Ae
1604 4560 1810 4613 rursus,

223 4644 267 4698 si
299 4641 613 4710 magistrum
644 4639 817 4693 solum
840 4637 1053 4693 Patrem
1084 4636 1308 4703 diceret,
1327 4639 1600 4707 quomodo
1634 4638 1711 4692 sic
1733 4638 1815 4692 lo-

222 4741 500 4805 queretur,
530 4729 661 4787 Sum
681 4730 904 4784 ctenim?
938 4738 1024 4794 et,
1053 4726 1199 4783 Unus
1225 4737 1296 4783 est
1334 4738 1614 4799 praeceptor
1635 4739 1810 4795 vester,

223 4824 458 4880 Christus
474 4823 500 4877 .’

294 4913 681 4982 Discipulorum
722 4912 871 4981 pedes
916 4911 1037 4964 lavit
1065 4909 1295 4966 Christus
1336 4920 1389 4965 ut
1429 4928 1519 4966 nos
1565 4912 1817 4967 humilita-

228 5016 326 5062 tem
342 5004 731 5059 doceret.—M.
753 5002 814 5056 Si
829 5018 967 5072 ergo,
996 5002 1187 5070 inquit,
1207 5018 1301 5072 ego
1334 5001 1601 5057 Dominus’
1626 5014 1674 5058 et
1703 5004 1815 5058 Μα-

229 5097 382 5166 gister
430 5094 531 5148 lavi
576 5094 728 5163 pedes
772 5103 959 5147 vestros
981 5133 995 5157 ,
1028 5102 1072 5145 et
1120 5109 1205 5146 vos
1233 5092 1418 5148 debetis
1449 5095 1577 5148 alter
1606 5094 1819 5151 alterius

233 5188 401 5242 lavare
428 5186 598 5255 pedes.
634 5186 720 5240 l5.
753 5182 1060 5252 Exemplum
1086 5184 1203 5237 dedi
1223 5186 1379 5250 vobis,
1414 5196 1469 5238 ut
1497 5188 1821 5256 quemadmo—

231 5279 352 5333 dum
380 5292 473 5347 ego
517 5276 611 5346 feci
653 5274 809 5339 vobis,
854 5275 926 5326 ita
970 5285 1017 5328 et
1061 5290 1145 5328 vos
1171 5278 1392 5346 faciatis.
1422 5278 1579 5347 Atqui
1613 5293 1715 5333 non
1742 5288 1824 5334 est

155 5346 171 5366 ⁸
235 5346 490 5439 idipsum.
519 5367 610 5422 liie
636 5382 865 5435 namque
887 5366 1135 5436 Magister
1158 5378 1237 5423 est
1266 5380 1319 5424 et
1351 5371 1625 5435 Dominus,
1650 5382 1703 5426 et
1730 5388 1824 5426 vos

236 5472 424 5517 tnutuo
466 5461 732 5514 conservi.
762 5458 899 5525 Quid
928 5475 1057 5528 ergo
1096 5461 1197 5516 sibi
1227 5463 1334 5517 vult
1364 5463 1492 5518 illud
1518 5506 1532 5528 ,
1568 5464 1651 5517 ltu
1671 5466 1696 5517 7
1721 5466 1825 5520 Eo-

236 5553 359 5609 dem
389 5551 585 5606 studio.
616 5550 740 5605 Ideo
770 5566 835 5606 ex
864 5551 1157 5621 majoribus
1188 5553 1348 5609 rebus
1373 5556 1618 5626 exempla
1641 5557 1821 5625 sumit,

302 5691 319 5719 ⁸
347 5683 445 5735 Alii
470 5690 522 5749 et
545 5682 707 5749 storel.
736 5683 926 5749 legunt,
953 5686 1233 5749 magistrum
1252 5694 1294 5736 et
1312 5688 1575 5742 Christum.

302 5751 323 5781 ⁸
357 5746 522 5798 Morel.
550 5746 693 5811 legit,
716 5746 948 5807 (Infans,
977 5746 1078 5811 pro,
1113 5751 1354 5800 Dominus.

1915 1791 1971 1835 ut
1998 1783 2188 1838 Saltem
2210 1786 2386 1840 minus
2412 1787 2691 1845 faciamus.
2715 1790 2848 1847 Nam
2872 1795 3108 1865 magistri
3134 1796 3312 1866 pueris
3334 1798 3519 1856 literas

1914 1874 2304 1943 pulcherrimas
2330 1880 2591 1949 scribunt,
2626 1891 2702 1949 ut,
2728 1884 2855 1939 licet
2885 1886 3272 1957 imperfectius,
3299 1889 3517 1947 imiten-

1914 1974 2021 2019 tur.
2072 1965 2170 2022 Ubi
2221 1984 2364 2025 nuuc
2408 1981 2536 2026 sunt
2578 1974 2668 2045 qui
2701 1990 2994 2031 conservos
3043 1980 3194 2034 nihili
3232 1982 3517 2050 pendunt?

1916 2054 2002 2109 ubi
2036 2057 2126 2127 qui
2158 2057 2392 2116 honores
2417 2065 2720 2132 expetunt?
2750 2066 3047 2124 Proditoris
3078 2070 3245 2140 pedes
3270 2069 3517 2129 Christus

1914 2147 2062 2211 lavit,
2110 2149 2359 2221 sacrilegi
2409 2160 2463 2207 et
2509 2153 2662 2222 furis,
2713 2156 2987 2229 etiamque
3032 2160 3353 2230 proditionis
3385 2173 3516 2218 tem-

1912 2252 2044 2308 pore
2063 2278 2077 2305 ,
2107 2247 2162 2293 et
2190 2254 2311 2295 cum
2342 2242 2485 2298 nulla
2531 2244 2918 2315 resipisccntiae
2946 2263 3071 2319 spes
3100 2259 3282 2315 esset,
3314 2269 3515 2309 mensa:

1914 2341 2218 2386 consortem
2263 2333 2481 2401 eﬁ'ccit;
2525 2346 2580 2391 et
2624 2349 2676 2394 tu
2722 2340 2889 2396 altum
2920 2342 3102 2413 sapis,
3148 2354 3201 2400 et
3228 2347 3512 2416 supercilia

1914 2421 2171 2477 extollis?
2215 2424 2386 2481 Pedes
2440 2437 2623 2484 mutuo
2670 2430 2910 2488 lavemus
2938 2474 2951 2497 .
3001 2434 3193 2507 inquit,
3243 2440 3513 2508 etiamque

1914 2526 2215 2570 Servorum.
2252 2518 2318 2572 Et
2355 2520 2481 2589 quid
2514 2537 2788 2593 magnum,
2830 2526 2875 2579 si
2922 2541 3203 2582 servorum
3254 2532 3512 2600 quoque?

1916 2604 2013 2660 llic
2038 2608 2180 2661 enim
2214 2608 2351 2663 liber
2380 2622 2433 2665 et
2456 2628 2646 2668 servus
2669 2616 2888 2672 nomine
2921 2626 3077 2673 tenus
3100 2617 3371 2686 differunt,
3405 2621 3515 2675 illic

1916 2711 2042 2750 vero
2064 2698 2141 2753 rei
2166 2701 2410 2756 veritate.
2440 2702 2571 2756 Nam
2602 2704 2691 2759 ille
2720 2715 2905 2761 natura
2936 2708 3191 2765 Dominus
3217 2719 3319 2776 est,
3344 2719 3397 2766 ct
3418 2727 3516 2767 nos

1914 2787 2094 2853 servi;
2131 2804 2305 2859 neque
2335 2801 2510 2847 tamen
2541 2793 2593 2848 id
2635 2793 2811 2852 facere
2849 2812 2996 2854 nunc
3036 2799 3324 2854 recusavit.
3364 2801 3515 2856 Nunc

1915 2892 2042 2933 vero
2088 2880 2304 2946 mirum,
2356 2882 2403 2936 si
2450 2898 2557 2937 non
2603 2883 2788 2941 liberis
2831 2895 2890 2940 ut
2932 2889 3102 2943 servis
3147 2898 3202 2945 et
3233 2900 3291 2945 ut
3320 2892 3515 2960 emptis

1914 2971 2196 3041 mancipiis
2236 2980 2467 3028 utamur.
2504 2975 2708 3046 Ecquid
2741 2987 2867 3035 tunc
2892 2979 3134 3037 dicemus
3158 3024 3173 3050 ,
3202 2998 3325 3038 cum
3354 2995 3515 3039 tanta:

1915 3064 2188 3132 patientia:
2235 3075 2288 3120 et
2331 3067 2716 3124 moderationis
2759 3074 3006 3141 exempla
3052 3075 3371 3146 habeamus,
3416 3093 3517 3133 nec

1917 3154 2208 3221 imitemur,
2242 3157 2351 3211 imo
2377 3174 2441 3212 ex
2470 3159 2734 3215 diametro
2763 3163 2995 3232 oppositi
3039 3174 3096 3219 et
3132 3166 3254 3220 elati
3289 3177 3512 3232 stemus,

1917 3270 2091 3325 neque
2134 3256 2375 3312 debitum
2406 3258 2738 3315 reddamus?
2778 3259 2889 3315 Nos
2920 3263 3117 3332 quippe
3156 3273 3344 3319 mutuo
3369 3265 3516 3319 debi-

1918 3355 2062 3401 tores
2082 3348 2361 3405 constituit
2388 3351 2547 3416 Deus,
2578 3352 2693 3422 ipse
2718 3354 2866 3423 prius
2887 3370 3133 3421 exorsus,
3161 3366 3213 3411 et
3239 3357 3291 3411 in
3321 3358 3515 3412 minori

1918 3447 2068 3505 parte
2095 3438 2390 3495 debitores.
2427 3439 2544 3511 Ipse
2572 3458 2807 3515 namque
2837 3445 3098 3501 Dominus
3129 3457 3281 3514 erat;
3324 3458 3375 3502 et
3419 3464 3518 3505 nos

1915 3544 2046 3584 vero
2083 3532 2126 3585 si
2178 3532 2229 3585 id
2268 3532 2547 3599 faciamus,
2581 3551 2705 3605 erga
2737 3552 3032 3594 conservos
3074 3540 3319 3596 facimus.
3364 3544 3518 3611 Quod

1916 3622 2087 3691 ipsum
2111 3624 2466 3679 subindicavit
2488 3641 2611 3682 cum
2642 3627 2846 3684 diceret
2866 3670 2881 3695 ,
2916 3630 2979 3684 Si
3006 3648 3123 3702 ergo
3149 3648 3239 3703 ego
3267 3631 3522 3689 Dominus

1916 3724 1961 3769 et
1994 3714 2278 3785 Magister;
2305 3731 2366 3770 ac
2394 3733 2640 3785 rursum,
2674 3719 2761 3773 Im
2790 3730 2837 3775 et
2863 3738 2968 3777 vos.
2996 3722 3347 3794 Consequens
3375 3726 3519 3781 enim

1916 3815 2033 3861 erat
2062 3808 2262 3873 dicere,
2292 3808 2503 3875 Quanto
2532 3810 2701 3880 magis
2728 3826 2823 3865 vos
2847 3813 3034 3868 servi?
3062 3829 3246 3869 verum
3274 3815 3405 3869 illud
3430 3833 3522 3871 au-

1919 3899 2150 3954 ditorum
2190 3901 2536 3957 conscientia:
2578 3902 2818 3973 reliquit.
2866 3904 2976 3959 Cur
3011 3915 3191 3960 autem
3235 3906 3338 3961 hoc
3382 3923 3524 3963 nunc

1920 3989 2081 4046 fecit?
2111 3990 2381 4047 Honorem
2406 3996 2784 4064 consequuturi
2810 4006 2985 4062 erant,
3007 3995 3099 4051 alii
3123 3998 3405 4062 majorem.
3432 3998 3523 4053 alii

1919 4084 2203 4141 minorem.
2252 4092 2261 4097 ‘

1990 4174 2045 4227 Ξ.
2076 4174 2152 4229 Ne
2180 4175 2341 4245 igitur
2369 4192 2488 4231 sese
2523 4176 2782 4233 adversus
2810 4178 2945 4233 alios
2976 4180 3299 4235 extollerent
3325 4223 3338 4247 ,
3372 4182 3517 4237 dice-

1921 4275 2144 4336 rentquc
2173 4276 2230 4321 ut
2251 4275 2431 4331 antea,
2468 4268 2594 4335 Quis
2621 4271 2786 4341 major
2813 4272 2926 4324 est?
2951 4286 3124 4341 neque
3149 4273 3240 4327 alii
3268 4273 3532 4330 adversus

1921 4358 2053 4413 alios
2084 4360 2519 4429 indignarentur,
2559 4376 2773 4417 omnem
2801 4362 2868 4418 ab
2898 4364 3030 4433 ipsis
3073 4367 3209 4421 tollit
3236 4367 3529 4423 elationem

1921 4450 2105 4506 dicens
2137 4469 2149 4505 :
2182 4452 2685 4524 Quantumcumque
2709 4470 2934 4527 magnus
2955 4457 3049 4519 sis,
3080 4475 3185 4512 non
3214 4460 3378 4514 debes
3400 4476 3527 4529 erga

1924 4545 2139 4600 fratrem
2192 4546 2357 4600 altum
2403 4562 2611 4614 sapere.
2664 4548 2848 4619 Neque
2895 4551 3029 4605 dixit
3074 4553 3125 4607 id
3171 4555 3314 4624 quod
3355 4556 3526 4625 majus

1924 4649 2041 4696 erat
2068 4656 2082 4692 :
2116 4639 2172 4696 Si
2202 4656 2301 4711 ego
2328 4642 2616 4711 proditoris
2645 4643 2810 4713 pech
2836 4646 2963 4711 lavi,
2999 4648 3123 4715 quid
3158 4664 3407 4718 magnum
3437 4693 3450 4713 ,
3482 4652 3525 4703 si

1926 4747 2020 4786 vos
2049 4732 2317 4787 sociorum
2349 4734 2515 4802 pedes
2554 4736 2781 4791 lavetis?
2810 4738 2903 4792 sed
2947 4754 3066 4793 cum
3101 4741 3201 4795 hoc
3228 4743 3403 4810 reipsa
3434 4760 3528 4797 et-

1926 4824 2187 4879 hibuisset
2209 4866 2224 4891 ,
2260 4826 2310 4881 id
2342 4837 2701 4896 Spectatorum
2728 4829 2931 4897 judicio
2956 4831 3193 4902 reliquit.
3227 4833 3349 4889 Ideo
3380 4834 3524 4891 dice-

1927 4916 2033 4981 bat,
2063 4918 2162 4983 Qui
2182 4918 2352 4987 fecerit
2374 4930 2417 4973 et
2435 4919 2682 4987 docuerit,
2701 4920 2783 4974 hic
2802 4937 3017 4992 "mgnus
3037 4924 3295 4978 vocabitur
3312 4924 3529 4996 (Matth.
3618 4938 3619 4941 ‘

1928 5010 1981 5064 5.
2034 5009 2143 5080 19).
2192 5009 2305 5065 [loc
2345 5012 2487 5065 enim
2536 5026 2660 5067 vere
2701 5012 2898 5068 docere
2934 5025 3051 5082 est,
3084 5031 3206 5070 cum
3242 5032 3338 5086 per
3368 5033 3530 5089 opera

1928 5100 2170 5156 docetur.
2208 5101 2377 5169 Quem
2410 5103 2553 5158 enim
2598 5102 2792 5158 fastum
2826 5105 2930 5160 hoc
2975 5122 3081 5160 non
3135 5109 3325 5162 tollat?
3368 5127 3529 5180 quam

1932 5210 2035 5248 non
2082 5195 2440 5264 arrogantiam
2481 5202 2535 5249 et
2577 5198 2881 5266 superbiam
2913 5198 3216 5267 deprimat?
3244 5201 3346 5269 Qut
3384 5204 3530 5259 sedet

1930 5301 2091 5355 super
2116 5285 2406 5341 Cherubim
2434 5329 2445 5348 ,
2474 5288 2761 5356 proditoris
2793 5289 2956 5357 pedes
2987 5290 3147 5358 lavit;
3180 5302 3234 5347 tu
3261 5311 3385 5349 vero
3409 5335 3423 5358 ,
3457 5297 3528 5349 mi

1934 5376 2096 5432 homo
2118 5420 2131 5442 ,
2162 5379 2252 5448 qui
2284 5378 2441 5441 cinis,
2474 5388 2612 5433 terra
2646 5388 2699 5434 et
2728 5382 2904 5452 pulvis
2932 5396 2992 5437 es
3013 5424 3027 5447 ,
3059 5384 3287 5453 teipsum
3317 5387 3531 5441 extollis

1932 5478 1987 5525 et
2032 5470 2195 5523 altum
2244 5471 2428 5541 sapis?
2475 5486 2641 5541 ecqua
2671 5474 2915 5541 gehenna
2959 5474 3153 5546 dignus
3184 5493 3290 5532 non
3332 5477 3532 5534 fueris?

1934 5563 2086 5630 Quod
2112 5563 2157 5616 si
2183 5563 2319 5617 altos
2344 5577 2535 5619 sensus
2563 5564 2878 5635 capias,ego
2900 5567 2992 5622 tibi
3017 5571 3328 5626 monstrabo
3352 5571 3523 5633 viam;

1934 5653 2061 5723 quid
2101 5644 2245 5708 enim
2287 5654 2357 5708 sit
2400 5655 2635 5726 ignoras.
2677 5656 2776 5724 Qui
2808 5658 2968 5713 rebus
2998 5661 3358 5730 prteseutibus
3382 5663 3531 5731 quasi

1938 5745 2141 5818 magnis
2173 5746 2337 5803 hmrct
2362 5789 2376 5815 ,
2427 5748 2511 5805 hic
2552 5747 2669 5803 vilis
2701 5757 2755 5804 ct
2783 5749 2977 5818 abiecti
3006 5760 3089 5808 est
3118 5749 3301 5807 animi.
3352 5750 3536 5824 itaque
