4040 6420
557 444 663 483 non
709 438 785 484 est
836 424 1098 483 humilitas
1141 427 1257 505 sine
1300 428 1657 498 magnitudine
1705 427 1902 492 animi;
1952 439 2123 495 neque

554 519 711 574 aliam
748 514 905 574 habet
941 533 1153 574 causam
1194 518 1441 589 superbia
1488 519 1585 573 nisi
1623 516 2124 587 pusillanimitatem.

552 610 1007 679 Quemadmodum
1027 613 1168 668 enim
1194 611 1399 683 pueruli
1422 612 1606 665 vilibus
1631 609 1854 675 inhiant,
1879 608 2122 678 sphazris,

554 704 773 769 trochis,
803 705 951 768 talis,
978 719 1163 774 magna
1178 719 1316 759 vero
1344 718 1413 759 ne
1440 702 1759 773 cogitatione
1788 701 2001 770 quidem
2030 714 2118 753 ca-

551 808 678 863 pere
723 804 945 865 possunt
973 812 986 848 :
1017 796 1093 850 sic
1130 804 1185 849 et
1222 808 1360 848 nunc
1398 792 1487 863 qui
1530 790 1953 861 philosophatur,
1985 804 2122 859 prte-

550 887 718 941 sentia
742 886 869 940 nihil
894 885 1216 942 existimabit
1247 884 1265 952 (
1284 898 1390 951 non
1428 896 1554 951 ergo
1598 880 1685 934 illa
1717 880 1913 935 habere
1945 877 2029 933 vel
2055 876 2123 931 ab

548 977 654 1030 alio
682 976 890 1044 assequi
920 974 1158 1045 optabit)
1189 989 1203 1037 ;
1246 974 1335 1043 qui
1365 986 1491 1027 vero
1530 988 1634 1025 non
1680 969 2081 1041 philosophatur
2102 1009 2117 1034 ,

548 1080 732 1124 contra
763 1068 1000 1130 affectus,
1024 1067 1253 1131 araneis,
1275 1066 1494 1129 umbrae,
1526 1064 1745 1119 somniis
1772 1073 1825 1119 et
1852 1060 2121 1116 vilioribus

547 1158 707 1213 rebus
747 1157 986 1212 hazrehit.
1036 1157 1121 1210 i6.
1178 1155 1365 1222 Amen,
1412 1169 1558 1207 amen
1587 1155 1699 1207 dico
1726 1154 2020 1207 vobismon
2050 1158 2121 1202 est

543 1265 712 1303 seruus
736 1250 897 1318 major
926 1248 1129 1301 domino
1153 1261 1275 1311 suo;
1306 1262 1463 1314 neque
1489 1244 1749 1313 apostolus
1780 1243 1940 1311 major
1966 1247 2036 1294 est
2062 1255 2119 1293 eo

541 1341 627 1410 qui
652 1341 784 1393 misit
814 1356 944 1392 eruit.
980 1340 1065 1393 17.
1084 1339 1153 1394 'Si
1175 1340 1280 1393 lucc
1306 1337 1462 1403 scitis,
1495 1336 1623 1390 beati
1661 1335 1797 1389 eritis
1826 1334 1866 1387 si
1904 1332 2120 1403 feceritis

542 1446 621 1483 ea.
668 1431 753 1484 I8.
791 1428 905 1482 Non
938 1431 1000 1483 de
1035 1430 1263 1482 omnibus
1304 1429 1439 1481 vobis
1466 1428 1611 1489 dico,
1642 1425 1730 1479 sed
1769 1435 1822 1477 ut
1852 1424 2120 1491 impleatur

544 1518 812 1589 Scriptura
838 1535 856 1572 :
890 1518 987 1586 Qui
1017 1518 1285 1571 manducet
1323 1532 1503 1586 panem
1539 1532 1759 1579 mecum,
1792 1515 1971 1567 levavit
2005 1513 2115 1564 cal-

541 1626 749 1665 eaneum
787 1627 929 1663 suum
971 1620 1143 1662 contra
1171 1623 1267 1661 me.
1298 1607 1351 1661 Id
1382 1606 1523 1677 quod
1553 1606 1797 1675 superius
1833 1603 1985 1670 dixit,
2032 1604 2119 1660 hic

543 1715 753 1771 quoque
781 1700 1001 1769 repetit,
1035 1708 1091 1752 ut
1122 1698 1420 1767 redarguat.
1454 1697 1583 1751 Nam
1614 1697 1655 1751 si
1692 1712 1795 1751 non
1825 1704 1908 1751 est
1932 1710 2118 1751 servus

543 1792 713 1860 major
732 1790 949 1845 domino
977 1804 1096 1853 suo,
1130 1802 1303 1859 neque
1329 1788 1601 1856 apostolus
1629 1788 1797 1857 maer
1816 1802 1883 1842 eo
1908 1789 1993 1857 qui
2019 1789 2119 1840 mi-

540 1883 609 1935 sit
639 1883 847 1949 ipsum;
880 1889 934 1935 et
968 1880 1010 1934 si
1045 1882 1142 1934 hoc
1178 1895 1208 1934 a
1248 1894 1334 1934 me
1364 1878 1558 1932 factum
1590 1888 1672 1934 est
1709 1896 1722 1932 :
1752 1879 1920 1933 multo
1950 1878 2117 1948 magis

540 1990 568 2025 a
612 1971 761 2027 vobis
802 1970 892 2025 fiat
934 1979 1164 2039 oportet.
1209 1968 1440 2033 Deinde,
1485 1982 1554 2023 ne
1588 1968 1705 2038 quis
1733 1968 1975 2022 diceret:
2009 1968 2117 2021 Cur

540 2060 640 2115 hoc
666 2058 835 2114 dicis?
862 2074 1002 2114 nunc
1034 2060 1178 2114 enim
1206 2059 1469 2114 nescimus
1498 2076 1511 2112 :
1544 2057 1644 2111 hoc
1670 2056 1842 2126 ipsum
1879 2056 2069 2125 adjecit
2098 2072 2112 2109 :

536 2153 650 2207 Non
682 2162 739 2208 ut
765 2152 1124 2223 ignorantibus
1148 2151 1261 2206 haec
1286 2151 1435 2205 dico:
1467 2148 1560 2205 sed
1583 2160 1640 2204 ut
1664 2164 1759 2219 per
1785 2164 1967 2218 Opera,
1993 2162 2110 2219 quae

537 2246 674 2300 dicta
704 2254 826 2299 sunt
854 2244 1165 2299 exhibeatis.
1204 2241 1333 2296 Nam
1375 2242 1513 2296 scire
1552 2240 1788 2311 quidem,
1830 2240 2108 2302 omnium;

539 2336 711 2391 facere
740 2350 899 2400 vero,
922 2349 1024 2389 non
1049 2336 1307 2388 omnium.
1338 2333 1458 2387 Ideo
1488 2334 1629 2386 enim
1660 2332 1761 2385 hoc
1782 2332 1941 2396 dicit,
1970 2329 2112 2383 Beati

537 2429 654 2481 estis
682 2429 727 2482 si
754 2428 861 2481 Itth
888 2427 1125 2497 feceritis.
1157 2425 1279 2479 Ideo
1308 2422 1732 2491 frequentissime
1760 2421 1862 2476 hoc
1889 2430 2070 2490 repeto
2093 2463 2105 2485 ,

535 2519 636 2574 etsi
676 2532 771 2572 vos
808 2517 986 2571 sciatis
1010 2556 1023 2579 ,
1058 2524 1114 2568 ut
1144 2530 1235 2568 vos
1277 2513 1341 2566 ad
1380 2512 1637 2581 agendum
1684 2512 1949 2565 inducam.
1981 2510 2109 2563 Nam

534 2610 692 2663 etiam
734 2606 904 2662 Judtei
948 2613 1176 2669 norunt,
1210 2604 1301 2657 sed
1335 2617 1439 2656 non
1470 2601 1585 2656 ideo
1616 2612 1738 2655 sunt
1781 2600 1920 2654 beati
1947 2611 1959 2658 ;
1989 2615 2107 2653 cum

534 2701 645 2755 lucc
669 2714 771 2754 non
804 2697 1019 2752 faciant.
1054 2695 1174 2750 Non
1201 2695 1262 2749 de
1286 2694 1515 2748 omnibus
1556 2693 1692 2747 vobis
1741 2693 1871 2747 dico.
1916 2692 2071 2760 Papa:
2092 2733 2105 2755 ,

531 2800 723 2862 quanta
765 2789 1046 2859 patientia!
1095 2787 1337 2843 Nondum
1388 2787 1713 2853 proditorem
1760 2786 1965 2855 arguit,
2014 2784 2105 2838 sed

532 2900 643 2939 rem
675 2883 894 2953 obtegit,
936 2882 1057 2936 hinc
1102 2881 1177 2936 illi
1214 2879 1539 2949 pmniteutizn
1580 2879 1753 2933 locum
1784 2877 2104 2933 concedens.

532 2976 598 3031 Et
639 2974 812 3045 arguit
850 2982 903 3027 et
947 2988 1050 3027 non
1081 2971 1271 3040 arguit,
1304 2970 1417 3022 haec
1444 2969 1627 3023 dicens
1664 2986 1679 3023 :
1718 2969 1816 3033 Qui
1841 2968 2109 3020 manduca:

533 3081 715 3135 panem
742 3079 953 3130 mecum,
988 3062 1163 3115 levavit
1189 3060 1477 3113 calcaneum
1503 3074 1647 3111 suum
1669 3068 1844 3111 contra
1877 3074 1973 3109 me.
2018 3056 2107 3110 Vi-

529 3160 683 3213 detur
707 3156 835 3211 milii
868 3154 1015 3217 illud,
1049 3151 1168 3207 Non
1194 3160 1266 3206 est
1289 3166 1457 3207 servus
1489 3154 1653 3218 major
1679 3150 1881 3203 domino
1905 3165 2014 3213 suo,
2040 3147 2106 3201 ad

532 3252 631 3303 hoc
660 3249 857 3302 dictum
888 3258 1024 3309 esse,
1062 3253 1119 3297 ut
1145 3242 1190 3296 si
1219 3242 1449 3310 quipiam
1480 3255 1509 3293 a
1535 3240 1721 3305 servis,
1758 3240 1842 3294 vel
1878 3241 1997 3293 aliis
2026 3238 2105 3292 vi-

529 3340 751 3393 lioribus
779 3334 1020 3406 personis
1049 3333 1334 3402 quidquam
1380 3331 1499 3384 mali
1545 3332 1829 3399 patiantur,
1882 3346 1946 3384 ne
1993 3339 2104 3385 tur-

528 3431 751 3491 bentur,
796 3427 859 3480 ad
902 3426 1052 3480 Juutc
1088 3422 1388 3489 exemplmu
1419 3420 1783 3489 respicientes,
1815 3420 1903 3488 qui
1947 3422 2104 3474 innu-

527 3535 671 3576 mera
719 3523 1076 3585 consequutus
1124 3513 1257 3567 bona
1288 3553 1304 3577 ,
1354 3511 1617 3565 contraria
1664 3511 1925 3579 rependit.
1982 3510 2104 3566 Ideo

532 3609 800 3673 subdidit,
848 3607 946 3673 Qui
1001 3606 1268 3658 manducat
1320 3618 1514 3655 mecum
1556 3618 1775 3670 panem;
1824 3602 2104 3671 missisque

527 3703 646 3756 aliis
673 3699 920 3755 omnibus
946 3738 960 3762 ,
996 3696 1095 3749 hoc
1117 3735 1131 3761 ,
1160 3693 1300 3763 quod
1332 3694 1502 3761 ipsum
1536 3701 1739 3761 poterat
1767 3692 2017 3746 cohibere
2052 3700 2105 3746 et

528 3793 729 3863 pudore
753 3790 987 3851 afficere,
1014 3784 1249 3856 protulit.
1274 3782 1373 3850 Qui
1403 3798 1431 3835 a
1460 3797 1544 3836 me
1572 3781 1829 3847 alebatur,
1860 3782 1948 3850 qui
1976 3780 2102 3834 mihi

524 3897 723 3939 mensa:
752 3892 971 3936 consors
1007 3882 1150 3939 erat,
1181 3874 1366 3943 inquit.
1409 3874 1532 3927 Haec
1575 3886 1733 3941 porro
1768 3872 2015 3938 dicebat,
2046 3882 2105 3926 ut

530 3974 653 4027 illos
680 3970 979 4025 institueret
1022 3964 1085 4030 ad
1132 3962 1384 4017 beneficia
1420 3964 1482 4017 iis
1515 3961 1807 4031 priestanda
1829 4004 1843 4027 ,
1882 3963 1969 4033 qui
2001 3962 2101 4016 sibi

525 4067 724 4122 malum
769 4060 1047 4122 inferrent,
1093 4055 1298 4111 etiamsi
1347 4054 1666 4108 insanabiles
1712 4062 1915 4109 essent.
1970 4055 2099 4109 Cum

523 4156 651 4212 dicit
674 4160 875 4218 autem,
917 4148 1038 4203 Non
1066 4146 1129 4201 de
1153 4147 1288 4200 vobis
1315 4146 1543 4199 omnibus
1585 4146 1696 4197 dico
1718 4186 1733 4209 ,
1758 4160 1826 4199 ne
1852 4145 2102 4199 omnibus

527 4250 771 4300 timorem
799 4243 1082 4301 incuteret,
1109 4237 1256 4291 illum
1282 4235 1491 4288 tandem
1519 4244 1762 4303 segregat
1786 4233 1869 4288 his
1892 4235 2064 4289 verbis
2082 4276 2098 4301 ,

524 4338 623 4400 Qui
648 4332 916 4387 manducet
942 4344 1133 4383 mecum
1156 4342 1355 4395 panem.
1390 4323 1519 4378 Illud
1552 4324 1714 4388 enim,
1750 4323 1869 4377 Non
1897 4325 1960 4377 de
2002 4341 2103 4377 om-

518 4427 684 4488 nibus,
714 4438 817 4478 non
846 4422 1063 4476 omnino
1093 4431 1252 4469 unum
1276 4415 1575 4484 quempiam
1604 4414 1945 4483 designabat:
1978 4430 2097 4483 pro-

520 4530 696 4587 pterea
721 4511 973 4576 subdidit,
1009 4508 1113 4574 Qui
1138 4507 1409 4559 manducat
1440 4521 1635 4557 mecum
1656 4521 1859 4574 panem,
1902 4507 2099 4559 misero

521 4608 832 4667 declarans,
878 4618 936 4655 se
985 4614 1089 4654 non
1140 4599 1470 4667 ignorantem
1502 4596 1593 4650 sed
1625 4596 1791 4664 probe
1835 4597 2093 4651 scientem

523 4693 923 4766 comprehendi,
957 4691 1006 4745 id
1040 4689 1178 4759 quod
1218 4690 1364 4743 illum
1408 4689 1636 4742 maxime
1662 4689 1911 4743 cohibere
1942 4700 2095 4757 pote-

520 4801 623 4847 rat.
651 4788 831 4857 Ncque
868 4784 1020 4849 dixit,
1066 4781 1249 4835 Tradit
1294 4796 1406 4844 me;
1452 4781 1567 4847 sed,
1597 4781 1798 4834 Levavit
1829 4799 1981 4850 super
2019 4798 2095 4833 me

520 4882 828 4941 calcaneum,
869 4884 925 4929 ut
950 4872 1128 4927 dolum
1159 4879 1213 4926 et
1236 4872 1467 4925 occultas
1494 4872 1710 4926 insidias
1740 4874 2053 4927 declararet.

587 4974 639 5027 3.
686 4969 839 5023 Miser
857 4975 950 5031 est,
980 4980 1077 5017 non
1098 4964 1181 5028 qui
1203 4962 1411 5032 patitur,
1434 4963 1521 5015 sed
1542 4964 1629 5031 qui
1650 4965 1800 5033 infert
1828 4965 2088 5031 injuriam.

519 5064 714 5120 -lI:ec
746 5075 901 5129 porro
922 5057 1113 5126 scripta
1139 5063 1281 5119 sunt,
1310 5062 1369 5108 ut
1397 5070 1464 5107 ne
1482 5054 1721 5123 injuriam
1747 5056 2091 5110 inferentibus

516 5164 957 5211 suceenseamus,
1001 5146 1093 5200 sed
1138 5146 1255 5199 illos
1305 5161 1588 5215 arguamus
1635 5154 1687 5200 et
1716 5146 2085 5215 deploremus.

519 5241 789 5313 Lacrymis
804 5238 944 5294 enim
973 5236 1114 5305 digni
1135 5244 1278 5299 sunt,
1312 5252 1415 5290 non
1445 5238 1721 5305 patientes,
1742 5239 1833 5291 sed
1863 5239 2091 5293 inferen-

518 5348 596 5389 tes
627 5331 893 5402 injuriam.
938 5326 1069 5381 Nam
1110 5340 1166 5379 se
1210 5327 1435 5381 maxime
1469 5327 1667 5381 Iredunt
1694 5341 1895 5396 raptor,
1935 5345 2088 5401 syco-

518 5427 733 5494 phanta,
764 5418 879 5474 etsi
910 5417 999 5487 qui
1051 5414 1194 5468 aliud
1243 5416 1367 5468 mali
1422 5415 1689 5482 inferant;
1734 5419 1885 5473 nobis
1912 5430 2085 5474 autem

513 5516 669 5570 \ttlde
706 5518 960 5582 prosunt,
1015 5508 1113 5562 nisi
1168 5522 1266 5560 nos
1317 5508 1414 5576 ipsi
1462 5510 1799 5567 ulciscamur.
1846 5512 2084 5583 Exempli

515 5623 693 5672 causa,
724 5604 895 5671 rapuit
921 5601 1202 5671 quiSpiam,
1235 5607 1287 5654 et
1323 5610 1376 5653 tu
1406 5616 1499 5672 pro
1528 5604 1715 5673 injuria
1747 5606 1945 5673 gratias
1976 5607 2085 5663 Deo

520 5698 669 5767 egisti
691 5737 703 5762 ,
724 5698 924 5765 ipsique
961 5692 1183 5762 gloriam
1209 5692 1467 5747 retulisti?
1494 5695 1587 5748 fer
1614 5699 1896 5765 gratiarum
1921 5700 2081 5754 actio-

1245 316 1299 374 S.
1340 314 1614 374 JOANNIS
1649 306 2111 372 CIiRYSOSTOIiI
2153 306 2467 370 ARCHYEP.
2509 314 3043 374 CONS'I'ANTINOP.

3719 320 3825 376 588

2237 441 2358 482 nem
2392 428 2665 483 innumera
2704 430 2920 499 praemia
2947 436 3305 500 consequutus
3333 442 3430 485 es:
3462 429 3819 500 quemadmo-

2230 517 2354 573 dum
2386 519 2473 573 ille
2513 520 2828 576 immensum
2870 521 2969 575 sibi
3026 521 3203 591 ignem
3258 521 3554 592 apparavit.
3600 520 3660 575 Si
3702 524 3819 590 quis

2231 625 2358 664 vero
2382 611 2611 664 dixerit:
2641 609 2797 677 Quid,
2830 612 2872 664 si
2922 610 3143 666 inferior
3177 626 3299 666 cum
3322 626 3521 677 essem,
3564 610 3817 681 injuriam

2230 714 2337 752 non
2389 701 2531 769 potui
2584 700 2932 768 propulsare?
2980 699 3349 770 responderim
3401 716 3532 770 ego,
3587 700 3816 755 Potuisti

2232 792 2488 861 indignari
2533 802 2585 845 et
2627 807 2949 847 succensere
2980 811 2993 846 :
3030 793 3145 852 haec
3186 793 3328 847 enim
3372 794 3425 845 in
3473 803 3661 847 nostra
3694 801 3820 846 sunt

2228 891 2510 951 potestate,
2544 883 2824 951 imprecari
2856 884 3090 946 laedenti,
3120 884 3401 951 ipsumque
3444 882 3600 935 mille
3648 883 3816 937 male-

2226 974 2382 1027 dictis
2396 975 2642 1042 prosequi
2668 972 3017 1027 etinfamare.
3051 972 3149 1039 Qui
3174 973 3274 1027 hoc
3298 987 3401 1026 non
3429 972 3574 1033 facit,
3601 974 3819 1026 omissa

2227 1066 2475 1119 vindictae
2512 1064 2810 1120 mercedem
2841 1064 3080 1134 recipiet.
3103 1062 3324 1119 Constat
3348 1065 3491 1119 enim
3515 1080 3662 1129 eum,
3695 1080 3816 1118 cum

2226 1154 2328 1211 hoc
2352 1166 2531 1225 posset
2565 1156 2757 1219 facere.
2783 1170 2888 1211 non
2911 1154 3105 1211 fecisse
3135 1163 3333 1210 tamen.
3359 1154 3493 1209 Nam
3520 1156 3611 1225 qui
3655 1154 3817 1209 laesus

2225 1254 2325 1310 est,
2357 1246 2525 1300 obviis
2555 1245 2858 1316 quibusque
2895 1246 3057 1300 armis
3108 1246 3274 1299 utitur
3297 1285 3311 1309 ,
3345 1244 3390 1298 si
3424 1242 3675 1313 injuriam
3708 1258 3815 1297 non

2226 1335 2377 1401 ferat,
2412 1336 2726 1399 maledictis,
2772 1336 3050 1401 conviciis,
3084 1335 3291 1390 insidiis
3340 1334 3625 1390 laedentem
3682 1333 3814 1386 ulci-

2224 1427 2408 1481 scitur.
2432 1425 2511 1480 Ab
2535 1425 2616 1480 his
2632 1441 2759 1496 ergo
2778 1437 2832 1479 tu
2852 1426 2893 1481 si
2921 1440 3023 1479 non
3043 1424 3203 1479 modo
3221 1424 3512 1489 abstineas,
3538 1423 3633 1479 sed
3652 1424 3812 1477 etiam

2226 1532 2321 1587 pro
2366 1517 2459 1571 illo
2508 1517 2761 1585 preceris,
2795 1514 2897 1571 hoc
2938 1524 3092 1585 pacto
3125 1515 3233 1569 Deo
3262 1514 3453 1569 similis
3477 1513 3701 1569 effectus
3730 1528 3810 1567 es.

2229 1606 2397 1670 Orate,
2427 1607 2615 1675 inquit,
2666 1622 2758 1675 pro
2805 1605 3213 1672 persequentibus
3256 1619 3362 1667 vos,
3397 1613 3453 1655 ut
3482 1605 3592 1657 sitis
3624 1601 3814 1656 similes

2226 1698 2372 1752 Patri
2398 1707 2574 1761 vestro,
2600 1699 2772 1767 quiest
2800 1697 2853 1750 in
2882 1696 3018 1749 culis
3045 1695 3254 1765 (Matth.
3284 1695 3337 1750 5.
3362 1695 3451 1749 44.
3482 1696 3596 1765 5).
3623 1694 3813 1749 Viden

2222 1798 2418 1859 quanta
2469 1789 2733 1851 lucremur
2759 1803 2825 1843 ex
2875 1787 3037 1842 illatis
3068 1787 3311 1857 injuriis?
3360 1786 3503 1841 Nihil
3538 1788 3606 1841 ita
3642 1788 3811 1841 Deum

2222 1880 2470 1948 delectat,
2499 1892 2557 1934 ut
2583 1896 2690 1934 non
2711 1879 2941 1934 reddere
2971 1880 3164 1935 malum
3184 1895 3280 1950 pro
3293 1879 3580 1945 malo,imo
3610 1880 3811 1933 bonum

2222 1989 2318 2044 pro
2352 1973 2490 2027 malo
2528 1971 2775 2028 reddere.
2804 1970 3085 2025 Contraria
3125 1986 3253 2041 ergo
3282 1970 3809 2039 redderejubemur,

2220 2062 2415 2127 ofcia,
2450 2075 2653 2130 preces.
2685 2059 2811 2115 Ideo
2835 2060 3079 2115 Christus
3113 2075 3234 2115 eum
3276 2059 3365 2127 qui
3416 2074 3474 2114 se
3501 2060 3814 2129 proditurus

2219 2162 2335 2207 erat
2378 2151 2653 2207 beneficiis
2679 2152 2962 2213 afciebat,
3020 2152 3183 2221 pedes
3214 2151 3328 2220 ejus
3384 2152 3617 2217 lavabat,
3670 2152 3811 2206 clam

2218 2244 2490 2313 arguebat,
2512 2258 2668 2311 parce
2698 2241 3142 2312 reprehendebat,
3166 2241 3375 2305 officiis,
3395 2255 3599 2305 mensa,
3623 2242 3814 2296 osculo

2216 2333 2550 2403 dignabatur.
2584 2332 2764 2402 Neque
2796 2342 2971 2386 tamen
3007 2332 3094 2386 ille
3126 2333 3369 2400 resipuit,
3411 2330 3504 2385 sed
3555 2331 3810 2385 Christus

2218 2442 2311 2481 sua
2341 2440 2502 2495 agens
2534 2426 2783 2493 perstitit.
2803 2425 2999 2479 Verum
3022 2439 3139 2492 age,
3172 2439 3455 2477 servorum
3479 2425 3726 2493 exemplo
3759 2433 3813 2479 te

2221 2515 2555 2582 erudiamus,
2587 2526 2765 2584 atque,
2804 2514 2942 2583 quod
2973 2512 3198 2567 validius
3227 2522 3329 2574 est,
3366 2528 3429 2565 ex
3464 2514 3579 2580 ipso
3628 2512 3811 2567 Veteri

2221 2606 2585 2666 Testamento,
2618 2618 2673 2658 ut
2720 2604 2897 2658 videas
2927 2620 3022 2657 nos
3054 2604 3249 2656 nullam
3281 2605 3677 2657 excusationem
3709 2604 3811 2657 ha-

2218 2695 2363 2761 bere,
2394 2696 2437 2750 si
2470 2696 2780 2773 injuriarum
2812 2694 3175 2748 recordemur.
3204 2692 3379 2746 Vultis
3420 2693 3637 2764 Moysen
3671 2694 3810 2749 affe-

2217 2802 2347 2851 ram,
2377 2788 2460 2841 vel
2483 2787 2642 2841 altius
2663 2785 2936 2854 repetam?
2961 2784 3169 2851 Quanto
3194 2786 3337 2838 enim
3362 2786 3651 2839 vetustiora
3682 2795 3811 2839 sunt

2215 2879 2479 2947 exempla,
2532 2886 2678 2931 tanto
2714 2878 2779 2931 ad
2826 2875 3253 2946 persuadendum
3313 2876 3541 2944 aptiora.
3590 2875 3809 2941 Quare?

2214 2969 2346 3035 Quia
2372 2978 2495 3022 tunc
2525 2967 2793 3021 difficilior
2822 2976 2939 3021 erat
2978 2967 3167 3021 virtus.
3194 2966 3375 3035 Nequi-
3397 2967 3537 3020 enim
3572 2976 3699 3019 tunc
3725 2967 3805 3018 illi

2214 3062 2356 3130 leges
2382 3060 2609 3128 scriptas
2638 3058 2923 3124 habebant,
2969 3073 3073 3111 non
3104 3068 3340 3112 veterum
3375 3057 3659 3127 exempla;
3709 3057 3804 3111 sed

2214 3150 2351 3204 nuda
2392 3164 2487 3217 per
2528 3163 2585 3203 se
2616 3156 2801 3202 natura
2832 3147 3117 3218 pugnabat,
3153 3156 3206 3201 et
3256 3148 3372 3201 sine
3403 3158 3556 3218 portu
3587 3150 3671 3201 Vt'l
3704 3162 3799 3203 ora

2212 3240 2407 3310 ubique
2462 3255 2589 3294 nare
2644 3239 2953 3308 cogebatur.
3020 3237 3358 3307 Quapropter
3412 3238 3522 3293 Noe
3577 3238 3804 3293 laudans

2212 3331 2507 3400 Scriptura,
2540 3346 2645 3384 non
2672 3329 2831 3382 modo
2858 3327 3151 3398 perfectum
3183 3339 3355 3389 vocat,
3387 3329 3480 3383 sed
3530 3329 3702 3394 addit,
3739 3329 3800 3383 In

2211 3425 2529 3495 generatione
2546 3438 2636 3476 sua
2658 3420 2863 3491 (Cenes.
2889 3420 2940 3474 6.
2962 3420 3041 3489 9).
3066 3420 3366 3475 Ostendens
3394 3420 3485 3473 illo
3532 3430 3801 3489 tempore,

2210 3530 2329 3569 cum
2354 3514 2517 3568 multa
2542 3521 2722 3567 essent
2768 3510 3148 3580 impedimenta
3176 3529 3189 3565 :
3225 3526 3347 3565 nam
3379 3512 3467 3565 alii
3498 3521 3621 3580 post
3648 3513 3802 3568 illum

2210 3606 2539 3669 claruerunt,
2570 3619 2673 3659 non
2709 3614 2883 3658 tamen
2904 3603 3047 3656 illum
3077 3601 3387 3657 inferiorem
3419 3600 3606 3657 fuisse.
3641 3603 3801 3659 Tem-

2211 3698 2429 3767 poribus
2450 3697 2592 3765 eqim
2630 3693 2744 3748 suis
2774 3692 3041 3761 perfectus
3087 3700 3223 3745 erat.

2249 3787 2442 3856 Ioseph
2460 3785 2745 3855 exemplum
2759 3784 3107 3853 patientite.
3122 3782 3252 3850 Quis
3273 3798 3401 3853 ergo
3417 3791 3541 3839 ante
3557 3784 3799 3857 Moysem

2214 3881 2421 3951 patiens
2451 3879 2588 3933 fuit?
2633 3878 2827 3931 Beatus
2850 3891 2910 3930 ac
2933 3884 3185 3930 strenuus
3212 3875 3302 3931 ille
3326 3875 3549 3945 .loseph,
3582 3879 3672 3947 qui
3702 3893 3800 3933 ca-

2208 3970 2383 4025 stitate
2408 3969 2634 4037 fulgens,
2665 3982 2771 4022 non
2800 3967 2976 4021 minus
2996 3965 3249 4035 patientia
3281 3966 3631 4036 resplenduit.
3655 3968 3801 4023 Ven-

2206 4059 2347 4115 ditus
2372 4066 2456 4113 est
2485 4072 2605 4112 cum
2630 4056 2831 4109 nullum
2860 4056 3105 4119 lmSisset,
3138 4055 3248 4109 imo
3280 4054 3457 4110 oflicia
3486 4056 3651 4110 etiam
3678 4072 3799 4113 ser-

2208 4152 2333 4205 vilia
2357 4150 2575 4204 omnino
2603 4148 2959 4217 praestitisset.
2998 4146 3102 4217 Ipsi
3129 4147 3430 4203 convicium
3474 4148 3796 4216 intulerunt,

2208 4257 2306 4296 nec
2334 4256 2392 4295 se
2420 4240 2560 4293 ultus
2608 4248 2706 4303 est,
2764 4239 2889 4294 licet
2916 4247 3128 4307 patrem
3179 4253 3361 4294 secum
3396 4238 3612 4295 haberet
3653 4258 3665 4294 :
3698 4242 3793 4295 (

2205 4332 2333 4385 abiit
2382 4330 2555 4383 cibum
2586 4328 2818 4383 ali'ereus
2848 4328 2951 4383 illis
2989 4328 3042 4383 in
3087 4328 3393 4392 desertum;
3425 4337 3481 4383 et
3532 4344 3653 4383 cum
3685 4345 3795 4385 non

2206 4422 2465 4475 inveniret
2510 4434 2621 4482 eos,
2683 4434 2785 4472 non
2828 4418 3136 4483 maledixit,
3170 4434 3344 4487 neque
3396 4434 3646 4473 reversus
3686 4432 3793 4488 est,

2203 4512 2410 4567 etiamsi
2435 4526 2617 4565 ansam
2646 4510 2884 4577 arripere
2918 4519 3119 4577 posset,
3152 4509 3193 4561 si
3223 4508 3506 4573 voluisset;
3542 4510 3635 4563 sed
3664 4527 3795 4581 erga

2205 4602 2322 4655 illas
2354 4601 2526 4666 feras,
2570 4615 2695 4669 erga
2743 4600 2863 4654 illos
2894 4600 3172 4664 immanes,
3227 4599 3407 4653 fratris
3449 4614 3667 4669 semper
3711 4602 3806 4655 af-

2205 4692 2396 4746 fectum
2446 4692 2696 4745 servavit.
2750 4690 2954 4743 Rursus
2985 4690 3037 4743 in
3080 4704 3296 4744 carcere
3338 4689 3660 4744 constitutus
3686 4733 3701 4755 ,
3738 4702 3799 4747 et

2202 4797 2412 4835 causam
2442 4791 2678 4850 rogatus,
2707 4780 2839 4834 nihil
2868 4780 2991 4833 mali
3020 4780 3087 4835 de
3125 4779 3379 4836 fratribus
3403 4782 3658 4851 lbquutus
3686 4794 3792 4848 est,

2202 4874 2293 4928 sed
2326 4885 2544 4936 tantum,
2569 4874 2704 4927 Nihil
2731 4873 2864 4937 feci;
2886 4882 2961 4939 et,
2990 4872 3148 4928 Furta
3174 4874 3401 4929 sublatus
3426 4892 3538 4929 sum
3564 4878 3626 4931 de
3654 4887 3788 4932 terra

2206 4966 2530 5020 Hebr-morum
2562 4964 2713 5031 (Gen.
2761 4964 2849 5018 40.
2881 4964 2987 5034 15).
3018 4965 3093 5018 Ac
3126 4975 3308 5031 postea
3339 4981 3527 5020 rursus
3557 4967 3648 5021 ubi
3682 4983 3781 5037 po-

2203 5070 2347 5114 testas
2397 5076 2445 5112 m
2498 5059 2720 5127 accepit,
2758 5059 2875 5111 illos
2923 5058 3055 5111 aluit
3100 5066 3155 5112 et
3194 5072 3222 5110 a
3278 5058 3432 5112 malis
3488 5060 3791 5115 innumeris

2198 5152 2405 5218 eripuit.
2435 5150 2563 5203 Nam
2593 5150 2633 5201 si
2658 5150 2955 5217 vigilemus,
2986 5164 3089 5201 non
3110 5158 3281 5216 potest
3301 5150 3527 5217 proximi
3549 5152 3786 5217 nequitia

2198 5256 2293 5295 nos
2324 5256 2352 5293 a
2388 5241 2576 5292 virtute
2608 5239 2859 5306 dejicere.
2916 5239 2983 5291 At
3032 5237 3223 5290 fratres
3255 5241 3372 5302 ejus
3401 5248 3609 5291 contra.
3651 5239 3786 5293 Nam

2196 5340 2341 5383 veste
2387 5329 2534 5382 illum
2586 5338 2881 5392 exuerunt,
2930 5337 2984 5382 et
3045 5328 3291 5383 occidere
3336 5337 3640 5390 tentarunt.
3693 5347 3775 5385 so-
3860 5348 3863 5353 '

2194 5422 2502 5489 mniumque
2540 5420 2954 5488 exprobraruut,
2986 5420 3196 5473 etiamsi
3221 5420 3398 5473 cibum
3421 5421 3486 5474 ab
3512 5421 3602 5473 illo
3629 5437 3784 5476 accc-

2193 5520 2403 5584 perant,
2433 5521 2589 5581 atque
2622 5508 2726 5564 viia
2761 5520 2815 5565 et
2866 5512 3115 5565 libertate
3159 5512 3308 5565 illum
3360 5512 3591 5581 spoliare
3647 5515 3778 5567 niteo

2190 5610 2400 5663 bantur.
2426 5604 2501 5657 Illi
2525 5602 2897 5664 comedebant,
2919 5613 2973 5657 et
3004 5602 3198 5656 nudum
3225 5601 3439 5657 fratrem
3470 5604 3519 5655 in
3543 5607 3777 5658 cisterna

2191 5700 2479 5754 demissum
2522 5696 2941 5751 :ontemnebant.
2974 5694 3108 5761 Quid
3143 5696 3239 5749 hac
3271 5694 3475 5748 feritate
3495 5695 3774 5749 deterius?
