4040 6426
262 302 368 360 387

259 415 452 487 ἐτέρου
495 415 635 470 αὐτὰ
663 414 871 486 λαϐεῖν)
934 419 964 469 δ
992 416 1047 469 δέ
1083 417 1158 488 μὴ
1186 418 1426 482 τοιοῦτος
1467 418 1684 473 ἐναντία
1725 415 1844 470 πεί-

258 513 438 562 σεται,
469 495 605 566 πρὸς
641 496 904 566 ἀράχνας,
950 498 1043 551 καὶ
1081 498 1261 562 σκιὰς,
1291 500 1386 553 καὶ
1429 499 1706 570 ὀνείρατα,
1749 499 1844 552 καὶ

256 579 326 631 τὰ
347 577 552 631 τούτων
566 577 932 650 ἀδρανέστερα
955 579 1256 649 πράγματα
1273 580 1622 650 ἐπτοημένος.
1643 578 1840 649 Ἀμὴν,

255 661 425 730 ἀμὴν
450 659 605 728 λέγω
636 662 798 731 ὑμῖν,
827 663 938 715 οὐκ
963 660 1096 714 ἔστι
1124 661 1346 728 δοῦλος
1369 661 1583 730 μείζων
1609 662 1717 716 τοῦ
1746 679 1845 715 κν·

247 743 392 812 ρίου
414 744 621 814 ,αὑτοῦ
645 785 659 809 ,
710 743 852 799 οὐδὲ
907 743 1254 810 ἀπόστολος
1288 743 1502 814 μείζων
1546 745 1654 800 τοῦ
1699 743 1846 813 πέμ-

255 807 493 893 ὖσανέος
535 807 739 881 αὐτον.
788 828 855 880 El
893 824 1078 879 ταῦτα
1121 807 1346 890 olm—uva,
1383 826 1664 895 μακάριοι
1704 807 1846 879 ἐᾶτε

252 906 366 960 ἐὰν
399 908 608 978 ποιῆτε
640 908 815 962 αὑτά.
848 910 932 962 οὐ
983 909 1117 976 περὶ
1167 908 1412 964 ,πάντων
1463 906 1631 978 ὑμῶν
1665 907 1843 978 λέγω,

252 991 398 1046 ἀλλ’
425 992 526 1045 ἵνα
553 992 592 1060 ἡ
626 988 838 1060 Γραφὴ
871 988 1178 1058 πληρωθῇ,
1214 989 1304 1044 ὅτι
1347 991 1410 1043 '0
1444 989 1680 1060 τρώγων
1715 991 1845 1057 μετ’

252 1073 405 1144 ἐμοῦ
433 1073 541 1128 τὸν
569 1073 772 1142 ἄρτον,
806 1071 1032 1142 ἐπῆρεν
1055 1072 1148 1125 ἐπ’
1171 1070 1276 1141 ἐμὲ
1306 1072 1422 1141 τὴν
1446 1073 1714 1140 πτέρναν
1739 1073 1846 1128 οὐ·

254 1155 384 1212 τοῦ.
420 1157 487 1209 '0
516 1154 772 1226 ἀνωτέρω
813 1149 953 1218 εἷπε,
986 1153 1144 1207 τοῦτο
1181 1155 1275 1208 καὶ
1311 1153 1546 1208 ἐνταῦθα
1581 1153 1729 1223 λέγει
1762 1157 1846 1208 ἐν·

253 1238 496 1309 τρέπων.
530 1237 592 1291 Εί
639 1236 748 1306 7&9
781 1236 881 1290 οὐκ
917 1237 1032 1289 ἔστι
1061 1236 1246 1298 δοῦλος
1283 1238 1484 1308 μείζων
1512 1237 1607 1291 τοῦ
1652 1237 1841 1308 κυρίου

253 1318 446 1385 αὐτοῦ,
476 1317 596 1372 οῖοδέ
620 1318 918 1382 ἀπόστολος
952 1318 1153 1389 μείζων
1180 1318 1275 1371 τοῦ
1310 1317 1625 1388 πέμψαντος
1655 1318 1840 1382 αὐτὸν,

255 1403 388 1474 παρ’
409 1401 544 1472 ἐμοῦ
570 1401 628 1455 δέ
651 1399 822 1454 ταῦτα
853 1401 1064 1469 γέγονε,
1099 1400 1279 1472 πολλῷ
1310 1401 1512 1471 μᾶλλον
1537 1401 1643 1472 χρὴ
1670 1400 1843 1456 ταῦτα

256 1486 388 1555 παρ’
426 1483 581 1554 ὐμῶν
621 1483 899 1552 γενέσθαι.
943 1481 1079 1536 Εἶτα
1110 1484 1198 1536 ἵνα
1249 1484 1324 1554 μή
1365 1502 1447 1546 τις
1476 1486 1627 1555 εἴπῃ,
1657 1484 1720 1537 Τί
1751 1484 1846 1554 δή·

254 1585 388 1622 ποτε
416 1567 589 1620 ταῦτα
616 1567 831 1634 λέγεις;
862 1565 959 1619 νῦν
987 1568 1095 1638 γάρ
1123 1568 1222 1620 οὐκ
1251 1567 1475 1638 οἴδαμεν
1494 1583 1506 1597 ο
1537 1566 1844 1639 προσέθηκε

255 1650 416 1704 τοῦτο
447 1649 610 1703 αὐτόο
646 1651 758 1720 Οὐχ
789 1649 866 1713 ὡς
910 1649 1164 1719 ἀγνοοῦσι
1195 1650 1368 1704 ταῦτα
1414 1650 1575 1718 λέγω,
1613 1649 1728 1704 ἀλλ’
1758 1651 1844 1704 ῖνα

252 1733 344 1786 διὰ
369 1731 480 1786 τῶν
514 1731 692 1802 ἔργων
727 1731 1032 1801 ἐπιδείξητε
1075 1732 1144 1786 τά
1177 1731 1466 1803 λεγόμενα.
1498 1732 1572 1784 Τὸ
1604 1734 1703 1802 μὲν
1734 1732 1844 1804 γὰρ

253 1814 476 1877 ειδέναι,
505 1814 725 1868 πάντων
752 1830 765 1845 ο
796 1813 856 1867 τὸ
887 1813 944 1867 δὲ
979 1817 1170 1876 ποιεῖν,
1204 1814 1265 1867 οὐ
1317 1815 1555 1868 πάντων.
1589 1816 1688 1870 Διά
1733 1817 1844 1886 7&9

251 1897 411 1951 τοῦτο
450 1892 593 1960 εῐπε,
626 1894 918 1964 Μακάριοι
960 1895 1101 1948 ἐστε
1144 1896 1254 1949 ἐὰν
1281 1895 1493 1964 ποιῆτε
1523 1896 1696 1951 αὑτά.
1743 1898 1843 1952 Διὰ

251 1979 317 2049 δὴ
352 1979 510 2033 τοῦτο
543 1977 675 2032 αὐτὸ
706 1977 943 2046 συνεχῶς
973 1977 1066 2030 καὶ
1099 1976 1210 2045 ἐγὼ
1244 1979 1331 2031 ἀεὶ
1369 1978 1534 2046 λέγω,
1567 1979 1747 2033 καίτοι
1777 1997 1842 2049 γε

253 2061 472 2116 εἰδότων
500 2059 676 2132 ὑμῶν,
705 2059 792 2112 ἵνα
815 2061 895 2120 είς
917 2057 977 2110 τὸ
997 2057 1158 2129 ἔργον
1187 2059 1330 2130 ὑμᾶς
1351 2059 1658 2129 ἐμϐιϐάσω.
1689 2062 1843 2115 Ἐπεὶ

255 2143 348 2196 καὶ
387 2143 635 2196 Ἰουδαῖοι
666 2141 889 2204 οἴδασιν,
914 2139 1029 2194 ἀλλ’
1049 2139 1149 2193 οὐκ
1175 2140 1284 2194 εἰσὶ
1315 2140 1615 2213 μακάριοι·
1643 2143 1703 2196 οὐ
1733 2143 1843 2216 γὰρ

254 2224 497 2278 ποιοῦσιν
521 2224 677 2278 αὐτά.
703 2223 787 2278 Οὐ
813 2223 945 2290 περὶ
971 2221 1233 2286 πάντων,
1257 2223 1442 2294 φησὶν,
1471 2223 1638 2292 ὑμῶν
1661 2224 1836 2295 λέγω.

252 2305 424 2360 Βαϐαὶ
451 2309 551 2374 τῆς
590 2305 972 2371 ἀνεξικακίαςῑ
1007 2303 1222 2357 οὐδέπω
1265 2304 1356 2357 τὸν
1384 2305 1651 2378 προδότην
1683 2307 1841 2376 ἐλέγ-

250 2407 367 2462 χει,
412 2389 551 2443 ἀλλά
597 2387 880 2452 συσκιάζει
929 2388 990 2440 τὸ
1041 2389 1302 2459 πρᾶγμα,
1356 2388 1606 2442 ἐντεῦθεν
1667 2390 1842 2454 διδοὺς

249 2473 398 2544 αὐτῷ
429 2474 714 2543 μετανοίας
741 2472 942 2542 χώραν.
975 2472 1082 2524 Καὶ
1104 2472 1336 2540 ἐλέγχει,
1360 2471 1456 2525 καὶ
1479 2472 1580 2526 οὐκ
1604 2472 1838 2543 ἐλέγχει,

250 2557 392 2610 οὕτω
438 2556 636 2622 λέγων·
697 2553 749 2606 '0
798 2553 1038 2622 τρώγων
1092 2555 1219 2622 μετ’
1265 2553 1413 2623 ἐμοῦ
1471 2554 1578 2608 τὸν
1635 2555 1837 2625 δρτον,

249 2638 476 2707 ἐπῆρεν
497 2637 590 2690 ἐπ’
621 2636 724 2706 ἐμὲ
756 2639 1038 2704 πτέρναν.
1061 2637 1219 2689 Δοκεῖ
1251 2635 1308 2690 δέ
1339 2654 1428 2707 μοι
1465 2637 1559 2691 καὶ
1587 2639 1669 2702 τὸ,
1715 2642 1838 2694 Οὐκ

250 2722 384 2775 ἔστι
425 2721 648 2786 δοῦλος
691 2719 902 2788 μείζων
935 2719 1042 2773 τοῦ
1083 2719 1294 2789 κυρίου
1327 2721 1536 2784 αὐτοῦ,
1576 2722 1670 2775 καὶ
1701 2723 1839 2794 πρὸς

248 2801 408 2857 τοῦτο
444 2802 728 2876 εῑρήσθαι,
769 2803 857 2855 ῖνα
890 2803 941 2854 εῐ
969 2818 1101 2855 ποτε
1143 2801 1295 2872 παρὰ
1327 2803 1572 2866 οἰκετῶν,
1604 2805 1638 2874 ἢ
1688 2806 1840 2876 παρά

249 2902 411 2938 τινων
443 2883 840 2955 εὐτελεστέρων
879 2883 1102 2936 πάθοιέν
1134 2901 1280 2946 τινες
1318 2884 1509 2947 κακὸν,
1559 2885 1633 2956 μὴ
1668 2903 1834 2941 σκαν-

247 2967 595 3032 δαλίζωνται,
626 2967 706 3029 είς
734 2967 795 3019 τὸ
834 2965 974 3019 κατά
1013 2966 1107 3018 τὸν
1141 2966 1342 3019 Ἰούδαν
1378 2967 1690 3038 ἀφορῶντες
1733 2987 1839 3023 πα-

253 3052 546 3122 ράδειγμα,
589 3050 647 3114 δς
679 3050 888 3120 μυρίων
920 3040 1233 3112 ἀπολαύσας
1263 3049 1503 3117 ἀγαθῶν,
1541 3053 1652 3114 τοῖς
1680 3051 1836 3104 ἐναν-

248 3135 382 3199 τίοις
408 3133 667 3205 ἠμείϐετο
705 3133 795 3187 τὸν
823 3132 1138 3204 εὐεργέτην.
1171 3134 1260 3184 Διὸ
1299 3134 1393 3187 καὶ
1426 3133 1730 3204 ἐπήγαγεν·
1771 3135 1836 3190 '0

248 3216 486 3286 τμῦῃων
497 3219 624 3286 μετ’
644 3217 790 3286 ἐμοῦ
814 3215 996 3284 ἄρτον
1011 3233 1024 3245 ⁸
1045 3215 1138 3268 καὶ
1160 3215 1337 3269 πάντα
1362 3214 1431 3268 τὰ
1455 3214 1590 3270 ἀλλα
1617 3221 1834 3289 παρεὶς,

247 3301 431 3362 τοῦτο,
457 3300 486 3353 δ
517 3299 751 3369 μάλιστα
780 3298 965 3351 ἱκανὸν
999 3293 1067 3368 ἦν
1100 3297 1263 3351 αὐτὸν
1292 3289 1588 3369 κατασχεῖν
1617 3301 1711 3354 καὶ
1750 3303 1838 3353 ἐν-

246 3383 479 3455 τρέψαι.
530 3381 791 3435 τέθεικεν.
829 3381 887 3434 ὐ
928 3381 1059 3450 παρ’
1091 3379 1224 3449 ἐμοῦ
1259 3381 1613 3450 τρεφόμενος,
1639 3385 1668 3436 ὁ
1707 3385 1836 3454 παρ’

247 3465 384 3536 ἐμοῦ
428 3461 710 3535 τραπέζης
761 3462 1055 3528 κοινωνῶν,
1101 3462 1254 3534 φησί.
1310 3461 1495 3516 Ταῦτα
1537 3464 1594 3518 δέ
1645 3465 1833 3534 ἔλεγε,

248 3547 522 3602 παιδεύων
548 3547 739 3609 αὐτοὺς
774 3546 899 3609 τούς
945 3545 1130 3609 κακῶς
1173 3545 1462 3605 ποιοῦντας
1503 3548 1834 3618 εὐεργετεῖν,

248 3631 356 3684 κᾶν
391 3629 626 3700 μένωσιν
670 3629 903 3691 ἀνιάτως
941 3628 1178 3697 ἔχοντες.
1213 3628 1394 3680 Εἰπὼν
1439 3629 1523 3694 δὲ,
1569 3633 1652 3685 Οὐ
1700 3634 1834 3701 περὶ

247 3713 494 3766 πάντων
522 3710 688 3780 ὑμῶν
725 3710 900 3778 λέγω,
936 3712 1023 3764 ἵνα
1053 3710 1126 3780 μὴ
1154 3713 1234 3774 εἰς
1270 3711 1496 3774 πολλοὺς
1529 3716 1833 3786 περιστήσῃ

246 3795 308 3849 τδ
330 3795 470 3856 δέος,
493 3793 776 3864 ἀποσχίζει
803 3794 989 3845 λοιπὸν
1009 3791 1194 3857 αὐτὸν,
1218 3791 1362 3846 οὕτω
1389 3793 1588 3862 λέγων’
1625 3796 1678 3848 '0
1707 3799 1838 3864 τρώ-

246 3893 368 3945 των
392 3877 518 3944 μετ’
543 3875 689 3944 ἐμοῦ
718 3875 826 3929 τὸν
854 3875 1055 3942 ἄρτον.
1104 3875 1176 3927 Τὸ
1216 3875 1347 3946 γὰρ,
1390 3880 1471 3931 Οὐ
1511 3878 1644 3946 περὶ
1686 3878 1835 3932 πάνε-

245 3977 386 4023 των,
426 3958 487 4011 οὐ
539 3959 760 4020 πάντως
815 3960 894 4020 είς
947 3959 1042 4011 ἕνα
1091 3959 1346 4028 περιίστη
1387 3960 1480 4011 τὸν
1525 3961 1712 4029 λόγον·
1756 3963 1835 4015 διὸ

245 4043 562 4112 ἐπήγαγεν·
606 4041 668 4093 '0
707 4038 943 4109 τρώγων
970 4040 1101 4108 μετ’
1143 4041 1292 4109 ἐμοῦ
1342 4041 1449 4094 τὸν
1483 4043 1685 4110 ἄρτον,
1728 4045 1834 4099 δει-

247 4126 378 4187 κνὺς
404 4123 596 4191 ἐκείνῳ
627 4121 704 4193 τῷ
729 4121 1082 4194 ταλαιπώρῳ,
1107 4124 1189 4177 δτι
1223 4124 1322 4177 οὐκ
1351 4125 1562 4191 ἀγνοῶν
1597 4127 1834 4197 συλλαμ-

246 4206 490 4270 ϐάνεται,
520 4206 654 4258 ἀλλά
687 4206 779 4260 καὶ
812 4206 1015 4276 σφόδρα
1038 4206 1190 4269 εἰδώς
1209 4227 1224 4241 ο
1249 4206 1278 4258 δ
1310 4209 1404 4260 καὶ
1437 4210 1568 4262 αὐτὸ
1598 4211 1833 4279 μάλιστα

244 4289 464 4342 πάντων
501 4289 684 4341 ἱκανὸν
722 4284 790 4359 ἦν
825 4289 985 4342 αὐτὸν
1024 4291 1339 4358 κατασχεῖν.
1379 4291 1488 4343 Kal
1529 4293 1628 4344 οὐκ
1675 4291 1828 4360 εἷπε,

245 4371 616 4442 Παραδίδωσιν
647 4373 769 4441 ἐμὲ,
793 4372 932 4433 ἀλλ’,
960 4369 1136 4439 Ἦρεν
1164 4374 1253 4424 ἐπ’
1290 4373 1395 4439 ἐμὲ
1427 4379 1820 4444 πτερνισμόν·

240 4456 303 4509 τὸ
327 4455 543 4525 δολερὸν
565 4465 591 4494 ι
618 4455 711 4507 καὶ
739 4454 971 4506 ὕπουλον
1005 4455 1099 4508 καὶ¹
1126 4455 1384 4516 λαθραῖον
1410 4457 1507 4516 τῆς
1542 4458 1832 4529 ἐπιϐουλῆς

243 4540 597 4612 παραστῆσαι
635 4539 977 4609 βουλόμενος.

314 4624 590 4692 γὀταῦτα
614 4623 671 4675 δὲ
703 4622 1031 4691 γέγραπται.
1057 4622 1142 4675 ἵνα
1171 4622 1245 4694 μὴ
1272 4625 1698 4696 μνησικακῶμεν
1719 4631 1830 4693 τοῖς

240 4706 540 4771 ἀδικοῦσιν,
594 4705 707 4758 ἀλλ’
751 4705 1064 4775 ἐλέγχωμεν
1119 4707 1316 4768 αὐτοὺς
1369 4709 1463 4762 καὶ
1517 4709 1826 4781 θρηνῶμεν.

242 4789 395 4863 [4⁸2θῖ
436 4789 660 4860 Θρήνων
703 4789 810 4860 γὰρ
843 4789 1001 4853 ἄξιοι,
1033 4789 1128 4858 οὐχ
1173 4790 1222 4841 οἱ
1259 4790 1579 4860 πάσχοντες,
1625 4794 1739 4846 ἀλλ’
1777 4797 1829 4848 οί

241 4873 521 4934 ποιοῦντες
550 4871 755 4935 κακῶς.
791 4872 1050 4934 Ἑαυτοὺς
1080 4873 1178 4942 μὲν
1209 4872 1316 4943 γὰρ
1351 4875 1584 4942 μέγιστα
1613 4876 1829 4930 ἀδικοῦ-

241 4976 327 5011 σιν
359 4958 388 5010 δ
420 4973 479 5008 τε
503 4956 852 5022 πλεονέκτης,
884 4955 912 5006 ὅ
939 4972 996 5008 τε
1027 4955 1394 5024 συκοφάντης,
1418 4958 1446 5009 ὅ
1471 4975 1528 5009 τε
1559 4959 1746 5028 ἐτερόν
1772 4977 1826 5013 τι

239 5039 412 5094 κακὸν
454 5038 855 5108 ἐργαζόμενοςο
897 5039 1047 5107 ἡμᾶς
1079 5039 1134 5089 δὲ
1169 5039 1440 5106 ὠφελοῦσι
1482 5041 1549 5093 τά
1591 5041 1824 5110 μέγιστα

236 5123 333 5174 ἐὰν
359 5120 433 5191 μὴ
461 5122 686 5183 ἑαυτοὺς
719 5120 1042 5189 ἐκδικῶμεν.
1075 5115 1199 5173 υἷόν
1236 5139 1288 5173 τι
1322 5121 1465 5188 λέγω
1485 5136 1498 5149 ⁸
1535 5123 1824 5194 ’ἹΙρπασεν

234 5207 264 5258 ό
314 5204 497 5268 δεῖνα;
543 5203 954 5272 ηὐχαρίστησας
1002 5203 1143 5273 ὑπὲρ
1184 5203 1285 5272 τῆς
1333 5203 1545 5268 ἀδικίας
1593 5207 1680 5271 σὺ,
1731 5209 1825 5260 καὶ

238 5287 495 5348 ἐδόξασας
541 5287 632 5337 τὸν
680 5286 846 5349 Θεόν;
902 5286 1144 5355 Μυρίους
1186 5287 1274 5340 διὰ
1325 5287 1423 5356 τῆς
1473 5288 1825 5358 εὐχαριστίας

235 5371 452 5438 ἐκείνης
481 5369 790 5438 ἐκαρπώσω
823 5369 1047 5438 μισθούς
1067 5387 1081 5400 ο
1112 5370 1300 5439 ὥσπερ
1325 5366 1418 5424 οῦν
1453 5372 1656 5436 ἐκεῖνος
1691 5373 1822 5440 ἄφα-

234 5470 328 5504 τον
370 5451 551 5520 ἑαυτῷ
587 5453 861 5521 συνήγαγε
902 5452 1032 5520 πῦρ.
1065 5453 1126 5505 El
1151 5453 1210 5505 δὲ
1239 5454 1384 5521 λέγοι
1427 5470 1542 5516 τις·
1584 5455 1648 5507 Τί
1690 5459 1818 5527 7&9,

236 5539 284 5588 εἱ
322 5537 396 5606 μὴ
432 5536 711 5604 ἠδυνάμην
756 5535 1068 5604 ἀμύνασθαι
1109 5536 1200 5588 τὸν
1243 5538 1614 5607 ἀδικήσαντα,
1660 5541 1820 5593 ἀσθε-

235 5621 388 5671 νέστε
403 5636 489 5687 ρος
522 5618 624 5680 ῶνς
655 5619 830 5671 ἐκεῖνο
860 5618 923 5672 ἂν
951 5620 1179 5689 εἴποιμι,
1207 5622 1285 5672 ὅτι
1323 5621 1584 5674 ἸΙδύνασο
1618 5623 1818 5693 πρᾶξαι

236 5704 295 5754 τὸ
333 5702 696 5770 δυσχερᾶναι,
747 5705 804 5754 τὸ
868 5705 1342 5773 ἀποδυσπετῆσαι-
1397 5705 1569 5760 ταῦτα
1619 5711 1726 5775 γάρ
1763 5710 1818 5757 ἐν

237 5784 456 5852 ἐξουσίᾳ
488 5785 665 5854 ἡμῶν,
701 5786 759 5838 τὸ
797 5786 1159 5851 κατεύξασθαι
1202 5787 1296 5838 τοῦ
1333 5788 1726 5862 λελυπηκότοῇ
1764 5791 1818 5842 τὴ

301 5912 326 5939 ⁸
354 5910 522 5960 Morel.
558 5913 851 5971 πιξςινιηιιὸν,
882 5915 1073 5973 πτέρι-ίαν
1101 5912 1260 5961 πνιυύ
1301 5915 1414 5964 τινα.

1250 299 1313 357 ΙΝ
1352 301 1671 359 JOANNEM
1712 297 1944 357 IIOMIL.
1986 298 2172 356 LXXI.
2213 302 2283 355 al.
2327 299 2490 356 LXX.

3443 294 3556 350 336

1951 414 2364 484 καταράσασθαι
2413 412 2565 483 αὐτῷ
2605 409 2808 483 μυρία,
2843 410 2905 464 τὸ
2937 410 3072 481 πρὸς
3109 409 3314 474 πάντας
3353 411 3543 467 διαϐα-

1949 496 2080 550 λεῖν.
2118 497 2177 552 ’0
2204 497 2382 550 τοίνυν
2417 495 2592 550 ταῦτα
2629 495 2704 567 μὴ
2738 495 2991 564 ποιήσας,
3026 494 3118 547 καὶ
3146 491 3242 546 τοῦ
3287 493 3362 564 μὴ
3404 493 3545 563 ἀμύ-

1949 578 2142 632 νασθαι
2186 578 2380 649 μισθὸν
2411 577 2663 650 λήψεται.
2705 577 2875 648 Δῆλον
2923 574 3036 647 7&9
3064 577 3147 630 δτι
3189 575 3285 629 καὶ
3330 574 3544 629 ἐκείνου

1947 659 2140 732 κύριος
2167 660 2264 726 ὢν,
2289 663 2392 716 οὐκ
2436 663 2503 716 ἀν
2533 662 2810 732 ἐποίησεν.
2847 659 2905 714 '0
2930 659 3040 732 7&9
3074 659 3425 729 ἠδικημένος,
3464 659 3546 730 τῷ

1947 743 2316 814 παρατυχόντι
2347 744 2615 816 κέχρηται
2639 743 2812 814 ὅπλῳ,
2851 743 2980 796 ὅταν
3022 740 3362 814 μικρόψυχος
3383 739 3413 780 δ
3445 739 3553 803 ὢν..

1945 824 2237 895 κατάραις,
2266 825 2585 896 λοιδορίαις,
2631 825 2949 889 ἐπιϐουλαῖς
2995 825 3275 895 ἀμύνηται
3304 823 3544 893 τδν-ήδιι·

1948 907 2176 976 κηκότα.
2201 907 2385 962 Ταῦτα
2410 909 2594 963 τοίνυν
2611 910 2706 963 καὶ
2732 910 2796 962 σὺ
2826 907 2901 980 μὴ
2928 909 3166 981 ποιήσῃς
3199 907 3382 977 μόνον,
3408 905 3548 959 ἀλλά

1947 991 2041 1052 καὶ
2065 985 2218 1057 εὖξαι
2245 991 2376 1064 περὶ
2397 992 2564 1046 αὐτοῦ
2581 1009 2594 1023 ·
2620 992 2714 1046 καὶ
2741 991 2850 1061 γὰρ
2869 990 2936 1044 ἂν
2960 989 3238 1060 ταῦτα-μὴ
3257 1001 3280 1029 ο
3311 989 3552 1060 ποιήσῃς

1950 1072 2132 1142 μόνον,
2161 1073 2300 1129 ἀλλά
2331 1075 2428 1130 καὶ
2458 1075 2588 1146 εὔξῃ
2630 1075 2772 1146 ὐπέρ
2811 1073 3002 1136 αὐτοῦ,
3047 1073 3126 1143 τῷ
3163 1071 3283 1142 Θεῷ
3315 1071 3543 1140 γέγονας

1944 1156 2154 1226 ὅμοιος.
2179 1158 2452 1226 Εὕχεσθε
2480 1157 2612 1228 7&9,
2637 1158 2826 1228 φησὶν,
2862 1155 3018 1224 ὑπὲρ
3045 1154 3165 1209 τῶν
3191 1148 3545 1224 ἐπηρεαζόν-

1946 1256 2064 1291 των
2093 1238 2271 1310 ὑμᾶς,
2314 1241 2478 1308 ὅπως
2517 1240 2782 1309 γένησθε
2813 1240 3004 1310 ὅμοιοι
3042 1237 3123 1303 τῷ
3159 1237 3338 1305 Πατρί
3377 1235 3544 1305 ὑμῶν

1946 1321 2025 1386 τῷ
2063 1322 2136 1376 ἐν
2179 1323 2304 1390 τοῖς
2341 1323 2640 1390 οὐρανοῖς.
2678 1324 2843 1394 Ὀρᾷς
2881 1321 3001 1386 πῶς
3053 1321 3286 1392 μέγιστα
3324 1317 3544 1388 κερδαίο

1945 1421 2110 1474 νομεν
2146 1407 2254 1459 ἀπὸ
2291 1406 2394 1478 τῆς
2438 1407 2554 1460 τῶν
2598 1406 2804 1477 ἐτέρων
2843 1405 3148 1476 ἐπηρείας;
3182 1403 3349 1458 Οὐδὲν
3396 1402 3542 1455 οὕτω

1945 1486 2036 1540 τὸν
2063 1486 2195 1542 Θεὸν
2224 1488 2529 1561 εὐφραίνει,
2553 1487 2628 1551 ὡς
2663 1488 2729 1541 τὸ
2762 1487 2842 1559 μὴ
2874 1487 3188 1542 ἀποδιδόναι
3216 1486 3387 1539 κακὸν
3419 1485 3543 1538 ἀντὶ

1946 1568 2138 1624 κακοῦ.
2169 1568 2274 1624 Καὶ
2302 1569 2356 1624 τί
2394 1570 2560 1640 λέγω,
2606 1572 2681 1642 μὴ
2719 1571 3030 1625 ἀποδιδόναι
3068 1570 3237 1624 κακὸν
3269 1569 3392 1624 ἀντὶ
3437 1587 3540 1623 καί

1947 1650 2073 1716 χοῦς
2101 1651 2373 1707 Τὰναντία
2402 1653 2501 1723 μὲν
2526 1648 2619 1706 οὖν
2643 1653 2949 1707 ἀποδιδόναι
2984 1653 3353 1723 ἐπετάτημεν,
3384 1651 3542 1723 εὐερ-

1945 1733 2138 1798 γεσίας
2167 1735 2352 1806 εὐχάς.
2378 1736 2478 1790 Διά
2504 1735 2666 1790 τοῦτο
2694 1739 2792 1790 καὶ
2813 1738 2843 1789 ό
2871 1736 3109 1806 Χριστὸς
3143 1736 3238 1806 τδν
3276 1735 3541 1806 μέλλοντα

1945 1817 2108 1870 αὐτὸν
2170 1805 2478 1889 προδιδόναι
2535 1821 2647 1882 τοῖς
2700 1805 2963 1882 ἐναντίοις
3017 1805 3205 1872 πᾶσιν’
3229 1805 3534 1889 ἠμείψατο·

1944 1893 2076 1963 οἷον,
2105 1899 2233 1962 τοὺς
2265 1901 2432 1962 πόδας
2462 1901 2703 1967 ἔνιπτεν,
2731 1901 2929 1972 ήλεγχε
2966 1899 3162 1972 λάθρα,
3207 1899 3538 1970 φειδομένως

1945 1980 2234 2051 ἔπληττεν,
2263 1982 2624 2054 ἐθεράπευσε,
2656 1984 2934 2056 τραπέζης
2956 1985 3048 2038 καὶ
3074 1983 3376 2054 φιλήματος
3410 1999 3534 2051 μετ-

1944 2063 2116 2118 εδίδου
2132 2081 2145 2095 ’
2186 2066 2282 2118 καὶ
2304 2065 2428 2119 οὐδέ
2467 2065 2680 2130 τούτοις
2702 2065 2729 2102 ἀ
2752 2066 2971 2134 ἐγένετο
2997 2065 3242 2135 βελτίων,
3269 2066 3364 2118 καὶ
3388 2067 3539 2136 ὅμως

1944 2146 2258 2218 παρέμενεν
2304 2148 2468 2212 αὐτὸς
2494 2147 2563 2202 τὰ
2606 2147 2804 2201 ἐαυτοῦ
2837 2147 3029 2202 ποιῶν.
3067 2146 3230 2202 Ἀλλά
3276 2148 3410 2217 φέρε
3444 2149 3538 2200 καὶ

1943 2230 2052 2284 ἀπὸ
2078 2229 2187 2284 τῶν
2215 2230 2418 2284 δούλων
2452 2248 2511 2284 σε
2556 2230 2958 2302 παιδεύσωμεν,
2997 2231 3088 2284 καὶ
3122 2233 3185 2284 ἐκ
3222 2231 3540 2302 περιουσίας

1941 2312 2050 2367 τῶν
2084 2313 2141 2366 ἐν
2171 2315 2238 2385 τῇ
2275 2314 2508 2385 nummo},
2537 2314 2624 2367 ῐνα
2656 2314 2804 2386 εἰδῇς
2833 2314 3091 2383 οὐδεμίαν
3128 2314 3350 2384 ἔχοντας
3391 2316 3538 2384 ἡμᾶς

1921 2396 2244 2464 ’ἀπολογίας
2279 2397 2557 2469 ἀφορμὴν,
2601 2398 2731 2451 ὅταν
2768 2397 3220 2468 μνησικακῶμεν.
3270 2395 3537 2450 Βούλεσθε

1941 2476 2036 2533 οῦν
2061 2479 2204 2533 εῖπω
2240 2479 2501 2546 Μωῦσέα,
2531 2481 2564 2550 ἢ
2598 2480 2677 2534 ἔτι
2706 2481 2798 2533 τὸν
2833 2479 2990 2549 λεγον
3025 2480 3285 2552 ἀνωτέρω
3317 2480 3540 2549 ἀγάγω-

1945 2579 2078 2632 μενς
2109 2562 2262 2633 Ὀσῳ
2311 2562 2422 2635 7&9
2465 2563 2533 2617 ἂν
2579 2563 2911 2638 ἀρχαιότερα
2944 2563 3128 2634 δειχθῇ
3158 2563 3227 2617 τά
3270 2563 3536 2634 παραδεί-

1943 2663 2152 2717 γματα,
2198 2646 2439 2716 τοσούτῳ
2472 2647 2675 2717 μᾶλλον
2701 2650 2865 2718 ἡμεῖς
2903 2646 3203 2718 νικώμεθα.
3233 2647 3298 2699 Τί
3333 2648 3534 2718 δήποτε

1941 2729 2000 2784 δέ
2016 2747 2031 2796 ;
2050 2729 2173 2784 Ὀτι
2197 2730 2322 2784 τότε
2338 2729 2720 2803 δυσκολωτέρα
2743 2727 2812 2803 ἦν
2839 2733 2871 2802 ή
2894 2731 3089 2802 ἀρετή.
3110 2731 3246 2784 Οὐδέ
3271 2731 3378 2802 γὰρ
3404 2731 3535 2783 ὐπο-

1945 2811 2122 2882 θήκας
2166 2813 2480 2884 ἐγγράφους
2510 2807 2657 2883 εἰχον
2687 2815 2884 2867 ἐκεῖνοι
2913 2813 3058 2876 τότε,
3085 2813 3148 2865 οὐ
3186 2811 3318 2883 βίων
3358 2831 3534 2885 παρα-

1941 2895 2238 2967 δείγματα·
2271 2896 2409 2951 άλλά
2449 2897 2632 2969 γΰμνή
2675 2898 2800 2951 καθ’
2829 2896 3032 2968 ἑαυτήν
3065 2898 3098 2967 ή
3127 2895 3290 2965 φύσις
3328 2897 3535 2966 ἡγωνί⁹

1943 2978 2088 3042 ζετο,
2120 2979 2218 3033 καὶ
2249 2981 2649 3051 ἀνερμάτιστος
2684 2978 2962 3049 πανταχοῦ
2995 2977 3254 3049 νήχεσθαι
3293 2979 3537 3048 ἠναγκά-

1941 3061 2082 3125 ζετο.
2127 3063 2226 3117 Διὰ
2272 3064 2433 3117 τοῦτο
2473 3065 2568 3117 καὶ
2612 3063 2705 3117 τὸν
2752 3063 2875 3116 Νῶε
2916 3061 3181 3128 ἐπαινῶν,
3222 3062 3319 3132 οὐχ
3349 3063 3537 3126 ἁπλῶς

1939 3142 2143 3198 τέλειον
2187 3145 2469 3210 ἐκάλεσεν,
2513 3145 2650 3198 ἀλλὰ
2696 3144 3061 3216 προσέθηκεν,
3107 3145 3205 3198 Ἕν
3247 3143 3322 3212 τῇ
3358 3143 3542 3212 γενεᾷ

1939 3228 2149 3294 αὑτοῦ,
2179 3228 2375 3298 δηλῶν,
2399 3232 2482 3282 ὅτι
2509 3231 2567 3282 ἐν
2597 3229 2794 3298 ἐκείνῳ
2817 3227 2895 3299 τῷ
2929 3227 3128 3298 χρόνῳ,
3154 3228 3242 3280 ὖτε
3271 3227 3442 3281 πολλὰ
3468 3228 3539 3281 τὰ

1939 3310 2240 3382 κωλύματα
2276 3307 2346 3382 ἦν
2367 3330 2382 3344 ο
2411 3314 2533 3365 ἐπεὶ
2569 3313 2688 3383 μετ’
2717 3312 2881 3366 αὐτὸν
2922 3309 3177 3380 ἔλαμψαν
3208 3310 3405 3380 ἕτεροι,
3428 3315 3537 3366 ,καὶ

1937 3393 2088 3463 ὅμως
2125 3393 2280 3448 οὐδὲν
2319 3395 2539 3448 ἔλαττον
2582 3394 2763 3448 αὐτῶν
2805 3393 2937 3462 ἔξει.
2983 3391 3077 3446 Ἐν
3105 3391 3214 3461 7&9
3265 3395 3378 3456 τοῖς
3411 3395 3511 3465 χρό

1938 3493 2051 3538 νοις
2077 3475 2246 3529 αὐτοῦ
2285 3477 2492 3540 τέλειος
2519 3474 2609 3548 ἦν.

2011 3558 2107 3621 Τίς
2145 3554 2237 3612 οὖν
2273 3561 2378 3629 πρὸ
2411 3561 2692 3623 Μωύσέως
2740 3560 3128 3632 μακρόθυμος;
3165 3561 3225 3615 Ὀ
3263 3561 3535 3633 μακάριος

1939 3642 2035 3695 καὶ
2078 3645 2327 3709 γενναῖος
2365 3642 2583 3714 Ἰωσὴφ,
2615 3643 2674 3706 δς
2703 3646 2769 3713 τῇ
2802 3643 3128 3717 σωφροσύνῃ
3160 3645 3402 3715 λάμψας,
3433 3647 3536 3698 οὐκ

1938 3722 2161 3777 ἔλαττον
2188 3723 2399 3794 ἔλαμψε
2436 3727 2504 3796 τῇ
2539 3724 2914 3797 μακροθυμίᾳ.
2960 3725 3208 3800 Ἐπράθη
3238 3729 3347 3799 γὰρ
3379 3728 3533 3782 οὐδὲν

1935 3805 2250 3876 ήδικηκὼς,
2292 3805 2431 3860 ἀλλὰ
2479 3807 2820 3880 θεραπεύων,
2865 3809 3158 3881 δουλεύων,
3192 3811 3262 3864 τὰ
3302 3811 3530 3864 οἰκετῶν

1937 3887 2090 3961 [421]
2119 3890 2298 3944 πάντα
2330 3891 2795 3962 ἐπιδεικνύμενος.
2827 3893 3194 3965 Κατήνεγκαν
3224 3894 3354 3963 γοῦν
3380 3895 3530 3964 αὐτῷ

1934 3971 2101 4040 ψόγον
2133 3973 2389 4043 πονηρὸν,
2419 3974 2514 4028 καὶ
2543 3975 2644 4028 οὐκ
2671 3975 2943 4046 ἠμύνατο,
2974 3977 3154 4030 καίτοι
3185 3977 3277 4030 τὸν
3312 3979 3527 4048 πατέρα

1935 4054 2074 4125 ἔχων
2110 4055 2230 4124 μεθ’
2255 4057 2486 4110 ἐαυτοῦ·
2528 4057 2664 4112 ἀλλὰ
2697 4059 2790 4112 καὶ
2824 4059 3035 4130 ἀπῆλθε
3072 4060 3313 4130 κομίζων
3341 4062 3526 4124 αὐτοῖς

1934 4138 2015 4200 είς
2051 4138 2147 4208 τὴν
2192 4139 2397 4209 ἔρημον
2445 4143 2680 4210 τροφήνο
2719 4143 2814 4195 καὶ
2853 4143 2951 4212 οὐχ
2994 4141 3170 4214 εὑρὼν
3203 4145 3421 4208 αὐτοὺς,
3463 4147 3526 4199 οὐ

1935 4219 2360 4291 περιεκάκησεν,
2388 4222 2508 4275 οὐδὲ
2546 4223 2854 4294 ὑπέστρεψε
2890 4226 3090 4295 (καίτοι
3137 4241 3200 4294 γε
3238 4222 3352 4296 εἶχε
3395 4230 3527 4297 πρόο

1933 4319 2118 4371 φασιν,
2161 4303 2216 4355 εί
2261 4321 2324 4372 γε
2366 4305 2672 4376 ἐϐούλετο),
2726 4307 2862 4361 ἀλλὰ
2918 4308 3052 4379 πρὸς
3098 4309 3166 4362 τά
3215 4309 3382 4380 θηρία
3433 4313 3528 4363 καὶ

1931 4387 2059 4449 τοὺς
2095 4385 2281 4456 ὠμοὺς
2312 4387 2556 4451 ἐκείνους
2585 4389 2778 4458 ἔμενεν
2807 4390 3039 4459 ἀδελφοῦ
3072 4393 3297 4462 γνησίου
3333 4394 3527 4462 φυλάτ-

1931 4485 2040 4521 των
2073 4470 2410 4540 προαίρεσιν.
2457 4471 2626 4525 Πάλιν
2653 4472 2713 4524 τὸ
2744 4473 3118 4545 δεσμωτήριον
3149 4477 3396 4546 οἰκήσας,
3431 4479 3526 4528 καὶ

1929 4552 2030 4620 τὴν
2057 4552 2237 4605 αίτίαν
2269 4555 2588 4624 ἐρωτηθεὶς,
2621 4556 2772 4608 οὐδὲν
2815 4551 2935 4608 εἷπε
2969 4558 3094 4627 περὶ
3127 4559 3307 4611 αὐτῶν
3358 4577 3526 4630 πονη-

1933 4634 2059 4704 ρὸν,
2100 4634 2215 4688 ἀλλ’
2255 4637 2336 4688 ὅτι
2375 4637 2567 4690 Οὐδὲν
2603 4639 2898 4705 ἐποίησα,
2940 4641 3062 4703 καὶ,
3100 4641 3310 4710 [Nam]
3348 4644 3525 4698 ἐκλά-

1930 4731 2055 4784 πην
2092 4717 2162 4770 ἐκ
2203 4717 2317 4787 γῆς
2362 4719 2666 4788 Ἐϐραίων.
2699 4722 2811 4775 Kal
2853 4722 2993 4792 μετὰ
3023 4723 3196 4777 ταῦτα
3235 4725 3397 4779 πάλιν
3432 4745 3525 4794 γε-

1929 4799 2154 4870 νόμενος
2204 4801 2428 4871 κύριος,
2465 4805 2559 4856 καὶ
2588 4805 2784 4875 ἔθρεψε
2807 4846 2820 4869 ,
2866 4807 2959 4857 καὶ
2997 4807 3270 4879 ἀπήλλαξε
3312 4813 3523 4882 μυρίων

1927 4883 2136 4937 δεινῶν.
2173 4884 2271 4936 Ἂν
2311 4884 2420 4956 γάρ
2459 4887 2740 4957 νήφωμεν,
2787 4889 2886 4941 οὐκ
2942 4890 3115 4959 ἰσχύει
3151 4891 3242 4943 τοῦ
3294 4892 3523 4964 πλησίον

1927 4969 1959 5037 ή
2005 4967 2174 5022 κακία
2225 4969 2325 5039 τῆς
2381 4971 2586 5040 ἀρετῆς
2634 4974 2780 5042 ἡμᾶς
2837 4973 3091 5047 ἐκϐαλεῖν
3139 4975 3240 5046 τῆς
3289 4979 3518 5034 ἑαυτῶν.

1941 5053 2081 5105 Ἀλλ’
2125 5055 2225 5108 οὐκ
2283 5056 2479 5108 ἐκεῖνοι
2537 5057 2810 5110 τοιοῦτοι·
2869 5058 3005 5112 ἀλλά
3069 5061 3165 5114 καὶ
3221 5062 3521 5129 ἀπέδυσαν,

1929 5137 2022 5187 καὶ
2084 5135 2292 5190 ἀνελεῖν
2364 5137 2732 5209 ἐπεχείρησαν
2761 5141 2878 5193 καὶ.
2923 5141 3242 5206 ὀνειδίζουσι
3299 5145 3360 5198 τὸ
3433 5148 3520 5198 ἐν-

1928 5217 2136 5284 ύπνιον,
2166 5219 2342 5272 καίτοι
2377 5221 2469 5272 καὶ
2495 5221 2700 5292 τροφὴν
2727 5224 2855 5292 παρ’
2888 5223 3055 5276 αὐτοῦ
3084 5226 3446 5296 κομισάμενοι
3471 5239 3516 5292 ο,

1927 5302 2021 5354 καὶ
2048 5302 2193 5373 ζωῆς
2224 5306 2317 5356 καὶ
2348 5305 2662 5375 ἐλευθερίας
2694 5307 2855 5360 αὐτὸν
2890 5308 3143 5362 ἐκϐαλεῖν
3177 5312 3516 5382 ἐπεχείρουν.

1925 5387 2035 5438 Kal
2087 5389 2135 5439 οί
2182 5388 2282 5455 μὲν
2326 5389 2546 5460 ἢσθιον,
2591 5391 2682 5443 τὸν
2732 5392 2788 5444 δὲ
2823 5391 3051 5460 ἀδελφὸν
3088 5395 3406 5466 περιεώρων
3460 5400 3520 5449 ἐν

1922 5467 2114 5536 λάκκῳ
2144 5473 2350 5540 γυμνὸν
2384 5473 2737 5544 ἐρριμμένον.
2762 5475 2826 5527 Τί
2857 5476 3062 5547 ταύτης
3093 5478 3190 5548 τῆς
3225 5479 3518 5550 θηριωδίας

1987 5611 2014 5650 δ
2045 5611 2132 5677 lljc
2153 5611 2441 5677 μιγρὸιζκυχος
2469 5617 2541 5677 (ξεῖ
2570 5611 2852 5677 iracundus,
2877 5613 3091 5672 rixosus,
3136 5621 3187 5677 ιη
3224 5617 3516 5677 μικροψυχία

1922 5677 2050 5748 {algu}!
2081 5674 2268 5726 l’alrc‘s,
2295 5673 2425 5728 rixa,
2452 5673 2691 5729 simultas,
2743 5679 2868 5744 sicut
2899 5679 3085 5748 ’μεθείω
3123 5673 3512 5748 οὴὶὸζιἐι’ἱἰη⁷ιις.

1926 5734 2109 5782 Ιιήιιυιιι
2157 5746 2330 5781 υηιιιιτε
2373 5748 2499 5792 [unus
2551 5739 2842 5795 lllih.lll,)$ll‘l
2891 5734 3140 5795 ἆμύνηται.
3195 5737 3322 5785 Edili
3385 5743 3512 5785 mulo.

1922 5798 2161 5853 αμυνίτκι.
2208 5798 2256 5856 γε
2297 5795 2387 5840 λιιι
2443 5794 2603 5840 αὐτοὶ
2681 5797 2764 5842 ’Λν
2812 5794 2963 5843 τοίνυν
3004 5797 3152 5846 ταῦτα
3202 5801 3282 5856 μή.
3351 5799 3376 5835 ιί
3416 5803 3514 5850 Alli

1923 5859 2091 5918 τούτῳ.
2167 5855 2273 5907 ‘Il-zt
2299 5857 2446 5906 Sani.
2485 5856 2580 5907 ,λιιι
2610 5863 2660 5907 cl
2689 5856 2855 5908 Μητρὶ.
2890 5862 2996 5920 παρ’
3036 5859 3179 5908 αὐιοῦ
3207 5877 3294 5908 που
3322 5861 3512 5920 δίειμι·

1923 5934 2009 5968 νομ
