  <div class='ocr_page' id='page_1' title='image "/cluster/home/n/w/nwhite01/storage/ocr_20150623/59/ien.35556001660869/396.png"; bbox 0 0 4040 6424; ppageno 0'>
   <div class='ocr_carea' id='block_1_1' title="bbox 142 377 247 434">
    <p class='ocr_par' dir='ltr' id='par_1_1' title="bbox 142 377 247 434">
     <span class='ocr_line' id='line_1_1' title="bbox 142 377 247 434; baseline 0 -1"><span class='ocrx_word' id='word_1_1' title='bbox 142 377 247 434; x_wconf 71' lang='lat'><strong>389</strong></span> 
     </span>
    </p>
   </div>
   <div class='ocr_carea' id='block_1_2' title="bbox 140 469 1752 562">
    <p class='ocr_par' dir='ltr' id='par_1_2' title="bbox 140 469 1752 562">
     <span class='ocr_line' id='line_1_2' title="bbox 140 469 1752 562; baseline -0.017 -15"><span class='ocrx_word' id='word_1_2' title='bbox 140 502 270 562; x_wconf 88' lang='lat' dir='ltr'><strong>quot</strong></span> <span class='ocrx_word' id='word_1_3' title='bbox 298 490 377 545; x_wconf 84' lang='lat' dir='ltr'><strong>illi</strong></span> <span class='ocrx_word' id='word_1_4' title='bbox 409 483 703 545; x_wconf 82' lang='lat' dir='ltr'><strong>homicidis</strong></span> <span class='ocrx_word' id='word_1_5' title='bbox 752 496 859 536; x_wconf 91' lang='lat' dir='ltr'><strong>non</strong></span> <span class='ocrx_word' id='word_1_6' title='bbox 895 477 1239 533; x_wconf 90' lang='lat' dir='ltr'><strong>immaniores</strong></span> <span class='ocrx_word' id='word_1_7' title='bbox 1268 472 1464 529; x_wconf 83' lang='lat' dir='ltr'><strong>erant?</strong></span> <span class='ocrx_word' id='word_1_8' title='bbox 1488 469 1752 562; x_wconf 77' lang='lat' dir='ltr'><strong>Eductam</strong></span> 
     </span>
    </p>
   </div>
   <div class='ocr_carea' id='block_1_3' title="bbox 141 561 1754 658">
    <p class='ocr_par' dir='ltr' id='par_1_3' title="bbox 141 561 1754 658">
     <span class='ocr_line' id='line_1_3' title="bbox 141 561 1754 658; baseline -0.015 -19"><span class='ocrx_word' id='word_1_9' title='bbox 141 594 331 658; x_wconf 80' lang='lat' dir='ltr'><strong>postea</strong></span> <span class='ocrx_word' id='word_1_10' title='bbox 369 580 532 635; x_wconf 88' lang='lat' dir='ltr'><strong>illum</strong></span> <span class='ocrx_word' id='word_1_11' title='bbox 560 576 708 632; x_wconf 90' lang='lat' dir='ltr'><strong>mille</strong></span> <span class='ocrx_word' id='word_1_12' title='bbox 736 572 997 628; x_wconf 77' lang='lat' dir='ltr'><strong>mortibus</strong></span> <span class='ocrx_word' id='word_1_13' title='bbox 1028 568 1382 632; x_wconf 85' lang='lat' dir='ltr'><strong>tradiderunt,</strong></span> <span class='ocrx_word' id='word_1_14' title='bbox 1569 561 1754 658; x_wconf 74' lang='lat' dir='ltr'><strong>vendi-</strong></span> 
     </span>
    </p>
   </div>
   <div class='ocr_carea' id='block_1_4' title="bbox 139 654 1752 731">
    <p class='ocr_par' dir='ltr' id='par_1_4' title="bbox 139 654 1752 731">
     <span class='ocr_line' id='line_1_4' title="bbox 139 654 1752 731; baseline -0.015 0"><span class='ocrx_word' id='word_1_15' title='bbox 139 654 338 731; x_wconf 83' lang='lat' dir='ltr'><strong>derunt</strong></span> <span class='ocrx_word' id='word_1_16' title='bbox 364 669 619 725; x_wconf 84' lang='lat' dir='ltr'><strong>barbaris</strong></span> <span class='ocrx_word' id='word_1_17' title='bbox 643 677 697 722; x_wconf 86' lang='lat' dir='ltr'><strong>et</strong></span> <span class='ocrx_word' id='word_1_18' title='bbox 723 665 850 721; x_wconf 85' lang='lat' dir='ltr'><strong>feris</strong></span> <span class='ocrx_word' id='word_1_19' title='bbox 878 661 1201 722; x_wconf 87' lang='lat' dir='ltr'><strong>hominibus,</strong></span> <span class='ocrx_word' id='word_1_20' title='bbox 1260 658 1349 729; x_wconf 98' lang='lat' dir='ltr'><strong>qui</strong></span> <span class='ocrx_word' id='word_1_21' title='bbox 1382 657 1448 711; x_wconf 89' lang='lat' dir='ltr'><strong>ad</strong></span> <span class='ocrx_word' id='word_1_22' title='bbox 1493 654 1752 709; x_wconf 84' lang='lat' dir='ltr'><strong>barbaros</strong></span> 
     </span>
    </p>
   </div>
   <div class='ocr_carea' id='block_1_5' title="bbox 142 748 1803 835">
    <p class='ocr_par' dir='ltr' id='par_1_5' title="bbox 142 748 1803 835">
     <span class='ocr_line' id='line_1_5' title="bbox 142 748 1803 835; baseline -0.013 -15"><span class='ocrx_word' id='word_1_23' title='bbox 142 762 652 835; x_wconf 85' lang='lat' dir='ltr'><strong>proficiscebantur.</strong></span> <span class='ocrx_word' id='word_1_24' title='bbox 674 758 870 813; x_wconf 82' lang='lat' dir='ltr'><strong>Verum</strong></span> <span class='ocrx_word' id='word_1_25' title='bbox 903 754 992 808; x_wconf 90' lang='lat' dir='ltr'><strong>ille</strong></span> <span class='ocrx_word' id='word_1_26' title='bbox 1019 750 1234 824; x_wconf 81' lang='lat' dir='ltr'><strong>quando</strong></span> <span class='ocrx_word' id='word_1_27' title='bbox 1265 764 1356 805; x_wconf 88' lang='lat' dir='ltr'><strong>rex</strong></span> <span class='ocrx_word' id='word_1_28' title='bbox 1383 748 1604 823; x_wconf 56' lang='lat' dir='ltr'><strong>effectus</strong></span> <span class='ocrx_word' id='word_1_29' title='bbox 1644 755 1750 811; x_wconf 92' lang='lat' dir='ltr'><strong>est,</strong></span> <span class='ocrx_word' id='word_1_30' title='bbox 1800 780 1803 791; x_wconf 51' lang='grc' dir='ltr'><strong><em>ι</em></strong></span> 
     </span>
    </p>
   </div>
   <div class='ocr_carea' id='block_1_6' title="bbox 140 837 1753 913">
    <p class='ocr_par' dir='ltr' id='par_1_6' title="bbox 140 837 1753 913">
     <span class='ocr_line' id='line_1_6' title="bbox 140 837 1753 913; baseline -0.015 0"><span class='ocrx_word' id='word_1_31' title='bbox 140 872 247 913; x_wconf 91' lang='lat' dir='ltr'><strong>non</strong></span> <span class='ocrx_word' id='word_1_32' title='bbox 272 855 444 910; x_wconf 88' lang='lat' dir='ltr'><strong>modo</strong></span> <span class='ocrx_word' id='word_1_33' title='bbox 474 871 582 909; x_wconf 85' lang='lat' dir='ltr'><strong>non</strong></span> <span class='ocrx_word' id='word_1_34' title='bbox 615 852 755 907; x_wconf 87' lang='lat' dir='ltr'><strong>ultus</strong></span> <span class='ocrx_word' id='word_1_35' title='bbox 778 849 895 902; x_wconf 90' lang='lat' dir='ltr'><strong>illos</strong></span> <span class='ocrx_word' id='word_1_36' title='bbox 916 857 1019 911; x_wconf 88' lang='lat' dir='ltr'><strong>est,</strong></span> <span class='ocrx_word' id='word_1_37' title='bbox 1049 844 1144 901; x_wconf 89' lang='lat' dir='ltr'><strong>sed</strong></span> <span class='ocrx_word' id='word_1_38' title='bbox 1167 844 1328 898; x_wconf 89' lang='lat' dir='ltr'><strong>etiam</strong></span> <span class='ocrx_word' id='word_1_39' title='bbox 1354 855 1381 893; x_wconf 87' lang='lat' dir='ltr'><strong>a</strong></span> <span class='ocrx_word' id='word_1_40' title='bbox 1411 850 1633 909; x_wconf 85' lang='lat' dir='ltr'><strong>peccato</strong></span> <span class='ocrx_word' id='word_1_41' title='bbox 1688 837 1753 889; x_wconf 82' lang='lat' dir='ltr'><strong>il-</strong></span> 
     </span>
    </p>
   </div>
   <div class='ocr_carea' id='block_1_7' title="bbox 140 933 1751 1030">
    <p class='ocr_par' dir='ltr' id='par_1_7' title="bbox 140 933 1751 1030">
     <span class='ocr_line' id='line_1_7' title="bbox 140 933 1751 1030; baseline -0.014 -27"><span class='ocrx_word' id='word_1_42' title='bbox 140 951 245 1015; x_wconf 87' lang='lat' dir='ltr'><strong>los,</strong></span> <span class='ocrx_word' id='word_1_43' title='bbox 273 954 550 1018; x_wconf 87' lang='lat' dir='ltr'><strong>quantum</strong></span> <span class='ocrx_word' id='word_1_44' title='bbox 580 947 634 997; x_wconf 90' lang='lat' dir='ltr'><strong>in</strong></span> <span class='ocrx_word' id='word_1_45' title='bbox 664 945 778 1013; x_wconf 75' lang='lat' dir='ltr'><strong>ipso</strong></span> <span class='ocrx_word' id='word_1_46' title='bbox 798 948 934 1002; x_wconf 89' lang='lat' dir='ltr'><strong>erat,</strong></span> <span class='ocrx_word' id='word_1_47' title='bbox 966 935 1227 999; x_wconf 85' lang='lat' dir='ltr'><strong>liberavit,</strong></span> <span class='ocrx_word' id='word_1_48' title='bbox 1250 933 1376 986; x_wconf 90' lang='lat' dir='ltr'><strong>dum</strong></span> <span class='ocrx_word' id='word_1_49' title='bbox 1405 946 1521 985; x_wconf 88' lang='lat' dir='ltr'><strong>rem</strong></span> <span class='ocrx_word' id='word_1_50' title='bbox 1547 937 1751 1030; x_wconf 70' lang='lat' dir='ltr'><strong>gestam</strong></span> 
     </span>
    </p>
   </div>
   <div class='ocr_carea' id='block_1_8' title="bbox 147 1025 1746 1124">
    <p class='ocr_par' dir='ltr' id='par_1_8' title="bbox 147 1025 1746 1124">
     <span class='ocr_line' id='line_1_8' title="bbox 147 1025 1746 1124; baseline -0.016 -28"><span class='ocrx_word' id='word_1_51' title='bbox 147 1041 235 1095; x_wconf 83' lang='lat' dir='ltr'><strong>Dei</strong></span> <span class='ocrx_word' id='word_1_52' title='bbox 288 1038 697 1111; x_wconf 74' lang='lat' dir='ltr'><strong>providentiam</strong></span> <span class='ocrx_word' id='word_1_53' title='bbox 747 1030 973 1092; x_wconf 87' lang='lat' dir='ltr'><strong>vocavit,</strong></span> <span class='ocrx_word' id='word_1_54' title='bbox 1031 1042 1138 1081; x_wconf 92' lang='lat' dir='ltr'><strong>non</strong></span> <span class='ocrx_word' id='word_1_55' title='bbox 1182 1025 1394 1079; x_wconf 90' lang='lat' dir='ltr'><strong>illorum</strong></span> <span class='ocrx_word' id='word_1_56' title='bbox 1437 1025 1746 1124; x_wconf 73' lang='lat' dir='ltr'><strong>nequitiam.</strong></span> 
     </span>
    </p>
   </div>
   <div class='ocr_carea' id='block_1_9' title="bbox 144 1114 1755 1211">
    <p class='ocr_par' dir='ltr' id='par_1_9' title="bbox 144 1114 1755 1211">
     <span class='ocr_line' id='line_1_9' title="bbox 144 1114 1755 1211; baseline -0.016 -23"><span class='ocrx_word' id='word_1_57' title='bbox 144 1133 273 1200; x_wconf 63' lang='lat' dir='ltr'><strong>Quae</strong></span> <span class='ocrx_word' id='word_1_58' title='bbox 304 1147 442 1185; x_wconf 84' lang='lat' dir='ltr'><strong>vero</strong></span> <span class='ocrx_word' id='word_1_59' title='bbox 474 1138 662 1184; x_wconf 87' lang='lat' dir='ltr'><strong>contra</strong></span> <span class='ocrx_word' id='word_1_60' title='bbox 694 1126 813 1179; x_wconf 87' lang='lat' dir='ltr'><strong>illos</strong></span> <span class='ocrx_word' id='word_1_61' title='bbox 841 1115 997 1185; x_wconf 86' lang='lat' dir='ltr'><strong>fecit,</strong></span> <span class='ocrx_word' id='word_1_62' title='bbox 1030 1134 1137 1173; x_wconf 90' lang='lat' dir='ltr'><strong>non</strong></span> <span class='ocrx_word' id='word_1_63' title='bbox 1181 1114 1503 1211; x_wconf 66' lang='lat' dir='ltr'><strong>ulciscenda:</strong></span> <span class='ocrx_word' id='word_1_64' title='bbox 1545 1114 1755 1211; x_wconf 45' lang='lat' dir='ltr'><strong>injuri-ai</strong></span> 
     </span>
    </p>
   </div>
   <div class='ocr_carea' id='block_1_10' title="bbox 144 1199 1752 1288">
    <p class='ocr_par' dir='ltr' id='par_1_10' title="bbox 144 1199 1752 1288">
     <span class='ocr_line' id='line_1_10' title="bbox 144 1199 1752 1288; baseline -0.014 -13"><span class='ocrx_word' id='word_1_65' title='bbox 144 1199 348 1285; x_wconf 83' lang='lat' dir='ltr'><strong>animo,</strong></span> <span class='ocrx_word' id='word_1_66' title='bbox 384 1219 487 1275; x_wconf 87' lang='lat' dir='ltr'><strong>sed</strong></span> <span class='ocrx_word' id='word_1_67' title='bbox 516 1233 613 1288; x_wconf 88' lang='lat' dir='ltr'><strong>pro</strong></span> <span class='ocrx_word' id='word_1_68' title='bbox 642 1218 803 1270; x_wconf 84' lang='lat' dir='ltr'><strong>fratre</strong></span> <span class='ocrx_word' id='word_1_69' title='bbox 832 1214 917 1267; x_wconf 91' lang='lat' dir='ltr'><strong>illa</strong></span> <span class='ocrx_word' id='word_1_70' title='bbox 942 1208 1233 1266; x_wconf 87' lang='lat' dir='ltr'><strong>simulavit.</strong></span> <span class='ocrx_word' id='word_1_71' title='bbox 1264 1206 1456 1269; x_wconf 84' lang='lat' dir='ltr'><strong>Postea</strong></span> <span class='ocrx_word' id='word_1_72' title='bbox 1494 1217 1626 1255; x_wconf 89' lang='lat' dir='ltr'><strong>vero</strong></span> <span class='ocrx_word' id='word_1_73' title='bbox 1643 1199 1752 1253; x_wconf 63' lang='lat' dir='ltr'><strong>«ibi</strong></span> 
     </span>
    </p>
   </div>
   <div class='ocr_carea' id='block_1_11' title="bbox 145 1294 1748 1366">
    <p class='ocr_par' dir='ltr' id='par_1_11' title="bbox 145 1294 1748 1366">
     <span class='ocr_line' id='line_1_11' title="bbox 145 1294 1748 1366; baseline -0.013 -3"><span class='ocrx_word' id='word_1_74' title='bbox 145 1312 277 1365; x_wconf 84' lang='lat' dir='ltr'><strong>vidit</strong></span> <span class='ocrx_word' id='word_1_75' title='bbox 298 1311 425 1364; x_wconf 91' lang='lat' dir='ltr'><strong>illos</strong></span> <span class='ocrx_word' id='word_1_76' title='bbox 450 1310 675 1363; x_wconf 89' lang='lat' dir='ltr'><strong>fratrem</strong></span> <span class='ocrx_word' id='word_1_77' title='bbox 704 1320 860 1360; x_wconf 92' lang='lat' dir='ltr'><strong>suum</strong></span> <span class='ocrx_word' id='word_1_78' title='bbox 902 1300 1214 1363; x_wconf 78' lang='lat' dir='ltr'><strong>defendere,</strong></span> <span class='ocrx_word' id='word_1_79' title='bbox 1248 1296 1419 1366; x_wconf 83' lang='lat' dir='ltr'><strong>posita</strong></span> <span class='ocrx_word' id='word_1_80' title='bbox 1445 1294 1612 1357; x_wconf 79' lang='lat' dir='ltr'><strong>larva,</strong></span> <span class='ocrx_word' id='word_1_81' title='bbox 1646 1299 1748 1345; x_wconf 85' lang='lat' dir='ltr'><strong>sta-</strong></span> 
     </span>
    </p>
   </div>
   <div class='ocr_carea' id='block_1_12' title="bbox 145 1381 1751 1464">
    <p class='ocr_par' dir='ltr' id='par_1_12' title="bbox 145 1381 1751 1464">
     <span class='ocr_line' id='line_1_12' title="bbox 145 1381 1751 1464; baseline -0.014 -6"><span class='ocrx_word' id='word_1_82' title='bbox 145 1404 236 1458; x_wconf 89' lang='lat' dir='ltr'><strong>tim</strong></span> <span class='ocrx_word' id='word_1_83' title='bbox 270 1402 614 1457; x_wconf 81' lang='lat' dir='ltr'><strong>lamentatus</strong></span> <span class='ocrx_word' id='word_1_84' title='bbox 637 1405 739 1463; x_wconf 89' lang='lat' dir='ltr'><strong>est,</strong></span> <span class='ocrx_word' id='word_1_85' title='bbox 768 1394 1209 1464; x_wconf 82' lang='lat' dir='ltr'><strong>amplexatusque</strong></span> <span class='ocrx_word' id='word_1_86' title='bbox 1236 1397 1317 1443; x_wconf 90' lang='lat' dir='ltr'><strong>est</strong></span> <span class='ocrx_word' id='word_1_87' title='bbox 1351 1385 1491 1450; x_wconf 89' lang='lat' dir='ltr'><strong>illos,</strong></span> <span class='ocrx_word' id='word_1_88' title='bbox 1525 1398 1589 1437; x_wconf 85' lang='lat' dir='ltr'><strong>ac</strong></span> <span class='ocrx_word' id='word_1_89' title='bbox 1612 1382 1657 1435; x_wconf 85' lang='lat' dir='ltr'><strong>si</strong></span> <span class='ocrx_word' id='word_1_90' title='bbox 1685 1381 1751 1435; x_wconf 87' lang='lat' dir='ltr'><strong>ab</strong></span> 
     </span>
    </p>
   </div>
   <div class='ocr_carea' id='block_1_13' title="bbox 143 1472 1751 1556">
    <p class='ocr_par' dir='ltr' id='par_1_13' title="bbox 143 1472 1751 1556">
     <span class='ocr_line' id='line_1_13' title="bbox 143 1472 1751 1556; baseline -0.017 -7"><span class='ocrx_word' id='word_1_91' title='bbox 143 1496 221 1550; x_wconf 89' lang='lat' dir='ltr'><strong>eis</strong></span> <span class='ocrx_word' id='word_1_92' title='bbox 242 1509 360 1550; x_wconf 76' lang='lat' dir='ltr'><strong>mae</strong></span> <span class='ocrx_word' id='word_1_93' title='bbox 374 1509 444 1547; x_wconf 87' lang='lat' dir='ltr'><strong>na</strong></span> <span class='ocrx_word' id='word_1_94' title='bbox 484 1489 742 1546; x_wconf 89' lang='lat' dir='ltr'><strong>beneficia</strong></span> <span class='ocrx_word' id='word_1_95' title='bbox 776 1485 1092 1556; x_wconf 76' lang='lat' dir='ltr'><strong>accepisset,</strong></span> <span class='ocrx_word' id='word_1_96' title='bbox 1115 1480 1204 1551; x_wconf 90' lang='lat' dir='ltr'><strong>qui</strong></span> <span class='ocrx_word' id='word_1_97' title='bbox 1231 1478 1365 1550; x_wconf 85' lang='lat' dir='ltr'><strong>pene</strong></span> <span class='ocrx_word' id='word_1_98' title='bbox 1386 1476 1453 1529; x_wconf 88' lang='lat' dir='ltr'><strong>ab</strong></span> <span class='ocrx_word' id='word_1_99' title='bbox 1492 1474 1598 1529; x_wconf 88' lang='lat' dir='ltr'><strong>illis</strong></span> <span class='ocrx_word' id='word_1_100' title='bbox 1625 1472 1751 1524; x_wconf 90' lang='lat' dir='ltr'><strong>olim</strong></span> 
     </span>
    </p>
   </div>
   <div class='ocr_carea' id='block_1_14' title="bbox 146 1567 1753 1655">
    <p class='ocr_par' dir='ltr' id='par_1_14' title="bbox 146 1567 1753 1655">
     <span class='ocr_line' id='line_1_14' title="bbox 146 1567 1753 1655; baseline -0.015 -16"><span class='ocrx_word' id='word_1_101' title='bbox 146 1587 513 1655; x_wconf 75' lang='lat' dir='ltr'><strong>interemptus</strong></span> <span class='ocrx_word' id='word_1_102' title='bbox 564 1582 731 1637; x_wconf 80' lang='lat' dir='ltr'><strong>fuerat</strong></span> <span class='ocrx_word' id='word_1_103' title='bbox 764 1599 777 1634; x_wconf 91' lang='lat'><strong>:</strong></span> <span class='ocrx_word' id='word_1_104' title='bbox 810 1588 970 1649; x_wconf 90' lang='lat' dir='ltr'><strong>atque</strong></span> <span class='ocrx_word' id='word_1_105' title='bbox 1014 1575 1135 1630; x_wconf 87' lang='lat' dir='ltr'><strong>illos</strong></span> <span class='ocrx_word' id='word_1_106' title='bbox 1165 1586 1354 1627; x_wconf 89' lang='lat' dir='ltr'><strong>omnes</strong></span> <span class='ocrx_word' id='word_1_107' title='bbox 1382 1570 1433 1623; x_wconf 91' lang='lat' dir='ltr'><strong>in</strong></span> <span class='ocrx_word' id='word_1_108' title='bbox 1460 1567 1753 1637; x_wconf 62' lang='lat' dir='ltr'><strong>Egyptum</strong></span> 
     </span>
    </p>
   </div>
   <div class='ocr_carea' id='block_1_15' title="bbox 144 1660 1753 1744">
    <p class='ocr_par' dir='ltr' id='par_1_15' title="bbox 144 1660 1753 1744">
     <span class='ocr_line' id='line_1_15' title="bbox 144 1660 1753 1744; baseline -0.018 -10"><span class='ocrx_word' id='word_1_109' title='bbox 144 1678 402 1743; x_wconf 82' lang='lat' dir='ltr'><strong>deduxit,</strong></span> <span class='ocrx_word' id='word_1_110' title='bbox 439 1676 695 1744; x_wconf 74' lang='lat' dir='ltr'><strong>milleque</strong></span> <span class='ocrx_word' id='word_1_111' title='bbox 739 1667 1010 1726; x_wconf 88' lang='lat' dir='ltr'><strong>beneficiis</strong></span> <span class='ocrx_word' id='word_1_112' title='bbox 1057 1662 1369 1720; x_wconf 80' lang='lat' dir='ltr'><strong>cumulavit.</strong></span> <span class='ocrx_word' id='word_1_113' title='bbox 1424 1660 1594 1728; x_wconf 89' lang='lat' dir='ltr'><strong>Quam</strong></span> <span class='ocrx_word' id='word_1_114' title='bbox 1625 1669 1753 1724; x_wconf 85' lang='lat' dir='ltr'><strong>ergo</strong></span> 
     </span>
    </p>
   </div>
   <div class='ocr_carea' id='block_1_16' title="bbox 1161 352 2433 419">
    <p class='ocr_par' dir='ltr' id='par_1_16' title="bbox 1161 352 2433 419">
     <span class='ocr_line' id='line_1_16' title="bbox 1161 352 2433 419; baseline -0.009 1"><span class='ocrx_word' id='word_1_115' title='bbox 1161 364 1222 419; x_wconf 82' lang='grc' dir='ltr'><strong>ΙΝ</strong></span> <span class='ocrx_word' id='word_1_116' title='bbox 1260 359 1571 419; x_wconf 64' lang='grc' dir='ltr'><strong>ιοΑΝΝΕΜ</strong></span> <span class='ocrx_word' id='word_1_117' title='bbox 1605 355 1838 413; x_wconf 68' lang='lat' dir='ltr'><strong>llOlllL.</strong></span> <span class='ocrx_word' id='word_1_118' title='bbox 1879 352 2091 411; x_wconf 76' lang='lat' dir='ltr'><strong>LXXII.</strong></span> <span class='ocrx_word' id='word_1_119' title='bbox 2133 353 2201 407; x_wconf 89' lang='lat' dir='ltr'><strong>al.</strong></span> <span class='ocrx_word' id='word_1_120' title='bbox 2243 352 2433 409; x_wconf 71' lang='lat' dir='ltr'><strong>LXXI.</strong></span> 
     </span>
    </p>
   </div>
   <div class='ocr_carea' id='block_1_17' title="bbox 3364 363 3466 421">
    <p class='ocr_par' dir='ltr' id='par_1_17' title="bbox 3364 363 3466 421">
     <span class='ocr_line' id='line_1_17' title="bbox 3364 363 3466 421; baseline 0.039 -4"><span class='ocrx_word' id='word_1_121' title='bbox 3364 363 3466 421; x_wconf 77' lang='grc'><strong>590</strong></span> 
     </span>
    </p>
   </div>
   <div class='ocr_carea' id='block_1_18' title="bbox 1864 466 3464 546">
    <p class='ocr_par' dir='ltr' id='par_1_18' title="bbox 1864 466 3464 546">
     <span class='ocr_line' id='line_1_18' title="bbox 1864 466 3464 546; baseline 0.008 -26"><span class='ocrx_word' id='word_1_122' title='bbox 1864 466 2230 521; x_wconf 82' lang='lat' dir='ltr'><strong>defensionem</strong></span> <span class='ocrx_word' id='word_1_123' title='bbox 2259 467 2594 535; x_wconf 81' lang='lat' dir='ltr'><strong>habebimus,</strong></span> <span class='ocrx_word' id='word_1_124' title='bbox 2623 469 2713 541; x_wconf 89' lang='lat' dir='ltr'><strong>qui</strong></span> <span class='ocrx_word' id='word_1_125' title='bbox 2745 480 2861 541; x_wconf 88' lang='lat' dir='ltr'><strong>post</strong></span> <span class='ocrx_word' id='word_1_126' title='bbox 2910 471 3086 544; x_wconf 87' lang='lat' dir='ltr'><strong>legem</strong></span> <span class='ocrx_word' id='word_1_127' title='bbox 3129 484 3185 531; x_wconf 91' lang='lat' dir='ltr'><strong>et</strong></span> <span class='ocrx_word' id='word_1_128' title='bbox 3211 476 3464 546; x_wconf 75' lang='lat' dir='ltr'><strong>gratiam,</strong></span> 
     </span>
    </p>
   </div>
   <div class='ocr_carea' id='block_1_19' title="bbox 1864 562 3467 641">
    <p class='ocr_par' dir='ltr' id='par_1_19' title="bbox 1864 562 3467 641">
     <span class='ocr_line' id='line_1_19' title="bbox 1864 562 3467 641; baseline 0.009 -31"><span class='ocrx_word' id='word_1_129' title='bbox 1864 570 1985 630; x_wconf 90' lang='lat' dir='ltr'><strong>post</strong></span> <span class='ocrx_word' id='word_1_130' title='bbox 2032 569 2235 615; x_wconf 83' lang='lat' dir='ltr'><strong>tantum</strong></span> <span class='ocrx_word' id='word_1_131' title='bbox 2267 562 2621 632; x_wconf 59' lang='lat' dir='ltr'><strong>philosophiae</strong></span> <span class='ocrx_word' id='word_1_132' title='bbox 2666 574 3036 636; x_wconf 78' lang='lat' dir='ltr'><strong>augmentum,</strong></span> <span class='ocrx_word' id='word_1_133' title='bbox 3069 582 3137 623; x_wconf 89' lang='lat' dir='ltr'><strong>ne</strong></span> <span class='ocrx_word' id='word_1_134' title='bbox 3168 569 3319 626; x_wconf 90' lang='lat' dir='ltr'><strong>illum</strong></span> <span class='ocrx_word' id='word_1_135' title='bbox 3346 572 3467 641; x_wconf 90' lang='lat' dir='ltr'><strong>qui-</strong></span> 
     </span>
    </p>
   </div>
   <div class='ocr_carea' id='block_1_20' title="bbox 1863 650 3467 732">
    <p class='ocr_par' dir='ltr' id='par_1_20' title="bbox 1863 650 3467 732">
     <span class='ocr_line' id='line_1_20' title="bbox 1863 650 3467 732; baseline 0.008 -28"><span class='ocrx_word' id='word_1_136' title='bbox 1863 650 1986 705; x_wconf 80' lang='lat' dir='ltr'><strong>dem</strong></span> <span class='ocrx_word' id='word_1_137' title='bbox 2015 651 2101 720; x_wconf 92' lang='lat' dir='ltr'><strong>qui</strong></span> <span class='ocrx_word' id='word_1_138' title='bbox 2128 662 2253 708; x_wconf 83' lang='lat' dir='ltr'><strong>ante</strong></span> <span class='ocrx_word' id='word_1_139' title='bbox 2298 652 2471 724; x_wconf 89' lang='lat' dir='ltr'><strong>legem</strong></span> <span class='ocrx_word' id='word_1_140' title='bbox 2500 662 2554 708; x_wconf 89' lang='lat' dir='ltr'><strong>et</strong></span> <span class='ocrx_word' id='word_1_141' title='bbox 2578 656 2804 725; x_wconf 84' lang='lat' dir='ltr'><strong>gratiam</strong></span> <span class='ocrx_word' id='word_1_142' title='bbox 2839 656 2939 711; x_wconf 91' lang='lat' dir='ltr'><strong>fuit</strong></span> <span class='ocrx_word' id='word_1_143' title='bbox 2982 658 3297 716; x_wconf 77' lang='lat' dir='ltr'><strong>imitamur?</strong></span> <span class='ocrx_word' id='word_1_144' title='bbox 3345 663 3467 732; x_wconf 85' lang='lat' dir='ltr'><strong>quis</strong></span> 
     </span>
    </p>
   </div>
   <div class='ocr_carea' id='block_1_21' title="bbox 1863 743 3467 822">
    <p class='ocr_par' dir='ltr' id='par_1_21' title="bbox 1863 743 3467 822">
     <span class='ocr_line' id='line_1_21' title="bbox 1863 743 3467 822; baseline 0.009 -27"><span class='ocrx_word' id='word_1_145' title='bbox 1863 756 1963 795; x_wconf 89' lang='lat' dir='ltr'><strong>nos</strong></span> <span class='ocrx_word' id='word_1_146' title='bbox 1988 756 2016 795; x_wconf 87' lang='lat' dir='ltr'><strong>a</strong></span> <span class='ocrx_word' id='word_1_147' title='bbox 2047 743 2310 812; x_wconf 89' lang='lat' dir='ltr'><strong>supplicio</strong></span> <span class='ocrx_word' id='word_1_148' title='bbox 2351 744 2589 799; x_wconf 76' lang='lat' dir='ltr'><strong>eximet?</strong></span> <span class='ocrx_word' id='word_1_149' title='bbox 2614 745 2759 801; x_wconf 86' lang='lat' dir='ltr'><strong>Nihil</strong></span> <span class='ocrx_word' id='word_1_150' title='bbox 2801 757 2881 803; x_wconf 89' lang='lat' dir='ltr'><strong>est</strong></span> <span class='ocrx_word' id='word_1_151' title='bbox 2912 750 3079 817; x_wconf 90' lang='lat' dir='ltr'><strong>enim,</strong></span> <span class='ocrx_word' id='word_1_152' title='bbox 3112 752 3296 822; x_wconf 84' lang='lat' dir='ltr'><strong>utique</strong></span> <span class='ocrx_word' id='word_1_153' title='bbox 3333 754 3467 814; x_wconf 84' lang='lat' dir='ltr'><strong>nihil</strong></span> 
     </span>
    </p>
   </div>
   <div class='ocr_carea' id='block_1_22' title="bbox 1862 832 3462 901">
    <p class='ocr_par' dir='ltr' id='par_1_22' title="bbox 1862 832 3462 901">
     <span class='ocr_line' id='line_1_22' title="bbox 1862 832 3462 901; baseline 0.01 -16"><span class='ocrx_word' id='word_1_154' title='bbox 1862 832 2097 885; x_wconf 78' lang='lat' dir='ltr'><strong>deterius</strong></span> <span class='ocrx_word' id='word_1_155' title='bbox 2145 834 2457 901; x_wconf 74' lang='lat' dir='ltr'><strong>iniuriarum</strong></span> <span class='ocrx_word' id='word_1_156' title='bbox 2503 838 2785 891; x_wconf 82' lang='lat' dir='ltr'><strong>memoria.</strong></span> <span class='ocrx_word' id='word_1_157' title='bbox 2834 838 2904 895; x_wconf 86' lang='lat' dir='ltr'><strong>Et</strong></span> <span class='ocrx_word' id='word_1_158' title='bbox 2953 841 3057 895; x_wconf 89' lang='lat' dir='ltr'><strong>hoc</strong></span> <span class='ocrx_word' id='word_1_159' title='bbox 3121 844 3462 901; x_wconf 88' lang='lat' dir='ltr'><strong>manifestum</strong></span> 
     </span>
    </p>
   </div>
   <div class='ocr_carea' id='block_1_23' title="bbox 1862 922 3463 1005">
    <p class='ocr_par' dir='ltr' id='par_1_23' title="bbox 1862 922 3463 1005">
     <span class='ocr_line' id='line_1_23' title="bbox 1862 922 3463 1005; baseline 0.011 -30"><span class='ocrx_word' id='word_1_160' title='bbox 1862 922 2094 976; x_wconf 79' lang='lat' dir='ltr'><strong>reddidit</strong></span> <span class='ocrx_word' id='word_1_161' title='bbox 2122 926 2168 979; x_wconf 92' lang='lat' dir='ltr'><strong>is</strong></span> <span class='ocrx_word' id='word_1_162' title='bbox 2201 926 2292 996; x_wconf 88' lang='lat' dir='ltr'><strong>qui</strong></span> <span class='ocrx_word' id='word_1_163' title='bbox 2322 925 2510 981; x_wconf 86' lang='lat' dir='ltr'><strong>decem</strong></span> <span class='ocrx_word' id='word_1_164' title='bbox 2542 928 2707 983; x_wconf 90' lang='lat' dir='ltr'><strong>millia</strong></span> <span class='ocrx_word' id='word_1_165' title='bbox 2752 932 2952 987; x_wconf 79' lang='lat' dir='ltr'><strong>talenta</strong></span> <span class='ocrx_word' id='word_1_166' title='bbox 2983 932 3214 990; x_wconf 85' lang='lat' dir='ltr'><strong>debebat</strong></span> <span class='ocrx_word' id='word_1_167' title='bbox 3243 933 3463 1005; x_wconf 77' lang='lat' dir='ltr'><strong>(Matth.</strong></span> 
     </span>
    </p>
   </div>
   <div class='ocr_carea' id='block_1_24' title="bbox 1864 1011 3458 1093">
    <p class='ocr_par' dir='ltr' id='par_1_24' title="bbox 1864 1011 3458 1093">
     <span class='ocr_line' id='line_1_24' title="bbox 1864 1011 3458 1093; baseline 0.012 -29"><span class='ocrx_word' id='word_1_168' title='bbox 1864 1011 1952 1066; x_wconf 76' lang='lat'><strong>18.</strong></span> <span class='ocrx_word' id='word_1_169' title='bbox 1998 1011 2113 1083; x_wconf 66' lang='grc'><strong>24),</strong></span> <span class='ocrx_word' id='word_1_170' title='bbox 2148 1016 2236 1083; x_wconf 89' lang='lat' dir='ltr'><strong>qui</strong></span> <span class='ocrx_word' id='word_1_171' title='bbox 2289 1016 2437 1084; x_wconf 89' lang='lat' dir='ltr'><strong>prius</strong></span> <span class='ocrx_word' id='word_1_172' title='bbox 2467 1016 2653 1080; x_wconf 77' lang='lat' dir='ltr'><strong>debito</strong></span> <span class='ocrx_word' id='word_1_173' title='bbox 2676 1020 2976 1086; x_wconf 87' lang='lat' dir='ltr'><strong>absolutus,</strong></span> <span class='ocrx_word' id='word_1_174' title='bbox 3010 1036 3199 1093; x_wconf 85' lang='lat' dir='ltr'><strong>postea</strong></span> <span class='ocrx_word' id='word_1_175' title='bbox 3232 1026 3299 1080; x_wconf 85' lang='lat' dir='ltr'><strong>ad</strong></span> <span class='ocrx_word' id='word_1_176' title='bbox 3340 1028 3458 1083; x_wconf 83' lang='lat' dir='ltr'><strong>sol-</strong></span> 
     </span>
    </p>
   </div>
   <div class='ocr_carea' id='block_1_25' title="bbox 1863 1103 3465 1184">
    <p class='ocr_par' dir='ltr' id='par_1_25' title="bbox 1863 1103 3465 1184">
     <span class='ocr_line' id='line_1_25' title="bbox 1863 1103 3465 1184; baseline 0.014 -30"><span class='ocrx_word' id='word_1_177' title='bbox 1863 1103 2098 1158; x_wconf 88' lang='lat' dir='ltr'><strong>vendum</strong></span> <span class='ocrx_word' id='word_1_178' title='bbox 2140 1116 2360 1162; x_wconf 88' lang='lat' dir='ltr'><strong>coactus</strong></span> <span class='ocrx_word' id='word_1_179' title='bbox 2390 1117 2503 1175; x_wconf 88' lang='lat' dir='ltr'><strong>est;</strong></span> <span class='ocrx_word' id='word_1_180' title='bbox 2535 1110 2833 1178; x_wconf 84' lang='lat' dir='ltr'><strong>absolutus,</strong></span> <span class='ocrx_word' id='word_1_181' title='bbox 2870 1129 2966 1184; x_wconf 90' lang='lat' dir='ltr'><strong>per</strong></span> <span class='ocrx_word' id='word_1_182' title='bbox 3012 1116 3106 1172; x_wconf 89' lang='lat' dir='ltr'><strong>Dei</strong></span> <span class='ocrx_word' id='word_1_183' title='bbox 3137 1110 3465 1175; x_wconf 71' lang='lat' dir='ltr'><strong>misericor—</strong></span> 
     </span>
    </p>
   </div>
   <div class='ocr_carea' id='block_1_26' title="bbox 1863 1194 3466 1282">
    <p class='ocr_par' dir='ltr' id='par_1_26' title="bbox 1863 1194 3466 1282">
     <span class='ocr_line' id='line_1_26' title="bbox 1863 1194 3466 1282; baseline 0.013 -33"><span class='ocrx_word' id='word_1_184' title='bbox 1863 1194 2006 1249; x_wconf 84' lang='lat' dir='ltr'><strong>diam</strong></span> <span class='ocrx_word' id='word_1_185' title='bbox 2024 1211 2038 1261; x_wconf 88' lang='lat'><strong>;</strong></span> <span class='ocrx_word' id='word_1_186' title='bbox 2058 1208 2275 1253; x_wconf 89' lang='lat' dir='ltr'><strong>coactus</strong></span> <span class='ocrx_word' id='word_1_187' title='bbox 2292 1216 2422 1255; x_wconf 86' lang='lat' dir='ltr'><strong>vero</strong></span> <span class='ocrx_word' id='word_1_188' title='bbox 2443 1216 2540 1271; x_wconf 87' lang='lat' dir='ltr'><strong>per</strong></span> <span class='ocrx_word' id='word_1_189' title='bbox 2554 1204 2826 1274; x_wconf 86' lang='lat' dir='ltr'><strong>propriam</strong></span> <span class='ocrx_word' id='word_1_190' title='bbox 2848 1208 3163 1277; x_wconf 87' lang='lat' dir='ltr'><strong>nequitiam,</strong></span> <span class='ocrx_word' id='word_1_191' title='bbox 3179 1213 3320 1282; x_wconf 90' lang='lat' dir='ltr'><strong>quod</strong></span> <span class='ocrx_word' id='word_1_192' title='bbox 3343 1229 3466 1269; x_wconf 86' lang='lat' dir='ltr'><strong>eon-</strong></span> 
     </span>
    </p>
   </div>
   <div class='ocr_carea' id='block_1_27' title="bbox 1863 1288 3461 1375">
    <p class='ocr_par' dir='ltr' id='par_1_27' title="bbox 1863 1288 3461 1375">
     <span class='ocr_line' id='line_1_27' title="bbox 1863 1288 3461 1375; baseline 0.014 -36"><span class='ocrx_word' id='word_1_193' title='bbox 1863 1299 2022 1340; x_wconf 71' lang='lat' dir='ltr'><strong>srrvo</strong></span> <span class='ocrx_word' id='word_1_194' title='bbox 2049 1302 2146 1341; x_wconf 90' lang='lat' dir='ltr'><strong>suo</strong></span> <span class='ocrx_word' id='word_1_195' title='bbox 2172 1288 2412 1346; x_wconf 90' lang='lat' dir='ltr'><strong>debitum</strong></span> <span class='ocrx_word' id='word_1_196' title='bbox 2454 1309 2559 1348; x_wconf 91' lang='lat' dir='ltr'><strong>non</strong></span> <span class='ocrx_word' id='word_1_197' title='bbox 2594 1297 2885 1351; x_wconf 90' lang='lat' dir='ltr'><strong>remiserit.</strong></span> <span class='ocrx_word' id='word_1_198' title='bbox 2911 1299 3116 1366; x_wconf 85' lang='lat' dir='ltr'><strong>Quibus</strong></span> <span class='ocrx_word' id='word_1_199' title='bbox 3144 1307 3461 1375; x_wconf 87' lang='lat' dir='ltr'><strong>perspectis,</strong></span> 
     </span>
    </p>
   </div>
   <div class='ocr_carea' id='block_1_28' title="bbox 1865 1379 3463 1468">
    <p class='ocr_par' dir='ltr' id='par_1_28' title="bbox 1865 1379 3463 1468">
     <span class='ocr_line' id='line_1_28' title="bbox 1865 1379 3463 1468; baseline 0.016 -39"><span class='ocrx_word' id='word_1_200' title='bbox 1865 1379 2113 1447; x_wconf 80' lang='lat' dir='ltr'><strong>proximo</strong></span> <span class='ocrx_word' id='word_1_201' title='bbox 2138 1392 2353 1450; x_wconf 87' lang='lat' dir='ltr'><strong>peccata</strong></span> <span class='ocrx_word' id='word_1_202' title='bbox 2386 1384 2741 1455; x_wconf 88' lang='lat' dir='ltr'><strong>dimittamus,</strong></span> <span class='ocrx_word' id='word_1_203' title='bbox 2768 1390 2878 1445; x_wconf 92' lang='lat' dir='ltr'><strong>imo</strong></span> <span class='ocrx_word' id='word_1_204' title='bbox 2904 1392 3181 1449; x_wconf 89' lang='lat' dir='ltr'><strong>beneficiis</strong></span> <span class='ocrx_word' id='word_1_205' title='bbox 3199 1396 3321 1451; x_wconf 88' lang='lat' dir='ltr'><strong>illos</strong></span> <span class='ocrx_word' id='word_1_206' title='bbox 3344 1414 3463 1468; x_wconf 82' lang='lat' dir='ltr'><strong>pro-</strong></span> 
     </span>
    </p>
   </div>
   <div class='ocr_carea' id='block_1_29' title="bbox 1862 1476 3465 1558">
    <p class='ocr_par' dir='ltr' id='par_1_29' title="bbox 1862 1476 3465 1558">
     <span class='ocr_line' id='line_1_29' title="bbox 1862 1476 3465 1558; baseline 0.014 -35"><span class='ocrx_word' id='word_1_207' title='bbox 1862 1485 2171 1539; x_wconf 75' lang='lat' dir='ltr'><strong>sequamur,</strong></span> <span class='ocrx_word' id='word_1_208' title='bbox 2205 1484 2263 1527; x_wconf 93' lang='lat' dir='ltr'><strong>nt</strong></span> <span class='ocrx_word' id='word_1_209' title='bbox 2288 1476 2711 1533; x_wconf 71' lang='lat' dir='ltr'><strong>misericordiam</strong></span> <span class='ocrx_word' id='word_1_210' title='bbox 2741 1481 2832 1536; x_wconf 90' lang='lat' dir='ltr'><strong>Dei</strong></span> <span class='ocrx_word' id='word_1_211' title='bbox 2861 1498 3277 1553; x_wconf 81' lang='lat' dir='ltr'><strong>consequamur,</strong></span> <span class='ocrx_word' id='word_1_212' title='bbox 3298 1491 3465 1558; x_wconf 89' lang='lat' dir='ltr'><strong>gratia</strong></span> 
     </span>
    </p>
   </div>
   <div class='ocr_carea' id='block_1_30' title="bbox 1863 1562 3467 1653">
    <p class='ocr_par' dir='ltr' id='par_1_30' title="bbox 1863 1562 3467 1653">
     <span class='ocr_line' id='line_1_30' title="bbox 1863 1562 3467 1653; baseline 0.014 -39"><span class='ocrx_word' id='word_1_213' title='bbox 1863 1572 1917 1614; x_wconf 91' lang='lat' dir='ltr'><strong>et</strong></span> <span class='ocrx_word' id='word_1_214' title='bbox 1945 1562 2272 1632; x_wconf 88' lang='lat' dir='ltr'><strong>benignitate</strong></span> <span class='ocrx_word' id='word_1_215' title='bbox 2301 1565 2511 1622; x_wconf 84' lang='lat' dir='ltr'><strong>Domini</strong></span> <span class='ocrx_word' id='word_1_216' title='bbox 2555 1571 2725 1626; x_wconf 85' lang='lat' dir='ltr'><strong>nostri</strong></span> <span class='ocrx_word' id='word_1_217' title='bbox 2769 1572 2897 1628; x_wconf 84' lang='lat' dir='ltr'><strong>Jesu</strong></span> <span class='ocrx_word' id='word_1_218' title='bbox 2928 1574 3150 1645; x_wconf 84' lang='lat' dir='ltr'><strong>Christi,</strong></span> <span class='ocrx_word' id='word_1_219' title='bbox 3176 1580 3261 1634; x_wconf 87' lang='lat' dir='ltr'><strong>cui</strong></span> <span class='ocrx_word' id='word_1_220' title='bbox 3296 1581 3467 1653; x_wconf 84' lang='lat' dir='ltr'><strong>gloria</strong></span> 
     </span>
    </p>
   </div>
   <div class='ocr_carea' id='block_1_31' title="bbox 1863 1653 3146 1723">
    <p class='ocr_par' dir='ltr' id='par_1_31' title="bbox 1863 1653 3146 1723">
     <span class='ocr_line' id='line_1_31' title="bbox 1863 1653 3146 1723; baseline 0.014 -17"><span class='ocrx_word' id='word_1_221' title='bbox 1863 1660 1918 1706; x_wconf 90' lang='lat' dir='ltr'><strong>et</strong></span> <span class='ocrx_word' id='word_1_222' title='bbox 1949 1653 2233 1723; x_wconf 85' lang='lat' dir='ltr'><strong>imperium</strong></span> <span class='ocrx_word' id='word_1_223' title='bbox 2256 1657 2308 1712; x_wconf 91' lang='lat' dir='ltr'><strong>in</strong></span> <span class='ocrx_word' id='word_1_224' title='bbox 2340 1661 2531 1714; x_wconf 65' lang='lat' dir='ltr'><strong>saecula</strong></span> <span class='ocrx_word' id='word_1_225' title='bbox 2566 1664 2909 1721; x_wconf 70' lang='lat' dir='ltr'><strong>smculorum.</strong></span> <span class='ocrx_word' id='word_1_226' title='bbox 2953 1668 3146 1723; x_wconf 85' lang='lat' dir='ltr'><strong>Amen.</strong></span> 
     </span>
    </p>
   </div>
   <div class='ocr_carea' id='block_1_32' title="bbox 151 1790 3452 1833">
    <p class='ocr_par' dir='ltr' id='par_1_32' title="bbox 151 1790 3452 1833">
     <span class='ocr_line' id='line_1_32' title="bbox 151 1790 3452 1833; baseline 0.002 -5"><span class='ocrx_word' id='word_1_227' title='bbox 151 1790 3452 1833; x_wconf 37' lang='lat'><strong>.——-—————-—————_——_—-—_§—————</strong></span> 
     </span>
    </p>
   </div>
   <div class='ocr_carea' id='block_1_33' title="bbox 1516 1855 2171 1922">
    <p class='ocr_par' dir='ltr' id='par_1_33' title="bbox 1516 1855 2171 1922">
     <span class='ocr_line' id='line_1_33' title="bbox 1516 1855 2171 1922; baseline 0.002 -1"><span class='ocrx_word' id='word_1_228' title='bbox 1516 1855 1868 1921; x_wconf 82' lang='lat' dir='ltr'><strong>HOMILIA</strong></span> <span class='ocrx_word' id='word_1_229' title='bbox 1910 1857 2171 1922; x_wconf 81' lang='lat' dir='ltr'><strong>LXXII.</strong></span> 
     </span>
    </p>
   </div>
   <div class='ocr_carea' id='block_1_34' title="bbox 147 1999 1754 2085">
    <p class='ocr_par' dir='ltr' id='par_1_34' title="bbox 147 1999 1754 2085">
     <span class='ocr_line' id='line_1_34' title="bbox 147 1999 1754 2085; baseline -0.02 -2"><span class='ocrx_word' id='word_1_230' title='bbox 147 2028 275 2083; x_wconf 65' lang='lat' dir='ltr'><strong>Car.</strong></span> <span class='ocrx_word' id='word_1_231' title='bbox 318 2027 412 2081; x_wconf 76' lang='lat' dir='ltr'><strong>l5.</strong></span> <span class='ocrx_word' id='word_1_232' title='bbox 458 2042 511 2080; x_wconf 73' lang='grc' dir='ltr'><strong>ν.</strong></span> <span class='ocrx_word' id='word_1_233' title='bbox 554 2023 643 2080; x_wconf 72' lang='lat'><strong>9.0.</strong></span> <span class='ocrx_word' id='word_1_234' title='bbox 690 2021 849 2076; x_wconf 81' lang='lat' dir='ltr'><strong>Amen</strong></span> <span class='ocrx_word' id='word_1_235' title='bbox 875 2060 890 2085; x_wconf 95' lang='lat'><strong>,</strong></span> <span class='ocrx_word' id='word_1_236' title='bbox 919 2033 1065 2071; x_wconf 84' lang='lat' dir='ltr'><strong>amen</strong></span> <span class='ocrx_word' id='word_1_237' title='bbox 1098 2014 1213 2069; x_wconf 82' lang='lat' dir='ltr'><strong>dico</strong></span> <span class='ocrx_word' id='word_1_238' title='bbox 1240 2010 1399 2077; x_wconf 82' lang='lat' dir='ltr'><strong>vobis,</strong></span> <span class='ocrx_word' id='word_1_239' title='bbox 1448 2006 1534 2075; x_wconf 85' lang='lat' dir='ltr'><strong>qui</strong></span> <span class='ocrx_word' id='word_1_240' title='bbox 1571 1999 1754 2070; x_wconf 87' lang='lat' dir='ltr'><strong>accipit</strong></span> 
     </span>
    </p>
   </div>
   <div class='ocr_carea' id='block_1_35' title="bbox 216 2098 1750 2188">
    <p class='ocr_par' dir='ltr' id='par_1_35' title="bbox 216 2098 1750 2188">
     <span class='ocr_line' id='line_1_35' title="bbox 216 2098 1750 2188; baseline -0.015 -16"><span class='ocrx_word' id='word_1_241' title='bbox 216 2120 261 2172; x_wconf 86' lang='lat' dir='ltr'><strong>si</strong></span> <span class='ocrx_word' id='word_1_242' title='bbox 286 2133 440 2188; x_wconf 81' lang='lat' dir='ltr'><strong>quem</strong></span> <span class='ocrx_word' id='word_1_243' title='bbox 476 2103 695 2177; x_wconf 74' lang='lat' dir='ltr'><strong>misero,</strong></span> <span class='ocrx_word' id='word_1_244' title='bbox 740 2127 818 2165; x_wconf 86' lang='lat' dir='ltr'><strong>me</strong></span> <span class='ocrx_word' id='word_1_245' title='bbox 856 2109 1037 2179; x_wconf 84' lang='lat' dir='ltr'><strong>accipit</strong></span> <span class='ocrx_word' id='word_1_246' title='bbox 1060 2123 1079 2161; x_wconf 87' lang='lat'><strong><em>:</em></strong></span> <span class='ocrx_word' id='word_1_247' title='bbox 1105 2106 1193 2173; x_wconf 82' lang='lat' dir='ltr'><strong>qui</strong></span> <span class='ocrx_word' id='word_1_248' title='bbox 1219 2112 1387 2157; x_wconf 84' lang='lat' dir='ltr'><strong>autem</strong></span> <span class='ocrx_word' id='word_1_249' title='bbox 1423 2116 1503 2153; x_wconf 86' lang='lat' dir='ltr'><strong>me</strong></span> <span class='ocrx_word' id='word_1_250' title='bbox 1527 2098 1711 2168; x_wconf 86' lang='lat' dir='ltr'><strong>accipit</strong></span> <span class='ocrx_word' id='word_1_251' title='bbox 1735 2136 1750 2162; x_wconf 94' lang='lat'><strong>,</strong></span> 
     </span>
    </p>
   </div>
   <div class='ocr_carea' id='block_1_36' title="bbox 217 2204 943 2278">
    <p class='ocr_par' dir='ltr' id='par_1_36' title="bbox 217 2204 943 2278">
     <span class='ocr_line' id='line_1_36' title="bbox 217 2204 943 2278; baseline -0.01 -16"><span class='ocrx_word' id='word_1_252' title='bbox 217 2209 409 2278; x_wconf 84' lang='lat' dir='ltr'><strong>accipit</strong></span> <span class='ocrx_word' id='word_1_253' title='bbox 435 2224 551 2261; x_wconf 85' lang='lat' dir='ltr'><strong>eum</strong></span> <span class='ocrx_word' id='word_1_254' title='bbox 575 2207 658 2276; x_wconf 85' lang='lat' dir='ltr'><strong>qui</strong></span> <span class='ocrx_word' id='word_1_255' title='bbox 684 2221 762 2259; x_wconf 87' lang='lat' dir='ltr'><strong>me</strong></span> <span class='ocrx_word' id='word_1_256' title='bbox 790 2204 943 2256; x_wconf 80' lang='lat' dir='ltr'><strong>misit.</strong></span> 
     </span>
    </p>
   </div>
   <div class='ocr_carea' id='block_1_37' title="bbox 220 2287 1755 2369">
    <p class='ocr_par' dir='ltr' id='par_1_37' title="bbox 220 2287 1755 2369">
     <span class='ocr_line' id='line_1_37' title="bbox 220 2287 1755 2369; baseline -0.01 -15"><span class='ocrx_word' id='word_1_257' title='bbox 220 2299 272 2354; x_wconf 85' lang='lat' dir='ltr'><strong>l.</strong></span> <span class='ocrx_word' id='word_1_258' title='bbox 307 2298 504 2369; x_wconf 76' lang='lat' dir='ltr'><strong>Magna</strong></span> <span class='ocrx_word' id='word_1_259' title='bbox 550 2297 642 2351; x_wconf 89' lang='lat' dir='ltr'><strong>Dei</strong></span> <span class='ocrx_word' id='word_1_260' title='bbox 686 2309 891 2350; x_wconf 88' lang='lat' dir='ltr'><strong>merces</strong></span> <span class='ocrx_word' id='word_1_261' title='bbox 930 2292 1122 2347; x_wconf 86' lang='lat' dir='ltr'><strong>collata</strong></span> <span class='ocrx_word' id='word_1_262' title='bbox 1166 2289 1229 2344; x_wconf 88' lang='lat' dir='ltr'><strong>iis</strong></span> <span class='ocrx_word' id='word_1_263' title='bbox 1267 2287 1359 2358; x_wconf 92' lang='lat' dir='ltr'><strong>qui</strong></span> <span class='ocrx_word' id='word_1_264' title='bbox 1406 2300 1593 2341; x_wconf 89' lang='lat' dir='ltr'><strong>servos</strong></span> <span class='ocrx_word' id='word_1_265' title='bbox 1628 2298 1755 2339; x_wconf 84' lang='lat' dir='ltr'><strong>suos</strong></span> 
     </span>
    </p>
   </div>
   <div class='ocr_carea' id='block_1_38' title="bbox 150 2377 1756 2451">
    <p class='ocr_par' dir='ltr' id='par_1_38' title="bbox 150 2377 1756 2451">
     <span class='ocr_line' id='line_1_38' title="bbox 150 2377 1756 2451; baseline -0.009 -6"><span class='ocrx_word' id='word_1_266' title='bbox 150 2390 331 2445; x_wconf 84' lang='lat' dir='ltr'><strong>fovent</strong></span> <span class='ocrx_word' id='word_1_267' title='bbox 360 2402 417 2443; x_wconf 89' lang='lat' dir='ltr'><strong>et</strong></span> <span class='ocrx_word' id='word_1_268' title='bbox 461 2388 724 2445; x_wconf 88' lang='lat' dir='ltr'><strong>beneficio</strong></span> <span class='ocrx_word' id='word_1_269' title='bbox 759 2385 1001 2440; x_wconf 81' lang='lat' dir='ltr'><strong>afficiunt</strong></span> <span class='ocrx_word' id='word_1_270' title='bbox 1034 2426 1046 2447; x_wconf 95' lang='lat'><strong>,</strong></span> <span class='ocrx_word' id='word_1_271' title='bbox 1083 2381 1313 2451; x_wconf 75' lang='lat' dir='ltr'><strong>indeque</strong></span> <span class='ocrx_word' id='word_1_272' title='bbox 1358 2380 1561 2433; x_wconf 91' lang='lat' dir='ltr'><strong>fructus</strong></span> <span class='ocrx_word' id='word_1_273' title='bbox 1600 2377 1756 2431; x_wconf 86' lang='lat' dir='ltr'><strong>nobis</strong></span> 
     </span>
    </p>
   </div>
   <div class='ocr_carea' id='block_1_39' title="bbox 151 2470 1753 2550">
    <p class='ocr_par' dir='ltr' id='par_1_39' title="bbox 151 2470 1753 2550">
     <span class='ocr_line' id='line_1_39' title="bbox 151 2470 1753 2550; baseline -0.011 -13"><span class='ocrx_word' id='word_1_274' title='bbox 151 2481 499 2550; x_wconf 80' lang='lat' dir='ltr'><strong>proveniunt.</strong></span> <span class='ocrx_word' id='word_1_275' title='bbox 534 2478 667 2533; x_wconf 87' lang='lat' dir='ltr'><strong>Nam</strong></span> <span class='ocrx_word' id='word_1_276' title='bbox 702 2476 799 2544; x_wconf 82' lang='lat' dir='ltr'><strong>Qui</strong></span> <span class='ocrx_word' id='word_1_277' title='bbox 825 2477 999 2546; x_wconf 75' lang='lat' dir='ltr'><strong>recipit</strong></span> <span class='ocrx_word' id='word_1_278' title='bbox 1043 2491 1126 2529; x_wconf 87' lang='lat' dir='ltr'><strong>vos</strong></span> <span class='ocrx_word' id='word_1_279' title='bbox 1147 2516 1160 2539; x_wconf 93' lang='lat'><strong>,</strong></span> <span class='ocrx_word' id='word_1_280' title='bbox 1209 2473 1415 2542; x_wconf 89' lang='lat' dir='ltr'><strong>inquit,</strong></span> <span class='ocrx_word' id='word_1_281' title='bbox 1446 2486 1526 2524; x_wconf 88' lang='lat' dir='ltr'><strong>me</strong></span> <span class='ocrx_word' id='word_1_282' title='bbox 1554 2470 1753 2538; x_wconf 81' lang='lat' dir='ltr'><strong>recipit;</strong></span> 
     </span>
    </p>
   </div>
   <div class='ocr_carea' id='block_1_40' title="bbox 153 2560 1751 2641">
    <p class='ocr_par' dir='ltr' id='par_1_40' title="bbox 153 2560 1751 2641">
     <span class='ocr_line' id='line_1_40' title="bbox 153 2560 1751 2641; baseline -0.008 -16"><span class='ocrx_word' id='word_1_283' title='bbox 153 2582 197 2625; x_wconf 85' lang='lat' dir='ltr'><strong>et</strong></span> <span class='ocrx_word' id='word_1_284' title='bbox 220 2575 302 2639; x_wconf 87' lang='lat' dir='ltr'><strong>qui</strong></span> <span class='ocrx_word' id='word_1_285' title='bbox 333 2572 518 2641; x_wconf 83' lang='lat' dir='ltr'><strong>recipit</strong></span> <span class='ocrx_word' id='word_1_286' title='bbox 550 2586 648 2634; x_wconf 89' lang='lat' dir='ltr'><strong>me,</strong></span> <span class='ocrx_word' id='word_1_287' title='bbox 680 2569 857 2638; x_wconf 85' lang='lat' dir='ltr'><strong>recipit</strong></span> <span class='ocrx_word' id='word_1_288' title='bbox 891 2583 1005 2620; x_wconf 87' lang='lat' dir='ltr'><strong>eum</strong></span> <span class='ocrx_word' id='word_1_289' title='bbox 1052 2565 1138 2629; x_wconf 90' lang='lat' dir='ltr'><strong>qui</strong></span> <span class='ocrx_word' id='word_1_290' title='bbox 1180 2565 1313 2617; x_wconf 81' lang='lat' dir='ltr'><strong>misit</strong></span> <span class='ocrx_word' id='word_1_291' title='bbox 1354 2579 1449 2615; x_wconf 87' lang='lat' dir='ltr'><strong>me.</strong></span> <span class='ocrx_word' id='word_1_292' title='bbox 1479 2560 1751 2615; x_wconf 75' lang='lat' dir='ltr'><strong>Christum</strong></span> 
     </span>
    </p>
   </div>
   <div class='ocr_carea' id='block_1_41' title="bbox 153 2650 1751 2732">
    <p class='ocr_par' dir='ltr' id='par_1_41' title="bbox 153 2650 1751 2732">
     <span class='ocr_line' id='line_1_41' title="bbox 153 2650 1751 2732; baseline -0.009 -14"><span class='ocrx_word' id='word_1_293' title='bbox 153 2674 209 2718; x_wconf 84' lang='lat' dir='ltr'><strong>et</strong></span> <span class='ocrx_word' id='word_1_294' title='bbox 243 2663 362 2732; x_wconf 85' lang='lat' dir='ltr'><strong>ejus</strong></span> <span class='ocrx_word' id='word_1_295' title='bbox 391 2662 607 2717; x_wconf 80' lang='lat' dir='ltr'><strong>Patrem</strong></span> <span class='ocrx_word' id='word_1_296' title='bbox 654 2660 893 2729; x_wconf 77' lang='lat' dir='ltr'><strong>recipere</strong></span> <span class='ocrx_word' id='word_1_297' title='bbox 923 2699 937 2723; x_wconf 91' lang='lat'><strong>,</strong></span> <span class='ocrx_word' id='word_1_298' title='bbox 968 2656 1092 2727; x_wconf 91' lang='lat' dir='ltr'><strong>quid</strong></span> <span class='ocrx_word' id='word_1_299' title='bbox 1139 2656 1263 2709; x_wconf 87' lang='lat' dir='ltr'><strong>lmic</strong></span> <span class='ocrx_word' id='word_1_300' title='bbox 1308 2653 1483 2707; x_wconf 89' lang='lat' dir='ltr'><strong>officio</strong></span> <span class='ocrx_word' id='word_1_301' title='bbox 1513 2650 1751 2723; x_wconf 82' lang='lat' dir='ltr'><strong>aequipa-</strong></span> 
     </span>
    </p>
   </div>
   <div class='ocr_carea' id='block_1_42' title="bbox 156 2743 1755 2823">
    <p class='ocr_par' dir='ltr' id='par_1_42' title="bbox 156 2743 1755 2823">
     <span class='ocr_line' id='line_1_42' title="bbox 156 2743 1755 2823; baseline -0.007 -16"><span class='ocrx_word' id='word_1_302' title='bbox 156 2754 429 2809; x_wconf 85' lang='lat' dir='ltr'><strong>randum?</strong></span> <span class='ocrx_word' id='word_1_303' title='bbox 478 2753 545 2807; x_wconf 88' lang='lat' dir='ltr'><strong>Et</strong></span> <span class='ocrx_word' id='word_1_304' title='bbox 586 2767 707 2823; x_wconf 71' lang='lat' dir='ltr'><strong>qua:</strong></span> <span class='ocrx_word' id='word_1_305' title='bbox 747 2749 1130 2819; x_wconf 86' lang='lat' dir='ltr'><strong>consequentia</strong></span> <span class='ocrx_word' id='word_1_306' title='bbox 1177 2747 1245 2801; x_wconf 91' lang='lat' dir='ltr'><strong>ad</strong></span> <span class='ocrx_word' id='word_1_307' title='bbox 1294 2744 1434 2800; x_wconf 87' lang='lat' dir='ltr'><strong>dicta</strong></span> <span class='ocrx_word' id='word_1_308' title='bbox 1462 2743 1755 2813; x_wconf 75' lang='lat' dir='ltr'><strong>superius?</strong></span> 
     </span>
    </p>
   </div>
   <div class='ocr_carea' id='block_1_43' title="bbox 155 2834 1751 2911">
    <p class='ocr_par' dir='ltr' id='par_1_43' title="bbox 155 2834 1751 2911">
     <span class='ocr_line' id='line_1_43' title="bbox 155 2834 1751 2911; baseline -0.006 -15"><span class='ocrx_word' id='word_1_309' title='bbox 155 2845 276 2911; x_wconf 87' lang='lat' dir='ltr'><strong>quid</strong></span> <span class='ocrx_word' id='word_1_310' title='bbox 310 2845 430 2898; x_wconf 67' lang='lat' dir='ltr'><strong>haec</strong></span> <span class='ocrx_word' id='word_1_311' title='bbox 460 2857 746 2899; x_wconf 90' lang='lat' dir='ltr'><strong>commune</strong></span> <span class='ocrx_word' id='word_1_312' title='bbox 776 2841 973 2896; x_wconf 86' lang='lat' dir='ltr'><strong>habent</strong></span> <span class='ocrx_word' id='word_1_313' title='bbox 1002 2854 1122 2894; x_wconf 89' lang='lat' dir='ltr'><strong>cum</strong></span> <span class='ocrx_word' id='word_1_314' title='bbox 1156 2838 1219 2892; x_wconf 91' lang='lat' dir='ltr'><strong>iis</strong></span> <span class='ocrx_word' id='word_1_315' title='bbox 1246 2854 1367 2907; x_wconf 72' lang='lat' dir='ltr'><strong>qua:</strong></span> <span class='ocrx_word' id='word_1_316' title='bbox 1395 2850 1555 2904; x_wconf 87' lang='lat' dir='ltr'><strong>supra</strong></span> <span class='ocrx_word' id='word_1_317' title='bbox 1579 2834 1751 2901; x_wconf 89' lang='lat' dir='ltr'><strong>dixit,</strong></span> 
     </span>
    </p>
   </div>
   <div class='ocr_carea' id='block_1_44' title="bbox 153 2925 1744 3002">
    <p class='ocr_par' dir='ltr' id='par_1_44' title="bbox 153 2925 1744 3002">
     <span class='ocr_line' id='line_1_44' title="bbox 153 2925 1744 3002; baseline -0.004 -14"><span class='ocrx_word' id='word_1_318' title='bbox 153 2933 296 2988; x_wconf 86' lang='lat' dir='ltr'><strong>Beati</strong></span> <span class='ocrx_word' id='word_1_319' title='bbox 325 2937 489 3001; x_wconf 87' lang='lat' dir='ltr'><strong>eritis,</strong></span> <span class='ocrx_word' id='word_1_320' title='bbox 516 2935 561 2988; x_wconf 88' lang='lat' dir='ltr'><strong>si</strong></span> <span class='ocrx_word' id='word_1_321' title='bbox 588 2934 697 2988; x_wconf 77' lang='lat' dir='ltr'><strong>lucc</strong></span> <span class='ocrx_word' id='word_1_322' title='bbox 726 2933 943 3002; x_wconf 75' lang='lat' dir='ltr'><strong>feceritis</strong></span> <span class='ocrx_word' id='word_1_323' title='bbox 968 2949 985 2985; x_wconf 90' lang='lat'><em>:</em></span> <span class='ocrx_word' id='word_1_324' title='bbox 1019 2931 1118 2997; x_wconf 84' lang='lat' dir='ltr'><strong>Qui</strong></span> <span class='ocrx_word' id='word_1_325' title='bbox 1144 2929 1326 2997; x_wconf 83' lang='lat' dir='ltr'><strong>recipit</strong></span> <span class='ocrx_word' id='word_1_326' title='bbox 1353 2944 1439 2981; x_wconf 86' lang='lat' dir='ltr'><strong>vos</strong></span> <span class='ocrx_word' id='word_1_327' title='bbox 1460 2928 1485 2980; x_wconf 86' lang='lat'><strong><em>?</em></strong></span> <span class='ocrx_word' id='word_1_328' title='bbox 1530 2925 1744 2996; x_wconf 89' lang='lat' dir='ltr'><strong>Optime</strong></span> 
     </span>
    </p>
   </div>
   <div class='ocr_carea' id='block_1_45' title="bbox 158 3019 1751 3093">
    <p class='ocr_par' dir='ltr' id='par_1_45' title="bbox 158 3019 1751 3093">
     <span class='ocr_line' id='line_1_45' title="bbox 158 3019 1751 3093; baseline -0.005 -13"><span class='ocrx_word' id='word_1_329' title='bbox 158 3027 270 3082; x_wconf 69' lang='lat' dir='ltr'><strong>hmo</strong></span> <span class='ocrx_word' id='word_1_330' title='bbox 313 3036 620 3082; x_wconf 85' lang='lat' dir='ltr'><strong>consonant</strong></span> <span class='ocrx_word' id='word_1_331' title='bbox 654 3045 667 3080; x_wconf 94' lang='lat'><strong>:</strong></span> <span class='ocrx_word' id='word_1_332' title='bbox 701 3025 823 3080; x_wconf 87' lang='lat' dir='ltr'><strong>vide</strong></span> <span class='ocrx_word' id='word_1_333' title='bbox 852 3034 1030 3079; x_wconf 88' lang='lat' dir='ltr'><strong>autem</strong></span> <span class='ocrx_word' id='word_1_334' title='bbox 1079 3021 1367 3092; x_wconf 89' lang='lat' dir='ltr'><strong>quomodo.</strong></span> <span class='ocrx_word' id='word_1_335' title='bbox 1402 3019 1533 3093; x_wconf 87' lang='lat' dir='ltr'><strong>Quia</strong></span> <span class='ocrx_word' id='word_1_336' title='bbox 1562 3019 1751 3074; x_wconf 83' lang='lat' dir='ltr'><strong>exituri</strong></span> 
     </span>
    </p>
   </div>
   <div class='ocr_carea' id='block_1_46' title="bbox 156 3109 1756 3187">
    <p class='ocr_par' dir='ltr' id='par_1_46' title="bbox 156 3109 1756 3187">
     <span class='ocr_line' id='line_1_46' title="bbox 156 3109 1756 3187; baseline -0.004 -17"><span class='ocrx_word' id='word_1_337' title='bbox 156 3128 305 3171; x_wconf 88' lang='lat' dir='ltr'><strong>erant</strong></span> <span class='ocrx_word' id='word_1_338' title='bbox 330 3160 345 3182; x_wconf 95' lang='lat'><strong>,</strong></span> <span class='ocrx_word' id='word_1_339' title='bbox 370 3127 427 3172; x_wconf 89' lang='lat' dir='ltr'><strong>et</strong></span> <span class='ocrx_word' id='word_1_340' title='bbox 453 3116 635 3187; x_wconf 87' lang='lat' dir='ltr'><strong>gravia</strong></span> <span class='ocrx_word' id='word_1_341' title='bbox 688 3115 851 3169; x_wconf 89' lang='lat' dir='ltr'><strong>multa</strong></span> <span class='ocrx_word' id='word_1_342' title='bbox 896 3114 1099 3183; x_wconf 88' lang='lat' dir='ltr'><strong>passuri</strong></span> <span class='ocrx_word' id='word_1_343' title='bbox 1133 3155 1149 3178; x_wconf 91' lang='lat'><strong>,</strong></span> <span class='ocrx_word' id='word_1_344' title='bbox 1178 3112 1387 3167; x_wconf 90' lang='lat' dir='ltr'><strong>duobus</strong></span> <span class='ocrx_word' id='word_1_345' title='bbox 1433 3111 1554 3164; x_wconf 90' lang='lat' dir='ltr'><strong>illos</strong></span> <span class='ocrx_word' id='word_1_346' title='bbox 1581 3109 1756 3163; x_wconf 73' lang='lat' dir='ltr'><strong>modis</strong></span> 
     </span>
    </p>
   </div>
   <div class='ocr_carea' id='block_1_47' title="bbox 157 3202 1757 3274">
    <p class='ocr_par' dir='ltr' id='par_1_47' title="bbox 157 3202 1757 3274">
     <span class='ocr_line' id='line_1_47' title="bbox 157 3202 1757 3274; baseline -0.005 -12"><span class='ocrx_word' id='word_1_347' title='bbox 157 3210 507 3265; x_wconf 81' lang='lat' dir='ltr'><strong>consolatur:</strong></span> <span class='ocrx_word' id='word_1_348' title='bbox 538 3217 592 3263; x_wconf 91' lang='lat' dir='ltr'><strong>et</strong></span> <span class='ocrx_word' id='word_1_349' title='bbox 613 3223 642 3262; x_wconf 86' lang='lat' dir='ltr'><strong>a</strong></span> <span class='ocrx_word' id='word_1_350' title='bbox 674 3222 753 3274; x_wconf 88' lang='lat' dir='ltr'><strong>se,</strong></span> <span class='ocrx_word' id='word_1_351' title='bbox 782 3218 837 3262; x_wconf 92' lang='lat' dir='ltr'><strong>et</strong></span> <span class='ocrx_word' id='word_1_352' title='bbox 860 3206 927 3261; x_wconf 91' lang='lat' dir='ltr'><strong>ab</strong></span> <span class='ocrx_word' id='word_1_353' title='bbox 952 3207 1090 3261; x_wconf 89' lang='lat' dir='ltr'><strong>aliis.</strong></span> <span class='ocrx_word' id='word_1_354' title='bbox 1117 3203 1170 3261; x_wconf 91' lang='lat' dir='ltr'><strong>Si</strong></span> <span class='ocrx_word' id='word_1_355' title='bbox 1203 3204 1562 3274; x_wconf 83' lang='lat' dir='ltr'><strong>philosophati</strong></span> <span class='ocrx_word' id='word_1_356' title='bbox 1594 3202 1757 3257; x_wconf 89' lang='lat' dir='ltr'><strong>fueri-</strong></span> 
     </span>
    </p>
   </div>
   <div class='ocr_carea' id='block_1_48' title="bbox 160 3296 1754 3372">
    <p class='ocr_par' dir='ltr' id='par_1_48' title="bbox 160 3296 1754 3372">
     <span class='ocr_line' id='line_1_48' title="bbox 160 3296 1754 3372; baseline -0.003 -19"><span class='ocrx_word' id='word_1_357' title='bbox 160 3300 224 3355; x_wconf 88' lang='lat' dir='ltr'><strong>tis</strong></span> <span class='ocrx_word' id='word_1_358' title='bbox 253 3343 268 3365; x_wconf 90' lang='lat'><strong>,</strong></span> <span class='ocrx_word' id='word_1_359' title='bbox 299 3302 477 3372; x_wconf 87' lang='lat' dir='ltr'><strong>inquit</strong></span> <span class='ocrx_word' id='word_1_360' title='bbox 504 3341 522 3367; x_wconf 92' lang='lat'><strong>,</strong></span> <span class='ocrx_word' id='word_1_361' title='bbox 553 3302 765 3370; x_wconf 87' lang='lat' dir='ltr'><strong>meique</strong></span> <span class='ocrx_word' id='word_1_362' title='bbox 790 3299 1104 3370; x_wconf 84' lang='lat' dir='ltr'><strong>memoriam</strong></span> <span class='ocrx_word' id='word_1_363' title='bbox 1136 3296 1480 3353; x_wconf 87' lang='lat' dir='ltr'><strong>servaveritis</strong></span> <span class='ocrx_word' id='word_1_364' title='bbox 1505 3338 1522 3363; x_wconf 94' lang='lat'><strong>,</strong></span> <span class='ocrx_word' id='word_1_365' title='bbox 1551 3304 1607 3351; x_wconf 90' lang='lat' dir='ltr'><strong>et</strong></span> <span class='ocrx_word' id='word_1_366' title='bbox 1636 3310 1754 3365; x_wconf 67' lang='lat' dir='ltr'><strong>quae</strong></span> 
     </span>
    </p>
   </div>
   <div class='ocr_carea' id='block_1_49' title="bbox 162 3387 1755 3462">
    <p class='ocr_par' dir='ltr' id='par_1_49' title="bbox 162 3387 1755 3462">
     <span class='ocr_line' id='line_1_49' title="bbox 162 3387 1755 3462; baseline 0.001 -21"><span class='ocrx_word' id='word_1_367' title='bbox 162 3406 344 3459; x_wconf 84' lang='lat' dir='ltr'><strong>passus</strong></span> <span class='ocrx_word' id='word_1_368' title='bbox 388 3408 509 3449; x_wconf 89' lang='lat' dir='ltr'><strong>sum</strong></span> <span class='ocrx_word' id='word_1_369' title='bbox 562 3400 617 3447; x_wconf 89' lang='lat' dir='ltr'><strong>et</strong></span> <span class='ocrx_word' id='word_1_370' title='bbox 645 3406 764 3462; x_wconf 67' lang='lat' dir='ltr'><strong>qua)</strong></span> <span class='ocrx_word' id='word_1_371' title='bbox 811 3391 912 3447; x_wconf 86' lang='lat' dir='ltr'><strong>feci</strong></span> <span class='ocrx_word' id='word_1_372' title='bbox 953 3390 1129 3445; x_wconf 89' lang='lat' dir='ltr'><strong>omnia</strong></span> <span class='ocrx_word' id='word_1_373' title='bbox 1176 3398 1497 3453; x_wconf 87' lang='lat' dir='ltr'><strong>versantes,</strong></span> <span class='ocrx_word' id='word_1_374' title='bbox 1548 3387 1755 3443; x_wconf 76' lang='lat' dir='ltr'><strong>facilius</strong></span> 
     </span>
    </p>
   </div>
   <div class='ocr_carea' id='block_1_50' title="bbox 160 3479 1762 3567">
    <p class='ocr_par' dir='ltr' id='par_1_50' title="bbox 160 3479 1762 3567">
     <span class='ocr_line' id='line_1_50' title="bbox 160 3479 1762 3567; baseline -0.002 -30"><span class='ocrx_word' id='word_1_375' title='bbox 160 3498 428 3540; x_wconf 42' lang='lat' dir='ltr'><strong>aerumnas</strong></span> <span class='ocrx_word' id='word_1_376' title='bbox 455 3484 662 3539; x_wconf 85' lang='lat' dir='ltr'><strong>feretis.</strong></span> <span class='ocrx_word' id='word_1_377' title='bbox 693 3481 876 3553; x_wconf 87' lang='lat' dir='ltr'><strong>Neque</strong></span> <span class='ocrx_word' id='word_1_378' title='bbox 914 3482 1016 3537; x_wconf 91' lang='lat' dir='ltr'><strong>hoc</strong></span> <span class='ocrx_word' id='word_1_379' title='bbox 1060 3482 1234 3536; x_wconf 86' lang='lat' dir='ltr'><strong>solum</strong></span> <span class='ocrx_word' id='word_1_380' title='bbox 1262 3479 1423 3535; x_wconf 88' lang='lat' dir='ltr'><strong>modo</strong></span> <span class='ocrx_word' id='word_1_381' title='bbox 1444 3523 1459 3548; x_wconf 89' lang='lat'><strong>,</strong></span> <span class='ocrx_word' id='word_1_382' title='bbox 1484 3480 1577 3534; x_wconf 90' lang='lat' dir='ltr'><strong>sed</strong></span> <span class='ocrx_word' id='word_1_383' title='bbox 1610 3479 1762 3567; x_wconf 87' lang='lat' dir='ltr'><strong>quod</strong></span> 
     </span>
    </p>
   </div>
   <div class='ocr_carea' id='block_1_51' title="bbox 162 3570 1754 3641">
    <p class='ocr_par' dir='ltr' id='par_1_51' title="bbox 162 3570 1754 3641">
     <span class='ocr_line' id='line_1_51' title="bbox 162 3570 1754 3641; baseline -0.001 -15"><span class='ocrx_word' id='word_1_384' title='bbox 162 3576 317 3629; x_wconf 88' lang='lat' dir='ltr'><strong>etiam</strong></span> <span class='ocrx_word' id='word_1_385' title='bbox 349 3576 420 3630; x_wconf 87' lang='lat' dir='ltr'><strong>ab</strong></span> <span class='ocrx_word' id='word_1_386' title='bbox 467 3575 719 3630; x_wconf 86' lang='lat' dir='ltr'><strong>omnibus</strong></span> <span class='ocrx_word' id='word_1_387' title='bbox 756 3574 922 3629; x_wconf 86' lang='lat' dir='ltr'><strong>multa</strong></span> <span class='ocrx_word' id='word_1_388' title='bbox 955 3571 1129 3626; x_wconf 88' lang='lat' dir='ltr'><strong>officia</strong></span> <span class='ocrx_word' id='word_1_389' title='bbox 1158 3572 1276 3627; x_wconf 89' lang='lat' dir='ltr'><strong>sitis</strong></span> <span class='ocrx_word' id='word_1_390' title='bbox 1310 3572 1601 3641; x_wconf 88' lang='lat' dir='ltr'><strong>accepturi.</strong></span> <span class='ocrx_word' id='word_1_391' title='bbox 1639 3570 1754 3625; x_wconf 85' lang='lat' dir='ltr'><strong>Pri-</strong></span> 
     </span>
    </p>
   </div>
   <div class='ocr_carea' id='block_1_52' title="bbox 163 3661 1752 3735">
    <p class='ocr_par' dir='ltr' id='par_1_52' title="bbox 163 3661 1752 3735">
     <span class='ocr_line' id='line_1_52' title="bbox 163 3661 1752 3735; baseline -0.001 -19"><span class='ocrx_word' id='word_1_392' title='bbox 163 3680 307 3720; x_wconf 91' lang='lat' dir='ltr'><strong>mum</strong></span> <span class='ocrx_word' id='word_1_393' title='bbox 335 3680 465 3721; x_wconf 86' lang='lat' dir='ltr'><strong>vero</strong></span> <span class='ocrx_word' id='word_1_394' title='bbox 493 3665 816 3735; x_wconf 79' lang='lat' dir='ltr'><strong>significavit</strong></span> <span class='ocrx_word' id='word_1_395' title='bbox 856 3678 979 3718; x_wconf 91' lang='lat' dir='ltr'><strong>cum</strong></span> <span class='ocrx_word' id='word_1_396' title='bbox 1015 3661 1150 3717; x_wconf 80' lang='lat' dir='ltr'><strong>dixit</strong></span> <span class='ocrx_word' id='word_1_397' title='bbox 1183 3703 1198 3728; x_wconf 92' lang='lat'><strong>,</strong></span> <span class='ocrx_word' id='word_1_398' title='bbox 1240 3661 1300 3717; x_wconf 90' lang='lat' dir='ltr'><strong>Si</strong></span> <span class='ocrx_word' id='word_1_399' title='bbox 1343 3663 1453 3715; x_wconf 63' lang='lat' dir='ltr'><strong>haec</strong></span> <span class='ocrx_word' id='word_1_400' title='bbox 1485 3662 1703 3734; x_wconf 76' lang='lat' dir='ltr'><strong>feceritis</strong></span> <span class='ocrx_word' id='word_1_401' title='bbox 1736 3701 1752 3729; x_wconf 91' lang='lat'><strong>,</strong></span> 
     </span>
    </p>
   </div>
   <div class='ocr_carea' id='block_1_53' title="bbox 164 3754 1753 3823">
    <p class='ocr_par' dir='ltr' id='par_1_53' title="bbox 164 3754 1753 3823">
     <span class='ocr_line' id='line_1_53' title="bbox 164 3754 1753 3823; baseline -0.002 -13"><span class='ocrx_word' id='word_1_402' title='bbox 164 3757 289 3811; x_wconf 84' lang='lat' dir='ltr'><strong>beati</strong></span> <span class='ocrx_word' id='word_1_403' title='bbox 314 3760 489 3823; x_wconf 84' lang='lat' dir='ltr'><strong>eritis;</strong></span> <span class='ocrx_word' id='word_1_404' title='bbox 511 3759 738 3813; x_wconf 87' lang='lat' dir='ltr'><strong>alterum</strong></span> <span class='ocrx_word' id='word_1_405' title='bbox 774 3771 902 3812; x_wconf 82' lang='lat' dir='ltr'><strong>vero</strong></span> <span class='ocrx_word' id='word_1_406' title='bbox 928 3771 1049 3811; x_wconf 90' lang='lat' dir='ltr'><strong>cum</strong></span> <span class='ocrx_word' id='word_1_407' title='bbox 1081 3756 1210 3809; x_wconf 88' lang='lat' dir='ltr'><strong>dicit</strong></span> <span class='ocrx_word' id='word_1_408' title='bbox 1242 3797 1257 3823; x_wconf 93' lang='lat'><strong>,</strong></span> <span class='ocrx_word' id='word_1_409' title='bbox 1302 3754 1403 3820; x_wconf 83' lang='lat' dir='ltr'><strong>Qui</strong></span> <span class='ocrx_word' id='word_1_410' title='bbox 1424 3772 1509 3809; x_wconf 84' lang='lat' dir='ltr'><strong>vos</strong></span> <span class='ocrx_word' id='word_1_411' title='bbox 1529 3755 1708 3823; x_wconf 85' lang='lat' dir='ltr'><strong>recipit</strong></span> <span class='ocrx_word' id='word_1_412' title='bbox 1735 3794 1753 3822; x_wconf 91' lang='lat'><strong>,</strong></span> 
     </span>
    </p>
   </div>
   <div class='ocr_carea' id='block_1_54' title="bbox 166 3846 1755 3923">
    <p class='ocr_par' dir='ltr' id='par_1_54' title="bbox 166 3846 1755 3923">
     <span class='ocr_line' id='line_1_54' title="bbox 166 3846 1755 3923; baseline 0 -22"><span class='ocrx_word' id='word_1_413' title='bbox 166 3866 240 3904; x_wconf 88' lang='lat' dir='ltr'><strong>me</strong></span> <span class='ocrx_word' id='word_1_414' title='bbox 270 3853 467 3923; x_wconf 84' lang='lat' dir='ltr'><strong>recipit.</strong></span> <span class='ocrx_word' id='word_1_415' title='bbox 499 3850 749 3905; x_wconf 90' lang='lat' dir='ltr'><strong>Omnium</strong></span> <span class='ocrx_word' id='word_1_416' title='bbox 792 3850 989 3919; x_wconf 85' lang='lat' dir='ltr'><strong>quippe</strong></span> <span class='ocrx_word' id='word_1_417' title='bbox 1018 3847 1210 3903; x_wconf 89' lang='lat' dir='ltr'><strong>domos</strong></span> <span class='ocrx_word' id='word_1_418' title='bbox 1241 3846 1371 3917; x_wconf 91' lang='lat' dir='ltr'><strong>ipsis</strong></span> <span class='ocrx_word' id='word_1_419' title='bbox 1397 3846 1648 3916; x_wconf 84' lang='lat' dir='ltr'><strong>aperuit;</strong></span> <span class='ocrx_word' id='word_1_420' title='bbox 1682 3848 1755 3901; x_wconf 82' lang='lat' dir='ltr'><strong>ita</strong></span> 
     </span>
    </p>
   </div>
   <div class='ocr_carea' id='block_1_55' title="bbox 170 3937 1754 4013">
    <p class='ocr_par' dir='ltr' id='par_1_55' title="bbox 170 3937 1754 4013">
     <span class='ocr_line' id='line_1_55' title="bbox 170 3937 1754 4013; baseline -0.002 -20"><span class='ocrx_word' id='word_1_421' title='bbox 170 3951 222 3995; x_wconf 89' lang='lat' dir='ltr'><strong>ut</strong></span> <span class='ocrx_word' id='word_1_422' title='bbox 247 3959 307 3996; x_wconf 85' lang='lat' dir='ltr'><strong>ex</strong></span> <span class='ocrx_word' id='word_1_423' title='bbox 357 3958 568 3999; x_wconf 90' lang='lat' dir='ltr'><strong>morum</strong></span> <span class='ocrx_word' id='word_1_424' title='bbox 598 3942 887 4013; x_wconf 88' lang='lat' dir='ltr'><strong>probitate,</strong></span> <span class='ocrx_word' id='word_1_425' title='bbox 917 3949 972 3995; x_wconf 89' lang='lat' dir='ltr'><strong>et</strong></span> <span class='ocrx_word' id='word_1_426' title='bbox 996 3954 1065 3994; x_wconf 91' lang='lat' dir='ltr'><strong>ex</strong></span> <span class='ocrx_word' id='word_1_427' title='bbox 1087 3939 1187 3993; x_wconf 91' lang='lat' dir='ltr'><strong>sibi</strong></span> <span class='ocrx_word' id='word_1_428' title='bbox 1216 3953 1437 4008; x_wconf 89' lang='lat' dir='ltr'><strong>operam</strong></span> <span class='ocrx_word' id='word_1_429' title='bbox 1468 3937 1754 3993; x_wconf 87' lang='lat' dir='ltr'><strong>ferentium</strong></span> 
     </span>
    </p>
   </div>
   <div class='ocr_carea' id='block_1_56' title="bbox 169 4029 1757 4105">
    <p class='ocr_par' dir='ltr' id='par_1_56' title="bbox 169 4029 1757 4105">
     <span class='ocr_line' id='line_1_56' title="bbox 169 4029 1757 4105; baseline 0 -19"><span class='ocrx_word' id='word_1_430' title='bbox 169 4036 384 4090; x_wconf 86' lang='lat' dir='ltr'><strong>caritate</strong></span> <span class='ocrx_word' id='word_1_431' title='bbox 428 4035 695 4105; x_wconf 84' lang='lat' dir='ltr'><strong>duplicem</strong></span> <span class='ocrx_word' id='word_1_432' title='bbox 744 4034 1008 4103; x_wconf 80' lang='lat' dir='ltr'><strong>haberent</strong></span> <span class='ocrx_word' id='word_1_433' title='bbox 1054 4030 1501 4086; x_wconf 86' lang='lat' dir='ltr'><strong>consolationem.</strong></span> <span class='ocrx_word' id='word_1_434' title='bbox 1550 4029 1757 4086; x_wconf 89' lang='lat' dir='ltr'><strong>Deinde</strong></span> 
     </span>
    </p>
   </div>
   <div class='ocr_carea' id='block_1_57' title="bbox 172 4123 1759 4195">
    <p class='ocr_par' dir='ltr' id='par_1_57' title="bbox 172 4123 1759 4195">
     <span class='ocr_line' id='line_1_57' title="bbox 172 4123 1759 4195; baseline 0 -18"><span class='ocrx_word' id='word_1_435' title='bbox 172 4134 444 4194; x_wconf 86' lang='lat' dir='ltr'><strong>postquam</strong></span> <span class='ocrx_word' id='word_1_436' title='bbox 470 4127 584 4180; x_wconf 71' lang='lat' dir='ltr'><strong>haec</strong></span> <span class='ocrx_word' id='word_1_437' title='bbox 607 4126 713 4181; x_wconf 90' lang='lat' dir='ltr'><strong>illis</strong></span> <span class='ocrx_word' id='word_1_438' title='bbox 736 4126 1010 4195; x_wconf 63' lang='lat' dir='ltr'><strong>praecepit,</strong></span> <span class='ocrx_word' id='word_1_439' title='bbox 1032 4132 1214 4193; x_wconf 84' lang='lat' dir='ltr'><strong>utpote</strong></span> <span class='ocrx_word' id='word_1_440' title='bbox 1232 4133 1398 4178; x_wconf 90' lang='lat' dir='ltr'><strong>totum</strong></span> <span class='ocrx_word' id='word_1_441' title='bbox 1422 4123 1605 4178; x_wconf 90' lang='lat' dir='ltr'><strong>orbem</strong></span> <span class='ocrx_word' id='word_1_442' title='bbox 1636 4138 1759 4193; x_wconf 90' lang='lat' dir='ltr'><strong>per-</strong></span> 
     </span>
    </p>
   </div>
   <div class='ocr_carea' id='block_1_58' title="bbox 172 4213 1753 4288">
    <p class='ocr_par' dir='ltr' id='par_1_58' title="bbox 172 4213 1753 4288">
     <span class='ocr_line' id='line_1_58' title="bbox 172 4213 1753 4288; baseline -0.001 -20"><span class='ocrx_word' id='word_1_443' title='bbox 172 4220 387 4284; x_wconf 88' lang='lat' dir='ltr'><strong>vasuris,</strong></span> <span class='ocrx_word' id='word_1_444' title='bbox 441 4218 680 4288; x_wconf 84' lang='lat' dir='ltr'><strong>cogitans</strong></span> <span class='ocrx_word' id='word_1_445' title='bbox 730 4217 1060 4286; x_wconf 88' lang='lat' dir='ltr'><strong>proditorem</strong></span> <span class='ocrx_word' id='word_1_446' title='bbox 1106 4214 1190 4269; x_wconf 91' lang='lat' dir='ltr'><strong>his</strong></span> <span class='ocrx_word' id='word_1_447' title='bbox 1244 4213 1483 4284; x_wconf 91' lang='lat' dir='ltr'><strong>utrisque</strong></span> <span class='ocrx_word' id='word_1_448' title='bbox 1535 4214 1753 4283; x_wconf 88' lang='lat' dir='ltr'><strong>privari,</strong></span> 
     </span>
    </p>
   </div>
   <div class='ocr_carea' id='block_1_59' title="bbox 176 4307 1757 4379">
    <p class='ocr_par' dir='ltr' id='par_1_59' title="bbox 176 4307 1757 4379">
     <span class='ocr_line' id='line_1_59' title="bbox 176 4307 1757 4379; baseline 0.001 -21"><span class='ocrx_word' id='word_1_449' title='bbox 176 4307 403 4379; x_wconf 87' lang='lat' dir='ltr'><strong>nihilque</strong></span> <span class='ocrx_word' id='word_1_450' title='bbox 436 4321 623 4364; x_wconf 80' lang='lat' dir='ltr'><strong>uorum</strong></span> <span class='ocrx_word' id='word_1_451' title='bbox 655 4316 1108 4378; x_wconf 88' lang='lat' dir='ltr'><strong>consequuturum</strong></span> <span class='ocrx_word' id='word_1_452' title='bbox 1148 4322 1300 4371; x_wconf 88' lang='lat' dir='ltr'><strong>esse,</strong></span> <span class='ocrx_word' id='word_1_453' title='bbox 1349 4321 1522 4376; x_wconf 90' lang='lat' dir='ltr'><strong>neque</strong></span> <span class='ocrx_word' id='word_1_454' title='bbox 1561 4320 1627 4360; x_wconf 84' lang='lat' dir='ltr'><strong>ex</strong></span> <span class='ocrx_word' id='word_1_455' title='bbox 1660 4320 1757 4375; x_wconf 89' lang='lat' dir='ltr'><strong>pa-</strong></span> 
     </span>
    </p>
   </div>
   <div class='ocr_carea' id='block_1_60' title="bbox 177 4395 1755 4468">
    <p class='ocr_par' dir='ltr' id='par_1_60' title="bbox 177 4395 1755 4468">
     <span class='ocr_line' id='line_1_60' title="bbox 177 4395 1755 4468; baseline 0 -19"><span class='ocrx_word' id='word_1_456' title='bbox 177 4398 348 4452; x_wconf 87' lang='lat' dir='ltr'><strong>tientia</strong></span> <span class='ocrx_word' id='word_1_457' title='bbox 381 4401 433 4455; x_wconf 92' lang='lat' dir='ltr'><strong>in</strong></span> <span class='ocrx_word' id='word_1_458' title='bbox 462 4399 752 4466; x_wconf 87' lang='lat' dir='ltr'><strong>laboribus,</strong></span> <span class='ocrx_word' id='word_1_459' title='bbox 787 4414 960 4468; x_wconf 88' lang='lat' dir='ltr'><strong>neque</strong></span> <span class='ocrx_word' id='word_1_460' title='bbox 1002 4413 1073 4453; x_wconf 85' lang='lat' dir='ltr'><strong>ex</strong></span> <span class='ocrx_word' id='word_1_461' title='bbox 1105 4397 1509 4467; x_wconf 90' lang='lat' dir='ltr'><strong>suscipientium</strong></span> <span class='ocrx_word' id='word_1_462' title='bbox 1541 4395 1755 4461; x_wconf 87' lang='lat' dir='ltr'><strong>officiis,</strong></span> 
     </span>
    </p>
   </div>
   <div class='ocr_carea' id='block_1_61' title="bbox 180 4488 1759 4559">
    <p class='ocr_par' dir='ltr' id='par_1_61' title="bbox 180 4488 1759 4559">
     <span class='ocr_line' id='line_1_61' title="bbox 180 4488 1759 4559; baseline 0.003 -20"><span class='ocrx_word' id='word_1_463' title='bbox 180 4491 412 4545; x_wconf 79' lang='lat' dir='ltr'><strong>turbatus</strong></span> <span class='ocrx_word' id='word_1_464' title='bbox 437 4500 521 4547; x_wconf 89' lang='lat' dir='ltr'><strong>est</strong></span> <span class='ocrx_word' id='word_1_465' title='bbox 550 4504 782 4545; x_wconf 90' lang='lat' dir='ltr'><strong>rursum.</strong></span> <span class='ocrx_word' id='word_1_466' title='bbox 814 4488 966 4557; x_wconf 83' lang='lat' dir='ltr'><strong>Quod</strong></span> <span class='ocrx_word' id='word_1_467' title='bbox 985 4490 1295 4559; x_wconf 89' lang='lat' dir='ltr'><strong>significans</strong></span> <span class='ocrx_word' id='word_1_468' title='bbox 1320 4488 1670 4558; x_wconf 84' lang='lat' dir='ltr'><strong>evangelista,</strong></span> <span class='ocrx_word' id='word_1_469' title='bbox 1703 4496 1759 4543; x_wconf 90' lang='lat' dir='ltr'><strong>et</strong></span> 
     </span>
    </p>
   </div>
   <div class='ocr_carea' id='block_1_62' title="bbox 178 4578 1759 4649">
    <p class='ocr_par' dir='ltr' id='par_1_62' title="bbox 178 4578 1759 4649">
     <span class='ocr_line' id='line_1_62' title="bbox 178 4578 1759 4649; baseline 0.001 -19"><span class='ocrx_word' id='word_1_470' title='bbox 178 4578 314 4634; x_wconf 90' lang='lat' dir='ltr'><strong>illum</strong></span> <span class='ocrx_word' id='word_1_471' title='bbox 333 4582 456 4638; x_wconf 90' lang='lat' dir='ltr'><strong>ideo</strong></span> <span class='ocrx_word' id='word_1_472' title='bbox 473 4581 742 4637; x_wconf 89' lang='lat' dir='ltr'><strong>turbatum</strong></span> <span class='ocrx_word' id='word_1_473' title='bbox 767 4580 1300 4649; x_wconf 84' lang='lat' dir='ltr'><strong>declarans,adjicit:</strong></span> <span class='ocrx_word' id='word_1_474' title='bbox 1323 4578 1385 4633; x_wconf 70' lang='lat' dir='ltr'><strong>2f</strong></span> <span class='ocrx_word' id='word_1_475' title='bbox 1401 4620 1414 4633; x_wconf 94' lang='lat'><strong>.</strong></span> <span class='ocrx_word' id='word_1_476' title='bbox 1435 4578 1628 4632; x_wconf 82' lang='lat' dir='ltr'><strong>Etcum</strong></span> <span class='ocrx_word' id='word_1_477' title='bbox 1651 4579 1759 4632; x_wconf 74' lang='lat' dir='ltr'><strong>haec</strong></span> 
     </span>
    </p>
   </div>
   <div class='ocr_carea' id='block_1_63' title="bbox 180 4669 1759 4739">
    <p class='ocr_par' dir='ltr' id='par_1_63' title="bbox 180 4669 1759 4739">
     <span class='ocr_line' id='line_1_63' title="bbox 180 4669 1759 4739; baseline -0.001 -16"><span class='ocrx_word' id='word_1_478' title='bbox 180 4669 380 4727; x_wconf 71' lang='lat' dir='ltr'><strong>dixisset</strong></span> <span class='ocrx_word' id='word_1_479' title='bbox 402 4670 438 4725; x_wconf 75' lang='grc' dir='ltr'><em>Ι</em></span> <span class='ocrx_word' id='word_1_480' title='bbox 443 4687 575 4737; x_wconf 91' lang='lat' dir='ltr'><strong>esus,</strong></span> <span class='ocrx_word' id='word_1_481' title='bbox 600 4670 831 4736; x_wconf 79' lang='lat' dir='ltr'><strong>turbatus</strong></span> <span class='ocrx_word' id='word_1_482' title='bbox 856 4679 929 4724; x_wconf 84' lang='lat' dir='ltr'><strong>est</strong></span> <span class='ocrx_word' id='word_1_483' title='bbox 957 4670 1159 4739; x_wconf 75' lang='lat' dir='ltr'><strong>spiritu,</strong></span> <span class='ocrx_word' id='word_1_484' title='bbox 1195 4678 1242 4722; x_wconf 87' lang='lat' dir='ltr'><strong>et</strong></span> <span class='ocrx_word' id='word_1_485' title='bbox 1268 4678 1571 4739; x_wconf 85' lang='lat' dir='ltr'><strong>protestatus</strong></span> <span class='ocrx_word' id='word_1_486' title='bbox 1595 4678 1688 4733; x_wconf 86' lang='lat' dir='ltr'><strong>est,</strong></span> <span class='ocrx_word' id='word_1_487' title='bbox 1713 4678 1759 4721; x_wconf 88' lang='lat' dir='ltr'><strong>et</strong></span> 
     </span>
    </p>
   </div>
   <div class='ocr_carea' id='block_1_64' title="bbox 180 4762 1758 4821">
    <p class='ocr_par' dir='ltr' id='par_1_64' title="bbox 180 4762 1758 4821">
     <span class='ocr_line' id='line_1_64' title="bbox 180 4762 1758 4821; baseline 0.002 -9"><span class='ocrx_word' id='word_1_488' title='bbox 180 4763 299 4816; x_wconf 67' lang='lat' dir='ltr'><strong>dixit</strong></span> <span class='ocrx_word' id='word_1_489' title='bbox 326 4782 346 4819; x_wconf 87' lang='lat'><strong><em>:</em></strong></span> <span class='ocrx_word' id='word_1_490' title='bbox 378 4763 525 4821; x_wconf 87' lang='lat' dir='ltr'><strong>Unus</strong></span> <span class='ocrx_word' id='word_1_491' title='bbox 553 4781 615 4819; x_wconf 75' lang='lat' dir='ltr'><strong>ea:</strong></span> <span class='ocrx_word' id='word_1_492' title='bbox 636 4764 771 4819; x_wconf 84' lang='lat' dir='ltr'><strong>vobis</strong></span> <span class='ocrx_word' id='word_1_493' title='bbox 801 4780 879 4816; x_wconf 88' lang='lat' dir='ltr'><strong>me</strong></span> <span class='ocrx_word' id='word_1_494' title='bbox 903 4763 1087 4816; x_wconf 84' lang='lat' dir='ltr'><strong>tradet.</strong></span> <span class='ocrx_word' id='word_1_495' title='bbox 1120 4764 1313 4816; x_wconf 92' lang='lat' dir='ltr'><strong>lterum</strong></span> <span class='ocrx_word' id='word_1_496' title='bbox 1336 4764 1584 4816; x_wconf 88' lang='lat' dir='ltr'><strong>omnibus</strong></span> <span class='ocrx_word' id='word_1_497' title='bbox 1602 4762 1758 4815; x_wconf 86' lang='lat' dir='ltr'><strong>timo-</strong></span> 
     </span>
    </p>
   </div>
   <div class='ocr_carea' id='block_1_65' title="bbox 183 4853 1763 4928">
    <p class='ocr_par' dir='ltr' id='par_1_65' title="bbox 183 4853 1763 4928">
     <span class='ocr_line' id='line_1_65' title="bbox 183 4853 1763 4928; baseline -0.003 -19"><span class='ocrx_word' id='word_1_498' title='bbox 183 4869 287 4910; x_wconf 85' lang='lat' dir='ltr'><strong>rem</strong></span> <span class='ocrx_word' id='word_1_499' title='bbox 310 4858 523 4920; x_wconf 86' lang='lat' dir='ltr'><strong>incutit,</strong></span> <span class='ocrx_word' id='word_1_500' title='bbox 542 4857 683 4928; x_wconf 92' lang='lat' dir='ltr'><strong>quod</strong></span> <span class='ocrx_word' id='word_1_501' title='bbox 712 4871 816 4910; x_wconf 90' lang='lat' dir='ltr'><strong>non</strong></span> <span class='ocrx_word' id='word_1_502' title='bbox 838 4856 984 4909; x_wconf 89' lang='lat' dir='ltr'><strong>illum</strong></span> <span class='ocrx_word' id='word_1_503' title='bbox 1006 4856 1317 4909; x_wconf 88' lang='lat' dir='ltr'><strong>nominatim</strong></span> <span class='ocrx_word' id='word_1_504' title='bbox 1337 4853 1544 4908; x_wconf 70' lang='lat' dir='ltr'><strong>efferat.</strong></span> <span class='ocrx_word' id='word_1_505' title='bbox 1574 4853 1653 4907; x_wconf 91' lang='lat' dir='ltr'><strong>Illi</strong></span> <span class='ocrx_word' id='word_1_506' title='bbox 1679 4869 1763 4917; x_wconf 77' lang='lat' dir='ltr'><strong>ve-</strong></span> 
     </span>
    </p>
   </div>
   <div class='ocr_carea' id='block_1_66' title="bbox 182 4946 1764 5019">
    <p class='ocr_par' dir='ltr' id='par_1_66' title="bbox 182 4946 1764 5019">
     <span class='ocr_line' id='line_1_66' title="bbox 182 4946 1764 5019; baseline 0.001 -19"><span class='ocrx_word' id='word_1_507' title='bbox 182 4962 237 5001; x_wconf 92' lang='lat' dir='ltr'><strong>ro</strong></span> <span class='ocrx_word' id='word_1_508' title='bbox 256 4953 392 5007; x_wconf 84' lang='lat' dir='ltr'><strong>anxii</strong></span> <span class='ocrx_word' id='word_1_509' title='bbox 421 4962 541 5006; x_wconf 84' lang='lat' dir='ltr'><strong>sunt</strong></span> <span class='ocrx_word' id='word_1_510' title='bbox 566 4949 843 5019; x_wconf 67' lang='lat' dir='ltr'><strong>(JoanJl&#39;i.</strong></span> <span class='ocrx_word' id='word_1_511' title='bbox 859 4949 972 5010; x_wconf 71' lang='lat'><strong>22).</strong></span> <span class='ocrx_word' id='word_1_512' title='bbox 996 4950 1123 5005; x_wconf 91' lang='lat' dir='ltr'><strong>licet</strong></span> <span class='ocrx_word' id='word_1_513' title='bbox 1144 4948 1339 5002; x_wconf 88' lang='lat' dir='ltr'><strong>nullius</strong></span> <span class='ocrx_word' id='word_1_514' title='bbox 1362 4947 1461 5002; x_wconf 86' lang='lat' dir='ltr'><strong>sibi</strong></span> <span class='ocrx_word' id='word_1_515' title='bbox 1483 4946 1609 5001; x_wconf 89' lang='lat' dir='ltr'><strong>mali</strong></span> <span class='ocrx_word' id='word_1_516' title='bbox 1634 4960 1764 5001; x_wconf 83' lang='lat' dir='ltr'><strong>con-</strong></span> 
     </span>
    </p>
   </div>
   <div class='ocr_carea' id='block_1_67' title="bbox 182 5041 1762 5114">
    <p class='ocr_par' dir='ltr' id='par_1_67' title="bbox 182 5041 1762 5114">
     <span class='ocr_line' id='line_1_67' title="bbox 182 5041 1762 5114; baseline -0.001 -19"><span class='ocrx_word' id='word_1_517' title='bbox 182 5042 451 5114; x_wconf 87' lang='lat' dir='ltr'><strong>scii,quia</strong></span> <span class='ocrx_word' id='word_1_518' title='bbox 501 5043 697 5099; x_wconf 77' lang='lat' dir='ltr'><strong>Christi</strong></span> <span class='ocrx_word' id='word_1_519' title='bbox 751 5042 1071 5099; x_wconf 85' lang='lat' dir='ltr'><strong>sententiam</strong></span> <span class='ocrx_word' id='word_1_520' title='bbox 1124 5041 1371 5095; x_wconf 89' lang='lat' dir='ltr'><strong>tutiorem</strong></span> <span class='ocrx_word' id='word_1_521' title='bbox 1424 5054 1584 5111; x_wconf 90' lang='lat' dir='ltr'><strong>quam</strong></span> <span class='ocrx_word' id='word_1_522' title='bbox 1637 5053 1762 5094; x_wconf 88' lang='lat' dir='ltr'><strong>suas</strong></span> 
     </span>
    </p>
   </div>
   <div class='ocr_carea' id='block_1_68' title="bbox 186 5132 1765 5205">
    <p class='ocr_par' dir='ltr' id='par_1_68' title="bbox 186 5132 1765 5205">
     <span class='ocr_line' id='line_1_68' title="bbox 186 5132 1765 5205; baseline 0.003 -21"><span class='ocrx_word' id='word_1_523' title='bbox 186 5132 315 5200; x_wconf 74' lang='lat' dir='ltr'><strong>ipsas</strong></span> <span class='ocrx_word' id='word_1_524' title='bbox 360 5136 713 5205; x_wconf 71' lang='lat' dir='ltr'><strong>cogitationes</strong></span> <span class='ocrx_word' id='word_1_525' title='bbox 760 5135 1046 5188; x_wconf 84' lang='lat' dir='ltr'><strong>ducebant.</strong></span> <span class='ocrx_word' id='word_1_526' title='bbox 1097 5133 1274 5202; x_wconf 81' lang='lat' dir='ltr'><strong>Quare</strong></span> <span class='ocrx_word' id='word_1_527' title='bbox 1325 5148 1384 5187; x_wconf 89' lang='lat' dir='ltr'><strong>se</strong></span> <span class='ocrx_word' id='word_1_528' title='bbox 1426 5143 1613 5187; x_wconf 88' lang='lat' dir='ltr'><strong>mutuo</strong></span> <span class='ocrx_word' id='word_1_529' title='bbox 1663 5148 1765 5188; x_wconf 91' lang='lat' dir='ltr'><strong>re-</strong></span> 
     </span>
    </p>
   </div>
   <div class='ocr_carea' id='block_1_69' title="bbox 188 5225 1762 5295">
    <p class='ocr_par' dir='ltr' id='par_1_69' title="bbox 188 5225 1762 5295">
     <span class='ocr_line' id='line_1_69' title="bbox 188 5225 1762 5295; baseline 0.001 -17"><span class='ocrx_word' id='word_1_530' title='bbox 188 5227 490 5295; x_wconf 77' lang='lat' dir='ltr'><strong>spiciebant.</strong></span> <span class='ocrx_word' id='word_1_531' title='bbox 536 5226 685 5295; x_wconf 87' lang='lat' dir='ltr'><strong>Quod</strong></span> <span class='ocrx_word' id='word_1_532' title='bbox 742 5227 792 5281; x_wconf 93' lang='lat' dir='ltr'><strong>in</strong></span> <span class='ocrx_word' id='word_1_533' title='bbox 842 5241 1004 5279; x_wconf 90' lang='lat' dir='ltr'><strong>mmm</strong></span> <span class='ocrx_word' id='word_1_534' title='bbox 1062 5225 1417 5294; x_wconf 85' lang='lat' dir='ltr'><strong>proditionem</strong></span> <span class='ocrx_word' id='word_1_535' title='bbox 1470 5225 1762 5295; x_wconf 84' lang='lat' dir='ltr'><strong>restringe-</strong></span> 
     </span>
    </p>
   </div>
   <div class='ocr_carea' id='block_1_70' title="bbox 189 5314 1762 5386">
    <p class='ocr_par' dir='ltr' id='par_1_70' title="bbox 189 5314 1762 5386">
     <span class='ocr_line' id='line_1_70' title="bbox 189 5314 1762 5386; baseline 0.001 -18"><span class='ocrx_word' id='word_1_536' title='bbox 189 5326 277 5383; x_wconf 88' lang='lat' dir='ltr'><strong>ret,</strong></span> <span class='ocrx_word' id='word_1_537' title='bbox 308 5320 555 5374; x_wconf 88' lang='lat' dir='ltr'><strong>timorem</strong></span> <span class='ocrx_word' id='word_1_538' title='bbox 581 5317 883 5381; x_wconf 85' lang='lat' dir='ltr'><strong>minuebat;</strong></span> <span class='ocrx_word' id='word_1_539' title='bbox 916 5317 1057 5386; x_wconf 87' lang='lat' dir='ltr'><strong>quod</strong></span> <span class='ocrx_word' id='word_1_540' title='bbox 1080 5314 1319 5381; x_wconf 89' lang='lat' dir='ltr'><strong>adderet,</strong></span> <span class='ocrx_word' id='word_1_541' title='bbox 1350 5315 1493 5370; x_wconf 87' lang='lat' dir='ltr'><strong>Unus</strong></span> <span class='ocrx_word' id='word_1_542' title='bbox 1514 5332 1577 5370; x_wconf 81' lang='lat' dir='ltr'><strong>ea:</strong></span> <span class='ocrx_word' id='word_1_543' title='bbox 1603 5317 1762 5384; x_wconf 82' lang='lat' dir='ltr'><strong>vobis,</strong></span> 
     </span>
    </p>
   </div>
   <div class='ocr_carea' id='block_1_71' title="bbox 187 5405 1766 5477">
    <p class='ocr_par' dir='ltr' id='par_1_71' title="bbox 187 5405 1766 5477">
     <span class='ocr_line' id='line_1_71' title="bbox 187 5405 1766 5477; baseline 0.003 -20"><span class='ocrx_word' id='word_1_544' title='bbox 187 5421 363 5465; x_wconf 87' lang='lat' dir='ltr'><strong>onmes</strong></span> <span class='ocrx_word' id='word_1_545' title='bbox 399 5409 770 5463; x_wconf 80' lang='lat' dir='ltr'><strong>conturbaba‘t.</strong></span> <span class='ocrx_word' id='word_1_546' title='bbox 821 5406 959 5474; x_wconf 89' lang='lat' dir='ltr'><strong>Quid</strong></span> <span class='ocrx_word' id='word_1_547' title='bbox 988 5405 1156 5477; x_wconf 88' lang='lat' dir='ltr'><strong>ergo?</strong></span> <span class='ocrx_word' id='word_1_548' title='bbox 1196 5406 1295 5459; x_wconf 83' lang='lat' dir='ltr'><strong>Aiii</strong></span> <span class='ocrx_word' id='word_1_549' title='bbox 1325 5405 1537 5474; x_wconf 84' lang='lat' dir='ltr'><strong>quidem</strong></span> <span class='ocrx_word' id='word_1_550' title='bbox 1576 5421 1766 5461; x_wconf 83' lang='lat' dir='ltr'><strong>omnes</strong></span> 
     </span>
    </p>
   </div>
   <div class='ocr_carea' id='block_1_72' title="bbox 189 5478 1762 5568">
    <p class='ocr_par' dir='ltr' id='par_1_72' title="bbox 189 5478 1762 5568">
     <span class='ocr_line' id='line_1_72' title="bbox 189 5478 1762 5568; baseline 0.001 -19"><span class='ocrx_word' id='word_1_551' title='bbox 189 5512 240 5550; x_wconf 85' lang='lat' dir='ltr'><strong>se</strong></span> <span class='ocrx_word' id='word_1_552' title='bbox 288 5478 468 5555; x_wconf 88' lang='lat' dir='ltr'><strong>mutuo</strong></span> <span class='ocrx_word' id='word_1_553' title='bbox 508 5499 833 5568; x_wconf 86' lang='lat' dir='ltr'><strong>respiciunt;</strong></span> <span class='ocrx_word' id='word_1_554' title='bbox 868 5498 1059 5565; x_wconf 77' lang='lat' dir='ltr'><strong>Petrus</strong></span> <span class='ocrx_word' id='word_1_555' title='bbox 1104 5510 1234 5552; x_wconf 87' lang='lat' dir='ltr'><strong>vero</strong></span> <span class='ocrx_word' id='word_1_556' title='bbox 1275 5511 1489 5567; x_wconf 87' lang='lat' dir='ltr'><strong>semper</strong></span> <span class='ocrx_word' id='word_1_557' title='bbox 1530 5494 1762 5563; x_wconf 83' lang='lat' dir='ltr'><strong>fervens,</strong></span> 
     </span>
    </p>
   </div>
   <div class='ocr_carea' id='block_1_73' title="bbox 192 5587 1762 5661">
    <p class='ocr_par' dir='ltr' id='par_1_73' title="bbox 192 5587 1762 5661">
     <span class='ocr_line' id='line_1_73' title="bbox 192 5587 1762 5661; baseline 0.001 -20"><span class='ocrx_word' id='word_1_558' title='bbox 192 5587 367 5645; x_wconf 76' lang='lat' dir='ltr'><strong>loanni</strong></span> <span class='ocrx_word' id='word_1_559' title='bbox 391 5591 578 5645; x_wconf 87' lang='lat' dir='ltr'><strong>annuit</strong></span> <span class='ocrx_word' id='word_1_560' title='bbox 599 5589 759 5661; x_wconf 83' lang='lat' dir='ltr'><strong>(Ibid.</strong></span> <span class='ocrx_word' id='word_1_561' title='bbox 786 5588 902 5659; x_wconf 63' lang='lat'><strong>9.4).</strong></span> <span class='ocrx_word' id='word_1_562' title='bbox 931 5588 1063 5656; x_wconf 87' lang='lat' dir='ltr'><strong>Quia</strong></span> <span class='ocrx_word' id='word_1_563' title='bbox 1086 5589 1227 5643; x_wconf 90' lang='lat' dir='ltr'><strong>enim</strong></span> <span class='ocrx_word' id='word_1_564' title='bbox 1254 5587 1455 5656; x_wconf 85' lang='lat' dir='ltr'><strong>pridem</strong></span> <span class='ocrx_word' id='word_1_565' title='bbox 1480 5599 1762 5657; x_wconf 87' lang='lat' dir='ltr'><strong>correptus</strong></span> 
     </span>
    </p>
   </div>
   <div class='ocr_carea' id='block_1_74' title="bbox 196 5679 1766 5750">
    <p class='ocr_par' dir='ltr' id='par_1_74' title="bbox 196 5679 1766 5750">
     <span class='ocr_line' id='line_1_74' title="bbox 196 5679 1766 5750; baseline 0.002 -16"><span class='ocrx_word' id='word_1_566' title='bbox 196 5679 377 5749; x_wconf 86' lang='lat' dir='ltr'><strong>fuerat,</strong></span> <span class='ocrx_word' id='word_1_567' title='bbox 403 5693 457 5738; x_wconf 90' lang='lat' dir='ltr'><strong>et</strong></span> <span class='ocrx_word' id='word_1_568' title='bbox 478 5685 655 5737; x_wconf 88' lang='lat' dir='ltr'><strong>lavare</strong></span> <span class='ocrx_word' id='word_1_569' title='bbox 684 5683 949 5738; x_wconf 84' lang='lat' dir='ltr'><strong>volentem</strong></span> <span class='ocrx_word' id='word_1_570' title='bbox 976 5681 1313 5741; x_wconf 81' lang='lat' dir='ltr'><strong>cobibuerat.</strong></span> <span class='ocrx_word' id='word_1_571' title='bbox 1332 5689 1386 5734; x_wconf 90' lang='lat' dir='ltr'><strong>et</strong></span> <span class='ocrx_word' id='word_1_572' title='bbox 1403 5681 1599 5750; x_wconf 85' lang='lat' dir='ltr'><strong>ubique</strong></span> <span class='ocrx_word' id='word_1_573' title='bbox 1622 5698 1766 5737; x_wconf 84' lang='lat' dir='ltr'><strong>com-</strong></span> 
     </span>
    </p>
   </div>
   <div class='ocr_carea' id='block_1_75' title="bbox 196 5758 1759 5846">
    <p class='ocr_par' dir='ltr' id='par_1_75' title="bbox 196 5758 1759 5846">
     <span class='ocr_line' id='line_1_75' title="bbox 196 5758 1759 5846; baseline 0.002 -18"><span class='ocrx_word' id='word_1_574' title='bbox 196 5784 329 5843; x_wconf 73' lang='lat' dir='ltr'><strong>paret</strong></span> <span class='ocrx_word' id='word_1_575' title='bbox 346 5758 531 5833; x_wconf 82' lang='lat' dir='ltr'><strong>amore</strong></span> <span class='ocrx_word' id='word_1_576' title='bbox 557 5776 773 5844; x_wconf 84' lang='lat' dir='ltr'><strong>ardens,</strong></span> <span class='ocrx_word' id='word_1_577' title='bbox 805 5775 899 5832; x_wconf 89' lang='lat' dir='ltr'><strong>sed</strong></span> <span class='ocrx_word' id='word_1_578' title='bbox 930 5776 1255 5846; x_wconf 85' lang='lat' dir='ltr'><strong>increpatur,</strong></span> <span class='ocrx_word' id='word_1_579' title='bbox 1276 5775 1397 5830; x_wconf 91' lang='lat' dir='ltr'><strong>ideo</strong></span> <span class='ocrx_word' id='word_1_580' title='bbox 1426 5776 1638 5844; x_wconf 88' lang='lat' dir='ltr'><strong>timens,</strong></span> <span class='ocrx_word' id='word_1_581' title='bbox 1666 5791 1759 5831; x_wconf 89' lang='lat' dir='ltr'><strong>ue-</strong></span> 
     </span>
    </p>
   </div>
   <div class='ocr_carea' id='block_1_76' title="bbox 1862 2006 3465 2099">
    <p class='ocr_par' dir='ltr' id='par_1_76' title="bbox 1862 2006 3465 2099">
     <span class='ocr_line' id='line_1_76' title="bbox 1862 2006 3465 2099; baseline 0.022 -48"><span class='ocrx_word' id='word_1_582' title='bbox 1862 2016 1967 2069; x_wconf 83' lang='lat' dir='ltr'><strong>quc</strong></span> <span class='ocrx_word' id='word_1_583' title='bbox 1992 2006 2226 2074; x_wconf 85' lang='lat' dir='ltr'><strong>quievit,</strong></span> <span class='ocrx_word' id='word_1_584' title='bbox 2268 2026 2441 2081; x_wconf 88' lang='lat' dir='ltr'><strong>neque</strong></span> <span class='ocrx_word' id='word_1_585' title='bbox 2472 2014 2723 2085; x_wconf 83' lang='lat' dir='ltr'><strong>loquutus</strong></span> <span class='ocrx_word' id='word_1_586' title='bbox 2753 2030 2866 2086; x_wconf 91' lang='lat' dir='ltr'><strong>est,</strong></span> <span class='ocrx_word' id='word_1_587' title='bbox 2912 2022 3009 2078; x_wconf 89' lang='lat' dir='ltr'><strong>sed</strong></span> <span class='ocrx_word' id='word_1_588' title='bbox 3036 2024 3260 2082; x_wconf 85' lang='lat' dir='ltr'><strong>Joannis</strong></span> <span class='ocrx_word' id='word_1_589' title='bbox 3301 2043 3465 2099; x_wconf 84' lang='lat' dir='ltr'><strong>opera</strong></span> 
     </span>
    </p>
   </div>
   <div class='ocr_carea' id='block_1_77' title="bbox 1862 2095 2259 2155">
    <p class='ocr_par' dir='ltr' id='par_1_77' title="bbox 1862 2095 2259 2155">
     <span class='ocr_line' id='line_1_77' title="bbox 1862 2095 2259 2155; baseline 0.018 -8"><span class='ocrx_word' id='word_1_590' title='bbox 1862 2095 1973 2150; x_wconf 87' lang='lat' dir='ltr'><strong>vult</strong></span> <span class='ocrx_word' id='word_1_591' title='bbox 1998 2097 2259 2155; x_wconf 89' lang='lat' dir='ltr'><strong>ediscere.</strong></span> 
     </span>
    </p>
   </div>
   <div class='ocr_carea' id='block_1_78' title="bbox 1932 2186 3463 2269">
    <p class='ocr_par' dir='ltr' id='par_1_78' title="bbox 1932 2186 3463 2269">
     <span class='ocr_line' id='line_1_78' title="bbox 1932 2186 3463 2269; baseline 0.016 -26"><span class='ocrx_word' id='word_1_592' title='bbox 1932 2186 2055 2255; x_wconf 88' lang='lat' dir='ltr'><strong>Cur,</strong></span> <span class='ocrx_word' id='word_1_593' title='bbox 2086 2194 2281 2247; x_wconf 69' lang='lat' dir='ltr'><strong>caeteris</strong></span> <span class='ocrx_word' id='word_1_594' title='bbox 2301 2196 2612 2265; x_wconf 83' lang='lat' dir='ltr'><strong>timentibus,</strong></span> <span class='ocrx_word' id='word_1_595' title='bbox 2633 2199 2863 2260; x_wconf 80' lang='lat' dir='ltr'><strong>Joannes</strong></span> <span class='ocrx_word' id='word_1_596' title='bbox 2885 2206 2939 2261; x_wconf 85' lang='lat' dir='ltr'><strong>in</strong></span> <span class='ocrx_word' id='word_1_597' title='bbox 2967 2208 3084 2263; x_wconf 86' lang='lat' dir='ltr'><strong>sinu</strong></span> <span class='ocrx_word' id='word_1_598' title='bbox 3107 2209 3299 2266; x_wconf 83' lang='lat' dir='ltr'><strong>Christi</strong></span> <span class='ocrx_word' id='word_1_599' title='bbox 3314 2231 3463 2269; x_wconf 82' lang='lat' dir='ltr'><strong>recu-</strong></span> 
     </span>
    </p>
   </div>
   <div class='ocr_carea' id='block_1_79' title="bbox 1857 2276 3464 2366">
    <p class='ocr_par' dir='ltr' id='par_1_79' title="bbox 1857 2276 3464 2366">
     <span class='ocr_line' id='line_1_79' title="bbox 1857 2276 3464 2366; baseline 0.019 -36"><span class='ocrx_word' id='word_1_600' title='bbox 1857 2276 2188 2336; x_wconf 87' lang='lat' dir='ltr'><strong>bat.—lllud</strong></span> <span class='ocrx_word' id='word_1_601' title='bbox 2220 2299 2379 2353; x_wconf 89' lang='lat' dir='ltr'><strong>porro</strong></span> <span class='ocrx_word' id='word_1_602' title='bbox 2407 2292 2633 2358; x_wconf 63' lang='lat' dir='ltr'><strong>quaesito</strong></span> <span class='ocrx_word' id='word_1_603' title='bbox 2664 2292 2882 2362; x_wconf 84' lang='lat' dir='ltr'><strong>dignum</strong></span> <span class='ocrx_word' id='word_1_604' title='bbox 2912 2306 3027 2366; x_wconf 90' lang='lat' dir='ltr'><strong>est,</strong></span> <span class='ocrx_word' id='word_1_605' title='bbox 3070 2316 3168 2355; x_wconf 88' lang='lat' dir='ltr'><strong>cur</strong></span> <span class='ocrx_word' id='word_1_606' title='bbox 3214 2306 3464 2361; x_wconf 89' lang='lat' dir='ltr'><strong>omnibus</strong></span> 
     </span>
    </p>
   </div>
   <div class='ocr_carea' id='block_1_80' title="bbox 1858 2373 3464 2461">
    <p class='ocr_par' dir='ltr' id='par_1_80' title="bbox 1858 2373 3464 2461">
     <span class='ocr_line' id='line_1_80' title="bbox 1858 2373 3464 2461; baseline 0.019 -38"><span class='ocrx_word' id='word_1_607' title='bbox 1858 2373 2060 2437; x_wconf 76' lang='lat' dir='ltr'><strong>anxiis,</strong></span> <span class='ocrx_word' id='word_1_608' title='bbox 2120 2377 2472 2448; x_wconf 89' lang='lat' dir='ltr'><strong>timentibus,</strong></span> <span class='ocrx_word' id='word_1_609' title='bbox 2527 2386 2818 2456; x_wconf 69' lang='lat' dir='ltr'><strong>coryphteo</strong></span> <span class='ocrx_word' id='word_1_610' title='bbox 2864 2401 3174 2461; x_wconf 89' lang='lat' dir='ltr'><strong>metuente,</strong></span> <span class='ocrx_word' id='word_1_611' title='bbox 3227 2394 3464 2454; x_wconf 77' lang='lat' dir='ltr'><strong>Joannes</strong></span> 
     </span>
    </p>
   </div>
   <div class='ocr_carea' id='block_1_81' title="bbox 1824 2466 3463 2556">
    <p class='ocr_par' dir='ltr' id='par_1_81' title="bbox 1824 2466 3463 2556">
     <span class='ocr_line' id='line_1_81' title="bbox 1824 2466 3463 2556; baseline 0.018 -40"><span class='ocrx_word' id='word_1_612' title='bbox 1824 2479 1830 2483; x_wconf 59' lang='lat'><em>‘</em></span> <span class='ocrx_word' id='word_1_613' title='bbox 1860 2466 2008 2533; x_wconf 86' lang='lat' dir='ltr'><strong>quasi</strong></span> <span class='ocrx_word' id='word_1_614' title='bbox 2041 2467 2192 2522; x_wconf 74' lang='lat' dir='ltr'><strong>lmtus</strong></span> <span class='ocrx_word' id='word_1_615' title='bbox 2218 2471 2270 2524; x_wconf 92' lang='lat' dir='ltr'><strong>in</strong></span> <span class='ocrx_word' id='word_1_616' title='bbox 2295 2473 2413 2526; x_wconf 90' lang='lat' dir='ltr'><strong>sinu</strong></span> <span class='ocrx_word' id='word_1_617' title='bbox 2437 2474 2563 2531; x_wconf 88' lang='lat' dir='ltr'><strong>Jesu</strong></span> <span class='ocrx_word' id='word_1_618' title='bbox 2596 2480 2855 2546; x_wconf 89' lang='lat' dir='ltr'><strong>recubat;</strong></span> <span class='ocrx_word' id='word_1_619' title='bbox 2890 2498 2989 2538; x_wconf 79' lang='lat' dir='ltr'><strong>nec</strong></span> <span class='ocrx_word' id='word_1_620' title='bbox 3018 2488 3237 2541; x_wconf 87' lang='lat' dir='ltr'><strong>recubat</strong></span> <span class='ocrx_word' id='word_1_621' title='bbox 3264 2489 3463 2556; x_wconf 90' lang='lat' dir='ltr'><strong>solum,</strong></span> 
     </span>
    </p>
   </div>
   <div class='ocr_carea' id='block_1_82' title="bbox 1860 2557 3466 2645">
    <p class='ocr_par' dir='ltr' id='par_1_82' title="bbox 1860 2557 3466 2645">
     <span class='ocr_line' id='line_1_82' title="bbox 1860 2557 3466 2645; baseline 0.016 -36"><span class='ocrx_word' id='word_1_622' title='bbox 1860 2557 1954 2610; x_wconf 87' lang='lat' dir='ltr'><strong>sed</strong></span> <span class='ocrx_word' id='word_1_623' title='bbox 1989 2558 2038 2611; x_wconf 91' lang='lat' dir='ltr'><strong>in</strong></span> <span class='ocrx_word' id='word_1_624' title='bbox 2071 2570 2255 2628; x_wconf 85' lang='lat' dir='ltr'><strong>peetus</strong></span> <span class='ocrx_word' id='word_1_625' title='bbox 2304 2565 2489 2619; x_wconf 86' lang='lat' dir='ltr'><strong>incidit</strong></span> <span class='ocrx_word' id='word_1_626' title='bbox 2517 2586 2529 2620; x_wconf 90' lang='lat'><strong>:</strong></span> <span class='ocrx_word' id='word_1_627' title='bbox 2558 2584 2730 2638; x_wconf 83' lang='lat' dir='ltr'><strong>neque</strong></span> <span class='ocrx_word' id='word_1_628' title='bbox 2760 2571 2864 2627; x_wconf 92' lang='lat' dir='ltr'><strong>hoc</strong></span> <span class='ocrx_word' id='word_1_629' title='bbox 2890 2574 3065 2628; x_wconf 92' lang='lat' dir='ltr'><strong>solum</strong></span> <span class='ocrx_word' id='word_1_630' title='bbox 3105 2580 3330 2645; x_wconf 65' lang='lat' dir='ltr'><strong>qua-situ</strong></span> <span class='ocrx_word' id='word_1_631' title='bbox 3380 2581 3466 2635; x_wconf 85' lang='lat' dir='ltr'><strong>di-</strong></span> 
     </span>
    </p>
   </div>
   <div class='ocr_carea' id='block_1_83' title="bbox 1860 2654 3463 2737">
    <p class='ocr_par' dir='ltr' id='par_1_83' title="bbox 1860 2654 3463 2737">
     <span class='ocr_line' id='line_1_83' title="bbox 1860 2654 3463 2737; baseline 0.017 -38"><span class='ocrx_word' id='word_1_632' title='bbox 1860 2664 2021 2716; x_wconf 88' lang='lat' dir='ltr'><strong>gnum</strong></span> <span class='ocrx_word' id='word_1_633' title='bbox 2051 2660 2153 2718; x_wconf 90' lang='lat' dir='ltr'><strong>est,</strong></span> <span class='ocrx_word' id='word_1_634' title='bbox 2177 2654 2269 2707; x_wconf 88' lang='lat' dir='ltr'><strong>sed</strong></span> <span class='ocrx_word' id='word_1_635' title='bbox 2297 2665 2349 2709; x_wconf 88' lang='lat' dir='ltr'><strong>et</strong></span> <span class='ocrx_word' id='word_1_636' title='bbox 2381 2658 2522 2711; x_wconf 83' lang='lat' dir='ltr'><strong>aliud</strong></span> <span class='ocrx_word' id='word_1_637' title='bbox 2550 2674 2911 2731; x_wconf 86' lang='lat' dir='ltr'><strong>consequens.</strong></span> <span class='ocrx_word' id='word_1_638' title='bbox 2943 2664 3079 2733; x_wconf 91' lang='lat' dir='ltr'><strong>Quid</strong></span> <span class='ocrx_word' id='word_1_639' title='bbox 3109 2668 3285 2723; x_wconf 79' lang='lat' dir='ltr'><strong>illud?</strong></span> <span class='ocrx_word' id='word_1_640' title='bbox 3312 2671 3463 2737; x_wconf 84' lang='lat' dir='ltr'><strong>Quod</strong></span> 
     </span>
    </p>
   </div>
   <div class='ocr_carea' id='block_1_84' title="bbox 1857 2737 3457 2820">
    <p class='ocr_par' dir='ltr' id='par_1_84' title="bbox 1857 2737 3457 2820">
     <span class='ocr_line' id='line_1_84' title="bbox 1857 2737 3457 2820; baseline 0.013 -24"><span class='ocrx_word' id='word_1_641' title='bbox 1857 2737 1926 2796; x_wconf 76' lang='lat' dir='ltr'><strong>de</strong></span> <span class='ocrx_word' id='word_1_642' title='bbox 1951 2754 2011 2794; x_wconf 85' lang='lat' dir='ltr'><strong>se</strong></span> <span class='ocrx_word' id='word_1_643' title='bbox 2039 2740 2188 2807; x_wconf 87' lang='lat' dir='ltr'><strong>dicit,</strong></span> <span class='ocrx_word' id='word_1_644' title='bbox 2225 2744 2385 2811; x_wconf 83' lang='lat' dir='ltr'><strong>Quem</strong></span> <span class='ocrx_word' id='word_1_645' title='bbox 2416 2748 2654 2820; x_wconf 81' lang='lat' dir='ltr'><strong>diligebat</strong></span> <span class='ocrx_word' id='word_1_646' title='bbox 2682 2750 2855 2807; x_wconf 74' lang='lat' dir='ltr'><strong>Iesus.</strong></span> <span class='ocrx_word' id='word_1_647' title='bbox 2905 2753 3006 2810; x_wconf 82' lang='lat' dir='ltr'><strong>Cur</strong></span> <span class='ocrx_word' id='word_1_648' title='bbox 3044 2774 3203 2811; x_wconf 89' lang='lat' dir='ltr'><strong>nemo</strong></span> <span class='ocrx_word' id='word_1_649' title='bbox 3230 2761 3368 2815; x_wconf 69' lang='lat' dir='ltr'><strong>alius</strong></span> <span class='ocrx_word' id='word_1_650' title='bbox 3407 2762 3457 2815; x_wconf 90' lang='lat' dir='ltr'><strong>id</strong></span> 
     </span>
    </p>
   </div>
   <div class='ocr_carea' id='block_1_85' title="bbox 1858 2831 3459 2915">
    <p class='ocr_par' dir='ltr' id='par_1_85' title="bbox 1858 2831 3459 2915">
     <span class='ocr_line' id='line_1_85' title="bbox 1858 2831 3459 2915; baseline 0.012 -28"><span class='ocrx_word' id='word_1_651' title='bbox 1858 2831 1926 2887; x_wconf 88' lang='lat' dir='ltr'><strong>de</strong></span> <span class='ocrx_word' id='word_1_652' title='bbox 1953 2848 2015 2890; x_wconf 82' lang='lat' dir='ltr'><strong>se</strong></span> <span class='ocrx_word' id='word_1_653' title='bbox 2042 2834 2207 2901; x_wconf 80' lang='lat' dir='ltr'><strong>dixit,</strong></span> <span class='ocrx_word' id='word_1_654' title='bbox 2237 2840 2480 2907; x_wconf 85' lang='lat' dir='ltr'><strong>quamvis</strong></span> <span class='ocrx_word' id='word_1_655' title='bbox 2506 2842 2597 2896; x_wconf 90' lang='lat' dir='ltr'><strong>alii</strong></span> <span class='ocrx_word' id='word_1_656' title='bbox 2629 2859 2843 2915; x_wconf 80' lang='lat' dir='ltr'><strong>queque</strong></span> <span class='ocrx_word' id='word_1_657' title='bbox 2882 2851 3229 2905; x_wconf 85' lang='lat' dir='ltr'><strong>amarentur?</strong></span> <span class='ocrx_word' id='word_1_658' title='bbox 3263 2851 3459 2907; x_wconf 86' lang='lat' dir='ltr'><strong>Verum</strong></span> 
     </span>
    </p>
   </div>
   <div class='ocr_carea' id='block_1_86' title="bbox 1858 2920 3465 3001">
    <p class='ocr_par' dir='ltr' id='par_1_86' title="bbox 1858 2920 3465 3001">
     <span class='ocr_line' id='line_1_86' title="bbox 1858 2920 3465 3001; baseline 0.014 -24"><span class='ocrx_word' id='word_1_659' title='bbox 1858 2923 1947 2979; x_wconf 84' lang='lat' dir='ltr'><strong>hic</strong></span> <span class='ocrx_word' id='word_1_660' title='bbox 1988 2928 2157 2997; x_wconf 88' lang='lat' dir='ltr'><strong>magis</strong></span> <span class='ocrx_word' id='word_1_661' title='bbox 2186 2945 2345 2998; x_wconf 90' lang='lat' dir='ltr'><strong>quam</strong></span> <span class='ocrx_word' id='word_1_662' title='bbox 2375 2932 2484 2986; x_wconf 87' lang='lat' dir='ltr'><strong>alii.</strong></span> <span class='ocrx_word' id='word_1_663' title='bbox 2519 2936 2671 3001; x_wconf 90' lang='lat' dir='ltr'><strong>Quod</strong></span> <span class='ocrx_word' id='word_1_664' title='bbox 2702 2938 2746 2991; x_wconf 87' lang='lat' dir='ltr'><strong>si</strong></span> <span class='ocrx_word' id='word_1_665' title='bbox 2795 2920 2974 2994; x_wconf 77' lang='lat' dir='ltr'><strong>rutilus</strong></span> <span class='ocrx_word' id='word_1_666' title='bbox 3015 2941 3153 2995; x_wconf 88' lang='lat' dir='ltr'><strong>alius</strong></span> <span class='ocrx_word' id='word_1_667' title='bbox 3184 2942 3285 2998; x_wconf 87' lang='lat' dir='ltr'><strong>hoc</strong></span> <span class='ocrx_word' id='word_1_668' title='bbox 3313 2946 3379 2998; x_wconf 90' lang='lat' dir='ltr'><strong>de</strong></span> <span class='ocrx_word' id='word_1_669' title='bbox 3405 2962 3465 3000; x_wconf 84' lang='lat' dir='ltr'><strong>se</strong></span> 
     </span>
    </p>
   </div>
   <div class='ocr_carea' id='block_1_87' title="bbox 1857 3014 3463 3105">
    <p class='ocr_par' dir='ltr' id='par_1_87' title="bbox 1857 3014 3463 3105">
     <span class='ocr_line' id='line_1_87' title="bbox 1857 3014 3463 3105; baseline 0.014 -38"><span class='ocrx_word' id='word_1_670' title='bbox 1857 3014 2018 3081; x_wconf 80' lang='lat' dir='ltr'><strong>dixit,</strong></span> <span class='ocrx_word' id='word_1_671' title='bbox 2052 3016 2147 3071; x_wconf 90' lang='lat' dir='ltr'><strong>sed</strong></span> <span class='ocrx_word' id='word_1_672' title='bbox 2178 3020 2292 3087; x_wconf 90' lang='lat' dir='ltr'><strong>ipse</strong></span> <span class='ocrx_word' id='word_1_673' title='bbox 2320 3021 2487 3088; x_wconf 54' lang='lat' dir='ltr'><strong>stzlus,</strong></span> <span class='ocrx_word' id='word_1_674' title='bbox 2513 3024 2645 3080; x_wconf 67' lang='lat' dir='ltr'><strong>nihil</strong></span> <span class='ocrx_word' id='word_1_675' title='bbox 2668 3028 2881 3082; x_wconf 88' lang='lat' dir='ltr'><strong>mirum.</strong></span> <span class='ocrx_word' id='word_1_676' title='bbox 2913 3029 3025 3085; x_wconf 89' lang='lat' dir='ltr'><strong>Hoc</strong></span> <span class='ocrx_word' id='word_1_677' title='bbox 3056 3031 3227 3100; x_wconf 87' lang='lat' dir='ltr'><strong>ipsum</strong></span> <span class='ocrx_word' id='word_1_678' title='bbox 3261 3051 3463 3105; x_wconf 74' lang='lat' dir='ltr'><strong>oppor—</strong></span> 
     </span>
    </p>
   </div>
   <div class='ocr_carea' id='block_1_88' title="bbox 1861 3112 3463 3184">
    <p class='ocr_par' dir='ltr' id='par_1_88' title="bbox 1861 3112 3463 3184">
     <span class='ocr_line' id='line_1_88' title="bbox 1861 3112 3463 3184; baseline 0.015 -24"><span class='ocrx_word' id='word_1_679' title='bbox 1861 3115 1991 3163; x_wconf 91' lang='lat' dir='ltr'><strong>tuno</strong></span> <span class='ocrx_word' id='word_1_680' title='bbox 2017 3117 2261 3179; x_wconf 86' lang='lat' dir='ltr'><strong>tempore</strong></span> <span class='ocrx_word' id='word_1_681' title='bbox 2295 3112 2422 3169; x_wconf 85' lang='lat' dir='ltr'><strong>facit</strong></span> <span class='ocrx_word' id='word_1_682' title='bbox 2450 3115 2646 3173; x_wconf 88' lang='lat' dir='ltr'><strong>Paulus</strong></span> <span class='ocrx_word' id='word_1_683' title='bbox 2674 3120 2757 3173; x_wconf 89' lang='lat' dir='ltr'><strong>his</strong></span> <span class='ocrx_word' id='word_1_684' title='bbox 2785 3122 2962 3177; x_wconf 86' lang='lat' dir='ltr'><strong>verbis</strong></span> <span class='ocrx_word' id='word_1_685' title='bbox 2998 3140 3012 3179; x_wconf 92' lang='lat'>:</span> <span class='ocrx_word' id='word_1_686' title='bbox 3045 3123 3168 3180; x_wconf 88' lang='lat' dir='ltr'><strong>Scio</strong></span> <span class='ocrx_word' id='word_1_687' title='bbox 3207 3129 3463 3184; x_wconf 83' lang='lat' dir='ltr'><strong>hominem</strong></span> 
     </span>
    </p>
   </div>
   <div class='ocr_carea' id='block_1_89' title="bbox 1858 3206 3462 3287">
    <p class='ocr_par' dir='ltr' id='par_1_89' title="bbox 1858 3206 3462 3287">
     <span class='ocr_line' id='line_1_89' title="bbox 1858 3206 3462 3287; baseline 0.015 -37"><span class='ocrx_word' id='word_1_688' title='bbox 1858 3206 1977 3252; x_wconf 83' lang='lat' dir='ltr'><strong>ante</strong></span> <span class='ocrx_word' id='word_1_689' title='bbox 2015 3216 2177 3256; x_wconf 81' lang='lat' dir='ltr'><strong>annos</strong></span> <span class='ocrx_word' id='word_1_690' title='bbox 2223 3206 2605 3275; x_wconf 84' lang='lat' dir='ltr'><strong>quatuordecim</strong></span> <span class='ocrx_word' id='word_1_691' title='bbox 2637 3210 2714 3281; x_wconf 76' lang='lat'><strong>(2.</strong></span> <span class='ocrx_word' id='word_1_692' title='bbox 2761 3208 2879 3267; x_wconf 88' lang='lat' dir='ltr'><strong>Cor.</strong></span> <span class='ocrx_word' id='word_1_693' title='bbox 2909 3213 2996 3268; x_wconf 76' lang='lat' dir='ltr'><strong>l2.</strong></span> <span class='ocrx_word' id='word_1_694' title='bbox 3028 3214 3100 3286; x_wconf 75' lang='grc'><strong>2).</strong></span> <span class='ocrx_word' id='word_1_695' title='bbox 3144 3219 3302 3287; x_wconf 82' lang='lat' dir='ltr'><strong>Atqui</strong></span> <span class='ocrx_word' id='word_1_696' title='bbox 3356 3234 3462 3274; x_wconf 88' lang='lat' dir='ltr'><strong>non</strong></span> 
     </span>
    </p>
   </div>
   <div class='ocr_carea' id='block_1_90' title="bbox 1859 3292 3461 3378">
    <p class='ocr_par' dir='ltr' id='par_1_90' title="bbox 1859 3292 3461 3378">
     <span class='ocr_line' id='line_1_90' title="bbox 1859 3292 3461 3378; baseline 0.014 -36"><span class='ocrx_word' id='word_1_697' title='bbox 1859 3304 2057 3358; x_wconf 89' lang='lat' dir='ltr'><strong>paucas</strong></span> <span class='ocrx_word' id='word_1_698' title='bbox 2084 3292 2217 3348; x_wconf 89' lang='lat' dir='ltr'><strong>alias</strong></span> <span class='ocrx_word' id='word_1_699' title='bbox 2240 3297 2326 3355; x_wconf 84' lang='lat' dir='ltr'><strong>sui</strong></span> <span class='ocrx_word' id='word_1_700' title='bbox 2366 3296 2550 3353; x_wconf 85' lang='lat' dir='ltr'><strong>laudes</strong></span> <span class='ocrx_word' id='word_1_701' title='bbox 2585 3312 2948 3371; x_wconf 86' lang='lat' dir='ltr'><strong>prosequutus</strong></span> <span class='ocrx_word' id='word_1_702' title='bbox 2975 3314 3076 3360; x_wconf 90' lang='lat' dir='ltr'><strong>est.</strong></span> <span class='ocrx_word' id='word_1_703' title='bbox 3112 3310 3192 3362; x_wconf 82' lang='lat' dir='ltr'><strong>An</strong></span> <span class='ocrx_word' id='word_1_704' title='bbox 3223 3320 3378 3378; x_wconf 82' lang='lat' dir='ltr'><strong>putas</strong></span> <span class='ocrx_word' id='word_1_705' title='bbox 3410 3311 3461 3366; x_wconf 91' lang='lat' dir='ltr'><strong>id</strong></span> 
     </span>
    </p>
   </div>
   <div class='ocr_carea' id='block_1_91' title="bbox 1860 3387 3461 3469">
    <p class='ocr_par' dir='ltr' id='par_1_91' title="bbox 1860 3387 3461 3469">
     <span class='ocr_line' id='line_1_91' title="bbox 1860 3387 3461 3469; baseline 0.016 -37"><span class='ocrx_word' id='word_1_706' title='bbox 1860 3392 2048 3450; x_wconf 88' lang='lat' dir='ltr'><strong>parum</strong></span> <span class='ocrx_word' id='word_1_707' title='bbox 2079 3397 2220 3451; x_wconf 88' lang='lat' dir='ltr'><strong>esse,</strong></span> <span class='ocrx_word' id='word_1_708' title='bbox 2251 3387 2393 3455; x_wconf 88' lang='lat' dir='ltr'><strong>quod</strong></span> <span class='ocrx_word' id='word_1_709' title='bbox 2431 3398 2486 3442; x_wconf 92' lang='lat' dir='ltr'><strong>ut</strong></span> <span class='ocrx_word' id='word_1_710' title='bbox 2514 3390 2739 3458; x_wconf 88' lang='lat' dir='ltr'><strong>audivit,</strong></span> <span class='ocrx_word' id='word_1_711' title='bbox 2787 3393 3012 3465; x_wconf 84' lang='lat' dir='ltr'><strong>Sequere</strong></span> <span class='ocrx_word' id='word_1_712' title='bbox 3026 3402 3116 3452; x_wconf 83' lang='lat' dir='ltr'><strong>-m&#39;e</strong></span> <span class='ocrx_word' id='word_1_713' title='bbox 3144 3399 3357 3469; x_wconf 77' lang='lat' dir='ltr'><strong>(Matth.</strong></span> <span class='ocrx_word' id='word_1_714' title='bbox 3406 3404 3461 3457; x_wconf 71' lang='lat' dir='ltr'><strong>Ii.</strong></span> 
     </span>
    </p>
   </div>
   <div class='ocr_carea' id='block_1_92' title="bbox 1856 3469 3466 3560">
    <p class='ocr_par' dir='ltr' id='par_1_92' title="bbox 1856 3469 3466 3560">
     <span class='ocr_line' id='line_1_92' title="bbox 1856 3469 3466 3560; baseline 0.014 -35"><span class='ocrx_word' id='word_1_715' title='bbox 1856 3469 1951 3541; x_wconf 73' lang='lat'><strong>20)</strong></span> <span class='ocrx_word' id='word_1_716' title='bbox 1973 3512 1986 3535; x_wconf 96' lang='lat'><strong>,</strong></span> <span class='ocrx_word' id='word_1_717' title='bbox 2036 3475 2215 3529; x_wconf 85' lang='lat' dir='ltr'><strong>statim</strong></span> <span class='ocrx_word' id='word_1_718' title='bbox 2245 3478 2449 3533; x_wconf 91' lang='lat' dir='ltr'><strong>relictis</strong></span> <span class='ocrx_word' id='word_1_719' title='bbox 2478 3482 2685 3537; x_wconf 88' lang='lat' dir='ltr'><strong>retibus</strong></span> <span class='ocrx_word' id='word_1_720' title='bbox 2710 3494 2764 3537; x_wconf 91' lang='lat' dir='ltr'><strong>et</strong></span> <span class='ocrx_word' id='word_1_721' title='bbox 2791 3497 2943 3555; x_wconf 89' lang='lat' dir='ltr'><strong>patre</strong></span> <span class='ocrx_word' id='word_1_722' title='bbox 2964 3501 3224 3560; x_wconf 74' lang='lat' dir='ltr'><strong>Seqttutus</strong></span> <span class='ocrx_word' id='word_1_723' title='bbox 3255 3494 3359 3560; x_wconf 91' lang='lat' dir='ltr'><strong>sit,</strong></span> <span class='ocrx_word' id='word_1_724' title='bbox 3409 3504 3466 3551; x_wconf 88' lang='lat' dir='ltr'><strong>et</strong></span> 
     </span>
    </p>
   </div>
   <div class='ocr_carea' id='block_1_93' title="bbox 1859 3560 3461 3656">
    <p class='ocr_par' dir='ltr' id='par_1_93' title="bbox 1859 3560 3461 3656">
     <span class='ocr_line' id='line_1_93' title="bbox 1859 3560 3461 3656; baseline 0.017 -44"><span class='ocrx_word' id='word_1_725' title='bbox 1859 3560 2001 3630; x_wconf 90' lang='lat' dir='ltr'><strong>quod</strong></span> <span class='ocrx_word' id='word_1_726' title='bbox 2031 3577 2152 3617; x_wconf 93' lang='lat' dir='ltr'><strong>cum</strong></span> <span class='ocrx_word' id='word_1_727' title='bbox 2198 3565 2361 3621; x_wconf 88' lang='lat' dir='ltr'><strong>Petro</strong></span> <span class='ocrx_word' id='word_1_728' title='bbox 2388 3570 2536 3624; x_wconf 88' lang='lat' dir='ltr'><strong>solus</strong></span> <span class='ocrx_word' id='word_1_729' title='bbox 2567 3584 2874 3643; x_wconf 90' lang='lat' dir='ltr'><strong>assumptus</strong></span> <span class='ocrx_word' id='word_1_730' title='bbox 2901 3576 2969 3631; x_wconf 92' lang='lat' dir='ltr'><strong>sit</strong></span> <span class='ocrx_word' id='word_1_731' title='bbox 2997 3578 3047 3632; x_wconf 90' lang='lat' dir='ltr'><strong>in</strong></span> <span class='ocrx_word' id='word_1_732' title='bbox 3075 3592 3314 3637; x_wconf 89' lang='lat' dir='ltr'><strong>montem</strong></span> <span class='ocrx_word' id='word_1_733' title='bbox 3347 3583 3461 3656; x_wconf 83' lang='lat' dir='ltr'><strong>(Id.</strong></span> 
     </span>
    </p>
   </div>
   <div class='ocr_carea' id='block_1_94' title="bbox 1862 3650 3459 3745">
    <p class='ocr_par' dir='ltr' id='par_1_94' title="bbox 1862 3650 3459 3745">
     <span class='ocr_line' id='line_1_94' title="bbox 1862 3650 3459 3745; baseline 0.014 -40"><span class='ocrx_word' id='word_1_734' title='bbox 1862 3650 1950 3705; x_wconf 79' lang='lat' dir='ltr'><strong>l7.</strong></span> <span class='ocrx_word' id='word_1_735' title='bbox 1981 3652 2056 3722; x_wconf 85' lang='lat' dir='ltr'><strong>l),</strong></span> <span class='ocrx_word' id='word_1_736' title='bbox 2089 3663 2143 3708; x_wconf 89' lang='lat' dir='ltr'><strong>et</strong></span> <span class='ocrx_word' id='word_1_737' title='bbox 2160 3672 2344 3711; x_wconf 88' lang='lat' dir='ltr'><strong>rursus</strong></span> <span class='ocrx_word' id='word_1_738' title='bbox 2360 3674 2479 3713; x_wconf 91' lang='lat' dir='ltr'><strong>cum</strong></span> <span class='ocrx_word' id='word_1_739' title='bbox 2508 3662 2559 3715; x_wconf 91' lang='lat' dir='ltr'><strong>in</strong></span> <span class='ocrx_word' id='word_1_740' title='bbox 2578 3662 2797 3719; x_wconf 89' lang='lat' dir='ltr'><strong>domum</strong></span> <span class='ocrx_word' id='word_1_741' title='bbox 2828 3667 3102 3738; x_wconf 85' lang='lat' dir='ltr'><strong>ingressus</strong></span> <span class='ocrx_word' id='word_1_742' title='bbox 3123 3682 3207 3727; x_wconf 82' lang='lat' dir='ltr'><strong>eSt</strong></span> <span class='ocrx_word' id='word_1_743' title='bbox 3228 3650 3377 3745; x_wconf 61' lang='lat' dir='ltr'><strong>(Luc.</strong></span> <span class='ocrx_word' id='word_1_744' title='bbox 3404 3674 3459 3730; x_wconf 91' lang='lat'><strong>8.</strong></span> 
     </span>
    </p>
   </div>
   <div class='ocr_carea' id='block_1_95' title="bbox 1860 3739 3460 3835">
    <p class='ocr_par' dir='ltr' id='par_1_95' title="bbox 1860 3739 3460 3835">
     <span class='ocr_line' id='line_1_95' title="bbox 1860 3739 3460 3835; baseline 0.016 -38"><span class='ocrx_word' id='word_1_745' title='bbox 1860 3739 1991 3813; x_wconf 82' lang='lat' dir='ltr'><strong>5f)?</strong></span> <span class='ocrx_word' id='word_1_746' title='bbox 2021 3743 2139 3813; x_wconf 89' lang='lat' dir='ltr'><strong>Ipse</strong></span> <span class='ocrx_word' id='word_1_747' title='bbox 2192 3764 2323 3802; x_wconf 87' lang='lat' dir='ltr'><strong>vero</strong></span> <span class='ocrx_word' id='word_1_748' title='bbox 2371 3764 2628 3820; x_wconf 90' lang='lat' dir='ltr'><strong>quantum</strong></span> <span class='ocrx_word' id='word_1_749' title='bbox 2662 3755 2806 3812; x_wconf 90' lang='lat' dir='ltr'><strong>Petri</strong></span> <span class='ocrx_word' id='word_1_750' title='bbox 2838 3761 3142 3817; x_wconf 90' lang='lat' dir='ltr'><strong>encomium</strong></span> <span class='ocrx_word' id='word_1_751' title='bbox 3197 3769 3460 3835; x_wconf 87' lang='lat' dir='ltr'><strong>narravit,</strong></span> 
     </span>
    </p>
   </div>
   <div class='ocr_carea' id='block_1_96' title="bbox 1863 3838 3463 3927">
    <p class='ocr_par' dir='ltr' id='par_1_96' title="bbox 1863 3838 3463 3927">
     <span class='ocr_line' id='line_1_96' title="bbox 1863 3838 3463 3927; baseline 0.016 -39"><span class='ocrx_word' id='word_1_752' title='bbox 1863 3849 1962 3889; x_wconf 90' lang='lat' dir='ltr'><strong>nec</strong></span> <span class='ocrx_word' id='word_1_753' title='bbox 1993 3838 2157 3892; x_wconf 83' lang='lat' dir='ltr'><strong>tacuit</strong></span> <span class='ocrx_word' id='word_1_754' title='bbox 2187 3838 2387 3896; x_wconf 82' lang='lat' dir='ltr'><strong>dixisse</strong></span> <span class='ocrx_word' id='word_1_755' title='bbox 2415 3843 2689 3901; x_wconf 87' lang='lat' dir='ltr'><strong>Christum</strong></span> <span class='ocrx_word' id='word_1_756' title='bbox 2720 3848 2791 3902; x_wconf 90' lang='lat' dir='ltr'><strong>illi</strong></span> <span class='ocrx_word' id='word_1_757' title='bbox 2824 3868 2836 3902; x_wconf 91' lang='lat'><strong>:</strong></span> <span class='ocrx_word' id='word_1_758' title='bbox 2865 3848 3038 3917; x_wconf 87' lang='lat' dir='ltr'><strong>Petre,</strong></span> <span class='ocrx_word' id='word_1_759' title='bbox 3072 3871 3218 3910; x_wconf 83' lang='lat' dir='ltr'><strong>amas</strong></span> <span class='ocrx_word' id='word_1_760' title='bbox 3238 3873 3317 3909; x_wconf 86' lang='lat' dir='ltr'><strong>me</strong></span> <span class='ocrx_word' id='word_1_761' title='bbox 3346 3858 3463 3927; x_wconf 76' lang='lat' dir='ltr'><strong>plus</strong></span> 
     </span>
    </p>
   </div>
   <div class='ocr_carea' id='block_1_97' title="bbox 1862 3927 3461 4008">
    <p class='ocr_par' dir='ltr' id='par_1_97' title="bbox 1862 3927 3461 4008">
     <span class='ocr_line' id='line_1_97' title="bbox 1862 3927 3461 4008; baseline 0.016 -28"><span class='ocrx_word' id='word_1_762' title='bbox 1862 3927 1940 3982; x_wconf 85' lang='lat' dir='ltr'><strong>Itis</strong></span> <span class='ocrx_word' id='word_1_763' title='bbox 1967 3927 2148 3999; x_wconf 83' lang='lat' dir='ltr'><strong>(Joau.</strong></span> <span class='ocrx_word' id='word_1_764' title='bbox 2174 3931 2265 3987; x_wconf 70' lang='lat' dir='ltr'><strong>2i.</strong></span> <span class='ocrx_word' id='word_1_765' title='bbox 2290 3932 2418 4005; x_wconf 68' lang='lat'><strong>15)?</strong></span> <span class='ocrx_word' id='word_1_766' title='bbox 2446 3936 2512 3991; x_wconf 85' lang='lat' dir='ltr'><strong>Et</strong></span> <span class='ocrx_word' id='word_1_767' title='bbox 2536 3938 2731 4008; x_wconf 91' lang='lat' dir='ltr'><strong>ubique</strong></span> <span class='ocrx_word' id='word_1_768' title='bbox 2758 3942 2904 3996; x_wconf 90' lang='lat' dir='ltr'><strong>illum</strong></span> <span class='ocrx_word' id='word_1_769' title='bbox 2938 3944 3237 4002; x_wconf 82' lang='lat' dir='ltr'><strong>ferventem</strong></span> <span class='ocrx_word' id='word_1_770' title='bbox 3266 3958 3321 4003; x_wconf 92' lang='lat' dir='ltr'><strong>et</strong></span> <span class='ocrx_word' id='word_1_771' title='bbox 3348 3952 3461 4005; x_wconf 77' lang='lat' dir='ltr'><strong>sin-</strong></span> 
     </span>
    </p>
   </div>
   <div class='ocr_carea' id='block_1_98' title="bbox 1860 4016 3461 4109">
    <p class='ocr_par' dir='ltr' id='par_1_98' title="bbox 1860 4016 3461 4109">
     <span class='ocr_line' id='line_1_98' title="bbox 1860 4016 3461 4109; baseline 0.015 -36"><span class='ocrx_word' id='word_1_772' title='bbox 1860 4034 1987 4074; x_wconf 88' lang='lat' dir='ltr'><strong>cere</strong></span> <span class='ocrx_word' id='word_1_773' title='bbox 2034 4022 2134 4090; x_wconf 87' lang='lat' dir='ltr'><strong>ipsi</strong></span> <span class='ocrx_word' id='word_1_774' title='bbox 2188 4016 2437 4081; x_wconf 28' lang='lat' dir='ltr'><strong>afi‘ect‘um</strong></span> <span class='ocrx_word' id='word_1_775' title='bbox 2466 4029 2702 4084; x_wconf 79' lang='lat' dir='ltr'><strong>exhibet.</strong></span> <span class='ocrx_word' id='word_1_776' title='bbox 2748 4033 2973 4099; x_wconf 89' lang='lat' dir='ltr'><strong>Quando</strong></span> <span class='ocrx_word' id='word_1_777' title='bbox 3013 4046 3191 4099; x_wconf 83' lang='lat' dir='ltr'><strong>autem</strong></span> <span class='ocrx_word' id='word_1_778' title='bbox 3225 4036 3461 4109; x_wconf 58' lang='lat' dir='ltr'><strong>dieebai,</strong></span> 
     </span>
    </p>
   </div>
   <div class='ocr_carea' id='block_1_99' title="bbox 1865 4110 3463 4201">
    <p class='ocr_par' dir='ltr' id='par_1_99' title="bbox 1865 4110 3463 4201">
     <span class='ocr_line' id='line_1_99' title="bbox 1865 4110 3463 4201; baseline 0.017 -37"><span class='ocrx_word' id='word_1_779' title='bbox 1865 4110 1967 4165; x_wconf 81' lang='lat' dir='ltr'><strong>Hic</strong></span> <span class='ocrx_word' id='word_1_780' title='bbox 2010 4122 2175 4168; x_wconf 87' lang='lat' dir='ltr'><strong>autem</strong></span> <span class='ocrx_word' id='word_1_781' title='bbox 2195 4118 2319 4188; x_wconf 88' lang='lat' dir='ltr'><strong>quid</strong></span> <span class='ocrx_word' id='word_1_782' title='bbox 2350 4117 2511 4189; x_wconf 80' lang='lat' dir='ltr'><strong>(Ibid.</strong></span> <span class='ocrx_word' id='word_1_783' title='bbox 2537 4138 2584 4176; x_wconf 83' lang='grc' dir='ltr'><strong>υ.</strong></span> <span class='ocrx_word' id='word_1_784' title='bbox 2606 4123 2728 4193; x_wconf 71' lang='grc'><strong>21)9</strong></span> <span class='ocrx_word' id='word_1_785' title='bbox 2752 4141 2814 4179; x_wconf 87' lang='lat' dir='ltr'><strong>ex</strong></span> <span class='ocrx_word' id='word_1_786' title='bbox 2849 4142 3036 4182; x_wconf 89' lang='lat' dir='ltr'><strong>amore</strong></span> <span class='ocrx_word' id='word_1_787' title='bbox 3063 4146 3256 4201; x_wconf 86' lang='lat' dir='ltr'><strong>magno</strong></span> <span class='ocrx_word' id='word_1_788' title='bbox 3278 4134 3356 4190; x_wconf 88' lang='lat' dir='ltr'><strong>sic</strong></span> <span class='ocrx_word' id='word_1_789' title='bbox 3384 4136 3463 4191; x_wconf 59' lang='lat' dir='ltr'><strong>lo»-</strong></span> 
     </span>
    </p>
   </div>
   <div class='ocr_carea' id='block_1_100' title="bbox 1861 4204 3460 4286">
    <p class='ocr_par' dir='ltr' id='par_1_100' title="bbox 1861 4204 3460 4286">
     <span class='ocr_line' id='line_1_100' title="bbox 1861 4204 3460 4286; baseline 0.015 -29"><span class='ocrx_word' id='word_1_790' title='bbox 1861 4204 2143 4272; x_wconf 86' lang='lat' dir='ltr'><strong>quebatur.</strong></span> <span class='ocrx_word' id='word_1_791' title='bbox 2179 4207 2301 4263; x_wconf 89' lang='lat' dir='ltr'><strong>Ideo</strong></span> <span class='ocrx_word' id='word_1_792' title='bbox 2342 4226 2501 4266; x_wconf 89' lang='lat' dir='ltr'><strong>nemo</strong></span> <span class='ocrx_word' id='word_1_793' title='bbox 2536 4212 2672 4267; x_wconf 90' lang='lat' dir='ltr'><strong>alius</strong></span> <span class='ocrx_word' id='word_1_794' title='bbox 2695 4215 2798 4271; x_wconf 90' lang='lat' dir='ltr'><strong>hoc</strong></span> <span class='ocrx_word' id='word_1_795' title='bbox 2828 4216 2896 4273; x_wconf 89' lang='lat' dir='ltr'><strong>de</strong></span> <span class='ocrx_word' id='word_1_796' title='bbox 2927 4220 3017 4272; x_wconf 90' lang='lat' dir='ltr'><strong>illo</strong></span> <span class='ocrx_word' id='word_1_797' title='bbox 3041 4220 3208 4286; x_wconf 80' lang='lat' dir='ltr'><strong>dixit,</strong></span> <span class='ocrx_word' id='word_1_798' title='bbox 3237 4225 3330 4279; x_wconf 86' lang='lat' dir='ltr'><strong>sed</strong></span> <span class='ocrx_word' id='word_1_799' title='bbox 3366 4210 3460 4279; x_wconf 66' lang='lat' dir='ltr'><strong>no-</strong></span> 
     </span>
    </p>
   </div>
   <div class='ocr_carea' id='block_1_101' title="bbox 1862 4298 3455 4371">
    <p class='ocr_par' dir='ltr' id='par_1_101' title="bbox 1862 4298 3455 4371">
     <span class='ocr_line' id='line_1_101' title="bbox 1862 4298 3455 4371; baseline 0.013 -21"><span class='ocrx_word' id='word_1_800' title='bbox 1862 4312 1966 4367; x_wconf 90' lang='lat' dir='ltr'><strong>que</strong></span> <span class='ocrx_word' id='word_1_801' title='bbox 1994 4298 2105 4368; x_wconf 82' lang='lat' dir='ltr'><strong>ipse</strong></span> <span class='ocrx_word' id='word_1_802' title='bbox 2135 4299 2369 4357; x_wconf 78' lang='lat' dir='ltr'><strong>Joannes</strong></span> <span class='ocrx_word' id='word_1_803' title='bbox 2394 4302 2638 4369; x_wconf 85' lang='lat' dir='ltr'><strong>dixisset,</strong></span> <span class='ocrx_word' id='word_1_804' title='bbox 2678 4308 2779 4361; x_wconf 88' lang='lat' dir='ltr'><strong>nisi</strong></span> <span class='ocrx_word' id='word_1_805' title='bbox 2805 4310 2857 4362; x_wconf 92' lang='lat' dir='ltr'><strong>in</strong></span> <span class='ocrx_word' id='word_1_806' title='bbox 2889 4309 3029 4365; x_wconf 83' lang='lat' dir='ltr'><strong>hunc</strong></span> <span class='ocrx_word' id='word_1_807' title='bbox 3053 4313 3329 4369; x_wconf 89' lang='lat' dir='ltr'><strong>incidisset</strong></span> <span class='ocrx_word' id='word_1_808' title='bbox 3375 4318 3455 4371; x_wconf 93' lang='lat' dir='ltr'><strong>lo-</strong></span> 
     </span>
    </p>
   </div>
   <div class='ocr_carea' id='block_1_102' title="bbox 1863 4388 3465 4461">
    <p class='ocr_par' dir='ltr' id='par_1_102' title="bbox 1863 4388 3465 4461">
     <span class='ocr_line' id='line_1_102' title="bbox 1863 4388 3465 4461; baseline 0.012 -20"><span class='ocrx_word' id='word_1_809' title='bbox 1863 4400 2005 4441; x_wconf 92' lang='lat' dir='ltr'><strong>cum.</strong></span> <span class='ocrx_word' id='word_1_810' title='bbox 2026 4388 2156 4443; x_wconf 86' lang='lat' dir='ltr'><strong>Nam</strong></span> <span class='ocrx_word' id='word_1_811' title='bbox 2189 4390 2232 4443; x_wconf 92' lang='lat' dir='ltr'><strong>si</strong></span> <span class='ocrx_word' id='word_1_812' title='bbox 2261 4402 2541 4461; x_wconf 87' lang='lat' dir='ltr'><strong>postquam</strong></span> <span class='ocrx_word' id='word_1_813' title='bbox 2583 4395 2715 4449; x_wconf 82' lang='lat' dir='ltr'><strong>dixit</strong></span> <span class='ocrx_word' id='word_1_814' title='bbox 2755 4396 2972 4452; x_wconf 88' lang='lat' dir='ltr'><strong>Petrum</strong></span> <span class='ocrx_word' id='word_1_815' title='bbox 2997 4403 3250 4458; x_wconf 83' lang='lat' dir='ltr'><strong>annuisse</strong></span> <span class='ocrx_word' id='word_1_816' title='bbox 3271 4404 3465 4461; x_wconf 85' lang='lat' dir='ltr'><strong>Joanni</strong></span> 
     </span>
    </p>
   </div>
   <div class='ocr_carea' id='block_1_103' title="bbox 1863 4480 3463 4555">
    <p class='ocr_par' dir='ltr' id='par_1_103' title="bbox 1863 4480 3463 4555">
     <span class='ocr_line' id='line_1_103' title="bbox 1863 4480 3463 4555; baseline 0.012 -23"><span class='ocrx_word' id='word_1_817' title='bbox 1863 4490 1922 4533; x_wconf 92' lang='lat' dir='ltr'><strong>ut</strong></span> <span class='ocrx_word' id='word_1_818' title='bbox 1954 4480 2330 4551; x_wconf 88' lang='lat' dir='ltr'><strong>interrogaret,</strong></span> <span class='ocrx_word' id='word_1_819' title='bbox 2361 4486 2491 4540; x_wconf 92' lang='lat' dir='ltr'><strong>nihil</strong></span> <span class='ocrx_word' id='word_1_820' title='bbox 2522 4486 2836 4555; x_wconf 80' lang='lat' dir='ltr'><strong>addidisset,</strong></span> <span class='ocrx_word' id='word_1_821' title='bbox 2861 4506 2957 4545; x_wconf 91' lang='lat' dir='ltr'><strong>nos</strong></span> <span class='ocrx_word' id='word_1_822' title='bbox 2985 4504 3133 4549; x_wconf 90' lang='lat' dir='ltr'><strong>certe</strong></span> <span class='ocrx_word' id='word_1_823' title='bbox 3160 4496 3209 4548; x_wconf 93' lang='lat' dir='ltr'><strong>in</strong></span> <span class='ocrx_word' id='word_1_824' title='bbox 3244 4496 3463 4551; x_wconf 89' lang='lat' dir='ltr'><strong>dubium</strong></span> 
     </span>
    </p>
   </div>
   <div class='ocr_carea' id='block_1_104' title="bbox 1864 4577 3467 4660">
    <p class='ocr_par' dir='ltr' id='par_1_104' title="bbox 1864 4577 3467 4660">
     <span class='ocr_line' id='line_1_104' title="bbox 1864 4577 3467 4660; baseline 0.01 -29"><span class='ocrx_word' id='word_1_825' title='bbox 1864 4577 2211 4646; x_wconf 69' lang='lat' dir='ltr'><strong>coniecisset,</strong></span> <span class='ocrx_word' id='word_1_826' title='bbox 2247 4589 2301 4633; x_wconf 93' lang='lat' dir='ltr'><strong>et</strong></span> <span class='ocrx_word' id='word_1_827' title='bbox 2324 4595 2539 4634; x_wconf 88' lang='lat' dir='ltr'><strong>causam</strong></span> <span class='ocrx_word' id='word_1_828' title='bbox 2564 4582 2835 4651; x_wconf 89' lang='lat' dir='ltr'><strong>inquirere</strong></span> <span class='ocrx_word' id='word_1_829' title='bbox 2858 4587 3127 4656; x_wconf 83' lang='lat' dir='ltr'><strong>coegisset</strong></span> <span class='ocrx_word' id='word_1_830' title='bbox 3156 4606 3170 4642; x_wconf 91' lang='lat'><strong>:</strong></span> <span class='ocrx_word' id='word_1_831' title='bbox 3202 4590 3321 4645; x_wconf 90' lang='lat' dir='ltr'><strong>ideo</strong></span> <span class='ocrx_word' id='word_1_832' title='bbox 3353 4592 3467 4660; x_wconf 88' lang='lat' dir='ltr'><strong>ipse</strong></span> 
     </span>
    </p>
   </div>
   <div class='ocr_carea' id='block_1_105' title="bbox 1862 4658 3463 4750">
    <p class='ocr_par' dir='ltr' id='par_1_105' title="bbox 1862 4658 3463 4750">
     <span class='ocr_line' id='line_1_105' title="bbox 1862 4658 3463 4750; baseline 0.01 -26"><span class='ocrx_word' id='word_1_833' title='bbox 1862 4658 2018 4724; x_wconf 78' lang='lat' dir='ltr'><strong>affert</strong></span> <span class='ocrx_word' id='word_1_834' title='bbox 2051 4687 2062 4722; x_wconf 88' lang='lat'><strong>:</strong></span> <span class='ocrx_word' id='word_1_835' title='bbox 2096 4670 2344 4725; x_wconf 84' lang='lat' dir='ltr'><strong>Recubuit</strong></span> <span class='ocrx_word' id='word_1_836' title='bbox 2375 4690 2526 4741; x_wconf 85' lang='lat' dir='ltr'><strong>super</strong></span> <span class='ocrx_word' id='word_1_837' title='bbox 2553 4685 2729 4744; x_wconf 85' lang='lat' dir='ltr'><strong>pectus</strong></span> <span class='ocrx_word' id='word_1_838' title='bbox 2767 4675 2917 4731; x_wconf 81' lang='lat' dir='ltr'><strong>Jesu.</strong></span> <span class='ocrx_word' id='word_1_839' title='bbox 2952 4680 3033 4732; x_wconf 81' lang='lat' dir='ltr'><strong>Au</strong></span> <span class='ocrx_word' id='word_1_840' title='bbox 3063 4696 3250 4750; x_wconf 86' lang='lat' dir='ltr'><strong>parum</strong></span> <span class='ocrx_word' id='word_1_841' title='bbox 3283 4694 3332 4737; x_wconf 89' lang='lat' dir='ltr'><strong>te</strong></span> <span class='ocrx_word' id='word_1_842' title='bbox 3373 4658 3463 4741; x_wconf 84' lang='lat' dir='ltr'><strong>di-</strong></span> 
     </span>
    </p>
   </div>
   <div class='ocr_carea' id='block_1_106' title="bbox 1863 4759 3467 4842">
    <p class='ocr_par' dir='ltr' id='par_1_106' title="bbox 1863 4759 3467 4842">
     <span class='ocr_line' id='line_1_106' title="bbox 1863 4759 3467 4842; baseline 0.01 -28"><span class='ocrx_word' id='word_1_843' title='bbox 1863 4759 2059 4816; x_wconf 71' lang='lat' dir='ltr'><strong>dicisse</strong></span> <span class='ocrx_word' id='word_1_844' title='bbox 2092 4772 2266 4831; x_wconf 89' lang='lat' dir='ltr'><strong>putas,</strong></span> <span class='ocrx_word' id='word_1_845' title='bbox 2316 4780 2436 4817; x_wconf 90' lang='lat' dir='ltr'><strong>cum</strong></span> <span class='ocrx_word' id='word_1_846' title='bbox 2481 4766 2791 4821; x_wconf 89' lang='lat' dir='ltr'><strong>recubuisse</strong></span> <span class='ocrx_word' id='word_1_847' title='bbox 2819 4768 2995 4829; x_wconf 89' lang='lat' dir='ltr'><strong>audis,</strong></span> <span class='ocrx_word' id='word_1_848' title='bbox 3044 4781 3098 4825; x_wconf 91' lang='lat' dir='ltr'><strong>et</strong></span> <span class='ocrx_word' id='word_1_849' title='bbox 3139 4774 3282 4842; x_wconf 89' lang='lat' dir='ltr'><strong>quod</strong></span> <span class='ocrx_word' id='word_1_850' title='bbox 3320 4783 3467 4831; x_wconf 89' lang='lat' dir='ltr'><strong>tanta</strong></span> 
     </span>
    </p>
   </div>
   <div class='ocr_carea' id='block_1_107' title="bbox 1864 4853 3464 4923">
    <p class='ocr_par' dir='ltr' id='par_1_107' title="bbox 1864 4853 3464 4923">
     <span class='ocr_line' id='line_1_107' title="bbox 1864 4853 3464 4923; baseline 0.01 -18"><span class='ocrx_word' id='word_1_851' title='bbox 1864 4853 2006 4921; x_wconf 82' lang='lat' dir='ltr'><strong>apud</strong></span> <span class='ocrx_word' id='word_1_852' title='bbox 2037 4853 2343 4922; x_wconf 76' lang='lat' dir='ltr'><strong>Magistrum</strong></span> <span class='ocrx_word' id='word_1_853' title='bbox 2394 4856 2660 4911; x_wconf 86' lang='lat' dir='ltr'><strong>frueretur</strong></span> <span class='ocrx_word' id='word_1_854' title='bbox 2692 4858 2924 4912; x_wconf 78' lang='lat' dir='ltr'><strong>fiducia?</strong></span> <span class='ocrx_word' id='word_1_855' title='bbox 2971 4860 3025 4915; x_wconf 89' lang='lat' dir='ltr'><strong>Si</strong></span> <span class='ocrx_word' id='word_1_856' title='bbox 3066 4878 3194 4917; x_wconf 80' lang='lat' dir='ltr'><strong>vero</strong></span> <span class='ocrx_word' id='word_1_857' title='bbox 3246 4880 3464 4923; x_wconf 80' lang='lat' dir='ltr'><strong>causam</strong></span> 
     </span>
    </p>
   </div>
   <div class='ocr_carea' id='block_1_108' title="bbox 1865 4946 3463 5023">
    <p class='ocr_par' dir='ltr' id='par_1_108' title="bbox 1865 4946 3463 5023">
     <span class='ocr_line' id='line_1_108' title="bbox 1865 4946 3463 5023; baseline 0.011 -27"><span class='ocrx_word' id='word_1_858' title='bbox 1865 4947 2085 5013; x_wconf 70' lang='lat' dir='ltr'><strong>qttzut&#39;is,</strong></span> <span class='ocrx_word' id='word_1_859' title='bbox 2118 4946 2167 4999; x_wconf 92' lang='lat' dir='ltr'><strong>id</strong></span> <span class='ocrx_word' id='word_1_860' title='bbox 2194 4962 2257 5001; x_wconf 81' lang='lat' dir='ltr'><strong>ex</strong></span> <span class='ocrx_word' id='word_1_861' title='bbox 2291 4963 2477 5003; x_wconf 82' lang='lat' dir='ltr'><strong>amore</strong></span> <span class='ocrx_word' id='word_1_862' title='bbox 2508 4951 2857 5018; x_wconf 73' lang='lat' dir='ltr'><strong>provenieliat</strong></span> <span class='ocrx_word' id='word_1_863' title='bbox 2888 4976 2900 5008; x_wconf 90' lang='lat'><strong>:</strong></span> <span class='ocrx_word' id='word_1_864' title='bbox 2932 4953 3166 5023; x_wconf 82' lang='lat' dir='ltr'><strong>idcoait,</strong></span> <span class='ocrx_word' id='word_1_865' title='bbox 3191 4958 3350 5022; x_wconf 73' lang='lat' dir='ltr'><strong>Quem</strong></span> <span class='ocrx_word' id='word_1_866' title='bbox 3379 4961 3463 5013; x_wconf 82' lang='lat' dir='ltr'><strong>di-</strong></span> 
     </span>
    </p>
   </div>
   <div class='ocr_carea' id='block_1_109' title="bbox 1867 5034 3464 5112">
    <p class='ocr_par' dir='ltr' id='par_1_109' title="bbox 1867 5034 3464 5112">
     <span class='ocr_line' id='line_1_109' title="bbox 1867 5034 3464 5112; baseline 0.009 -23"><span class='ocrx_word' id='word_1_867' title='bbox 1867 5034 2049 5107; x_wconf 83' lang='lat' dir='ltr'><strong>ligebat</strong></span> <span class='ocrx_word' id='word_1_868' title='bbox 2073 5036 2241 5092; x_wconf 85' lang='lat' dir='ltr'><strong>Jesus.</strong></span> <span class='ocrx_word' id='word_1_869' title='bbox 2274 5038 2385 5108; x_wconf 78' lang='lat' dir='ltr'><strong>Ego</strong></span> <span class='ocrx_word' id='word_1_870' title='bbox 2414 5056 2538 5094; x_wconf 87' lang='lat' dir='ltr'><strong>vero</strong></span> <span class='ocrx_word' id='word_1_871' title='bbox 2565 5054 2697 5112; x_wconf 92' lang='lat' dir='ltr'><strong>puto</strong></span> <span class='ocrx_word' id='word_1_872' title='bbox 2719 5042 2865 5097; x_wconf 91' lang='lat' dir='ltr'><strong>illum</strong></span> <span class='ocrx_word' id='word_1_873' title='bbox 2895 5045 2964 5097; x_wconf 96' lang='lat' dir='ltr'><strong>ob</strong></span> <span class='ocrx_word' id='word_1_874' title='bbox 2986 5046 3145 5100; x_wconf 88' lang='lat' dir='ltr'><strong>aliam</strong></span> <span class='ocrx_word' id='word_1_875' title='bbox 3176 5063 3393 5104; x_wconf 89' lang='lat' dir='ltr'><strong>causam</strong></span> <span class='ocrx_word' id='word_1_876' title='bbox 3415 5052 3464 5105; x_wconf 93' lang='lat' dir='ltr'><strong>id</strong></span> 
     </span>
    </p>
   </div>
   <div class='ocr_carea' id='block_1_110' title="bbox 1868 5126 3455 5202">
    <p class='ocr_par' dir='ltr' id='par_1_110' title="bbox 1868 5126 3455 5202">
     <span class='ocr_line' id='line_1_110' title="bbox 1868 5126 3455 5202; baseline 0.011 -22"><span class='ocrx_word' id='word_1_877' title='bbox 1868 5126 2097 5202; x_wconf 77' lang='lat' dir='ltr'><strong>fecisse,</strong></span> <span class='ocrx_word' id='word_1_878' title='bbox 2131 5139 2187 5183; x_wconf 90' lang='lat' dir='ltr'><strong>ut</strong></span> <span class='ocrx_word' id='word_1_879' title='bbox 2207 5134 2518 5187; x_wconf 88' lang='lat' dir='ltr'><strong>ostenderet</strong></span> <span class='ocrx_word' id='word_1_880' title='bbox 2557 5148 2616 5189; x_wconf 89' lang='lat' dir='ltr'><strong>se</strong></span> <span class='ocrx_word' id='word_1_881' title='bbox 2645 5150 2675 5189; x_wconf 89' lang='lat' dir='ltr'><strong>a</strong></span> <span class='ocrx_word' id='word_1_882' title='bbox 2698 5136 2925 5191; x_wconf 91' lang='lat' dir='ltr'><strong>crimine</strong></span> <span class='ocrx_word' id='word_1_883' title='bbox 2955 5137 3213 5195; x_wconf 72' lang='lat' dir='ltr'><strong>alienum.</strong></span> <span class='ocrx_word' id='word_1_884' title='bbox 3252 5142 3375 5199; x_wconf 88' lang='lat' dir='ltr'><strong>ldeo</strong></span> <span class='ocrx_word' id='word_1_885' title='bbox 3400 5144 3455 5197; x_wconf 63' lang='lat' dir='ltr'><strong>fi.</strong></span> 
     </span>
    </p>
   </div>
   <div class='ocr_carea' id='block_1_111' title="bbox 1867 5217 3465 5298">
    <p class='ocr_par' dir='ltr' id='par_1_111' title="bbox 1867 5217 3465 5298">
     <span class='ocr_line' id='line_1_111' title="bbox 1867 5217 3465 5298; baseline 0.013 -25"><span class='ocrx_word' id='word_1_886' title='bbox 1867 5217 2059 5275; x_wconf 88' lang='lat' dir='ltr'><strong>denter</strong></span> <span class='ocrx_word' id='word_1_887' title='bbox 2087 5222 2213 5291; x_wconf 86' lang='lat' dir='ltr'><strong>agit.</strong></span> <span class='ocrx_word' id='word_1_888' title='bbox 2240 5222 2373 5278; x_wconf 74' lang='lat' dir='ltr'><strong>Nam</strong></span> <span class='ocrx_word' id='word_1_889' title='bbox 2413 5240 2510 5279; x_wconf 91' lang='lat' dir='ltr'><strong>cur</strong></span> <span class='ocrx_word' id='word_1_890' title='bbox 2536 5241 2640 5281; x_wconf 93' lang='lat' dir='ltr'><strong>non</strong></span> <span class='ocrx_word' id='word_1_891' title='bbox 2671 5228 2778 5281; x_wconf 92' lang='lat' dir='ltr'><strong>alio</strong></span> <span class='ocrx_word' id='word_1_892' title='bbox 2821 5230 2872 5282; x_wconf 92' lang='lat' dir='ltr'><strong>in</strong></span> <span class='ocrx_word' id='word_1_893' title='bbox 2904 5229 3026 5284; x_wconf 90' lang='lat' dir='ltr'><strong>loco</strong></span> <span class='ocrx_word' id='word_1_894' title='bbox 3064 5233 3116 5286; x_wconf 93' lang='lat' dir='ltr'><strong>id</strong></span> <span class='ocrx_word' id='word_1_895' title='bbox 3148 5233 3312 5298; x_wconf 91' lang='lat' dir='ltr'><strong>dicit,</strong></span> <span class='ocrx_word' id='word_1_896' title='bbox 3373 5239 3465 5293; x_wconf 89' lang='lat' dir='ltr'><strong>sed</strong></span> 
     </span>
    </p>
   </div>
   <div class='ocr_carea' id='block_1_112' title="bbox 1869 5311 3470 5393">
    <p class='ocr_par' dir='ltr' id='par_1_112' title="bbox 1869 5311 3470 5393">
     <span class='ocr_line' id='line_1_112' title="bbox 1869 5311 3470 5393; baseline 0.013 -30"><span class='ocrx_word' id='word_1_897' title='bbox 1869 5311 2125 5367; x_wconf 91' lang='lat' dir='ltr'><strong>innuente</strong></span> <span class='ocrx_word' id='word_1_898' title='bbox 2151 5314 2479 5385; x_wconf 72' lang='lat' dir='ltr'><strong>coryphmo?</strong></span> <span class='ocrx_word' id='word_1_899' title='bbox 2509 5316 2585 5372; x_wconf 76' lang='lat' dir='ltr'><strong>Ne</strong></span> <span class='ocrx_word' id='word_1_900' title='bbox 2616 5328 2773 5388; x_wconf 88' lang='lat' dir='ltr'><strong>putes</strong></span> <span class='ocrx_word' id='word_1_901' title='bbox 2801 5321 2943 5374; x_wconf 88' lang='lat' dir='ltr'><strong>enim</strong></span> <span class='ocrx_word' id='word_1_902' title='bbox 2978 5322 3078 5393; x_wconf 87' lang='lat' dir='ltr'><strong>ipsi</strong></span> <span class='ocrx_word' id='word_1_903' title='bbox 3132 5326 3372 5383; x_wconf 72' lang='lat' dir='ltr'><strong>innuis-se</strong></span> <span class='ocrx_word' id='word_1_904' title='bbox 3414 5338 3470 5384; x_wconf 88' lang='lat' dir='ltr'><strong>ut</strong></span> 
     </span>
    </p>
   </div>
   <div class='ocr_carea' id='block_1_113' title="bbox 1870 5403 3472 5479">
    <p class='ocr_par' dir='ltr' id='par_1_113' title="bbox 1870 5403 3472 5479">
     <span class='ocr_line' id='line_1_113' title="bbox 1870 5403 3472 5479; baseline 0.011 -24"><span class='ocrx_word' id='word_1_905' title='bbox 1870 5403 2082 5471; x_wconf 85' lang='lat' dir='ltr'><strong>majori,</strong></span> <span class='ocrx_word' id='word_1_906' title='bbox 2115 5405 2187 5458; x_wconf 88' lang='lat' dir='ltr'><strong>ait</strong></span> <span class='ocrx_word' id='word_1_907' title='bbox 2212 5422 2281 5460; x_wconf 80' lang='lat' dir='ltr'><strong>ex</strong></span> <span class='ocrx_word' id='word_1_908' title='bbox 2329 5423 2511 5463; x_wconf 84' lang='lat' dir='ltr'><strong>amore</strong></span> <span class='ocrx_word' id='word_1_909' title='bbox 2543 5411 2712 5463; x_wconf 91' lang='lat' dir='ltr'><strong>multo</strong></span> <span class='ocrx_word' id='word_1_910' title='bbox 2756 5412 2804 5465; x_wconf 92' lang='lat' dir='ltr'><strong>id</strong></span> <span class='ocrx_word' id='word_1_911' title='bbox 2848 5412 3144 5479; x_wconf 88' lang='lat' dir='ltr'><strong>profectum</strong></span> <span class='ocrx_word' id='word_1_912' title='bbox 3186 5432 3329 5472; x_wconf 91' lang='lat' dir='ltr'><strong>esse.</strong></span> <span class='ocrx_word' id='word_1_913' title='bbox 3364 5417 3472 5473; x_wconf 84' lang='lat' dir='ltr'><strong>Cur</strong></span> 
     </span>
    </p>
   </div>
   <div class='ocr_carea' id='block_1_114' title="bbox 1870 5494 3470 5576">
    <p class='ocr_par' dir='ltr' id='par_1_114' title="bbox 1870 5494 3470 5576">
     <span class='ocr_line' id='line_1_114' title="bbox 1870 5494 3470 5576; baseline 0.009 -27"><span class='ocrx_word' id='word_1_914' title='bbox 1870 5494 1924 5549; x_wconf 91' lang='lat' dir='ltr'><strong>in</strong></span> <span class='ocrx_word' id='word_1_915' title='bbox 1957 5506 2138 5565; x_wconf 83' lang='lat' dir='ltr'><strong>pectus</strong></span> <span class='ocrx_word' id='word_1_916' title='bbox 2166 5496 2365 5553; x_wconf 86' lang='lat' dir='ltr'><strong>Christi</strong></span> <span class='ocrx_word' id='word_1_917' title='bbox 2394 5499 2618 5554; x_wconf 87' lang='lat' dir='ltr'><strong>incidit?</strong></span> <span class='ocrx_word' id='word_1_918' title='bbox 2639 5500 2795 5566; x_wconf 89' lang='lat' dir='ltr'><strong>Quod</strong></span> <span class='ocrx_word' id='word_1_919' title='bbox 2832 5503 2961 5556; x_wconf 90' lang='lat' dir='ltr'><strong>nibil</strong></span> <span class='ocrx_word' id='word_1_920' title='bbox 3008 5506 3185 5560; x_wconf 88' lang='lat' dir='ltr'><strong>adhuc</strong></span> <span class='ocrx_word' id='word_1_921' title='bbox 3218 5524 3470 5576; x_wconf 85' lang='lat' dir='ltr'><strong>magnum</strong></span> 
     </span>
    </p>
   </div>
   <div class='ocr_carea' id='block_1_115' title="bbox 1870 5586 3470 5660">
    <p class='ocr_par' dir='ltr' id='par_1_115' title="bbox 1870 5586 3470 5660">
     <span class='ocr_line' id='line_1_115' title="bbox 1870 5586 3470 5660; baseline 0.009 -20"><span class='ocrx_word' id='word_1_922' title='bbox 1870 5586 1935 5641; x_wconf 89' lang='lat' dir='ltr'><strong>de</strong></span> <span class='ocrx_word' id='word_1_923' title='bbox 1959 5587 2051 5641; x_wconf 91' lang='lat' dir='ltr'><strong>illo</strong></span> <span class='ocrx_word' id='word_1_924' title='bbox 2078 5587 2432 5657; x_wconf 83' lang='lat' dir='ltr'><strong>Opiuarentur</strong></span> <span class='ocrx_word' id='word_1_925' title='bbox 2463 5609 2474 5643; x_wconf 93' lang='lat'><strong>:</strong></span> <span class='ocrx_word' id='word_1_926' title='bbox 2511 5602 2769 5660; x_wconf 67' lang='lat' dir='ltr'><strong>praetcrea</strong></span> <span class='ocrx_word' id='word_1_927' title='bbox 2802 5608 3091 5650; x_wconf 68' lang='lat' dir='ltr'><strong>mmrorcm</strong></span> <span class='ocrx_word' id='word_1_928' title='bbox 3119 5599 3186 5650; x_wconf 90' lang='lat' dir='ltr'><strong>ita</strong></span> <span class='ocrx_word' id='word_1_929' title='bbox 3214 5598 3470 5655; x_wconf 86' lang='lat' dir='ltr'><strong>leniebat.</strong></span> 
     </span>
    </p>
   </div>
   <div class='ocr_carea' id='block_1_116' title="bbox 1872 5678 3471 5753">
    <p class='ocr_par' dir='ltr' id='par_1_116' title="bbox 1872 5678 3471 5753">
     <span class='ocr_line' id='line_1_116' title="bbox 1872 5678 3471 5753; baseline 0.008 -19"><span class='ocrx_word' id='word_1_930' title='bbox 1872 5678 2173 5736; x_wconf 82' lang='lat' dir='ltr'><strong>Verisimile</strong></span> <span class='ocrx_word' id='word_1_931' title='bbox 2200 5697 2431 5753; x_wconf 84' lang='lat' dir='ltr'><strong>namque</strong></span> <span class='ocrx_word' id='word_1_932' title='bbox 2450 5692 2534 5739; x_wconf 89' lang='lat' dir='ltr'><strong>est</strong></span> <span class='ocrx_word' id='word_1_933' title='bbox 2563 5684 2684 5738; x_wconf 91' lang='lat' dir='ltr'><strong>illos</strong></span> <span class='ocrx_word' id='word_1_934' title='bbox 2706 5686 2855 5740; x_wconf 86' lang='lat' dir='ltr'><strong>vultu</strong></span> <span class='ocrx_word' id='word_1_935' title='bbox 2878 5697 3102 5743; x_wconf 81' lang='lat' dir='ltr'><strong>maestos</strong></span> <span class='ocrx_word' id='word_1_936' title='bbox 3137 5689 3317 5745; x_wconf 88' lang='lat' dir='ltr'><strong>fuisse.</strong></span> <span class='ocrx_word' id='word_1_937' title='bbox 3338 5690 3471 5747; x_wconf 89' lang='lat' dir='ltr'><strong>Nam</strong></span> 
     </span>
    </p>
   </div>
   <div class='ocr_carea' id='block_1_117' title="bbox 1872 5772 3473 5850">
    <p class='ocr_par' dir='ltr' id='par_1_117' title="bbox 1872 5772 3473 5850">
     <span class='ocr_line' id='line_1_117' title="bbox 1872 5772 3473 5850; baseline 0.01 -25"><span class='ocrx_word' id='word_1_938' title='bbox 1872 5772 1916 5826; x_wconf 87' lang='lat' dir='ltr'><strong>si</strong></span> <span class='ocrx_word' id='word_1_939' title='bbox 1937 5772 2117 5829; x_wconf 85' lang='lat' dir='ltr'><strong>animo</strong></span> <span class='ocrx_word' id='word_1_940' title='bbox 2138 5775 2339 5829; x_wconf 88' lang='lat' dir='ltr'><strong>turbati</strong></span> <span class='ocrx_word' id='word_1_941' title='bbox 2371 5786 2545 5845; x_wconf 85' lang='lat' dir='ltr'><strong>erant,</strong></span> <span class='ocrx_word' id='word_1_942' title='bbox 2579 5776 2749 5834; x_wconf 91' lang='lat' dir='ltr'><strong>multo</strong></span> <span class='ocrx_word' id='word_1_943' title='bbox 2790 5780 2959 5850; x_wconf 84' lang='lat' dir='ltr'><strong>magis</strong></span> <span class='ocrx_word' id='word_1_944' title='bbox 2989 5780 3161 5835; x_wconf 85' lang='lat' dir='ltr'><strong>vultu.</strong></span> <span class='ocrx_word' id='word_1_945' title='bbox 3195 5783 3321 5837; x_wconf 85' lang='lat' dir='ltr'><strong>Illos</strong></span> <span class='ocrx_word' id='word_1_946' title='bbox 3348 5782 3473 5842; x_wconf 81' lang='lat' dir='ltr'><strong>lenit</strong></span> 
     </span>
    </p>
   </div>
  </div>
