4040 6430
586 332 683 389 591

588 458 639 499 et
674 443 846 497 verbis
884 449 935 495 et
977 435 1411 506 interrogatione,
1440 433 1564 488 hinc
1593 432 1778 487 invitat
1804 428 2158 497 conceditque

590 550 640 592 ut
669 539 717 589 in
746 542 927 604 pectus
956 546 1110 586 suum
1142 527 1362 583 recidat.
1391 526 1524 580 Vide
1546 534 1723 581 autem
1750 539 1911 594 quam
1932 522 2000 577 sit
2028 520 2157 574 alie-

589 642 689 683 nus
717 642 744 678 a
768 624 923 679 fastn.
956 621 1068 676 Non
1090 620 1218 675 dicit
1243 619 1438 688 quippe
1464 630 1677 675 nomen,
1711 613 1825 679 sed,
1857 612 2013 679 Quem
2040 610 2159 663 dili-

588 720 727 789 gebat
758 734 774 768 :
803 711 1263 783 Quemadmodum
1298 718 1353 764 et
1383 709 1574 763 Paulus
1619 721 1737 761 cum
1769 704 2001 769 diceret,
2040 700 2159 756 Scio

588 808 837 862 hominem
880 816 997 859 ante
1021 819 1182 857 annos
1220 798 1615 870 quatuordecim.
1651 795 1799 849 Tunc
1826 804 2003 847 autem
2049 791 2158 861 pri-

588 912 733 953 tuum
766 898 937 963 ipsum
969 891 1207 948 coofutat
1227 890 1402 952 Jestts,
1425 901 1597 954 neque
1625 894 1797 939 tamen
1825 882 2156 945 nominatim;

586 988 681 1044 sed
698 984 999 1057 quomodo?
1026 983 1115 1037 26.
1146 981 1239 1035 Cui
1260 996 1350 1049 ego
1377 978 1639 1030 intinctum
1668 991 1847 1043 panem
1869 988 2154 1043 porrexero.

584 1078 771 1136 Medus
821 1090 1031 1145 qunque
1099 1070 1569 1139 reprehensionem
1623 1065 1876 1121 afferebat
1929 1081 1942 1118 :
1988 1077 2159 1131 neque

584 1173 725 1227 enim
752 1182 987 1223 mensam
1019 1164 1279 1220 reveritus
1307 1170 1421 1221 est.
1472 1174 1593 1214 cum
1622 1157 1810 1212 eodem
1850 1163 2159 1211 vesceretur

585 1276 741 1332 pane.
777 1259 941 1324 Esto,
987 1271 1092 1310 non
1123 1252 1424 1309 cohibuerit
1453 1265 1651 1304 mensas
1698 1246 2059 1310 consortium;
2091 1246 2158 1300 ab

585 1371 653 1410 eo
674 1351 972 1407 buccellam
997 1348 1147 1418 panis
1174 1346 1416 1415 accipere
1437 1358 1591 1413 quem
1620 1356 1726 1396 non
1752 1337 2017 1395 flexisset?
2040 1337 2155 1392 Non

584 1446 732 1500 illum
756 1454 919 1497 certe.
948 1440 1281 1508 Quapropter
1305 1435 1395 1489 27.
1428 1434 1571 1487 Tunc
1592 1445 1800 1487 satanas
1831 1433 1881 1485 in
1908 1431 2051 1485 illum
2078 1431 2158 1483 in-

583 1536 751 1599 travit,
795 1532 908 1601 ejus
950 1530 1201 1584 derideus
1244 1527 1638 1595 impudentiam.
1672 1526 1849 1578 Donec
1895 1525 1946 1577 in
1991 1522 2158 1577 choro

584 1626 699 1689 fttit,
731 1639 835 1678 non
864 1636 1023 1675 ausus
1051 1618 1369 1687 estingredi,
1404 1616 1496 1670 sed
1524 1616 1862 1670 extrinsecus
1882 1628 2152 1684 oppugna-

582 1718 668 1770 bat
698 1734 710 1768 :
744 1722 1018 1783 pnslqltttm
1040 1724 1164 1764 vero
1193 1710 1362 1777 ipsum
1393 1707 1638 1760 Christus
1662 1705 1831 1775 palam
1853 1704 1979 1761 fecit
1998 1712 2051 1759 et
2066 1719 2155 1759 se-

581 1804 833 1874 grcgavit,
866 1802 1031 1855 libere
1052 1799 1263 1853 demum
1307 1799 1356 1849 in
1383 1797 1527 1850 illurn
1560 1796 1779 1849 insiluit.
1811 1794 1993 1863 Neque
2013 1794 2153 1849 enim

582 1894 702 1947 talis
725 1908 845 1947 cum
871 1898 1015 1946 esset
1037 1890 1153 1943 sine
1178 1903 1272 1956 spe
1302 1886 1707 1944 emendationis.
1757 1885 1979 1940 decebat
2003 1885 2153 1940 illum

582 1984 758 2037 adhuc
780 1984 921 2036 intus
944 1994 1179 2033 manere.
1213 1977 1335 2031 Ideo
1359 1975 1515 2044 ejecit
1545 1976 1689 2028 illntn
1712 2016 1726 2039 ,
1772 1985 1824 2029 et
1852 1985 2152 2044 separatum

582 2073 729 2127 illum
762 2081 971 2125 satanas
1001 2069 1214 2135 abripit,
1246 2066 1586 2134 dimissisque
1608 2064 1713 2118 illis
1737 2077 1893 2118 noctu
1927 2065 1940 2094 ¹
1970 2064 2154 2135 prodi-

584 2172 671 2217 tor
699 2161 939 2216 recessil.
964 2158 1051 2213 27.
1086 2155 1219 2211 Dicit
1245 2157 1291 2209 ei
1334 2155 1368 2209 Ι
1374 2171 1505 2220 esus,
1526 2155 1716 2219 Amice,
1741 2155 1874 2221 quod
1899 2154 2045 2221 facis,
2069 2153 2153 2224 [ac

579 2256 747 2308 citius.
774 2252 868 2307 28.
890 2251 1001 2305 Hoc
1030 2258 1195 2302 autem
1223 2262 1364 2300 nemo
1381 2246 1521 2299 scivit
1544 2244 1980 2298 discumbentium.

654 2345 709 2399 2.
752 2343 930 2413 Papae,
959 2349 1211 2412 quantum
1243 2352 1405 2393 sensu
1434 2338 1579 2393 omni
1608 2337 1858 2392 carebat!
1885 2336 2156 2408 quomodo

580 2450 682 2491 ιιοιι
716 2436 883 2489 ﬂexus
916 2442 1018 2495 est,
1054 2445 1151 2487 nec
1188 2429 1435 2494 erubuit,
1468 2429 1563 2484 sed
1602 2429 1961 2498 impudentior
1988 2430 2157 2487 factus

580 2524 931 2582 exivit‘llllud
974 2532 1174 2588 autem,
1205 2521 1313 2575 Fac
1356 2522 1636 2587 citius,non
1667 2522 1977 2592 imperantis
2001 2564 2016 2589 ,
2058 2537 2158 2578 nec

558 2616 913 2673 consulentis
938 2624 1059 2679 est;
1092 2612 1185 2667 sed
1209 2610 1602 2681 exprobrantis,
1648 2620 1701 2665 et
1742 2611 2159 2666 demonstrantis

581 2723 642 2762 se
670 2714 855 2776 optare
884 2714 939 2758 ut
964 2704 1259 2771 resipiscat.
1290 2702 1393 2757 Sed
1424 2716 1545 2756 cum
1563 2701 1852 2756 obduratus
1881 2712 2043 2766 esset,
2072 2702 2160 2757 di-

585 2800 732 2855 misit
762 2813 907 2854 eum.
941 2796 1010 2850 Et
1031 2812 1197 2863 nemo,
1228 2795 1419 2865 inquit,
1446 2795 1857 2849 discumbentium
1884 2796 2040 2848 novit.
2065 2794 2159 2851 llic

581 2906 770 2962 magna
796 2890 1019 2960 quaestio
1048 2887 1253 2942 moveri
1284 2886 1471 2955 possit,
1502 2901 1608 2955 quo
1638 2894 1793 2953 pacto
1824 2886 2159 2956 interrogan-

585 2983 727 3039 tibus
753 2979 1051 3049 discipulis,
1082 2977 1200 3047 quis
1227 2984 1403 3043 esset,
1436 2976 1565 3030 dicit
1585 3018 1597 3039 ,
1631 2974 1727 3030 Cui
1774 2976 2036 3029 intinctam
2068 2993 2160 3045 pa-

584 3091 696 3129 nem
737 3088 1035 3136 porrexero,
1074 3084 1247 3140 neque
1295 3069 1373 3122 sic
1424 3067 1842 3131 intellexerunt;
1877 3068 1975 3121 nisi
2022 3069 2161 3123 forte

584 3169 721 3222 clam
743 3164 956 3226 dixerit,
979 3163 1048 3216 ita
1081 3171 1136 3214 ut
1180 3175 1338 3215 nemo
1366 3159 1592 3213 audiret.
1618 3158 1748 3212 Nam
1779 3158 1897 3212 ideo
1930 3158 2162 3214 Joannes

586 3270 746 3327 supra
776 3262 959 3324 pectus
989 3250 1325 3313 recumbens,
1355 3250 1421 3303 ad
1438 3262 1618 3303 aurem
1648 3248 1753 3302 fere
1778 3248 2160 3318 interrogabat,

588 3347 659 3401 ita
692 3354 745 3398 ut
777 3344 1018 3415 proditor
1045 3358 1149 3395 non
1182 3341 1352 3409 palam
1373 3341 1524 3393 fieret
1551 3358 1563 3391 :
1592 3349 1645 3394 et
1683 3340 1925 3395 Christus
1961 3341 2039 3395 sic
2079 3357 2163 3396 rc-

586 3434 819 3506 spondit,
845 3443 901 3488 ut
925 3449 1031 3487 non
1057 3430 1393 3485 manifestum
1424 3432 1567 3484 illum
1593 3429 1810 3485 faceret.
1844 3431 2162 3499 thnamvis

586 3541 706 3581 cum
737 3523 973 3592 emphasi
1020 3520 1173 3576 Jesus
1200 3521 1392 3575 dixerit
1424 3537 1436 3571 :
1468 3520 1660 3587 Amice,
1716 3520 1848 3588 quod
1892 3523 2049 3589 facis,
2080 3526 2163 3591 [ac

588 3617 733 3669 citius
754 3631 770 3668 :
792 3615 863 3669 illi
884 3628 1055 3683 neque
1082 3614 1159 3667 sic
1179 3612 1568 3666 intellexerunt.
1600 3612 1708 3665 lloc
1736 3620 1912 3665 autem
1932 3612 2158 3678 dicebat,

589 3718 649 3761 ut
691 3705 999 3760 ostenderet
1024 3719 1084 3758 ea
1116 3718 1232 3772 qua:
1262 3702 1461 3757 Iudaeis
1490 3703 1577 3757 ille
1608 3703 1674 3756 de
1710 3713 1882 3757 morte
1934 3704 2159 3767 dixerat,

589 3813 712 3853 vera
743 3811 893 3861 esse;
924 3809 1114 3863 nempe
1144 3812 1156 3847 :
1194 3792 1491 3849 Potestatem
1521 3794 1676 3848 habeo
1702 3797 1917 3862 ponendi
1944 3796 2163 3848 animam

586 3905 780 3954 meam,
817 3897 860 3941 et
905 3893 1195 3956 potestatem
1221 3884 1375 3937 habeo
1410 3886 1589 3937 iterum
1618 3885 1849 3937 sumendi
1891 3902 2046 3950 eam;
2086 3895 2162 3951 et,

594 3978 756 4033 Nemo
797 3978 925 4031 tollit
961 3992 1070 4029 eam
1100 3992 1130 4027 a
1156 3991 1233 4028 me
1263 3973 1443 4045 (Joan.
1476 3975 1559 4029 10.
1594 3976 1699 4042 l8).
1747 3974 2007 4041 Quamdiu
2037 3992 2165 4045 ergo

593 4073 825 4126 retinere
845 4067 1027 4132 voluit,
1053 4080 1211 4121 nemo
1235 4076 1416 4120 contra
1440 4068 1639 4135 potuit;
1669 4082 1787 4120 cum
1812 4069 2049 4135 permisit
2071 4084 2164 4122 au—

598 4174 702 4219 tem
724 4204 739 4229 ,
784 4172 905 4218 tunc
935 4160 1089 4215 facile
1119 4158 1235 4212 fuit.
1270 4158 1392 4213 llaec
1420 4159 1576 4229 igitur
1616 4159 1793 4213 omnia
1821 4159 2165 4214 subindicans

590 4253 750 4317 dixit,
804 4250 953 4317 Quod
994 4250 1139 4321 facis,
1174 4252 1254 4319 [ac
1283 4248 1429 4302 citius
1455 4266 1473 4301 :
1512 4264 1683 4316 neque
1715 4258 1839 4302 tunc
1882 4248 2026 4332 illupt
2066 4264 2163 4302 no—

592 4353 701 4396 tutn
750 4340 891 4395 fecit.
935 4339 1094 4392 Forte
1120 4352 1347 4405 namque
1376 4338 1521 4391 illum
1560 4337 2002 4405 discerpsissent,
2032 4338 2167 4393 forte

597 4435 786 4488 Petrus
838 4428 1139 4484 occidisset.
1212 4426 1335 4481 Ideo
1385 4426 1435 4481 id
1500 4442 1657 4481 nemo
1720 4428 2163 4483 discumbentium

593 4524 760 4579 novit.
807 4520 963 4588 Quid,
998 4533 1168 4588 neque
1214 4517 1491 4573 Joannes?
1535 4518 1611 4572 Ne
1661 4519 1750 4572 ille
1776 4519 1983 4586 quidem
2014 4538 2025 4574 :
2061 4535 2164 4574 non

594 4614 794 4684 putavit
819 4614 959 4667 enim
986 4609 1302 4679 discipulum
1342 4610 1393 4663 in
1426 4616 1623 4663 tantam
1658 4618 2040 4678 prorupturum
2075 4613 2166 4665 ini-

594 4707 871 4776 quitatem.
899 4702 1029 4768 Quia
1060 4702 1197 4755 enim
1224 4700 1406 4769 procul
1434 4708 1584 4753 erant
1612 4716 1641 4753 a
1674 4708 1820 4753 tanto
1849 4703 2073 4767 scelere,
2100 4702 2167 4757 de

600 4798 720 4852 aliis
760 4794 891 4849 nihil
937 4793 1241 4861 huiusmodi
1307 4792 1560 4860 suSpicari
1602 4802 1865 4860 poterant.
1922 4794 1991 4849 Ut
2039 4809 2167 4865 ergo

596 4889 742 4960 prius
769 4886 981 4940 dixerat
1004 4883 1126 4947 illis,
1156 4882 1272 4935 Non
1300 4884 1361 4935 de
1387 4884 1614 4937 omnibus
1640 4885 1771 4949 dico,
1806 4896 1858 4939 et
1880 4886 2008 4939 nihil
2035 4900 2163 4954 ape-

594 4990 770 5038 ruerat
804 4997 822 5036 :
851 4980 928 5034 sic
972 4988 1025 5031 et
1057 4992 1195 5031 nunc
1223 4976 1289 5030 de
1318 4975 1421 5029 alio
1454 4976 1553 5030 dici
1583 4986 1853 5047 putarunt.
1909 4979 1995 5033 '50.
2042 4978 2167 5031 Erat

596 5084 761 5126 autem
777 5086 877 5123 nox
894 5068 1095 5139 quando
1113 5068 1279 5128 exivit,
1304 5066 1488 5131 inquit.
1511 5066 1615 5120 Cur
1638 5068 1761 5122 mihi
1787 5077 1992 5139 tempus
2011 5069 2169 5123 dicis?

597 5162 667 5217 Ut
693 5162 869 5215 discas
909 5159 1023 5227 ejus
1049 5157 1396 5226 petulantiam
1417 5197 1430 5221 ,
1464 5158 1615 5224 cujus
1647 5160 1898 5227 impetum
1942 5176 2006 5213 ne
2036 5170 2169 5214 tem-

594 5268 694 5324 pus
724 5250 935 5320 quidem
958 5250 1214 5303 cohibuit.
1246 5247 1349 5303 Sed
1383 5264 1559 5317 neque
1591 5250 1689 5303 hoc
1710 5252 1850 5303 illutn
1882 5254 2056 5319 palam
2093 5252 2171 5308 le-

594 5344 685 5397 cit.
718 5341 794 5395 illi
819 5340 975 5409 igitur
998 5350 1139 5393 metu
1161 5339 1359 5394 detenti
1380 5348 1435 5394 et
1463 5340 1747 5394 formidine
1766 5342 1949 5407 multa,
1986 5344 2166 5399 turba-

596 5434 811 5497 bantur,
831 5442 885 5486 et
906 5448 1081 5487 verum
1100 5434 1361 5487 dictorum
1384 5448 1597 5486 causam
1624 5447 1726 5487 non
1748 5445 1969 5487 norant:
1991 5438 2167 5505 suspi-

598 5526 855 5578 cabantur
870 5532 1069 5588 autem,
1093 5524 1157 5578 Ut
1178 5525 1343 5593 egenis
1360 5524 1554 5593 aliquid
1580 5524 1719 5577 daret
1750 5523 1925 5593 (Joan.
1950 5527 2037 5581 1⁸5.
2054 5528 2167 5597 29),

606 5608 703 5662 ista
730 5606 953 5662 dixisse.
987 5606 1198 5660 Multam
1233 5608 1370 5661 enim
1400 5608 1618 5676 gerebat
1648 5624 1938 5679 pauperum
1968 5626 2166 5682 curam,

665 5718 677 5747 ¹
717 5713 808 5767 Alii
834 5719 1036 5779 habent,
1063 5720 1207 5779 fonts,
1236 5718 1353 5777 loco,
1397 5728 1550 5769 uncta.

1240 324 1295 378 S.
1335 318 1609 378 JOANNlS
1644 314 2117 376 CHRYSOSTOSII
2163 312 2477 372 AltClllEP.
2516 310 3044 372 CONSTANTINOP.

3728 308 3850 373 £592

2274 436 2328 480 ut
2357 440 2455 480 nos
2484 426 2549 481 ad
2583 427 2812 497 idipsum
2849 434 3057 480 naviter
3086 426 3350 495 agendum
3386 427 3715 484 institueret.
3755 431 3855 485 Ne-

2267 532 2374 586 que
2408 519 2522 571 sine
2554 531 2713 571 causa
2756 517 2803 569 id
2838 515 3124 585 putabant;
3158 515 3245 568 ille
3272 530 3500 584 namque
3530 516 3743 573 loculos
3766 518 3851 571 ha-

2268 607 2423 661 bebat
2446 606 2624 676 (Joan.
2646 605 2730 660 12.
2760 605 2835 677 6).
2857 606 3011 674 Atqui
3032 621 3189 659 nemo
3209 607 3485 674 pecuniam
3512 608 3615 676 ipsi
3641 607 3855 664 dedisse

2268 706 2514 750 narratur
2537 714 2551 749 ;
2582 711 2764 750 verum
2787 695 2930 764 quod
2963 694 3236 763 discipula:
3266 709 3332 749 ex
3360 696 3515 751 bonis
3536 699 3655 751 suis
3686 698 3755 751 ad
3782 699 3853 750 vi-

2266 798 2410 838 etum
2433 784 2731 839 ncccssaria
2754 785 2853 854 ipsi
2880 784 3323 853 suppeditabant;
3350 785 3449 839 hoc
3477 786 3566 841 ille
3592 801 3853 857 nusquam

2266 876 2346 930 vel
2382 875 2751 929 subiudicavit.

2340 968 2441 1021 Cur
2470 966 2696 1021 Christus
2724 965 2915 1020 loculos
2942 966 3188 1020 habuerit.
3233 964 3453 1020 Peccata
3493 969 3720 1023 aliorum
3752 984 3849 1023 uol

2264 1059 2551 1114 revetentia.
2577 1088 2647 1098 —
2670 1056 2776 1112 Cur
2805 1073 2965 1128 porro
2995 1058 3039 1113 is
3060 1060 3148 1127 qui
3175 1057 3344 1128 jubet,
3372 1074 3473 1114 nec
3505 1075 3691 1129 peram
3714 1102 3728 1124 ,
3760 1075 3851 1115 ne-

2263 1170 2368 1224 que
2387 1168 2483 1219 tes,
2511 1170 2681 1221 neque
2705 1153 2951 1207 baculum
2980 1152 3130 1217 ferri,
3160 1152 3366 1208 loculos
3395 1153 3600 1208 ferebat
3631 1156 3698 1208 ad
3730 1170 3845 1223 pauc

2267 1260 2448 1315 perum
2476 1245 2863 1301 ministerium?
2906 1243 2974 1301 Ut
2997 1244 3173 1300 discas
3196 1246 3281 1300 vel
3313 1260 3436 1301 eum
3464 1248 3555 1315 qui
3592 1248 3729 1301 nihil
3759 1248 3843 1301 ha-

2265 1337 2386 1391 beat
2426 1346 2481 1392 et
2520 1351 2731 1391 crucem
2777 1345 2992 1405 portet,
3038 1335 3175 1389 hanc
3217 1336 3449 1391 maxime
3499 1352 3617 1391 rem
3662 1350 3853 1392 curare

2262 1438 2528 1497 oportere.-
2555 1427 2713 1482 Multa
2739 1427 2878 1482 enim
2902 1425 3151 1493 faciebat,
3172 1435 3228 1481 ut
3255 1441 3354 1481 nos
3379 1427 3709 1484 institueret.
3744 1428 3853 1482 Hoc

2264 1521 2421 1590 igitur
2448 1519 2629 1575 Jesum
2657 1518 2857 1575 dixisse
2884 1526 3137 1589 putarunt
3166 1517 3411 1588 discipuli
3437 1560 3453 1583 ,
3485 1528 3545 1573 ut
3574 1522 3850 1589 quidpiam

2264 1609 2579 1679 pauperibus
2625 1608 2861 1664 daretur.
2913 1607 3097 1678 Neque
3145 1618 3320 1664 tamen
3371 1608 3471 1664 hoc
3513 1609 3846 1678 proditorem

2261 1698 2439 1765 ﬂexit,
2475 1699 2615 1770 quod
2645 1698 2711 1754 ad
2740 1699 2978 1753 ultimam
3009 1713 3177 1769 usque
3205 1698 3345 1755 diem
3383 1699 3530 1753 illum
3562 1699 3848 1754 traducere

2260 1801 2313 1846 et
2333 1801 2515 1846 notum
2540 1790 2715 1846 facere
2736 1790 2984 1845 noluerit.
3010 1790 3124 1845 Hoc
3149 1799 3205 1846 et
3232 1791 3384 1844 nobis
3409 1805 3625 1861 quoque
3653 1790 3845 1845 facien-

2259 1884 2385 1939 dum
2407 1893 2489 1940 est
2508 1900 2522 1937 :
2541 1885 2999 1940 contubemalium
3025 1880 3240 1952 peccata
3264 1898 3368 1939 non
3392 1883 3681 1939 revelanda
3704 1893 3848 1953 sunt,

2259 1974 2464 2029 etiamsi
2497 1974 2809 2029 incurabilia
2847 1974 2971 2030 sint.
3018 1974 3229 2030 Etenim
3270 1984 3451 2045 postea
3481 1975 3584 2045 ipsi
3610 1976 3679 2030 ad
3722 1991 3850 2045 pro-

2258 2065 2490 2121 deudum
2531 2065 2801 2122 accedenti
2847 2068 3088 2122 osculum
3130 2067 3307 2131 dedit,
3339 2081 3402 2122 ac
3451 2082 3566 2122 rem
3611 2069 3851 2137 suscepit

2260 2168 2457 2213 tantam
2478 2199 2492 2222 ,
2521 2173 2641 2213 cum
2671 2158 2735 2213 ad
2767 2158 2925 2228 longe
2962 2157 3432 2214 formidabiliorem
3477 2167 3759 2229 pergeret,
3787 2160 3850 2213 ad

2260 2266 2469 2306 crucem
2514 2266 2735 2320 nempe,
2786 2260 2841 2306 et
2883 2259 3111 2305 mortem
3160 2250 3721 2321 ignominiosissimam
3750 2270 3763 2303 :
3792 2267 3852 2307 ac

2261 2357 2471 2396 rursum
2501 2341 2608 2397 illic
2638 2340 3014 2411 benignitatem
3043 2356 3192 2396 suam
3225 2340 3560 2396 ostendebat.
3592 2342 3691 2397 ilic
3722 2358 3854 2397 vero

2261 2449 2373 2488 rem
2420 2432 2562 2487 illam
2607 2433 2831 2502 gloriam
2861 2441 3033 2497 vocat,
3076 2431 3276 2487 docens
3321 2431 3451 2485 nihil
3496 2432 3633 2486 adeo
3674 2441 3852 2502 turpe,

2263 2523 2396 2578 adeo
2423 2523 2834 2592 ignominiosum
2856 2537 2995 2586 esse,
3024 2522 3164 2592 quod
3194 2538 3300 2576 non
3332 2522 3614 2578 clariorem
3640 2524 3852 2590 reddat,

2263 2615 2475 2684 quando
2516 2615 2810 2669 secundum
2854 2614 3016 2669 Deum
3060 2614 3306 2669 efficitur.
3354 2613 3643 2685 Postquam
3694 2616 3858 2687 igitur

2263 2707 2465 2760 exierat
2492 2704 2657 2760 Judas
2687 2705 2751 2758 ad
2781 2704 3109 2774 prodendum
3134 2746 3149 2771 ,
3181 2704 3312 2759 dicit
3344 2724 3357 2761 :
3387 2707 3475 2761 3i.
3508 2706 3667 2761 Nunc
3693 2710 3855 2762 clari-

2264 2796 2442 2863 ﬁcatus
2478 2804 2549 2848 est
2593 2792 2760 2848 Filius
2802 2796 3020 2871 hominis
3046 2812 3064 2849 :
3096 2796 3219 2850 hinc
3253 2796 3433 2866 lapsos
3462 2798 3855 2868 discipulorum

2263 2886 2473 2939 animos
2499 2886 2728 2955 erigens,
2760 2872 3097 2956 suadensque
3145 2895 3201 2939 ut
3243 2901 3349 2941 non
3396 2888 3555 2942 modo
3603 2905 3710 2943 non
3756 2890 3857 2944 tri-

2264 2986 2489 3041 stcntur,
2514 2975 2606 3030 sed
2633 2976 2791 3030 etiam
2817 2976 3099 3045 gaudeant.
3133 2976 3257 3032 Ideo
3289 2977 3500 3033 Petrum
3533 2993 3563 3032 a
3592 2978 3861 3048 principio

2266 3068 2578 3136 increpavit.
2627 3066 2757 3120 Nam
2806 3066 2947 3136 quod
2992 3076 3163 3121 morte
3204 3068 3323 3137 quis
3370 3083 3599 3123 mortem
3650 3070 3855 3135 vincat,

2264 3159 2428 3227 gloria
2461 3166 2544 3211 est
2583 3172 2789 3226 magna.
2828 3156 2893 3211 Et
2935 3157 3037 3212 hoc
3064 3166 3146 3212 est
3174 3158 3315 3228 quod
3348 3158 3436 3213 ille
3462 3158 3531 3214 de
3561 3160 3743 3229 seipse
3765 3161 3854 3215 di-

2265 3250 2337 3303 cit
2360 3266 2372 3301 :
2397 3248 2521 3302 Cum
2551 3249 2799 3302 excitatus
2827 3252 2991 3317 fuero,
3016 3259 3134 3304 tunc
3154 3252 3462 3321 cognoscetis
3483 3252 3605 3321 quia
3629 3269 3723 3323 ego
3744 3269 3861 3306 sunt

2268 3338 2458 3412 (Joan.
2489 3339 2541 3393 8.
2576 3339 2667 3394 28.
2711 3340 2796 3393 12.
2832 3340 2903 3394 35
2928 3340 2976 3409 ):
3006 3350 3060 3394 et
3087 3356 3300 3396 rursum
3326 3384 3343 3409 ,
3379 3341 3573 3397 Soluite
3611 3345 3862 3413 templum

2268 3432 2361 3484 hoc
2394 3430 2588 3499 (Joan.
2620 3430 2675 3483 2.
2707 3429 2771 3484 19
2794 3430 2843 3499 );
2881 3430 3195 3500 iterumque,
3227 3431 3445 3502 Signum
3475 3449 3577 3486 non
3609 3434 3820 3488 dabitur
3842 3477 3859 3502 ,

2267 3527 2365 3579 nisi
2393 3526 2589 3595 signum
2614 3525 2767 3580 Iona:
2794 3526 2956 3598 (Luc.
2990 3528 3077 3581 11.
3100 3526 3227 3599 29).
3270 3529 3549 3595 Quomodo
3578 3532 3726 3587 enim
3752 3549 3861 3588 non

2266 3618 2431 3686 gloria
2458 3618 2523 3671 sit
2554 3618 2779 3671 maxima
2807 3658 2821 3682 ,
2865 3628 2981 3686 post
3013 3627 3238 3672 mortem
3270 3619 3474 3688 majora
3503 3634 3666 3689 posse
3696 3638 3859 3693 quam

2267 3716 2391 3763 ante
2430 3708 2697 3762 mortem?
2737 3707 2806 3763 Ut
2843 3708 2983 3762 enim
3015 3710 3335 3764 resurrectio
3364 3709 3679 3765 crederetur
3699 3752 3714 3777 ,
3745 3728 3861 3766 ma-

2264 3803 2383 3869 jora
2425 3800 2598 3855 fecere
2632 3800 2895 3869 discipuli.
2929 3800 2983 3855 Si
3012 3784 3154 3855 enim
3193 3815 3297 3856 non
3330 3803 3582 3870 vixisset,
3627 3815 3682 3859 et
3724 3806 3865 3861 Deus

2270 3907 2374 3945 non
2413 3891 2595 3945 fuisset
2618 3933 2633 3955 ,
2664 3892 2930 3960 quomodo
2961 3891 3011 3944 hi
3038 3891 3089 3945 in
3118 3893 3335 3947 nomine
3375 3892 3489 3963 ejus
3522 3903 3668 3948 tanta
3699 3895 3861 3951 fecis-

2269 3983 2420 4037 sent?
2449 3983 2536 4038 52.
2561 3981 2627 4035 Et
2650 3981 2785 4035 Deus
2813 3982 3109 4051 clariﬁoabit
3136 4000 3269 4038 eum.
3297 3984 3433 4052 Quid
3460 3996 3562 4051 est,
3588 3985 3732 4042 Deus
3755 3990 3863 4041 cla-

2267 4077 2484 4144 riﬁcabit
2507 4092 2618 4128 cum
2640 4076 2692 4129 in
2717 4077 2924 4143 seipse?
2954 4076 3065 4130 lloc
3093 4087 3195 4143 est,
3228 4092 3321 4147 per
3340 4078 3599 4148 seipsum,
3635 4096 3742 4133 non
3770 4097 3865 4151 per

2269 4168 2450 4220 alium.
2500 4164 2567 4219 Et
2609 4168 2778 4220 statim
2820 4166 3117 4233 clariﬁcabit
3155 4183 3268 4220 eum
3287 4182 3308 4231 ;
3338 4168 3389 4221 id
3418 4177 3517 4230 est.
3547 4168 3709 4223 simul
3736 4187 3861 4226 cum

2270 4275 2427 4314 cruce
2479 4258 2594 4313 Non
2624 4268 2739 4329 post
2773 4260 2985 4329 longum
3011 4270 3240 4329 tempus,
3275 4262 3466 4331 inquit,
3496 4278 3597 4319 nec
3620 4265 3712 4319 diu
3741 4276 3866 4335 post

2271 4352 2715 4407 resurrectionem
2749 4353 2894 4406 illum
2924 4352 3109 4407 reddet
3128 4354 3497 4422 splendidum;
3540 4358 3636 4412 sed
3680 4362 3861 4414 statim

2272 4442 2323 4495 in
2359 4444 2467 4511 ipsa
2498 4458 2653 4496 cruce
2674 4444 2974 4512 conspicua:
3004 4459 3091 4498 res
3115 4446 3466 4513 apparebunt.
3502 4447 3595 4502 Sol
3627 4465 3863 4520 namque

2270 4534 2579 4588 obseuratus
2623 4536 2765 4598 est‘,
2807 4544 2968 4603 petra:
3011 4535 3191 4590 scissa:
3238 4545 3381 4602 sunt,
3424 4538 3599 4593 velum
3648 4556 3861 4611 quoque

2271 4626 2493 4677 scissum
2517 4635 2615 4689 est,
2647 4624 2806 4679 multa
2830 4640 3049 4694 corpora
3079 4637 3379 4681 sanctorum
3412 4629 3500 4698 qui
3528 4624 3863 4687 dOrmierattt

2271 4715 2517 4769 suscitata
2568 4727 2689 4771 sunt
2717 4734 2731 4770 :
2763 4717 3060 4785 sepulcrum
3087 4718 3356 4787 signacula
3388 4719 3639 4787 habebat,
3675 4734 3861 4778 custo-

2271 4806 2367 4861 des
2392 4807 2716 4873 assidebant,
2740 4818 2794 4861 et
2821 4824 2939 4861 cum
2974 4808 3107 4876 lapis
3136 4810 3347 4880 corpori
3378 4815 3751 4881 superpositus
3780 4832 3864 4871 εει

2274 4908 2375 4963 set,
2417 4914 2611 4967 corpus
2655 4900 2890 4955 surrexit
2924 4918 2936 4952 :
2964 4910 3083 4969 post
3112 4901 3453 4972 quadraginta
3486 4904 3601 4960 dies
3630 4906 3864 4976 Spiritus

2274 4991 2426 5046 datus
2448 5002 2548 5055 est,
2572 5001 2624 5046 et
2651 4993 2826 5046 statim
2856 5007 3045 5048 omnes
3075 4994 3222 5048 illum
3257 4997 3613 5065 praedicarunt
3643 5001 3861 5071 (Matth.

2271 5082 2361 5136 27.
2408 5083 2495 5136 51.
2532 5099 2643 5151 sqq.
2691 5082 2817 5136 Luc.
2861 5083 3107 5154 25.ι15).
3158 5085 3270 5142 Hoc
3318 5098 3399 5143 est
3443 5090 3610 5157 illud,
3648 5092 3863 5162 Cleri/i-

2274 5174 2404 5225 cabit
2429 5174 2574 5225 illum
2600 5174 2653 5225 in
2680 5177 2843 5242 seipse
2864 5214 2877 5235 .
2911 5183 2955 5226 et
2989 5176 3154 5227 statim
3194 5178 3498 5247 gloriﬁcabit
3539 5183 3686 5235 illum
3712 5201 3731 5238 :
3760 5202 3866 5240 non

2274 5278 2368 5332 per
2392 5265 2609 5332 angelos
2634 5273 2687 5317 et
2715 5264 3063 5334 archangelos
3088 5307 3103 5332 ,
3135 5282 3239 5320 non
3269 5284 3364 5337 per
3390 5271 3545 5323 aliam
3575 5276 3865 5342 quamdam

2277 5358 2608 5418 potestatem,
2638 5350 2730 5403 sed
2762 5367 2852 5416 per
2876 5353 3129 5419 seipsutn.

2346 5434 2395 5487 5.
2434 5433 2711 5499 Quomodo
2750 5434 3057 5488 clarilieavit
3098 5452 3193 5504 per
3230 5438 3505 5507 seipsum?
3548 5441 3738 5497 Omnia
3787 5446 3862 5497 fa-

2277 5525 2464 5578 ciendo
2492 5526 2556 5578 ad
2584 5526 2803 5595 gloriam
2837 5526 2973 5580 Filii.
3009 5529 3164 5593 Atqui
3193 5531 3369 5584 omnia
3402 5530 3566 5587 Filius
3598 5535 3741 5589 fecit.
3778 5538 3864 5589 \"i-

2279 5614 2397 5669 den'
2422 5616 2589 5682 ipsum
2615 5631 2774 5685 Opera
2805 5618 2915 5671 Filii
2946 5619 3010 5671 ad
3041 5619 3248 5673 Patrem
3275 5622 3512 5676 relerre’
3542 5627 3630 5680 55.
3664 5628 3861 5684 Fiholi.

2351 5730 2359 5755 ¹
2393 5725 2483 5775 Alii
2509 5725 2695 5789 legunt,
2724 5731 2883 5781 radius
2909 5731 3093 5790 avertit,
3124 5734 3239 5790 locu,
3264 5737 3541 5786 obscuratus
3566 5746 3651 5787 est.
