4040 6424
157 383 270 438 593

156 497 333 550 adhuc
363 490 617 546 inodirmn
648 483 894 536 vobiscum
916 493 1052 531 sum.
1085 469 1332 538 Quwretis
1361 481 1458 528 me,
1484 471 1531 515 ct
1557 476 1655 513 non
1677 461 1754 511 in-

158 585 372 642 venietis
400 591 484 638 :el
512 585 641 635 sicut
685 573 792 628 dixi
831 569 1054 634 luditis,
1088 565 1183 621 Ubi
1221 578 1314 632 ego
1349 574 1496 619 sunt,
1532 571 1617 608 ros
1658 568 1759 605 non

159 677 373 748 potestis
398 673 593 731 venire;
621 677 666 722 et
694 665 830 720 vobis
851 662 962 716 dico
994 658 1161 712 modo.
1207 654 1325 710 Jant
1358 650 1524 705 tristia
1554 645 1761 700 orditur

163 746 286 839 post
307 779 538 822 cuinam.
562 759 691 814 Nam
714 772 836 810 cum
858 753 1021 809 Judas
1041 748 1225 812 exivit,
1248 760 1350 798 non
1377 755 1596 810 vespera
1620 746 1758 838 erat,

161 835 258 914 sed
291 872 420 910 nox.
469 854 600 907 Cum
642 849 784 904 enim
827 844 985 915 paulo
1013 849 1131 911 post
1157 835 1436 892 adventuri
1465 839 1647 887 essent
1673 835 1760 896 qtti

163 949 316 1003 illum
346 951 620 1014 caperent,
645 934 923 1007 oportebat
950 931 1128 985 omnia
1153 929 1255 1014 illis
1280 921 1680 981 commendare.
1707 925 1764 1014 ut

163 1007 428 1094 memoria
457 1033 751 1089 retinerent
783 1045 796 1080 :
826 1027 934 1080 imo
965 1022 1140 1092 potius
1168 1007 1400 1087 Spiritus
1426 1013 1603 1069 omnia
1635 1009 1764 1077 ipsis

163 1127 517 1200 suggerebat;
548 1122 818 1188 multaque
846 1124 992 1181 tunc,
1025 1121 1085 1166 ut
1109 1108 1398 1164 verisimile
1423 1114 1526 1168 est,
1549 1103 1764 1172 abjece-

166 1229 316 1280 runt,
342 1224 529 1287 utpote
557 1213 643 1283 qui
676 1221 801 1264 tunc
829 1207 1056 1276 primmn
1089 1201 1368 1263 audirent,
1400 1207 1454 1251 et
1481 1205 1556 1249 tot
1590 1202 1766 1287 tenta-

167 1313 346 1366 liones
374 1285 578 1377 passuri
606 1308 802 1358 essent.
836 1297 966 1352 Nam
990 1295 1078 1366 qui
1111 1295 1161 1348 in
1184 1304 1430 1346 somnum
1461 1303 1568 1356 prae
1597 1285 1767 1338 tristi-

167 1403 239 1456 tia
271 1400 406 1467 lapsi
432 1403 575 1459 sunt,
593 1401 650 1446 ιιι
669 1393 741 1444 ait
759 1391 896 1443 alius
920 1385 1246 1455 evangelista
1266 1380 1417 1451 (an.
1441 1378 1533 1432 ἓξ.
1569 1377 1659 1448 45)
1680 1393 1693 1440 ;
1717 1386 1768 1430 et

163 1493 290 1559 ipse
315 1501 529 1558 quoque
555 1484 804 1537 Christus
835 1481 946 1535 ait:
981 1477 1086 1532 Sed
1116 1474 1233 1544 quia
1257 1473 1366 1526 [nec
1395 1471 1629 1540 loquutus
1657 1483 1772 1522 sum

170 1583 333 1643 rubis.
364 1579 565 1634 tristitia
591 1575 814 1645 implerit
844 1588 930 1625 cor
958 1580 1172 1624 vestrum
1201 1566 1377 1640 (Joan.
1409 1565 1492 1618 l6.
1519 1563 1609 1632 6);
1641 1576 1774 1629 quo-

171 1674 340 1729 modo
368 1673 482 1725 ha-c
508 1669 684 1722 omnia
727 1673 976 1720 accurate
1019 1661 1250 1716 retinere
1293 1657 1625 1726 potuissent?
1665 1654 1770 1708 Sed

171 1781 272 1818 cur
305 1764 406 1816 illis
433 1756 780 1814 dicebantur?
819 1755 936 1810 Non
983 1753 1250 1807 modicum
1297 1749 1427 1818 ipsis
1469 1748 1674 1802 lucrum
1706 1745 1771 1798 ad

170 1855 373 1912 Christi
406 1853 630 1922 gloriam
661 1848 978 1903 obveniebat
1003 1888 1016 1910 ,
1049 1843 1190 1915 quod
1235 1843 1348 1898 brec
1388 1843 1531 1898 clare
1575 1841 1776 1893 scirent

175 1955 387 2014 postea,
409 1946 534 1997 dum
553 1941 963 2009 recortlarentur
981 1953 1038 1991 se
1057 1937 1168 1988 haec
1194 1949 1222 1988 a
1251 1930 1465 1985 Christo
1487 1931 1692 1984 audiris
1721 1946 1772 1984 e.

172 2037 288 2090 (Zur
316 2044 492 2088 autem
527 2034 738 2085 illorum
768 2029 1002 2082 animum
1029 2027 1173 2095 prius
1203 2023 1406 2093 dejicit,
1433 2022 1638 2086 dicens,
1671 2021 1776 2074 ΑΛ-

175 2127 280 2178 huc
318 2126 569 2178 modicum
610 2132 803 2190 tempus
840 2120 1090 2173 vobiscum
1129 2117 1277 2169 sum?
1315 2114 1515 2169 Judmis
1544 2129 1772 2182 namque

171 2217 299 2288 jure
339 2217 616 2270 dicebatur
640 2256 654 2280 ,
687 2229 783 2266 nos
811 2228 940 2266 vero
969 2225 1132 2280 quare
1159 2224 1278 2263 cum
1313 2207 1534 2276 ingratis
1563 2206 1665 2258 illia-
1697 2207 1778 2258 lo-

177 2309 310 2366 cas?
336 2309 549 2363 Minime
579 2307 732 2359 facio.
768 2304 832 2358 Et
853 2319 948 2358 cur
968 2303 1062 2365 ait,
1097 2301 1240 2354 Sicut
1261 2299 1374 2352 dixi
1401 2297 1643 2351 Jntlwis?
1672 2298 1777 2351 Re-

179 2403 334 2458 duxit
357 2403 406 2454 in
437 2400 780 2462 memoriam,
813 2397 935 2466 quia
961 2411 1064 2448 non
1090 2409 1231 2449 nunc
1259 2392 1328 2445 ob
1357 2391 1616 2444 malorum
1645 2407 1780 2462 prai-

179 2493 412 2548 senliam
455 2492 570 2545 haec
619 2489 895 2559 praedixit,
947 2485 1040 2541 sed
1087 2486 1196 2563 jam
1244 2483 1370 2537 olim
1418 2482 1778 2551 prmvidt-rat,

183 2585 397 2654 ipsique
437 2592 600 2638 testes
636 2589 819 2644 erant,
864 2579 952 2649 qui
997 2577 1274 2632 audierant
1317 2575 1490 2644 ipsum
1534 2574 1647 2627 harc
1686 2572 1782 2627 Ju-

181 2673 320 2730 dazis
347 2673 636 2728 dicentem.
669 2670 847 2737 Quare
889 2668 1094 2723 addidit
1127 2665 1259 2720 illud
1281 2707 1295 2731 ,
1335 2664 1547 2727 l"ilioli;
1577 2674 1631 2716 ut
1660 2679 1782 2718 eum

181 2764 432 2818 audirent
475 2762 603 2817 illud
630 2803 644 2824 ,
693 2760 840 2815 Sicut
881 2759 987 2813 dixi
1031 2756 1264 2819 Iudicis.
1315 2772 1382 2811 ne
1428 2763 1673 2825 putarent
1712 2755 1788 2808 si-

189 2857 306 2911 mili
351 2855 511 2910 modo
556 2853 658 2908 sibi
702 2851 902 2906 dictum
952 2850 1134 2905 fuisse.
1189 2848 1302 2903 Non
1357 2864 1485 2917 ergo
1543 2856 1599 2899 ιιι
1649 2845 1785 2915 deji-

182 2959 330 3004 ccrel
378 2949 590 3002 illorum
635 2947 843 2999 animos
886 2944 986 2999 hoc
1029 2943 1198 3008 dixit,
1240 2941 1333 2995 sed
1381 2951 1434 2993 ul
1473 2940 1786 2994 CultSttlal'tB-

189 3053 278 3097 tur
299 3081 314 3104 ,
353 3053 423 3092 ne
466 3039 846 3104 inexspectata:
877 3047 1129 3086 :ernmnat
1163 3032 1308 3100 ipsos
1339 3030 1634 3082 turbarent.
1674 3030 1786 3093 Quo

185 3148 281 3204 ego
317 3129 482 3193 vado,
519 3144 604 3180 vos
641 3142 742 3178 non
785 3125 990 3192 potestis
1033 3123 1218 3176 venire.
1269 3121 1514 3175 Ostendit
1558 3131 1786 3173 mortem

185 3236 340 3277 suam
386 3232 509 3273 esse
553 3215 952 3270 translationem
981 3221 1035 3267 ct
1066 3213 1345 3266 transitum
1377 3211 1443 3264 ad
1484 3211 1703 3263 meliora
1735 3217 1791 3262 et

186 3310 256 3365 ad
283 3311 459 3364 locum
486 3304 852 3374 corruptibilia
876 3317 1101 3371 corpora
1136 3317 1239 3354 non
1268 3299 1635 3370 recipientem.
1662 3299 1789 3352 ll:ec

187 3416 352 3473 porro
389 3399 519 3454 dicit
558 3396 716 3451 etiam
747 3403 804 3448 ut
832 3408 1024 3449 eormn
1053 3407 1178 3461 erga
1221 3406 1281 3446 se
1315 3406 1554 3444 amorem
1595 3390 1793 3443 excitet

189 3502 246 3548 et
273 3489 650 3546 ferventiorem
675 3485 890 3540 el'liciat.
919 3483 1078 3540 Scitis
1098 3485 1240 3537 enim
1263 3481 1608 3550 cumaliquos
1635 3480 1791 3536 nobis

189 3580 549 3636 amicissimos
571 3576 811 3632 videmus
832 3573 1205 3636 abscedentes,
1230 3588 1326 3628 nos
1352 3573 1520 3642 magis
1541 3572 1750 3626 incendi
1773 3589 1789 3637 ;

191 3671 436 3727 maxime
475 3681 597 3722 cum
643 3666 882 3720 videmus
917 3679 1012 3720 eos
1053 3665 1105 3717 in
1145 3665 1319 3721 locum
1358 3664 1657 3719 concedere
1686 3678 1793 3733 quo

191 3774 297 3816 nos
323 3761 401 3813 ire
431 3773 534 3812 non
559 3771 858 3825 possumus.
891 3753 963 3811 Ut
985 3770 1114 3824 ergo
1143 3754 1358 3809 Judaros
1389 3763 1612 3809 terreret
1639 3796 1652 3816 .
1679 3752 1795 3807 haec

192 3851 352 3916 dixit,
369 3859 531 3920 utque
545 3849 926 3917 discipulorum
944 3862 1182 3902 amorem
1202 3845 1532 3901 incenderet.
1549 3845 1691 3900 Talis
1714 3854 1796 3900 est

194 3942 286 3999 ille
333 3942 502 4005 locus,
537 3956 642 4008 quo
689 3953 793 3993 non
835 3939 910 3992 illi
953 3939 1135 4004 modo,
1167 3938 1261 3992 sed
1311 3953 1410 3993 nec
1451 3951 1544 3991 vos
1585 3951 1797 4006 quoque

195 4030 509 4087 amicissimi
555 4030 770 4100 possitis
813 4030 1017 4084 venire.
1077 4028 1173 4083 llic
1219 4043 1430 4099 quoque
1477 4028 1793 4096 dignitatem

197 4137 350 4178 suam
383 4120 637 4176 ostendit.
666 4119 734 4173 Et
755 4119 890 4174 vobis
914 4120 1028 4174 dico
1054 4120 1222 4172 modo.
1257 4119 1383 4184 Cur,
1413 4119 1601 4172 modo?
1629 4118 1798 4174 Aliter

200 4213 329 4279 illis,
352 4213 506 4267 aliter
535 4211 713 4275 vobis;
748 4211 799 4264 id
821 4219 922 4274 est,
945 4225 1050 4264 non
1080 4225 1203 4265 cum
1233 4210 1358 4266 illis.
1388 4208 1617 4266 Ubinam
1646 4210 1796 4264 illum

199 4305 532 4376 quzesicrunt
547 4301 756 4359 Judari?
785 4301 871 4357 ubi
892 4301 1176 4373 discipuli?
1207 4302 1479 4372 Discipuli,
1502 4319 1622 4356 cum
1653 4302 1799 4372 luge-

201 4406 357 4460 rent;
387 4395 558 4451 Judaei
582 4410 744 4459 vero,
776 4394 992 4464 quando
1020 4395 1072 4448 in
1108 4393 1443 4449 calamitates
1474 4394 1717 4464 ingentes
1744 4401 1801 4449 et

203 4489 470 4545 inauditas
498 4487 830 4552 inciderunt,
865 4485 996 4541 urbe
1033 4493 1184 4554 capta
1208 4527 1222 4552 ,
1254 4493 1311 4539 et
1336 4486 1413 4540 ira
1446 4486 1536 4540 Dei
1566 4485 1801 4555 undique

206 4582 328 4636 illos
355 4580 793 4636 circumsidente.
844 4577 1128 4648 Discipulis
1153 4593 1284 4648 ergo
1314 4587 1438 4633 tunc
1469 4589 1684 4647 propter
1713 4579 1801 4632 in-

203 4674 577 4730 credulitatem
606 4672 676 4728 ita
705 4671 957 4741 loquutus
981 4680 1063 4725 est
1093 4687 1106 4725 :
1132 4669 1286 4724 vobis
1314 4685 1456 4724 nunc
1479 4684 1598 4738 ego,
1634 4686 1701 4723 ne
1725 4669 1806 4722 in-

205 4773 568 4835 exspectatam
595 4763 833 4818 subeatis
852 4761 1234 4816 calamitatem.
1263 4761 1351 4815 δι.
1378 4759 1683 4814 Mandatum
1711 4777 1806 4814 no-

207 4871 324 4909 runt
371 4853 438 4908 do
476 4853 636 4909 vobis.
685 4851 818 4907 Cum
865 4853 1008 4909 enim
1054 4851 1343 4907 verisimile
1387 4861 1529 4908 esset
1573 4853 1712 4910 illos.
1741 4853 1806 4908 iis

207 4947 426 5008 auditis,
456 4962 519 5000 ae
555 4947 600 5002 si
643 4945 840 5001 deserti
883 4960 1100 5016 prorsus
1137 4955 1339 5011 essent,
1371 4945 1422 4998 iu
1446 4945 1808 5014 perturbatio-

210 5056 333 5096 nem
361 5040 675 5110 delapsuros
699 5053 819 5094 esse
843 5056 858 5092 :
882 5038 1193 5095 consolatur
1231 5039 1374 5106 ipsos
1395 5079 1412 5103 ,
1443 5039 1681 5091 omniutn
1714 5039 1809 5092 bo-

211 5139 402 5186 norum
448 5132 625 5187 radice
664 5132 728 5185 ad
773 5130 1121 5186 securitatem
1161 5131 1406 5184 muniens
1445 5144 1568 5196 eos,
1613 5145 1808 5199 nempe

169 5267 172 5270 .
211 5225 470 5286 caritate;
500 5236 562 5276 ac
584 5223 628 5275 si
657 5222 864 5276 diceret
889 5238 906 5277 :
932 5220 1014 5275 Me
1039 5221 1268 5275 abeunte
1293 5220 1520 5274 doletis?
1546 5235 1730 5274 verum
1762 5221 1808 5275 si

214 5326 310 5366 vos
337 5323 522 5367 mutuo
548 5312 800 5382 diligatis,
826 5311 1076 5368 fortiores
1106 5312 1277 5367 eritis.
1308 5311 1414 5366 Cur
1442 5327 1570 5380 ergo
1603 5328 1708 5365 non
1736 5312 1807 5366 ita

217 5403 386 5460 dixit?
430 5406 562 5472 Quia
588 5405 727 5475 quod
758 5404 915 5474 longe
956 5404 1136 5458 utilius
1171 5413 1286 5458 erat
1323 5404 1583 5472 protulit:
1619 5403 1706 5459 55.
1747 5403 1811 5458 In

220 5499 312 5551 hoc
331 5508 628 5569 cognoscent
649 5513 821 5551 omnes
841 5496 975 5566 quod
995 5496 1228 5562 discipuli
1258 5496 1354 5548 mei
1378 5500 1511 5548 estis.
1548 5494 1638 5549 llis
1665 5497 1808 5550 enim

221 5589 559 5657 signiﬁcavit,
582 5589 804 5643 chorum
827 5605 983 5644 suum
1008 5605 1294 5658 numquam
1322 5603 1443 5642 esse
1470 5590 1806 5656 solt-tendum,

223 5690 501 5750 postquam
533 5682 632 5733 hoc
659 5681 908 5734 indicium
941 5681 1042 5734 illis
1069 5679 1306 5734 dederat.
1347 5679 1456 5733 llnc
1487 5695 1614 5733 vero
1641 5681 1808 5744 dixit,

221 5770 436 5841 quando
463 5772 699 5841 proditor
719 5771 786 5826 ab
817 5770 919 5826 illis
947 5781 1224 5841 separatus
1250 5780 1350 5825 est.
1381 5771 1488 5823 (Zur
1507 5781 1682 5826 autem
1711 5773 1810 5829 hoc

1149 355 1212 412 1N
1251 345 1567 411 ,ΙΟᾹΝΝΕΜ
1607 340 1833 398 ΠΟῗιΠΙι.
1880 336 2089 394 LXXII.
2131 341 2204 392 al.
2248 336 2429 392 LXXI.

3345 330 3451 388 5M

1868 452 2178 507 mandatum
2211 451 2338 505 dicit
2365 467 2557 504 norum
2588 465 2707 505 esse
2732 493 2746 516 ,
2781 451 2922 519 quod
2954 452 3008 505 in
3043 450 3219 505 Veteri
3249 466 3464 521 quoque

1866 543 2214 597 Testamento
2238 542 2464 611 positmn
2489 542 2638 596 erat?
2668 541 2784 610 ipse
2814 541 2941 595 illml
2970 558 3165 596 novmn
3195 542 3321 598 fecit
3349 543 3467 611 ipso

1869 632 2210 701 przecipiendi
2245 631 2437 694 modo;
2474 633 2650 686 intulit
2673 631 2840 693 enim.
2871 631 3018 686 Sicut
3040 633 3322 690 dilexivos.
3351 633 3467 688 Non

1866 724 2009 778 enim
2039 725 2230 778 vestris
2257 739 2380 794 pran
2403 723 2686 778 edentibus
2714 724 2918 779 meritis
2943 724 3183 778 debitum
3213 728 3469 795 persolvi,

1869 814 1963 869 sed
1998 815 2280 887 ipsc«.\cor.pi
2303 857 2318 882 ,
2358 815 2544 885 inquit.
2590 814 2680 870 Sic
2707 823 2761 870 et
2787 830 2880 868 vos
2910 824 3126 886 oportet
3157 819 3346 872 amicis
3374 833 3471 874 ve-

1870 907 1998 962 stris
2039 907 2294 962 benclicia
2327 917 2582 976 prseslare
2606 949 2622 971 ,
2665 906 2813 960 nullo
2851 906 3032 962 debito
3063 907 3372 963 obstrictos.
3409 910 3476 965 Et

1870 1001 2087 1054 omissis
2111 1002 2384 1054 miracnl’s
2410 1017 2528 1070 qua:
2556 999 2753 1054 edituri
2785 1009 2976 1066 erant,
3006 1017 3070 1054 ex
3098 1001 3322 1056 caritate
3352 1003 3476 1056 illos

1871 1091 2169 1159 distinguit.
2203 1091 2411 1157 Quare?
2443 1091 2575 1158 Quia
2606 1089 2707 1143 hoc
2736 1090 2966 1143 maxime
2996 1100 3303 1145 sanctorum
3338 1092 3478 1146 imii-

1872 1185 2013 1237 cium
2038 1193 2090 1236 et
2117 1194 2488 1252 argumentum
2511 1190 2592 1235 est
2615 1199 2630 1237 :
2659 1196 2873 1235 omnem
2900 1182 3097 1252 quippe
3123 1183 3322 1238 indicat
3345 1199 3474 1238 sau-

1876 1277 2136 1328 ctitalcm.
2191 1274 2291 1328 l'cr
2326 1273 2430 1325 hoc
2456 1273 2687 1327 maxime
2713 1286 2902 1327 omnes
2927 1272 3153 1326 salutem
3186 1278 3478 1344 consequi-

1877 1384 2016 1420 mur.
2085 1367 2196 1420 Hoc
2248 1375 2370 1427 est,
2423 1365 2633 1434 inquit,
2680 1379 2799 1418 esse
2853 1364 3195 1434 discipulum.
3245 1366 3336 1422 Sic
3383 1382 3479 1422 \‘03

1876 1458 2166 1512 laudabunt
2187 1473 2396 1524 omnes,
2427 1472 2548 1512 cum
2582 1471 2675 1510 vos
2706 1457 2940 1510 viderint
2967 1474 3139 1512 meam
3172 1459 3364 1514 itnitari
3393 1460 3480 1514 di-

1879 1551 2186 1603 lectionem.

1949 1644 2001 1696 4.
2037 1641 2173 1709 Quid
2217 1641 2384 1711 ergo?
2429 1655 2608 1695 annon
2653 1641 2834 1712 potius
2865 1642 2966 1696 hoc
2998 1641 3250 1697 miracula
3293 1655 3482 1699 osten-

1879 1733 2044 1787 dunt?
2074 1732 2314 1786 Minime.
2349 1731 2502 1786 Multi
2530 1733 2662 1786 enim
2694 1734 2861 1786 (licent
2888 1749 2908 1786 :
2938 1731 3158 1795 Domine
3179 1779 3192 1798 ,
3227 1753 3394 1789 nonne
3428 1739 3482 1792 in

1879 1827 2082 1880 nomine
2108 1835 2194 1877 tuo
2220 1825 2472 1876 ila-inania
2514 1825 2742 1894 ejicimus
2787 1822 3012 1892 (Matth.
3043 1827 3075 1879 7
3124 1825 3195 1879 22
3217 1828 3270 1896 )?
3299 1840 3346 1883 el
3387 1830 3487 1883 ile-

1882 1933 2019 1981 rum,
2050 1916 2406 1986 gaudentibus
2434 1917 2582 1985 ipsis,
2614 1916 2753 1986 quod
2782 1916 3047 1972 daemonia
3077 1919 3177 1973 sibi
3211 1931 3478 1988 parerent,

1881 2008 2008 2062 dicit
2035 2025 2047 2059 :
2083 2006 2166 2060 Ne
2193 2006 2463 2076 gaudeatis
2500 2010 2618 2073 quia
2649 2008 2901 2062 daemonia
2940 2011 3077 2063 vobis
3107 2011 3486 2080 subjiciuntur;

1883 2100 1970 2152 sed
1996 2099 2115 2168 quia
2143 2098 2349 2150 nomina
2381 2106 2545 2150 vestra
2571 2099 2761 2168 scripta
2787 2109 2905 2152 sunt
2941 2101 2992 2152 in
3023 2101 3160 2154 ca'lis
3192 2100 3362 2173 (an.
3399 2105 3484 2158 l0.

1882 2191 1998 2260 9.0).
2025 2191 2186 2260 Atqui
2218 2190 2318 2245 hoc
2339 2191 2529 2245 orbem
2551 2191 2796 2256 adduxit,
2815 2194 2937 2263 quia
2966 2193 3091 2248 illud
3115 2194 3224 2264 jam
3259 2197 3443 2252 aderat
3471 2216 3486 2252 :

1885 2282 1927 2336 si
1979 2281 2108 2334 illud
2156 2295 2262 2335 non
2311 2280 2593 2349 adfuisset,
2625 2282 2724 2337 hoc
2775 2298 2882 2338 non
2925 2286 3233 2340 mansisset.
3280 2288 3489 2346 Caritas

1885 2375 2025 2428 enim
2057 2373 2176 2428 illos
2196 2374 2376 2428 statim
2406 2374 2574 2429 heuos
2598 2375 2900 2447 probosquc
2925 2377 3176 2442 reddidit,
3205 2379 3490 2451 cllccitque

1888 2474 1945 2517 ut
1970 2479 2158 2520 omnes
2185 2481 2349 2519 unttm
2371 2479 2464 2521 cor
2491 2475 2544 2520 et
2565 2466 2739 2520 anima
2763 2477 2966 2524 essent.
2998 2468 3132 2522 Nam
3156 2469 3201 2526 si
3223 2465 3491 2526 dissensio

1889 2555 2095 2622 l‘uis~et,
2129 2556 2306 2610 omnia
2338 2557 2573 2626 peritura
2603 2567 2778 2612 erant.
2811 2556 2995 2629 Neque
3021 2560 3126 2614 illis
3156 2569 3362 2615 tantum
3389 2562 3492 2615 hoc

1889 2644 2142 2715 loquutus
2171 2656 2251 2701 est
2272 2688 2287 2711 ,
2320 2645 2414 2701 sed
2446 2655 2497 2701 et
2528 2647 2777 2701 omnibus
2809 2648 2862 2702 in
2895 2650 3067 2718 ipsmn
3102 2661 3281 2719 postea
3310 2651 3490 2706 credi-

1892 2738 2024 2791 turis
2055 2753 2068 2788 :
2097 2726 2362 2807 siquidem
2387 2747 2440 2791 et
2463 2753 2604 2792 nunc
2630 2737 2762 2793 nihil
2787 2739 2930 2793 aliud
2958 2739 3245 2810 gentilibus
3265 2741 3494 2798 oll'endi-

1889 2830 2010 2882 culo
2040 2839 2142 2895 est,
2171 2845 2328 2898 quam
2368 2829 2509 2898 quod
2553 2831 2748 2884 caritas
2779 2845 2883 2884 non
2914 2831 3072 2886 adsit.
3104 2834 3172 2887 At
3197 2877 3210 2898 ,
3241 2834 3448 2904 inquies
3472 2875 3490 2904 ,

1891 2933 1990 2972 nos
2020 2935 2234 2989 quoque
2264 2931 2493 2990 arguunt
2518 2921 2660 2991 quod
2685 2922 2833 2990 signa
2857 2938 2964 2977 non
2988 2922 3136 2980 liam.
3167 2923 3357 2979 Verum
3384 2943 3492 2981 nun

1892 3030 2061 3085 usque
2103 3017 2257 3070 adeo.
2307 3015 2362 3070 In
2401 3034 2512 3087 quo
2549 3029 2726 3073 autem
2758 3019 3100 3076 dilectionem
3142 3025 3496 3080 ostenderunt

1892 3107 2163 3176 apostoli?
2208 3107 2391 3162 Vidrn’
2437 3109 2651 3164 Petrum
2694 3121 2748 3164 et
2788 3110 3052 3168 Joannem
3085 3114 3174 3185 qui
3203 3132 3494 3187 numquam

1893 3208 2230 3266 separantur,
2263 3199 2313 3251 in
2345 3201 2602 3268 templum
2629 3203 3020 3259 ascendentes?
3049 3207 3222 3261 viden'
3247 3208 3492 3281 Paulum,

1894 3302 2000 3356 quo
2032 3302 2227 3354 nempe
2260 3287 2327 3340 sit
2361 3302 2486 3357 erga
2527 3289 2646 3342 illos
2685 3290 2907 3358 allectu;
2953 3303 3008 3348 et
3037 3302 3214 3351 tamen
3239 3287 3501 3355 dubitas?

1893 3377 2027 3434 Nam
2059 3381 2100 3432 si
2129 3378 2249 3432 aliis
2292 3377 2508 3434 luerunt
2537 3382 2820 3437 virtutibus
2847 3385 3114 3455 instructi,
3141 3389 3309 3443 multo
3331 3393 3502 3463 magis
3548 3397 3553 3410 '

1899 3473 2163 3526 bonorum
2195 3483 2419 3525 matrem
2450 3473 2824 3542 possederunt.
2857 3477 2981 3532 llaec
3003 3480 3200 3551 quippe
3228 3481 3298 3536 ab
3325 3486 3500 3540 anima

1901 3561 2094 3618 virlule
2122 3563 2344 3633 praedita
2375 3555 2674 3635 germinat;
2706 3577 2759 3622 at
2787 3568 2874 3624 ubi
2903 3574 3140 3641 nequitia
3173 3584 3276 3636 est.
3308 3591 3501 3641 exare-

1898 3655 2019 3710 scit.
2051 3654 2178 3710 Cum
2203 3656 2536 3712 abundaverit
2561 3660 2820 3730 iniquitas,
2847 3637 3038 3733 inquit,
3058 3637 3352 3740 refrigescet
3378 3673 3507 3726 carie

1899 3755 1976 3800 tas
2001 3749 2276 3802 multarum
2303 3747 2323 3819 (
2345 3747 2534 3803 Matth.
2567 3749 2658 3806 24.
2687 3751 2754 3807 12
2775 3754 2815 3824 ).
2847 3753 3090 3812 Gentiles
3117 3771 3267 3817 certe
3299 3778 3403 3816 non
3432 3765 3503 3819 ita

1902 3848 2118 3895 movent
2148 3841 2321 3911 signa,
2344 3851 2402 3895 ut
2427 3844 2534 3897 vita
2568 3861 2583 3898 :
2613 3845 2773 3898 vitam
2802 3847 2931 3901 nihil
2959 3849 3028 3903 ila
3058 3850 3306 3922 instituit,
3338 3864 3396 3909 ut
3425 3854 3509 3912 di-

1901 3931 2080 3986 lectio.
2105 3931 2237 3986 Nam
2259 3933 2533 4003 signorum
2564 3933 2798 3990 editores
2825 3937 3146 4008 deceptorcs
3171 3958 3313 4010 szepe
3337 3960 3504 4000 voea-

1902 4031 2060 4086 runt;
2103 4023 2267 4077 vitam
2297 4039 2426 4078 vero
2454 4041 2641 4094 puram
2675 4043 2965 4097 numquam
3004 4045 3227 4100 carpere
3258 4046 3500 4102 possunt.

1902 4112 2168 4180 Quamdiu
2192 4131 2319 4184 ergo
2343 4117 2653 4181 priedicatio
2677 4133 2785 4173 non
2811 4129 3016 4175 tantum
3047 4122 3364 4190 proicerrat.
3384 4127 3508 4198 jure

1903 4207 2053 4277 signa
2087 4208 2138 4261 in
2165 4207 2523 4264 admiratione
2552 4221 2707 4264 erant
2735 4229 2750 4266 :
2780 4227 2922 4268 nunc
2952 4222 3132 4269 autem
3160 4231 3226 4270 ex
3259 4219 3362 4272 vita
3404 4221 3508 4274 mi-

1904 4297 2102 4352 rabiles
2127 4313 2248 4353 esse
2271 4307 2504 4368 Oportet.
2527 4299 2674 4356 Nihil
2704 4303 2850 4358 enim
2880 4307 3110 4374 gentiles
3139 4307 3207 4360 ita
3243 4310 3427 4376 allicit,
3453 4324 3513 4370 ut

1905 4390 2112 4446 virtus:
2159 4393 2288 4447 nihil
2322 4395 2392 4448 ita
2426 4395 2532 4451 illis
2561 4395 2886 4453 oﬂ‘endiculo
2922 4410 3024 4468 est,
3060 4414 3117 4456 ut
3155 4403 3510 4477 improbitas;

1907 4492 1961 4538 et
1997 4483 2116 4552 jure
2152 4483 2392 4554 quidem.
2434 4486 2566 4540 Cum
2607 4488 2749 4542 enim
2779 4489 2974 4545 viderit
3000 4509 3220 4548 aVarum
3249 4511 3303 4550 et
3328 4510 3512 4568 rapto-

1909 4591 2022 4630 rem
2063 4578 2332 4652 contraria
2377 4579 2811 4649 pra-cipicntem,
2860 4598 3090 4655 eumque
3131 4587 3220 4657 qui
3269 4589 3516 4647 inimicos

1908 4667 2388 4738 diligerejuhctur,
2415 4671 2466 4724 in
2493 4674 2821 4730 contribules
2849 4691 2975 4730 suos
3000 4720 3014 4741 ,
3047 4688 3316 4750 tamquam
3350 4682 3401 4738 in
3432 4685 3514 4742 le-

1910 4776 2019 4823 ras,
2043 4762 2382 4827 sawienlem,
2414 4779 2580 4833 nugas
2608 4776 2870 4835 praecepta
2897 4766 2983 4821 illa
3006 4770 3237 4825 vocabit.
3271 4773 3404 4829 Cum
3438 4777 3516 4830 vi-

1912 4853 2054 4906 derit
2074 4854 2380 4922 quempiam
2413 4856 2601 4909 mortis
2625 4853 2913 4913 forrnidiue
2943 4870 3155 4931 captum
3176 4880 3329 4934 ..ιιυο
3361 4880 3518 4938 pacto

1912 4943 2333 5000 immortalitatis
2374 4946 2675 5002 doctrinam
2715 4949 2977 5027 accipiet?
3021 4956 3154 5012 Cum
3199 4961 3518 5020 ambitiosos

1913 5038 2123 5101 viderit,
2157 5041 2383 5111 aliisque
2420 5043 2586 5098 animi
2624 5046 2823 5100 morbis
2863 5057 3052 5120 captos
3075 5093 3092 5118 ,
3137 5053 3310 5121 potius
3340 5057 3391 5109 in
3420 5073 3519 5113 sua

1915 5131 2154 5185 manebit
2181 5134 2446 5188 sententia
2469 5175 2485 5200 ,
2531 5135 2772 5208 nihilque
2799 5137 2868 5193 de
2898 5141 3055 5196 nobis
3077 5159 3330 5216 magnum
3363 5158 3520 5217 puta-

1916 5219 2012 5308 bit.
2042 5220 2149 5276 Nos
2180 5223 2345 5288 enim,
2379 5240 2476 5279 nos
2504 5227 2687 5297 utique
2729 5227 2783 5284 in
2819 5245 2980 5287 causa
3017 5249 3206 5290 sumus
3235 5252 3332 5292 cur
3358 5240 3431 5294 illi
3465 5243 3518 5296 in

1917 5325 2014 5364 suo
2063 5328 2248 5368 errore
2299 5317 2608 5384 persislant.
2654 5318 2786 5374 Nam
2848 5323 3147 5381 doctrinam
3202 5329 3346 5385 illam
3392 5334 3520 5387 olim

1917 5419 2067 5457 suam
2098 5409 2462 5474 repudiarunt,
2495 5419 2552 5465 ct
2581 5422 2764 5467 nostra
2794 5415 3165 5486 admirantur;
3195 5423 3290 5476 sed
3322 5441 3386 5478 ex
3417 5427 3522 5480 vita

1919 5507 2098 5550 nostra
2125 5511 2398 5555 arcentur.
2441 5501 2572 5556 Nam
2599 5505 2779 5560 verbis
2811 5509 3175 5580 pltilosOphari
3209 5512 3365 5571 facile
3392 5529 3476 5573 est
3507 5536 3522 5572 :

1922 5589 2074 5642 ntnlli
2097 5592 2238 5644 enim
2270 5594 2407 5662 apud
2440 5596 2556 5649 illos
2587 5595 2638 5650 id
2667 5598 2912 5654 fecerunt
2939 5620 2950 5654 :
2975 5603 3151 5658 adhuc
3180 5620 3309 5661 vero
3343 5611 3522 5678 requi-

1921 5693 2044 5734 runt
2085 5698 2246 5751 opera
2292 5685 2449 5738 bona.
2481 5686 2704 5745 Veteres
2739 5692 2858 5746 illos
2887 5697 2974 5765 qui
3007 5697 3144 5766 apttd
3181 5715 3278 5752 nos
3309 5701 3518 5758 luerunt

1929 5779 2242 5845 rccogilenl.
2276 5782 2339 5833 At
2373 5780 2447 5834 illi
2479 5797 2581 5835 non
2609 5785 2835 5841 credunt
2862 5831 2874 5855 ,
2909 5800 2962 5845 ct
2989 5805 3085 5844 nos
3113 5807 3404 5862 praesentes
3431 5793 3526 5850 ub-
