4040 6424
593 370 698 426 δ”ὃ

594 491 829 541 servant.
860 480 1093 537 Ostende
1133 475 1312 539 nobis,
1350 475 1614 544 inquiunt,
1649 473 1804 528 fidem
1848 487 1941 541 per
1982 485 2164 538 opera.

597 576 722 629 ΙΙωο
763 586 1018 640 nusquam
1063 577 1202 623 sunt.
1250 566 1353 622 Sed
1380 581 1499 622 cum
1531 580 1629 619 nos
1651 565 1829 619 vident
1866 566 1980 633 plus
2007 578 2163 632 quant

594 666 733 719 feras
764 664 1031 731 proximos
1060 672 1269 714 nostros
1304 660 1605 727 discerpere
1628 698 1643 722 ,
1689 672 1785 709 nos
1812 656 1955 710 orbis
1986 655 2162 723 perni-

595 755 729 809 ciem
759 761 971 808 vocant.
1003 751 1127 806 llwc
1148 750 1375 821 gentiles
1402 750 1649 808 retinent,
1680 762 1748 801 ne
1773 747 1838 801 ad
1867 760 1962 800 nos
1990 755 2164 799 trans-

593 853 736 899 eant.
787 844 965 913 Itaque
993 857 1088 897 nos
1118 842 1303 895 horum
1336 853 1518 909 prensa
1546 836 1788 891 dabimus
1812 877 1826 901 ,
1860 852 1963 890 non
1994 836 2163 889 solum

590 936 733 1007 quod
763 938 899 990 mala
934 942 1299 1004 perpetremus
1320 972 1335 995 ,
1366 930 1457 984 sed
1488 928 1645 983 etiam
1676 927 1816 996 quod
1846 941 2037 981 nomen
2072 926 2163 981 Dei

594 1026 1007 1097 blasphemetur.
1063 1025 1345 1091 Quousque
1389 1019 1646 1088 pecuniis,
1691 1017 1895 1072 deliciis
1940 1015 2165 1085 aliisque

592 1119 734 1171 vitiis
778 1115 938 1170 dediti
973 1116 988 1146 ι
1034 1111 1268 1167 erimus?
1314 1110 1688 1163 Abstineamus
1732 1107 1983 1177 denique.
2027 1106 2164 1160 Audi

590 1209 717 1279 quid
737 1208 803 1263 de
829 1206 1140 1277 quibusdam
1170 1202 1449 1257 insensatis
1476 1200 1616 1255 dicat
1646 1199 1900 1269 propheta
1934 1216 1947 1250 :
1976 1196 2157 1251 Conte-

656 1323 672 1352 ¹
695 1325 827 1368 Putat
866 1304 1048 1366 Bois-ius
1070 1314 1354 1378 legendum,
1379 1311 1539 1371 vincti,
1567 1323 1735 1361 verum
1758 1311 1865 1359 sine
1889 1306 1985 1357 ulla
2010 1315 2164 1357 Manu-

588 1382 870 1441 scriptorum
884 1381 1184 1428 auctoritate.

1338 362 1389 417 S.
1431 359 1702 415 JOANNIS
1739 355 2208 415 CllltYSUSTOMI
2252 353 2564 411 ARCIIIEP.
2607 355 3139 415 CONSTANTINOP.

3761 364 3863 419 396

2267 468 2447 521 damus
2473 478 2517 521 et
2545 469 2767 523 bibamus
2790 487 2808 523 :
2836 487 2949 524 cras
2974 476 3104 525 enim
3125 471 3397 525 morientur
3418 473 3436 541 (
3459 472 3587 526 lsui.
3615 473 3711 528 22.
3738 476 3836 547 l3)

2274 558 2347 613 De
2378 562 2727 627 prmseutibus
2752 561 2852 617 hoc
2873 563 3054 617 dicere
3094 578 3200 617 non
3237 577 3523 632 possumus
3556 580 3571 617 :
3604 566 3676 617 ita
3714 568 3863 620 multi

2271 652 2507 704 omnimn
2531 651 2666 705 bona
2692 652 2997 708 absorbent.
3029 655 3178 722 Quod
3208 656 3312 709 illis
3343 655 3693 725 exprobrans
3719 658 3863 713 dice-

2272 741 2356 795 bat
2405 743 2657 812 propheta
2689 763 2702 799 :
2736 743 3005 813 Numquid
3031 747 3128 800 soli
3155 746 3440 801 habitabilis
3465 757 3658 801 terram
3689 747 3859 818 (Isai.

2270 833 2322 888 5.
2355 833 2452 902 8)?
2478 834 2832 900 Quamobrem
2866 838 3028 892 timeo
3053 854 3118 893 ne
3137 838 3263 907 quid
3292 839 3414 894 mali
3442 839 3677 903 accidat,
3705 848 3760 893 et
3785 840 3864 892 in-

2270 934 2480 993 gentem
2505 926 2655 979 nobis
2680 926 3009 983 attrahamus
3034 928 3125 982 Dei
3150 928 3427 982 ultionem.
3463 928 3620 996 Quod
3650 943 3723 984 ne
3751 930 3858 994 liat,

2271 1014 2516 1067 virtutem
2539 1030 2883 1070 exerceamus
2904 1033 3117 1072 omnem
3139 1060 3154 1085 ,
3178 1028 3234 1072 ιιι
3257 1019 3429 1073 futura
3462 1034 3853 1089 consequamur

2271 1101 2428 1169 bona,
2453 1106 2618 1173 gratia
2640 1114 2693 1159 et
2717 1108 3039 1176 benignitate
3064 1108 3270 1162 Domini
3295 1110 3461 1164 nostri
3483 1108 3612 1164 Jesu
3633 1109 3856 1171 Christi,

2271 1206 2365 1258 per
2408 1208 2562 1261 quem
2606 1204 2660 1249 et
2700 1211 2821 1250 cum
2849 1213 2954 1266 quo
2985 1198 3129 1253 Patri
3156 1201 3322 1269 gloria
3343 1238 3376 1266 ,.
3392 1216 3605 1270 unaque
3636 1200 3859 1271 Spiritui

2270 1291 2489 1347 szmcto,
2532 1298 2670 1338 nunc
2710 1294 2763 1338 et
2805 1300 3018 1357 semper
3068 1299 3122 1343 et
3168 1290 3219 1344 in
3268 1291 3462 1345 saecula
3509 1291 3855 1347 saeculorum.

2269 1369 2461 1423 Amen.

604 1480 3847 1520 __________————————___________________

1873 1560 2215 1622 HOMILIA
2260 1565 2546 1631 LXXIII.

587 1695 727 1750 Csr..
758 1696 841 1749 15.
892 1709 941 1745 v.
974 1692 1060 1747 56.
1105 1690 1239 1745 Dicit
1280 1687 1456 1743 Simon
1494 1686 1673 1740 Petrus
1706 1700 1724 1736 :
1754 1682 2003 1746 Domine,
2057 1698 2153 1751 quo

657 1786 841 1839 vadis?
873 1783 1143 1854 Respondit
1172 1780 1393 1835 eiJesus
1423 1795 1440 1833 :
1483 1777 1593 1845 Quo
1632 1793 1723 1846 ego
1751 1776 1899 1839 vado,
1929 1791 2027 1827 non
2061 1791 2155 1842 po-

654 1886 723 1929 tes
753 1877 890 1943 sequi
921 1892 997 1927 me
1025 1873 1207 1938 modo;
1238 1871 1454 1939 sequeris
1484 1878 1648 1922 autem
1682 1876 1870 1936 postea.

660 1969 708 2022 1.
754 1967 893 2020 Petri
917 1967 1109 2033 fervens
1135 1965 1348 2016 animus.
1383 1959 1595 2013 Dilectio
1621 1959 1726 2011 sine
1748 1972 1967 2025 superna
1993 1951 2183 2025 gratia'

583 2059 709 2112 nihil
750 2067 842 2111 est.
872 2086 941 2097 —
969 2054 1211 2123 Magnum
1240 2051 1506 2122 quidpiam
1531 2048 1765 2111 dilectio,
1812 2058 1865 2101 et
1904 2047 2021 2116 igne
2064 2060 2153 2099 ve-

586 2149 911 2210 hementius,
960 2143 1097 2213 quod
1141 2142 1204 2195 ad
1248 2143 1416 2210 ipsum
1458 2138 1643 2192 caelum
1672 2136 1904 2190 sustollit
1937 2154 1949 2189 :
1981 2135 2155 2188 nullus

584 2249 755 2307 potest
796 2237 932 2290 ohcx
964 2236 1215 2303 impetum
1246 2233 1361 2299 ejus
1392 2230 1661 2283 cohibere.
1709 2226 2155 2281 Ferventissimus

582 2332 739 2400 igitur
768 2329 975 2391 Petrus,
1017 2340 1134 2378 cum
1160 2322 1400 2378 audisset
1428 2321 1714 2385 dicentem,
1748 2317 1857 2384 Quo
1886 2334 1973 2387 ego
2002 2316 2149 2379 vado,

579 2436 663 2473 vos
693 2434 792 2471 non
827 2416 1030 2487 potestis
1059 2416 1244 2481 venire,
1290 2412 1417 2482 quid
1465 2410 1633 2465 dicit?
1672 2408 1906 2473 Domine,
1935 2423 2032 2477 quo
2068 2423 2154 2460 va-

580 2511 697 2563 dis?
723 2509 832 2563 lloc
858 2517 1033 2563 autetn
1061 2506 1290 2570 dicebat,
1323 2520 1427 2559 non
1456 2512 1561 2557 tam
1595 2500 1857 2567 discendi,
1884 2515 2042 2569 quam
2068 2514 2153 2553 se-

581 2602 775 2670 quendi
816 2602 962 2654 illum
1006 2598 1293 2653 desiderio.
1325 2596 1438 2650 Non
1465 2608 1624 2649 ausus
1650 2602 1795 2648 certe
1823 2602 1903 2646 est
1932 2590 2112 2645 dicere
2134 2631 2148 2655 ,

586 2692 784 2754 Venio;
833 2689 923 2743 sed
949 2689 1039 2753 ait,
1096 2687 1206 2753 Quo
1234 2687 1410 2740 vadis?
1437 2685 1677 2739 Christus
1705 2699 1809 2737 non
1841 2681 2035 2742 verbis,
2060 2680 2151 2734 sed

579 2784 755 2835 animo
785 2780 899 2847 ejus
928 2778 1229 2846 respondet,
1267 2786 1321 2829 ut
1349 2792 1414 2830 ex
1443 2776 1570 2844 ipsis
1605 2774 1721 2842 ejus
1761 2772 1939 2826 verbis
1982 2772 2151 2839 palam

579 2871 695 2925 est?
717 2868 852 2935 Quid
879 2868 1018 2921 enim
1045 2867 1149 2920 ait?
1174 2865 1284 2931 Quo
1311 2881 1400 2935 ego
1428 2864 1577 2928 vado,
1611 2879 1710 2916 non
1741 2872 1877 2930 potes
1900 2862 2047 2913 modo
2076 2876 2154 2913 me

580 2962 734 3027 sequi.
764 2960 943 3013 Vidcu’
980 2958 1125 3011 illum
1154 2957 1298 3025 sequi
1328 2956 1614 3024 optavis<e,
1663 2953 1889 3022 ideoque
1919 2952 2148 3005 interro-

580 3051 772 3121 gasse?
814 3049 877 3104 Ut
907 3047 1103 3102 audivit
1129 3057 1323 3112 autem,
1359 3045 1593 3115 Sequeris
1623 3054 1792 3112 postea
1814 3084 1827 3107 ,
1875 3056 2048 3109 neque
2076 3041 2151 3095 sic

582 3141 903 3196 desiderium
934 3139 1192 3203 cohibuit,
1223 3139 1320 3191 etsi
1345 3135 1661 3206 sperandum
1690 3134 1933 3198 audiret;
1966 3132 2058 3185 sed
2087 3148 2151 3186 eo

582 3232 725 3285 venit
754 3240 809 3283 ut
833 3230 1034 3282 diceret
1066 3245 1079 3280 :
1114 3228 1199 3281 57.
1244 3226 1409 3292 Quare
1438 3242 1537 3277 non
1563 3240 1765 3292 possunt
1802 3233 1849 3276 te
1875 3222 2013 3284 sequi
2040 3238 2148 3273 mo-

579 3325 643 3376 do
662 3324 687 3375 2’
706 3321 937 3374 Animam
959 3337 1116 3373 meum
1140 3336 1231 3387 pro
1262 3328 1307 3370 te
1338 3323 1541 3385 ponunt.
1568 3316 1696 3383 Quia
1725 3315 1865 3369 enim
1896 3313 2149 3383 proditio-

580 3415 663 3468 nis
692 3422 887 3466 metum
919 3411 1268 3479 deposuerat,
1324 3419 1375 3462 et
1418 3408 1555 3461 inter
1586 3406 1778 3475 probos
1808 3404 2145 3466 censebatur,

578 3521 697 3561 cum
729 3504 913 3558 fiducia
942 3502 1176 3565 demum,
1206 3501 1323 3555 aliis
1348 3499 1648 3563 silentibus,
1673 3498 1989 3552 sciscitatur.
2014 3495 2147 3564 Quid

578 3597 675 3660 ais,
694 3595 849 3649 Petre
869 3596 891 3647 ?
913 3593 1039 3647 dicit
1068 3593 1178 3656 ille,
1207 3590 1325 3645 Non
1350 3600 1519 3659 potes;
1546 3600 1599 3643 et
1628 3600 1683 3643 tu
1709 3588 1861 3652 dicis,
1885 3588 2149 3643 Possum?

582 3687 958 3755 Experimento
987 3685 1162 3754 itaque
1188 3684 1333 3737 dices
1358 3682 1694 3736 dilectionem
1737 3690 1877 3735 tuam
1913 3682 2028 3736 sine
2055 3697 2145 3736 su-

580 3792 738 3845 perna
768 3777 930 3844 gratia
960 3774 1089 3828 nihil
1118 3789 1254 3828 esse.
1278 3772 1426 3845 [inde
1452 3773 1623 3842 palam
1652 3780 1755 3837 est,
1789 3786 1908 3827 eum
1938 3768 2143 3839 lapsum

576 3868 725 3921 illum
750 3866 811 3920 ad
839 3866 1113 3921 utilitatem
1144 3864 1282 3919 Petri
1315 3863 1639 3933 permisisse.
1671 3862 1893 3919 Volebat
1931 3862 2143 3933 quidem

578 3960 824 4013 Christus
865 3959 946 4012 his
982 3956 1203 4027 prolatis
1233 3956 1407 4011 verbis
1437 3956 1607 4025 ipsum
1645 3955 1922 4009 instituere
1967 3973 1981 4008 :
2024 3954 2143 4023 quia

577 4067 704 4105 vero
730 4051 816 4105 ille
856 4051 907 4105 in
939 4048 1269 4104 vehementia
1310 4063 1402 4103 sua
1434 4048 1823 4116 perseverabat,
1872 4063 1974 4100 non
2007 4046 2143 4115 inje-

574 4146 645 4200 cit
684 4144 914 4214 quidcm,
948 4155 1117 4211 neque.
1157 4142 1363 4207 impulit
1387 4140 1451 4193 ad
1488 4140 1842 4208 negationem,
1872 4139 1964 4202 sed
1992 4138 2143 4192 dese-

574 4239 695 4301 ruit,
728 4246 782 4289 ut
809 4249 956 4288 suam
992 4234 1253 4288 edisceret
1284 4232 1665 4286 infirmitatem.
1712 4232 1849 4285 Dixit
1886 4229 2042 4283 Jesus
2084 4244 2142 4283 se

574 4326 882 4379 tradendum
911 4324 1063 4388 fore;
1113 4322 1385 4391 respondit
1423 4323 1511 4377 ille
1544 4340 1556 4374 :
1595 4321 1853 4391 Propitius
1881 4332 1986 4375 esto
2016 4322 2141 4373 tibi:

574 4433 674 4468 non
712 4417 803 4467 m‘t
849 4417 935 4468 tibi
990 4416 1082 4466 Itoc
1122 4412 1351 4481 (Matth.
1383 4415 1469 4466 16.
1503 4410 1631 4483 22).
1678 4414 1989 4481 Correptus,
2036 4429 2139 4467 non

570 4506 879 4561 emendatus
900 4515 1016 4565 est:
1044 4504 1135 4560 sed
1159 4520 1276 4558 cum
1309 4505 1465 4559 vellet
1492 4504 1589 4572 ipsi
1617 4504 1771 4560 Jesus
1802 4504 1963 4573 pedes
1990 4505 2139 4559 lava-

572 4613 651 4660 re,
681 4598 834 4660 dixit,
880 4594 1001 4649 Non
1040 4596 1227 4648 lavabis
1265 4595 1387 4647 milti
1416 4594 1561 4663 pedes
1591 4595 1644 4647 in
1670 4604 1912 4648 teternum
1947 4596 1983 4647 ⁸.
2026 4596 2138 4649 Au-

572 4688 722 4741 diens
750 4700 981 4749 rursum,
1017 4683 1137 4737 Non
1160 4695 1299 4753 potes
1333 4700 1412 4738 me
1445 4686 1584 4753 sequi
1612 4685 1758 4738 modo
1778 4727 1793 4751 ,
1820 4685 1950 4740 dicit
1982 4703 1995 4740 :
2026 4684 2137 4741 Etsi

571 4793 741 4830 omnes
767 4786 811 4829 te
837 4776 1139 4844 negaverint,
1189 4791 1276 4843 ego
1316 4790 1414 4827 non
1452 4775 1657 4843 negabo.
1703 4775 1833 4841 Quia
1870 4776 2029 4846 igitur
2059 4778 2133 4829 vi-

571 4870 699 4923 dere
719 4877 833 4923 erat
858 4866 1000 4921 illum
1034 4866 1082 4918 in
1111 4867 1463 4935 arrogantiam
1487 4866 1723 4934 prolabi,
1768 4868 2135 4923 contradicere

571 4960 934 5023 meditantem,
990 4968 1168 5013 monet
1210 4958 1419 5011 demum
1461 4973 1527 5012 ne
1554 4969 1826 5028 repugnet.
1868 4960 1921 5014 Id
1974 4976 2133 5030 porro

566 5051 906 5106 subindicans
928 5049 1117 5113 Lucas,
1147 5049 1343 5104 dixisse
1375 5050 1517 5103 illum
1548 5050 1620 5103 ait
1648 5068 1661 5102 :
1695 5050 1758 5103 Et
1804 5068 1894 5120 ego
1947 5070 2037 5121 pro
2088 5064 2133 5106 te

565 5144 754 5212 rogavi,
800 5151 852 5195 ut
900 5157 1000 5194 non
1044 5141 1273 5208 deﬁceret
1309 5140 1436 5208 ﬁdes
1480 5150 1564 5194 tua
1604 5141 1751 5212 (Luc.
1785 5144 1875 5197 22.
1909 5145 2041 5214 52);
2077 5146 2127 5199 id

563 5246 675 5297 est,
707 5232 784 5286 Ne
820 5246 1035 5301 prorsus
1066 5240 1117 5285 et
1147 5245 1313 5300 usque
1343 5231 1394 5285 in
1426 5231 1580 5287 linem
1607 5249 1792 5303 pereas
1822 5252 1835 5290 :
1872 5237 1922 5289 in
1954 5238 2128 5291 omni-

560 5326 656 5379 bus
683 5323 1031 5377 humilitatem
1051 5322 1269 5388 docens,
1315 5332 1369 5377 et
1393 5338 1619 5394 arguens
1648 5326 1931 5382 humanam
1969 5340 2125 5384 natu-

559 5430 671 5469 rain
704 5430 799 5482 per
822 5428 879 5467 se
910 5413 1041 5469 nihil
1067 5429 1202 5469 esse.
1241 5415 1371 5483 Quia
1416 5416 1556 5469 enim
1597 5417 1897 5473 dilectionis
1947 5422 2027 5473 vis
2070 5423 2119 5475 id

557 5503 839 5568 efliciehat,
870 5513 923 5555 ut
952 5502 1015 5555 ad
1046 5505 1514 5559 contradicendum
1544 5516 1756 5575 paratus
1783 5520 1944 5573 esset,
1975 5510 2120 5566 illum

554 5592 618 5645 ad
651 5591 1067 5660 rcsipiscendum
1097 5606 1297 5660 monet,
1330 5610 1395 5649 ne
1428 5606 1607 5665 postea
1640 5598 1690 5651 in
1720 5598 1946 5668 idipsum
1988 5603 2119 5656 inci-

617 5745 633 5774 ί
669 5742 761 5791 Alii
783 5742 969 5806 legunt,
994 5756 1086 5794 non
1110 5742 1196 5793 Itoc
1218 5744 1365 5805 facies
1387 5748 1436 5798 in
1455 5756 1705 5801 teternum.

2267 1685 2435 1749 deret.
2467 1706 2585 1745 cum
2615 1695 2761 1750 orbis
2784 1699 2945 1753 tetius
2973 1700 3484 1758 administrationem
3518 1709 3852 1777 susciperet;

2263 1777 2356 1830 sed
2391 1790 2441 1833 ut
2472 1797 2678 1837 memor
2707 1803 2892 1842 eorum
2932 1808 3049 1860 qua:
3090 1794 3189 1847 sibi
3226 1796 3556 1863 acciderant,
3615 1802 3853 1868 seipsum

2262 1877 2743 1939 cogitosceret.'Et
2789 1880 2907 1934 vide
2947 1893 3177 1953 quantus
3219 1886 3287 1939 sit
3330 1887 3531 1956 lapsus.
3564 1889 3683 1943 Non
3711 1895 3854 1946 enim

2263 1964 2427 2017 semel
2459 1975 2547 2019 aut
2570 1967 2668 2029 bis,
2696 1970 2786 2023 scd
2815 1986 3048 2041 eousque
3080 1978 3356 2044 processit,
3389 1989 3446 2032 ut
3477 1981 3719 2036 breviter
3746 1999 3852 2038 ne-

2263 2063 2447 2118 garet;
2505 2066 2559 2109 ut
2603 2058 2830 2114 disceret
2868 2077 2925 2115 se
2966 2078 3068 2117 non
3111 2067 3179 2119 ita
3225 2067 3496 2134 dilexisse,
3535 2080 3593 2124 ut
3624 2073 3853 2127 dilectus

2263 2140 2452 2196 fuerat.
2489 2148 2731 2203 Attamen
2761 2152 2806 2204 ei
2839 2158 2925 2221 qui
2956 2153 3023 2206 ita
3059 2154 3235 2223 lapsus
3268 2155 3459 2223 fuerat,
3507 2177 3721 2215 rursum
3775 2164 3854 2216 di-

2260 2234 2332 2287 cit
2365 2253 2377 2287 :
2411 2235 2592 2307 Diligis
2622 2257 2697 2291 nte
2718 2241 2832 2310 plus
2863 2243 2939 2297 Itis
2958 2246 2983 2297 .9
3013 2246 3191 2316 Itaque
3218 2264 3321 2301 non
3345 2250 3485 2318 quod
3512 2250 3742 2322 frigidus
3769 2271 3852 2309 es-

2261 2333 2362 2389 set,
2408 2329 2499 2382 sed
2548 2332 2688 2398 quod
2740 2348 2973 2403 superna
3023 2337 3252 2393 nudatus
3295 2350 3441 2396 esset
3482 2357 3607 2412 ope,
3632 2346 3851 2401 cecidit.

2264 2416 2608 2475 Dilcctionem
2637 2439 2763 2492 ergo
2792 2425 2934 2481 Petri
2964 2428 3321 2496 amplectitur,
3366 2434 3853 2491 contradictionem

2260 2520 2389 2562 vero
2433 2510 2555 2565 inde
2596 2526 2797 2582 partam
2845 2519 3088 2572 succidit.
3130 2518 3185 2574 Si
3214 2520 3408 2592 diligis,
3459 2522 3627 2579 debes
3654 2525 3852 2580 dilecto

2261 2597 2650 2667 obtemperare.
2689 2605 2825 2659 Dixit
2858 2607 2944 2661 ille
2975 2611 3147 2663 et'tibi
3180 2621 3233 2665 et
3264 2613 3423 2668 sociis
3446 2656 3458 2677 ,
3508 2614 3629 2669 Non
3660 2630 3803 2687 poles
3835 2638 3852 2671 :

2260 2688 2383 2754 quid
2414 2692 2736 2746 contendis?
2780 2694 2893 2748 Non
2930 2698 3176 2767 intelligis
3208 2701 3333 2769 quid
3364 2704 3431 2757 sit
3466 2704 3555 2757 Dei
3584 2710 3848 2775 negatio?

2259 2781 2389 2843 Quia
2424 2798 2547 2836 vero
2579 2784 2676 2838 hac
2704 2786 2753 2839 in
2789 2803 2845 2841 re
2877 2804 2978 2842 non
3005 2790 3080 2843 vis
3104 2792 3327 2857 discere,
3362 2810 3466 2848 non
3498 2812 3655 2864 posse
3699 2804 3849 2869 quod

2258 2884 2357 2937 ego
2392 2870 2512 2925 dico
2541 2888 2644 2926 non
2678 2874 2830 2941 ﬁeri;
2884 2878 2934 2931 in
2980 2881 3261 2945 negatione
3304 2893 3389 2937 tua
3428 2886 3478 2938 id
3507 2886 3692 2952 dices,
3747 2896 3850 2948 etsi

2260 2959 2359 3014 hoc
2387 2962 2477 3016 tibi
2509 2964 2816 3021 incredibile
2848 2969 3016 3023 visum
3046 2972 3132 3023 sit.
3167 2973 3278 3026 Hoc
3300 2975 3510 3043 quidem
3536 2980 3849 3045 nesciebas;

2258 3049 2413 3120 lntjus
2434 3069 2561 3108 vero
2585 3058 2936 3125 cognitionem
2959 3062 2970 3090 ’
2994 3061 3043 3114 in
3072 3063 3249 3116 animo
3267 3064 3526 3131 habebas;
3548 3068 3641 3123 sed
3666 3080 3848 3125 tamen

2257 3151 2441 3195 contra
2465 3159 2621 3211 quam
2647 3149 2991 3215 exspectabas
3023 3153 3235 3208 aceidit.
3294 3156 3525 3210 Animam
3554 3176 3719 3213 meum
3751 3181 3850 3232 pro

2257 3240 2303 3280 tc
2327 3248 2530 3299 ponant.
2575 3237 2704 3301 Quia
2747 3240 2887 3293 enim
2934 3242 3178 3298 audierat
3225 3246 3481 3315 majorem
3516 3248 3617 3304 hac
3648 3256 3847 3307 carita-

2258 3330 2360 3374 tem
2385 3325 2648 3379 nemiuetn
2682 3327 2894 3396 habere,
2932 3332 3130 3387 insiluit
3154 3336 3352 3399 statim,
3382 3337 3696 3395 insatiabilis
3718 3358 3845 3397 cum

2255 3422 2397 3468 esset
2434 3424 2489 3469 et
2529 3431 2775 3486 suprema
2824 3424 3088 3494 attingere
3132 3426 3312 3482 vellet.
3373 3431 3443 3483 At
3489 3431 3742 3489 Christus
3788 3447 3845 3493 tit

2254 3504 2517 3569 ostendat,
2543 3506 2611 3561 ad
2640 3523 2696 3563 se
2726 3518 2928 3566 tantum
2955 3513 3225 3581 pertinere
3246 3515 3360 3571 hzec
3380 3534 3499 3574 cum
3518 3527 3845 3581 auctoritate

2254 3594 2417 3665 loqui,
2463 3597 2633 3653 dicit:
2668 3601 2756 3655 '59.
2799 3602 3076 3674 Antequam
3118 3608 3283 3676 gallus
3316 3620 3520 3676 cantet;
3570 3612 3676 3670 hoc
3721 3629 3842 3683 est.

2254 3701 2412 3741 nunc.
2462 3688 2645 3759 Neque
2668 3691 2810 3746 enim
2839 3692 2996 3763 longe
3024 3696 3208 3752 aberat
3238 3716 3251 3752 :
3286 3699 3607 3772 intempesta
3637 3708 3844 3776 quippe

2252 3789 2407 3832 nocte
2456 3780 2792 3851 loquebatur,
2831 3793 2886 3841 et
2926 3787 3035 3857 jam
3082 3792 3254 3860 prima
3284 3803 3338 3847 et
3378 3797 3612 3851 secunda
3657 3802 3841 3870 vigilia

2252 3873 2598 3937 praeterierat.
2652 3876 2670 3943 (
2701 3876 2826 3946 Cap.
2857 3878 2969 3949 Η.)
3010 3881 3060 3935 Ι.
3091 3881 3211 3936 Νοη
3239 3884 3461 3939 turbetur
3486 3904 3574 3942 cor
3596 3900 3840 3948 vestrum.

2254 3962 2363 4016 lloc
2400 3965 2545 4025 dicit.
2590 3969 2711 4036 quia
2762 3971 3055 4028 verisimile
3093 3985 3208 4030 erat
3248 3976 3391 4047 ipsos
3422 3980 3520 4033 ista
3554 3983 3841 4042 audientes

2254 4055 2491 4111 turbatos
2522 4057 2702 4114 fuisse.
2745 4060 2799 4115 Si
2828 4064 2969 4117 enim
2998 4065 3295 4135 coriphaeus
3327 4069 3397 4122 ita
3430 4068 3647 4128 fervens
3679 4076 3839 4131 audi-

2249 4148 2324 4200 vit
2362 4161 2671 4218 negaturum
2702 4168 2760 4208 se
2786 4169 2905 4210 esse
2925 4166 3210 4227 antequam
3236 4161 3409 4229 gallus
3441 4172 3523 4218 ter
3552 4178 3833 4235 cantaret;

2247 4240 2502 4296 credibile
2541 4254 2655 4298 erat
2702 4246 2846 4313 ipsos
2891 4263 3138 4317 magnam
3181 4252 3535 4309 calamitatem
3576 4272 3837 4327 passuros

2247 4344 2386 4395 esse,
2433 4346 2550 4397 quae
2582 4343 2763 4400 posset
2792 4336 2875 4389 vel
2905 4336 3272 4393 adamantinos
3311 4343 3518 4398 animos
3559 4359 3833 4405 evertere.

2247 4420 2378 4484 Quia
2405 4421 2561 4490 igitur
2588 4432 2826 4491 pararat
2856 4425 2975 4481 illos
3000 4426 3115 4481 inec
3144 4429 3440 4499 cogitantes
3473 4439 3692 4503 terreri,
3714 4442 3837 4495 vide

2247 4510 2514 4578 quomodo
2540 4512 2682 4582 ipsos
2701 4516 3028 4581 consoletur,
3052 4516 3173 4571 Non
3202 4521 3429 4575 turbetur
3456 4540 3545 4577 cor
3571 4538 3793 4583 uestrum
3812 4547 3834 4584 :

2247 4598 2347 4654 hoc
2394 4603 2566 4671 primo
2609 4604 2901 4661 divinitatis
2952 4622 3061 4663 sua:
3106 4612 3358 4666 virtutem
3407 4613 3825 4688 demonstrano,

2245 4690 2384 4757 quod
2411 4706 2473 4746 ea
2512 4709 2630 4761 quze
2676 4695 2749 4749 illi
2801 4696 2853 4749 in
2905 4707 3079 4753 mente
3122 4699 3402 4767 habebant,
3438 4705 3551 4775 ipse
3584 4709 3753 4766 sciret
3772 4724 3829 4766 et

2243 4780 2418 4848 palam
2452 4782 2668 4837 faceret.
2721 4784 2935 4840 Creditis
2980 4787 3032 4839 in
3078 4788 3260 4855 Deum,
3306 4802 3354 4845 et
3384 4795 3436 4847 in
3477 4812 3557 4849 me
3593 4801 3825 4867 credite;

2242 4871 2293 4924 id
2322 4884 2424 4937 est,
2472 4888 2657 4929 omnes
2694 4890 2944 4931 erumna:
2987 4882 3411 4947 pertransibunt.
3445 4885 3582 4946 Nam
3609 4889 3745 4945 ﬁdes
3776 4894 3827 4945 itt

2242 4978 2326 5016 me
2356 4972 2408 5016 et
2439 4965 2487 5017 in
2526 4965 2733 5020 Patrem
2764 4967 2948 5023 fortior
2988 4979 3069 5023 est
3108 4975 3360 5027 :erumnis
3403 4978 3677 5046 omnibus,
3726 4998 3828 5037 nec

2241 5054 2381 5108 sinet
2424 5071 2516 5109 vos
2548 5057 2701 5111 malis
2732 5059 2908 5114 obrui.
2939 5061 3141 5116 Deinde
3182 5064 3359 5119 subdit
3403 5085 3418 5121 :
3458 5067 3515 5123 2.
3564 5068 3633 5121 In
3673 5072 3829 5129 domo

2240 5146 2414 5202 Patris
2435 5150 2527 5203 mei
2555 5153 2838 5207 mansiones
2867 5156 3040 5207 ntulttr
3066 5166 3203 5213 sunt.
3245 5157 3315 5212 Ut
3354 5172 3673 5218 maerentem
3719 5165 3825 5221 Pco

2239 5246 2375 5291 trum
2407 5240 2716 5295 consolatur
2744 5242 2962 5311 dicens,
3008 5245 3245 5312 Sequeris
3290 5260 3458 5304 autem
3479 5223 3676 5321 postea
3702 5272 3720 5309 :
3746 5258 3826 5313 sic

2238 5329 2479 5383 eamdem
2519 5332 2619 5384 illis
2657 5348 2804 5398 spent
2833 5335 3085 5403 suggerit.
3115 5336 3193 5391 Ne
3224 5348 3472 5407 putarent
3498 5344 3639 5395 enim
3669 5347 3733 5397 ad
3761 5348 3824 5399 il-

2234 5420 2339 5474 lum
2359 5423 2529 5475 solum
2556 5425 2952 5492 proniissionem
2972 5430 3258 5497 pertinuere,
3278 5431 3379 5483 ait:
3398 5429 3460 5483 In
3476 5432 3627 5486 domo
3650 5435 3826 5491 Patris

2231 5513 2327 5565 mei
2366 5516 2649 5569 mansiones
2690 5518 2863 5571 multa:
2902 5530 3061 5579 sunt;
3116 5520 3161 5573 si
3208 5537 3305 5589 quo
3342 5523 3525 5589 minus,
3579 5526 3821 5579 dia-issent

2230 5604 2365 5657 vobis
2386 5647 2400 5668 ,
2432 5608 2548 5675 quia
2602 5609 2727 5659 vado
2769 5626 2948 5677 parare
2990 5611 3123 5662 vobis
3174 5610 3337 5665 locum
3362 5629 3381 5666 :
3415 5613 3465 5668 id
3513 5627 3594 5669 est
3623 5658 3635 5679 ,
3668 5621 3818 5683 Quod

2294 5762 2309 5791 ί
2349 5760 2441 5808 Alii
2469 5761 2665 5819 habent,
2692 5764 3044 5826 conscientiam,
3071 5781 3154 5829 pro
3172 5806 3185 5827 ,
3211 5766 3536 5830 cognitionem.
