4040 6424
163 377 222 400 ρει
231 378 261 391 σ-

161 404 225 428 03-!

154 506 251 547 vos
276 491 366 546 ille
395 490 546 546 Iocus
568 498 893 558 excepturus
924 486 994 540 sit
1020 486 1109 556 qui
1138 495 1190 540 ct
1218 485 1457 539 Petrum.
1491 480 1622 534 Nam
1647 493 1759 533 ma-

151 600 254 656 gua
285 585 358 641 ibi
389 592 472 639 est
503 582 840 636 mansionum
869 578 1045 649 copia,
1075 593 1174 632 nec
1207 585 1383 645 potest
1409 575 1511 630 diei
1546 573 1636 628 ille
1665 587 1758 641 ap.

151 689 342 746 paratu
370 691 506 746 opus
534 674 752 729 habere.
783 671 914 740 Quia
947 670 1089 725 enim
1117 669 1271 734 dixit,
1303 666 1425 722 Non
1455 666 1662 738 potestis
1683 679 1760 716 me

155 771 295 840 sequi
327 771 521 833 modo;
561 783 631 824 ne
661 775 906 836 putarent
941 765 1188 819 exclusos
1217 777 1277 816 se
1307 775 1450 827 esse,
1476 759 1624 813 addit
1656 777 1668 811 :
1701 759 1754 812 5.

153 861 220 915 Ut
248 863 336 915 ubi
361 878 455 931 ego
479 877 626 926 sum,
676 867 724 913 et
749 874 834 912 vos
862 857 994 911 sitis.
1029 855 1257 909 Tantam
1293 852 1515 921 hujusce
1557 850 1634 904 rei
1667 864 1756 903 cu-

145 967 263 1006 ram
291 952 499 1012 habeo,
555 960 613 1004 ιιι
668 949 717 1004 id
754 948 863 1020 jam
915 947 1195 1008 fecissem,
1246 943 1348 998 nisi
1375 943 1483 1013 jam
1512 943 1638 996 olim
1663 955 1754 995 vos

147 1045 232 1099 his
264 1055 621 1116 praqmratum
645 1053 794 1098 esset
826 1060 839 1096 :
873 1039 1168 1096 ostendens
1198 1038 1424 1093 multum
1469 1035 1599 1105 ipsis
1635 1048 1757 1088 esse

145 1135 445 1191 ﬁdenduun

218 1228 277 1281 2.
323 1225 529 1283 Deinde
555 1239 624 1280 ne
653 1224 928 1278 videretur
960 1223 1009 1277 id
1039 1224 1220 1277 dicere
1262 1219 1515 1274 adulandi
1558 1235 1717 1271 causa
1741 1260 1752 1280 ,

145 1322 242 1378 sed
285 1320 573 1376 crederent
601 1335 713 1375 rem
745 1319 814 1372 ita
847 1333 906 1372 se
939 1316 1158 1376 habere,
1202 1313 1385 1367 subdit
1417 1331 1430 1366 :
1463 1312 1516 1365 4.
1556 1311 1619 1364 Iit
1657 1327 1757 1380 quo

144 1431 239 1482 ego
276 1414 407 1467 endo
434 1412 592 1474 scitis,
629 1420 673 1465 et
708 1412 840 1462 eimn
869 1409 1028 1462 scitis.
1061 1406 1252 1462 Videu'
1272 1404 1547 1475 quomodo
1572 1412 1757 1457 osten-

143 1507 239 1559 dat
278 1507 357 1559 eis
388 1505 502 1559 lucc
535 1519 639 1557 non
674 1502 868 1559 frustra
895 1501 1039 1557 dicta
1071 1500 1255 1554 fuisse.
1286 1497 1417 1553 Illud
1448 1512 1574 1552 vero
1602 1496 1754 1560 dicit,

142 1597 294 1668 quod
327 1597 491 1651 sciret
538 1595 659 1651 illos
704 1595 842 1649 hanc
882 1609 1080 1664 cupere
1107 1594 1372 1648 notitiam.
1401 1591 1534 1647 Nam
1567 1591 1759 1647 Petrus

143 1707 254 1745 non
305 1689 545 1746 discendi
591 1705 770 1755 causa,
815 1689 908 1744 sed
959 1697 1015 1742 ut
1054 1697 1374 1759 sequeretur
1399 1703 1545 1749 eum,
1590 1701 1753 1756 supe-

143 1784 295 1838 riora
324 1783 582 1852 loquutus
607 1791 710 1836 est.
744 1781 878 1848 Quia
922 1798 1052 1836 vero
1099 1783 1410 1852 increpatus
1442 1780 1531 1834 ille
1561 1777 1752 1843 fuerat,

145 1885 202 1928 et
229 1874 446 1929 interim
473 1873 720 1929 Christus
755 1874 898 1944 quod
932 1875 1263 1945 impossibile
1293 1876 1594 1942 videbatur,
1629 1889 1728 1946 pos

138 1967 304 2022 sibile
331 1981 452 2023 esse
477 1969 828 2028 monstravit;
858 1978 912 2023 et
937 1983 1057 2024 cum
1089 1969 1423 2040 impossibile
1457 1969 1750 2030 videretur,

137 2060 494 2130 cupiditatem
520 2063 701 2128 injecit
722 2062 848 2131 quid
874 2063 1002 2117 illud
1023 2073 1164 2119 esset
1196 2064 1553 2135 cognoscendi
1588 2081 1601 2117 :
1633 2064 1754 2118 ideo

135 2151 215 2206 ait
247 2151 354 2206 illis
384 2169 398 2206 :
430 2151 495 2205 Et
517 2152 652 2205 viam
683 2155 843 2208 scitis.
873 2154 1023 2209 Sient
1069 2157 1213 2210 enim
1244 2156 1330 2209 ubi
1361 2156 1519 2222 dixit,
1561 2155 1648 2209 ille
1674 2173 1754 2209 ue-

131 2243 303 2313 gabis,
332 2259 452 2298 cum
483 2258 643 2299 nemo
673 2245 798 2315 quid
812 2262 962 2315 quam
991 2246 1240 2316 pra-fatus
1264 2257 1429 2313 esset,
1465 2259 1514 2299 ιιι
1545 2264 1666 2319 qua:
1697 2250 1748 2301 in

128 2338 395 2393 cordibus
424 2350 582 2394 erant
627 2349 982 2402 scrutaretur,
1032 2339 1256 2406 addidit,
1314 2339 1398 2396 Nc
1436 2341 1749 2396 turbemini:

132 2430 207 2482 ita
241 2429 426 2486 ethoc
454 2432 597 2495 loco,
631 2432 720 2487 ubi
753 2431 910 2498 dixit,
963 2432 1140 2498 Scitis,
1187 2435 1536 2505 cupiditatem
1581 2437 1746 2491 animi

128 2535 326 2576 eorum
369 2522 683 2588 declaravit,
708 2534 760 2580 et
790 2526 903 2595 ipse
930 2525 1022 2580 dat
1049 2526 1156 2582 illis
1189 2527 1556 2599 interrogandi
1585 2545 1743 2585 ocea-

127 2614 366 2669 sionem.
415 2612 549 2670 Iilud
577 2630 726 2682 vero,
763 2616 878 2684 Quo
904 2617 1047 2672 radis
1065 2618 1091 2671 .’
1117 2618 1305 2675 Petrus
1327 2635 1390 2675 ex
1421 2620 1471 2675 vi
1509 2622 1709 2675 amoris
1727 2664 1742 2686 ,

126 2703 370 2759 Thomas
403 2722 530 2760 vero
563 2722 674 2776 prie
707 2708 902 2763 timore
929 2708 1081 2764 dicit.
1111 2710 1163 2764 5.
1210 2709 1448 2777 Domine,
1494 2713 1745 2766 nescimus

123 2810 224 2867 ipso
256 2800 422 2852 rudis.
453 2800 655 2855 Locum
689 2807 976 2868 nescimus,
1023 2803 1213 2873 inquit,
1247 2803 1311 2858 Et
1338 2807 1592 2874 (ptontodo
1622 2823 1744 2878 pos-

122 2908 305 2947 sumus
327 2894 460 2946 cium
492 2896 675 2948 θεὴ-εἰ·
714 2895 845 2950 \‘ide
875 2912 1036 2967 quam
1063 2909 1404 2955 reverenter.
1445 2899 1564 2955 Non
1596 2903 1740 2957 enim

121 2982 281 3044 dixit,
320 2986 411 3038 llic
439 2986 594 3040 nobis
624 2985 836 3052 locum;
868 2989 986 3055 Sed,
1020 2987 1295 3044 Nescimus
1315 3007 1416 3054 quo
1435 2992 1600 3046 vadis.
1629 2993 1742 3048 lluc

119 3075 269 3128 enim
307 3075 416 3144 jam
457 3076 584 3131 olim
617 3091 809 3135 omnes
835 3077 1044 3134 discere
1070 3082 1378 3151 cupiebant.
1410 3082 1543 3138 Nam
1575 3083 1619 3139 si
1648 3085 1742 3140 Ju-

119 3166 222 3220 dmi
257 3167 310 3222 id
339 3169 624 3225 audientes
658 3171 823 3226 animi
848 3173 1179 3242 pendebant,
1208 3178 1422 3231 tametsi
1451 3178 1740 3248 cupiebant

116 3260 272 3315 illmn
320 3262 647 3330 abscedere;
694 3265 864 3320 multo
914 3267 1082 3337 magis
1115 3267 1148 3320 ii
1179 3270 1270 3339 qui
1305 3286 1598 3341 numquam
1631 3288 1730 3326 vo-

114 3352 303 3407 lebant
331 3353 400 3408 ab
427 3354 516 3409 illo
541 3357 803 3425 separari,
833 3357 1126 3414 id.discere
1154 3361 1464 3430 cupiebant.
1499 3363 1737 3420 Ilevere-

116 3443 319 3498 bantur
349 3454 529 3501 autem
564 3447 710 3502 illum
761 3449 1130 3522 interrogare;
1178 3452 1513 3523 interrogant
1557 3463 1734 3512 tamen

115 3548 167 3592 et
197 3553 390 3594 amore
415 3549 469 3595 et
495 3541 766 3598 amictate
790 3542 958 3598 ducti.
1001 3545 1136 3614 Quid
1181 3562 1310 3616 ergo
1337 3546 1629 3605 Christus?
1676 3551 1731 3606 6.

118 3630 232 3701 Ego
258 3648 372 3685 sum
405 3634 504 3698 vin,
550 3634 752 3695 veritas.
803 3645 848 3688 et
877 3638 998 3691 vita.
1035 3636 1204 3693 Nemo
1229 3640 1365 3695 renit
1394 3641 1465 3695 ad
1488 3639 1730 3711 Patrem,

115 3723 215 3776 nisi
253 3739 348 3794 per
389 3741 486 3779 me.
534 3723 644 3781 Cur
675 3743 803 3798 ergo
829 3729 1190 3801 interrogatus
1215 3746 1243 3785 a
1280 3732 1439 3790 Petro
1468 3750 1577 3806 quo
1605 3736 1729 3804 iret,

115 3831 222 3872 non
253 3819 437 3872 statim
468 3820 767 3888 respondit,
803 3822 916 3893 Ego
939 3824 1006 3878 ad
1038 3824 1254 3881 Patrem
1283 3826 1442 3890 vado.
1471 3843 1570 3884 vos
1601 3846 1733 3886 vero

114 3925 223 3962 non
254 3911 483 3979 potcSIis
529 3928 670 3968 nunc
696 3915 917 3982 venire;
948 3917 1044 3973 sed
1077 3928 1285 3974 tantum
1313 3921 1602 3978 verborum
1623 3923 1730 3980 cir-

113 4002 320 4056 cuitum
351 4002 549 4070 intulit,
597 4013 674 4060 tot
712 4007 1166 4079 interrogationes
1204 4021 1259 4068 et
1300 4015 1730 4085 responsiones?

113 4093 320 4149 .Iudzeis
349 4111 580 4166 namque
622 4097 816 4153 merito
845 4113 952 4155 non
987 4099 1087 4156 hoc
1114 4102 1285 4170 distt;
1316 4105 1399 4160 his
1437 4121 1568 4162 vero
1593 4123 1727 4177 qua-

115 4185 213 4239 re?
260 4185 475 4240 Dixerat
506 4186 721 4256 quilem
751 4200 803 4246 et
834 4191 916 4247 his
946 4202 1002 4248 et
1031 4193 1255 4261 JlltIJPiS,
1281 4211 1342 4253 se
1372 4212 1437 4254 ex
1470 4198 1579 4253 Deo
1607 4199 1726 4254 exi-

113 4278 279 4342 visse,
305 4287 360 4331 et
385 4278 449 4331 ad
483 4278 647 4334 Deum
677 4282 755 4337 ire
784 4301 796 4336 :
827 4293 882 4338 et
911 4300 1054 4340 nunc
1086 4286 1136 4340 id
1167 4287 1364 4343 clarius
1387 4288 1537 4356 dicit,
1565 4306 1725 4361 quam

115 4370 286 4435 prius.
333 4371 404 4424 At
429 4369 633 4426 Judteis
660 4387 766 4428 non
797 4375 866 4429 ita
893 4376 1040 4432 clare
1065 4377 1218 4432 dixit.
1247 4365 1378 4434 Nam
1407 4383 1449 4436 si
1480 4383 1723 4449 dixis~et,

114 4460 231 4516 Non
260 4464 488 4533 potestis
513 4465 579 4519 ad
606 4465 822 4523 Patrem
848 4470 1036 4524 venire
1064 4472 1164 4527 nisi
1199 4488 1296 4542 per
1326 4490 1434 4541 me,
1467 4476 1516 4531 id
1548 4493 1612 4533 ex
1644 4477 1722 4531 fa-

114 4567 198 4610 stu
229 4556 335 4611 dici
366 4559 748 4628 putavissent:
786 4577 908 4617 cum
936 4565 1078 4619 celat
1103 4581 1250 4634 vero,
1297 4566 1491 4624 dubios
1529 4570 1720 4626 reddit.

115 4648 204 4712 At,
238 4647 469 4718 inquies,
504 4663 600 4704 eur
624 4650 902 4722 discipulis
945 4664 999 4711 et
1031 4655 1193 4712 Petro
1221 4657 1292 4712 ita
1322 4658 1502 4714 dixit?
1536 4661 1724 4717 Fervi-

113 4739 242 4793 duin
279 4751 505 4796 noverat
540 4742 686 4798 Petri
714 4746 974 4813 animum,
1003 4759 1059 4804 et
1095 4749 1163 4804 ad
1196 4751 1508 4808 instandum
1544 4755 1722 4824 inqui-

115 4833 456 4906 remlumque
495 4851 746 4906 pronum.
788 4837 858 4896 Ut
888 4855 1018 4911 ergo
1051 4843 1200 4898 illum
1236 4855 1463 4911 avertat,
1497 4847 1725 4904 obseurc

116 4925 373 4995 loquitur.
428 4927 718 4999 Postquam
759 4942 939 4988 autem
988 4935 1040 4988 id
1073 4937 1212 5006 quod
1245 4938 1459 4994 volebat
1485 4955 1583 5010 per
1611 4957 1725 4998 ser-

117 5017 292 5071 monis
318 5018 702 5076 obscuritatem
724 5021 924 5088 cﬂ‘eeit,
957 5025 1152 5080 iterum
1186 5027 1235 5081 id
1263 5030 1485 5084 revelat.

184 5109 418 5164 Christus
448 5113 608 5166 multa
633 5117 868 5170 cautione
896 5117 948 5171 in
976 5119 1300 5176 instituendis
1326 5123 1590 5194 discipulis
1618 5137 1726 5178 ute—

114 5203 282 5260 batur.
316 5204 388 5260 Se
417 5205 564 5260 l’atri
588 5211 839 5278 tequidem
865 5213 1097 5268 ostendit.
1145 5213 1284 5270 Visio
1314 5235 1408 5287 pro
1439 5221 1726 5290 cognitione

114 5299 616 5367 uecipitur.—Cum
645 5302 872 5359 dixisset
899 5307 1067 5373 enim,
1103 5307 1202 5363 Ubi
1227 5327 1360 5378 sum,
1389 5329 1533 5366 nemo
1563 5325 1725 5383 potest

117 5391 301 5455 t'cnire,
335 5391 485 5445 addit
518 5410 530 5444 :
580 5393 645 5448 In
689 5396 842 5450 domo
893 5395 1069 5453 Putris
1101 5402 1199 5454 mei
1237 5404 1526 5457 mansiones
1552 5407 1726 5461 multa:

117 5493 264 5546 sunt;
307 5492 363 5538 et
401 5501 625 5538 rursus:
662 5486 829 5542 Nemo
856 5491 986 5543 teuit
1013 5493 1081 5544 nd
1110 5491 1344 5558 Putrem,
1373 5496 1472 5549 nisi
1504 5514 1591 5566 per
1621 5516 1719 5554 me.

121 5575 228 5630 Iloc
259 5577 438 5646 itaque
469 5578 685 5633 nolebat
715 5580 815 5634 illis
842 5582 993 5638 initio
1021 5583 1224 5650 dicere,
1256 5603 1321 5640 ne
1351 5587 1402 5641 itt
1434 5605 1722 5645 mmrorem

119 5667 372 5733 majorem
399 5667 677 5725 induceret
708 5689 720 5723 :
752 5683 1031 5742 postquam
1065 5687 1245 5732 autem
1271 5679 1392 5733 illos
1413 5684 1722 5739 eonsolatus

120 5769 216 5819 est.
247 5762 347 5812 hoc
380 5760 531 5815 dicit.
585 5763 794 5818 I-Ztenim
825 5767 892 5821 ab
921 5767 1290 5839 increpatione
1322 5773 1462 5826 Petri
1498 5777 1721 5832 multum

125 5852 371 5909 ltr'LEi'Ol‘lS
408 5854 650 5922 abstulit,
678 5867 1086 5933 metuentesque
1115 5881 1182 5922 ne
1215 5881 1273 5922 ea
1306 5868 1416 5938 ipsa
1449 5870 1714 5939 audirent,

449 5961 717 6022 ΡΔτιιιιι..
765 5971 879 6026 tiu.
941 5971 1092 6030 ΗΧ.

1149 367 1212 424 IN
1252 362 1570 423 ιοΑΝΝΕιι
1613 360 1846 418 1103111..
1887 357 2126 414 LXXIII.
2168 359 2243 414 al.
2284 356 2500 415 LXXII.

3381 359 3484 416 398

1873 475 1998 532 hinc
2025 476 2196 546 magis
2219 475 2671 546 reprimebautur.
2709 474 2817 547 Ego
2847 493 2959 531 sum
2992 479 3091 530 via.
3122 476 3248 532 Ila-c
3274 488 3356 531 est
3394 495 3490 534 ex-

1867 569 2089 640 plicatio
2124 569 2267 622 illius
2294 569 2446 635 dicti,
2497 567 2667 623 Nemo
2706 570 2859 635 renit,
2905 571 3004 625 nisi
3049 589 3141 642 per
3183 589 3263 627 me
3304 588 3323 627 :
3357 574 3485 628 illml

1868 677 2017 726 vero,
2050 663 2121 716 Et
2144 666 2329 719 veritas
2360 675 2404 719 et
2437 667 2560 732 vita,
2604 665 2872 736 significat
2905 664 3020 722 Iizec
3052 682 3276 736 prorsus
3309 668 3485 726 futura

1867 769 2010 812 esse.
2043 757 2098 812 Si
2128 758 2349 822 veritas,
2383 759 2514 814 nihil
2561 774 2590 813 a
2635 775 2722 815 me
2769 760 2964 815 falsum
3002 762 3171 816 exibit
3202 780 3216 817 :
3245 763 3290 818 si
3321 765 3482 820 etiam

1869 847 1997 910 vita,
2040 864 2106 903 ne
2146 865 2295 905 mors
2317 850 2534 920 quidem
2562 867 2660 908 vos
2691 853 2960 923 impedire
2993 857 3214 925 poterit,
3242 858 3370 929 quin
3407 860 3489 914 in-

1866 939 2209 1007 grediamini.
2238 943 2494 1014 Alioquin
2528 960 2682 1012 vero,
2717 948 2759 1001 si
2798 945 2910 1019 Ego
2932 965 3045 1003 sum
3075 951 3177 1015 via,
3207 950 3345 1008 duce
3380 970 3484 1009 non

1869 1032 2097 1100 egebitis
2134 1053 2146 1088 :
2181 1036 2226 1090 si
2257 1038 2457 1092 veritas
2483 1054 2625 1105 sum,
2679 1055 2786 1095 non
2839 1041 3033 1112 I0quor
3061 1043 3196 1100 falsa
3232 1064 3246 1100 :
3275 1047 3319 1102 si
3351 1047 3484 1112 vita,

1868 1124 2077 1178 etiamsi
2112 1127 2438 1195 moriamini,
2473 1133 2741 1202 promissa
2767 1139 3197 1207 consequetnini.
3236 1141 3390 1208 Quod
3418 1140 3488 1196 de

1867 1219 1950 1269 via
1992 1219 2226 1285 dicebat,
2281 1224 2663 1280 intellexerunt
2705 1239 2757 1283 et
2795 1229 3030 1285 confessi
3076 1242 3244 1288 sunt:
3279 1234 3484 1304 reliqua

1871 1325 1998 1365 vero
2042 1314 2402 1382 ignorabant:
2437 1333 2543 1371 non
2591 1327 2771 1375 tamen
2818 1321 2888 1376 de
2933 1322 3039 1377 illis
3069 1326 3343 1381 audebant
3374 1329 3484 1384 sci-

1866 1404 2069 1458 scitari.
2125 1409 2376 1462 Attamen
2406 1410 2635 1465 multum
2668 1427 2734 1466 ex
2768 1413 2850 1468 via
2886 1417 3280 1473 consolationis
3325 1435 3484 1477 acce-

1867 1509 2080 1566 perunt.
2109 1500 2165 1555 Si
2203 1518 2334 1571 ergo
2363 1503 2414 1557 in
2452 1520 2568 1560 mea
2600 1515 2871 1576 potestate
2898 1519 3003 1574 est,
3037 1511 3233 1582 inquit,
3282 1514 3346 1566 ad
3377 1513 3449 1568 Pa
3469 1545 3483 1556 -

1869 1598 2004 1646 trem
2031 1591 2324 1661 adducere,
2371 1596 2508 1653 istuc
2546 1598 2772 1653 omnino
2801 1602 3051 1657 venietis.
3107 1603 3298 1675 Neque
3339 1608 3482 1662 enim

1864 1681 1966 1737 alia
1996 1685 2180 1741 venire
2221 1689 2448 1756 potestis
2493 1690 2597 1744 via.
2652 1690 2788 1747 Cum
2819 1703 3001 1750 autem
3030 1695 3258 1753 dixisset
3287 1707 3444 1755 antea
3468 1743 3482 1764 ,

1868 1774 2034 1830 Nemo
2081 1789 2243 1848 potest
2292 1783 2463 1837 venire
2498 1784 2568 1837 ad
2616 1802 2717 1852 me,
2769 1789 2870 1842 nisi
2922 1784 3091 1844 Pater'
3115 1795 3330 1848 traxerit
3368 1811 3484 1850 eum

1865 1866 2048 1938 (Joan.
2076 1871 2129 1925 6.
2163 1872 2294 1942 ii);
2337 1889 2401 1931 ac
2448 1892 2682 1943 rursum,
2741 1880 2803 1934 Si
2839 1898 2932 1952 ego
2980 1884 3239 1941 excitatus
3282 1891 3428 1958 fuero
3454 1906 3487 1944 tt

1863 1969 2018 2025 terra,
2068 1980 2242 2019 omnes
2287 1967 2490 2022 trahant
2523 1970 2593 2024 ad
2621 1973 2871 2042 meipsam
2914 1974 2934 2044 (
2962 1973 3098 2030 Ibid.
3131 1979 3220 2032 19..
3249 1979 3380 2052 32);
3429 1991 3484 2037 et

1863 2068 2006 2109 nunc
2042 2055 2258 2122 iterum,
2309 2058 2478 2115 Nemo
2507 2065 2641 2117 venit
2667 2066 2736 2119 ad
2762 2065 2992 2134 Patrem,
3043 2071 3146 2126 nisi
3169 2090 3260 2142 per
3291 2091 3390 2140 me,
3423 2091 3484 2133 se

1861 2143 2006 2200 Patri
2036 2149 2297 2218 arqualem
2339 2153 2597 2208 ostendit.
2656 2155 2940 2224 Quomodo
2969 2172 3149 2217 autem
3179 2179 3301 2220 eum
3324 2166 3482 2223 dixe—

1860 2236 1950 2299 rit,
1984 2238 2099 2304 Quo
2131 2241 2316 2294 vadunt
2338 2245 2500 2313 scitis,
2528 2256 2575 2301 et
2598 2247 2731 2302 riam
2753 2251 2916 2315 scitis,
2944 2253 3126 2309 subdit
3167 2276 3180 2309 :
3213 2257 3267 2311 7.
3296 2257 3359 2314 Si
3394 2276 3481 2314 eo-

1857 2330 2154 2398 gnovissetis
2191 2351 2291 2399 me,
2335 2347 2382 2389 et
2421 2337 2632 2394 Patrem
2667 2359 2834 2396 meum
2866 2347 3039 2418 utique
3075 2351 3435 2420 cognovissetis
3463 2371 3482 2409 :

1856 2427 1907 2473 et
1946 2423 2133 2477 amodo
2169 2430 2483 2497 eognoseetis
2531 2448 2669 2498 enin,
2703 2444 2750 2487 et
2782 2435 2981 2492 ridistis
3015 2457 3131 2493 eum
3154 2443 3180 2496 Ρ
3229 2442 3344 2497 Non
3378 2446 3479 2499 sibi

1855 2515 2176 2573 Contradicit
2225 2535 2241 2574 :
2295 2536 2560 2578 noverant
2606 2527 2752 2581 enim
2803 2529 2989 2595 iitum,
3043 2549 3150 2586 non
3197 2545 3375 2591 tamen
3423 2550 3479 2593 ut

1854 2611 2161 2678 Oportebat.
2199 2614 2363 2672 Deum
2398 2620 2541 2673 enim
2575 2637 2875 2689 noverant,
2926 2626 3143 2683 Patrem
3179 2648 3305 2687 vero
3338 2651 3478 2688 nou-

1853 2702 1982 2758 dum
2023 2724 2035 2759 :
2067 2722 2188 2760 nam
2223 2708 2455 2779 Spiritus
2487 2724 2672 2782 postea
2703 2720 2930 2775 veniens
2965 2731 3131 2778 totam
3161 2725 3265 2780 illis
3295 2729 3481 2798 cogni-

1855 2797 2059 2854 tionem
2091 2802 2290 2857 iutulit.
2344 2805 2456 2861 Iloc
2501 2818 2683 2866 autem
2729 2813 2846 2866 vult
2890 2814 3075 2872 dicere
3125 2835 3138 2872 :
3190 2818 3245 2874 Si
3299 2797 3474 2890 nteant

1854 2896 2088 2949 nossetis
2127 2897 2482 2955 substantiam
2529 2912 2585 2956 et
2634 2903 2976 2975 dignitatem,
3022 2909 3199 2966 Patris
3248 2901 3466 2986 quoque

1853 2987 2110 3040 nossetis.
2154 2986 2224 3042 Et
2274 2991 2424 3045 modo
2472 2998 2789 3064 cognoscetis
2829 3016 2963 3067 eum,
3016 3011 3063 3055 et
3110 3003 3311 3059 vidistis
3358 3024 3472 3060 eum

1852 3074 2102 3144 (alterum
2126 3081 2310 3147 futuri,
2337 3083 2567 3140 alterum
2602 3089 2942 3164 prteseutis);
2976 3092 3080 3148 hoc
3105 3103 3208 3162 est,
3239 3112 3338 3166 per
3361 3115 3470 3154 tne.

1854 3167 2126 3227 Visiouen‘.
2163 3188 2291 3228 vero
2330 3175 2480 3238 dicit.
2528 3181 2727 3235 mentis
2763 3185 3152 3254 cognitionem.
3188 3190 3295 3244 Eos
3326 3192 3470 3247 enim

1847 3264 1938 3332 qui
1970 3264 2240 3332 ridentur,
2271 3283 2558 3336 possumus
2589 3272 2772 3329 videre
2800 3285 2852 3330 et
2876 3277 3128 3347 ignorare
3157 3296 3171 3335 :
3205 3297 3302 3336 eos
3335 3299 3468 3338 vero

1847 3357 1936 3425 qui
1963 3371 2385 3428 Cognoscuntur,
2422 3379 2528 3416 non
2559 3379 2849 3434 possumus
2877 3382 3210 3440 cognoscere
3237 3384 3292 3428 et
3320 3374 3474 3445 igno-

1847 3467 1990 3507 rare.
2019 3451 2144 3509 Ideo
2172 3455 2268 3520 ait,
2305 3455 2369 3510 Et
2397 3457 2594 3515 ridistis
2625 3476 2773 3526 eum;
2798 3471 2856 3517 ut
2885 3462 3033 3519 visus
3060 3475 3165 3533 est,
3189 3465 3384 3539 inquit,
3414 3481 3470 3526 et

1843 3545 2148 3616 angelis(I.
2179 3547 2317 3602 Tim.
2349 3551 2402 3604 5.
2432 3551 2542 3622 i6).
2570 3553 2730 3623 Atqui
2763 3569 2870 3610 non
2901 3556 3014 3626 ipsa
3056 3557 3356 3616 substantia
3390 3563 3470 3617 vi-

1843 3653 1900 3692 S'I
1927 3649 2050 3706 est;
2085 3641 2179 3696 sed
2227 3651 2404 3697 tamen
2438 3646 2604 3699 visam
2637 3661 2759 3702 esse
2789 3647 2960 3716 dicit,
2995 3661 3053 3705 ut
3099 3651 3355 3709 videlicet
3384 3656 3467 3712 vi-

1841 3730 1972 3787 dere
2023 3745 2297 3803 poterant.
2328 3737 2417 3792 Sit;
2444 3753 2577 3794 vero
2614 3737 2667 3794 Io
2689 3750 2871 3809 pttttus
2906 3754 3010 3811 ρει,
3039 3755 3096 3799 ιιι
3125 3745 3306 3803 discas
3336 3765 3461 3804 eum

1841 3825 1930 3892 qui
1960 3824 2134 3895 ipsum
2166 3829 2332 3892 novit,
2366 3828 2681 3886 Genitorem
2709 3849 2925 3905 quoque
2951 3836 3069 3905 ejus
3101 3855 3280 3896 nosse.
3306 3841 3460 3898 Vide-

1841 3914 1966 3970 bant
2002 3935 2164 3988 porro
2196 3921 2346 3975 illum
2375 3938 2483 3978 non
2513 3925 2652 3979 tnnla
2692 3926 3027 3996 substantia,
3070 3933 3166 3988 Sed
3194 3949 3358 3991 carne
3385 3937 3467 3990 in-

1837 4010 2045 4066 dutum.
2081 4014 2224 4068 Alibi
2251 4032 2358 4085 quo
2382 4034 2465 4085 pte
2501 4020 2764 4076 visionem
2789 4026 3159 4093 cognitimictn
3190 4031 3464 4098 appellat;

1841 4112 1897 4156 ut
1925 4119 2048 4158 eum
2073 4103 2206 4160 dicit
2234 4126 2246 4160 :
2274 4108 2419 4162 Beati
2448 4111 2640 4165 mundo
2667 4114 2840 4180 corde,
2887 4116 3136 4184 quoniam
3167 4118 3266 4190 ipsi
3299 4119 3466 4175 Deum

1839 4197 2079 4252 ridebunt
2107 4199 2325 4271 (Matth.
2435 4203 2515 4274 8).
2559 4203 2788 4260 Mundus
2813 4219 2992 4264 autem
3033 4210 3186 4278 dicit,
3215 4230 3320 4267 non
3351 4225 3468 4268 tan-

1841 4301 1953 4346 tum
1990 4309 2022 4348 a
2072 4292 2449 4363 fornicatione,
2495 4298 2594 4353 sed
2639 4313 2667 4351 a
2722 4303 2961 4370 peccatis
3007 4307 3306 4362 omnibus:
3341 4323 3462 4362 nam

1837 4401 1998 4440 onme
2025 4399 2305 4455 peceatum
2335 4389 2602 4444 maculam
2629 4391 2764 4446 indit
2790 4395 3008 4450 animm.

1909 4477 1963 4532 5.
1996 4478 2137 4534 Nihil
2172 4481 2350 4552 itaque
2379 4496 2486 4536 non
2509 4497 2752 4554 agamus,
2778 4496 2836 4540 ut
2854 4487 3047 4542 sordes
3067 4490 3462 4563 absterganms.

1836 4573 2110 4646 Abstergit
2138 4586 2316 4630 autem
2350 4577 2524 4647 primo
2556 4581 2862 4648 lavacrum;
2906 4583 3104 4641 deinde
3133 4584 3254 4644 alia:
3283 4589 3465 4644 multa!

1836 4677 1890 4719 et
1917 4667 2076 4722 varia:
2103 4669 2220 4722 vim.
2256 4669 2387 4724 Nam
2419 4671 2661 4727 clemens
2689 4688 2813 4729 eum
2841 4675 2911 4731 sit
2943 4677 3084 4735 Deus
3103 4721 3117 4745 ,
3149 4680 3281 4737 alias
3310 4683 3467 4738 nobis

1837 4761 2120 4830 variasque
2160 4763 2302 4828 vias,
2345 4764 2538 4835 quibus
2579 4782 2910 4839 purgemur,
2949 4776 3200 4844 aperuit,
3233 4794 3462 4848 quarum

1835 4853 2007 4922 prima
2039 4865 2118 4911 est
2148 4856 2514 4931 eleemosyna.
2541 4861 2916 4937 Eleemosyuis
2937 4867 3081 4922 enim
3110 4881 3159 4923 et
3195 4872 3300 4928 [ide
3333 4889 3462 4943 pur-

1833 4956 2030 5015 gantur
2056 4960 2272 5018 peccata
2308 4950 2512 5023 (Eccli.
2547 4956 2599 5011 5.
2634 4957 2772 5027 55),
2807 4960 2998 5031 inquit.
3048 4965 3462 5039 Eleemosynis,

1841 5037 2088 5110 inquam.
2138 5058 2244 5097 non
2274 5061 2338 5099 ex
2373 5047 2551 5115 inique
2586 5045 2752 5118 partis
2787 5071 2802 5108 :
2835 5054 2965 5109 illud
2997 5057 3142 5113 enim
3177 5076 3285 5117 non
3306 5037 3461 5118 elec-

1837 5147 2060 5204 mosyua
2084 5177 2097 5199 ,
2124 5135 2219 5191 sed
2251 5137 2617 5196 inhumanitas
2639 5151 2692 5197 et
2715 5147 3009 5204 crudelitas
3030 5159 3134 5206 est.
3158 5152 3290 5220 Qum
3314 5156 3462 5211 enim

1837 5227 2039 5280 militas
2071 5229 2299 5284 alterum
2332 5234 2588 5302 spoliare,
2619 5237 2851 5294 alterum
2881 5241 3145 5299 induere?
3177 5251 3218 5300 Α
3251 5249 3465 5305 miseri-

1834 5321 2017 5375 cordEa
2063 5322 2426 5394 incipiendum
2471 5337 2556 5383 est
2595 5347 2610 5384 :
2653 5332 2889 5404 alioquin
2937 5335 3246 5396 innnanitas
3286 5352 3451 5398 esset.

1838 5410 1951 5467 Etsi
1981 5415 2123 5468 enim
2152 5418 2332 5472 omnia
2358 5418 2531 5475 aliena
2557 5421 2771 5492 demus,
2799 5425 2932 5482 nihil
2963 5427 3089 5486 hinc
3114 5431 3248 5488 lucri
3281 5437 3454 5502 nobis,

1837 5512 1896 5557 ut
1915 5506 2152 5560 ostendit
2172 5507 2483 5576 Zacclneus,
2508 5514 2600 5585 qui
2623 5529 2683 5571 se
2707 5517 2874 5574 Deum
2899 5520 3460 5589 plaearodicitdando

1835 5597 2191 5668 quadruplum
2233 5617 2418 5658 eorum
2451 5622 2572 5676 qua:
2603 5621 2858 5678 rapuerat
2884 5613 3045 5687 (Luc.
3079 5617 3169 5671 19.
3213 5619 3307 5691 8).
3351 5621 3457 5675 No;

1837 5704 1965 5742 vi-ro
1992 5693 2079 5760 qui
2113 5695 2391 5749 innumera
2423 5699 2692 5769 rapimus,
2723 5714 2776 5758 et
2802 5721 2968 5774 pauca
2995 5708 3211 5778 damus,
3246 5713 3458 5781 placare

1839 5783 2008 5837 Deum
2043 5797 2322 5855 putamus,
2365 5793 2673 5863 ignorantes
2704 5812 2804 5853 nos
2835 5800 2982 5856 illum
3019 5804 3189 5875 magis
3224 5806 3456 5860 irritare.

1843 5876 1968 5943 Dic,
2001 5895 2208 5949 qua'so,
2241 5884 2370 5940 mihi
2393 5929 2406 5951 ,
2442 5887 2484 5941 si
2526 5889 2736 5946 asinum
2770 5904 3041 5950 mortmnn
3069 5908 3125 5951 et
3155 5896 3395 5952 foetidum
3440 5905 3468 5946 ρ

3000 6005 3076 6036 Ωὲἷ

3002 6031 3078 6063 Ζέι
