4040 6460
583 370 690 421 39‘)

585 481 752 536 triviis
783 482 845 536 ad
876 498 1020 536 aram
1054 491 1276 536 tractum
1303 483 1524 536 oll'vrrcs
1553 484 1602 536 in
1633 483 1970 542 ελιαι-ῐιίρὶιιιιι,
2000 498 2175 538 nouuc

584 583 635 627 te
660 587 845 627 omnes
872 573 1164 641 lapidareut
1190 584 1242 626 ιιι
1274 574 1491 642 impium
1516 585 1567 627 et
1591 573 1975 628 exsecrandum
1998 574 2016 625 ?
2038 574 2171 640 Quid

578 677 724 728 vero,
759 664 802 717 si
834 664 1087 732 probem,
1135 665 1454 720 sacrificium
1486 681 1548 719 ex
1586 665 1766 732 rapina
1813 666 1978 732 magis
2022 681 2174 719 exse-

575 752 834 806 crandum
867 768 1007 820 esse,
1039 770 1196 824 quam
1226 754 1589 810 defensionem
1625 754 1970 809 habebimus?
2003 756 2173 810 Pona-

576 858 692 895 mus
722 846 861 896 enim
895 845 1161 899 citueiium
1198 860 1262 898 ex
1297 846 1476 913 mpiua
1512 855 1722 912 partum
1754 862 1765 895 :
1803 861 1976 899 annon
2008 848 2171 914 magis

573 934 751 1000 ftetet,
798 951 954 1005 quam
991 937 1172 990 alnos
1217 935 1499 989 imirtuus?
1548 935 1638 988 Vis
1687 936 1892 990 discere
1941 946 2170 1006 quantus

571 1026 640 1079 sit
671 1026 868 1094 peccati
899 1029 1095 1081 fauor?
1119 1028 1256 1081 Audi
1287 1027 1598 1096 prophetam
1629 1027 1895 1082 dicentem
1935 1046 1945 1081 :
1976 1027 2166 1082 Patru-

570 1128 716 1172 eruut
744 1129 790 1172 et
828 1131 1084 1189 corrupr
1110 1130 1228 1174 sunt
1259 1122 1512 1175 cicatrices
1552 1137 1674 1175 mete
1736 1122 1753 1190 (
1784 1121 1923 1176 l’sal.
1953 1123 2040 1176 57.
2075 1123 2162 1192 6).

567 1209 645 1262 Tu
676 1226 801 1265 vero
849 1212 1010 1265 Deum
1042 1213 1217 1267 verbis
1243 1216 1508 1284 precaris,
1553 1223 1607 1267 ut
1649 1215 1908 1269 scelerum
1953 1224 2162 1270 tuorum

567 1301 949 1370 ωιιιίνίεεειιιιι-;
983 1305 1108 1359 dum
1155 1321 1248 1375 per
1287 1307 1501 1374 rapinas
1539 1317 1592 1361 et
1635 1307 1848 1362 fraudes
1888 1320 2002 1361 tuas
2035 1310 2159 1363 illud

565 1393 710 1461 agis,
756 1404 811 1446 ιιι
846 1410 1028 1449 eorum
1079 1411 1294 1466 semper
1337 1398 1668 1464 reeordctur,
1712 1399 1836 1452 dum
1887 1410 2159 1466 [creatum

566 1494 712 1540 tuum
740 1502 844 1541 3RD
871 1487 1181 1556 imponitur.
1212 1489 1329 1544 iam
1357 1506 1484 1544 vero
1513 1506 1615 1543 non
1648 1490 1747 1543 hoc
1773 1490 1940 1544 solum
1978 1508 1986 1558 ι
2010 1506 2159 1544 ecca-

565 1587 673 1631 tum
703 1588 810 1643 est,
844 1579 1108 1649 sed,quod
1136 1590 1216 1636 est
1242 1584 1476 1652 gravius,
1508 1592 1814 1636 Sanctorum
1845 1585 2048 1636 animas
2083 1584 2160 1636 iu—

562 1669 767 1736 quinas.
805 1669 914 1725 lloc
943 1672 1084 1726 enim
1117 1671 1251 1740 lapis
1280 1681 1357 1726 est
1392 1672 1486 1742 (τι),
1526 1681 1578 1726 et
1619 1672 1981 1726 sanetiﬁcatnr
2013 1692 2023 1723 :
2057 1674 2156 1727 illze

560 1768 734 1812 autem
771 1776 984 1830 semper
1011 1762 1279 1816 Christum
1329 1762 1504 1817 lerunt
1551 1781 1563 1816 :
1608 1774 1660 1817 et
1701 1765 1864 1819 audes
1907 1775 2010 1818 tam
2053 1765 2152 1818 im-

560 1848 758 1903 munda
783 1851 1011 1906 oll'erre?
1049 1853 1299 1917 Minime,
1339 1853 1576 1922 inquies;
1621 1871 1724 1910 non
1767 1871 1857 1909 eas
1903 1855 2153 1925 pecmiias

559 1942 748 2011 offero,
773 1945 865 1999 sed
885 1945 1050 1999 ‘alias.
1082 1946 1315 2001 Ridicula
1344 1946 1458 2000 hace
1481 1956 1531 2001 ct
1555 1949 1770 2018 nugicia
1799 1958 1938 2003 sunt.
1971 1947 2153 2003 Nescis

555 2037 696 2103 quod
731 2039 772 2092 si
805 2039 854 2091 in
885 2040 1103 2094 multam
1134 2041 1405 2109 pecuniam
1438 2041 1516 2095 vel
1550 2041 1687 2095 stilla
1720 2041 1991 2106 injustitize
2019 2041 2152 2094 imi-

553 2129 723 2196 derit,
772 2141 877 2184 tota
921 2131 1262 2202 inquinatur?
1309 2131 1379 2188 Ut
1417 2133 1558 2186 enim
1604 2133 1646 2185 si
1696 2133 1816 2201 quis
1860 2131 1910 2185 iu
1960 2147 2149 2200 purum

556 2219 753 2274 fontem
787 2222 967 2275 lituum
1002 2221 1228 2291 injiciat,
1264 2231 1426 2276 totam
1469 2237 1658 2290 aquam
1703 2219 1878 2275 reddit
1918 2221 2151 2273 immun-

551 2310 671 2364 dam
707 2328 720 2364 :
755 2310 824 2366 ita
852 2312 895 2366 si
939 2314 989 2366 in
1029 2313 1239 2368 divitias
1262 2315 1444 2384 rapina
1473 2312 1817 2383 ingrediatur,
1842 2313 2018 2366 omnia
2046 2311 2144 2367 fui-

553 2412 668 2457 tore
737 2404 934 2471 implet.
992 2403 1124 2471 Quid
1176 2407 1344 2474 ergo"
1407 2420 1594 2458 manus
1651 2404 1893 2458 lavamus
1928 2417 2046 2457 cum
2099 2403 2149 2456 in

551 2495 829 2547 ecclesiam
891 2496 1249 2564 ingredimur,
1313 2511 1407 2549 eor
1463 2512 1588 2549 vero
1650 2511 1753 2548 non
1803 2493 1974 2550 item?
2024 2510 2149 2548 num

556 2601 743 2638 manus
783 2601 965 2640 vocem
1006 2587 1288 2641 emittunt?
1311 2587 1496 2642 Anima
1523 2588 1679 2642 verba
1706 2587 1905 2655 profert
1941 2602 1955 2644 :
1995 2586 2045 2641 in
2088 2587 2144 2640 il-

551 2678 660 2731 lam
697 2679 832 2733 Deus
863 2680 1079 2748 respicit
1125 2698 1140 2735 :
1187 2681 1270 2733 illa
1314 2679 1548 2743 fmdata,
1599 2680 1727 2733 nihil
1775 2679 1992 2748 prodest
2035 2693 2152 2732 cor-

550 2770 693 2837 poris
738 2771 957 2838 put-itas.
991 2770 1120 2839 Qua:
1159 2772 1353 2825 utilitas
1398 2772 1440 2824 si
1494 2786 1680 2824 manus
1718 2771 2012 2825 exteriores
2060 2771 2152 2823 ah-

547 2870 782 2931 stergas,
854 2864 1135 2918 interiores
1187 2881 1314 2919 vero
1360 2865 1595 2934 impuras
1650 2865 1956 2934 relinquas?
2020 2863 2192 2918 Illud.

554 2967 714 3020 grave
742 2961 855 3020 est,
901 2954 1028 3010 illud
1071 2955 1248 3009 omnia
1290 2957 1589 3022 subvertit,
1639 2956 1777 3026 quod
1827 2971 1986 3024 parva
2026 2971 2146 3011 cum

607 3070 679 3131 (ιι)
703 3069 865 3119 .‘tltare
894 3070 1015 3133 lapis
1039 3078 1164 3119 erat.

1296 369 1350 423 S.
1394 368 1671 424 JOANNIS
1711 367 2189 425 CllltYSOSTUMl
2228 371 2543 428 AlitllllEP.
2587 374 3124 434 CONSTANTINOP.

3788 388 3890 442 ιρςι

2289 498 2432 542 metu
2483 499 2760 551 eiu-antes,
2813 508 2998 562 u'iagna
3048 503 3474 550 contemnamus.
3526 499 3696 552 “lotis
3741 512 3890 554 ci-rte

2285 582 2528 635 manibus
2548 598 2703 637 orare
2734 583 3041 641 indillereus
3061 596 3175 652 est;
3203 587 3346 642 illota
3375 603 3502 643 vero
3528 593 3884 657 conscientia,

2284 674 2410 728 illud
2443 685 2520 729 est
2563 677 2802 731 omnium
2847 679 3107 733 malorum
3155 680 3522 740 deterrimum.
3575 686 3715 738 Audi
3760 688 3884 754 quin

2278 770 2478 822 dictum
2512 770 2579 823 sit
2600 769 2820 836 Judzeis,
2846 771 2912 825 de
2939 774 3026 826 tali
3058 773 3392 828 immunditia
3421 776 3669 830 Sollicitis
3699 797 3711 830 :
3744 777 3882 834 Lata

2276 880 2307 916 α
2339 863 2531 916 malitia
2562 881 2649 917 cor
2677 874 2817 917 tuum
2873 866 3020 934 (Jcr.
3049 867 3099 920 4.
3138 866 3256 936 Η).
3299 867 3589 938 Quousque
3621 880 3787 924 erunt
3830 873 3879 923 iu

2281 963 2327 1008 te
2365 957 2712 1025 cogitationes
2752 956 2993 1011 laborum
3036 960 3286 1012 tuorum?
3337 959 3601 1016 Laronius
3644 971 3703 1016 et
3746 977 3878 1027 nos,

2276 1062 2379 1100 non
2413 1049 2540 1112 luto,
2577 1049 2669 1102 scd
2701 1064 2834 1119 aqua
2867 1065 2994 1118 pura
3019 1091 3033 1114 ,
3068 1051 3444 1121 elecmosyna,
3488 1067 3595 1107 non
3628 1055 3877 1108 avaritia.

2275 1138 2429 1193 Prius
2456 1155 2482 1191 a
2517 1140 2698 1209 rapina
2727 1141 2964 1204 abstine,
2990 1153 3043 1196 et
3072 1151 3196 1196 tunc
3224 1144 3622 1214 cleemosynam
3657 1145 3873 1214 largi:e.

2273 1232 2612 1287 Declinemus
2633 1249 2660 1284 a
2684 1234 2844 1298 malo,
2866 1242 2918 1288 et
2941 1233 3193 1288 faciamus
3218 1233 3414 1288 bonum
3441 1233 3612 1306 (l’sul.
3643 1235 3735 1290 56.
3759 1236 3871 1306 ‘27).

2341 1325 2673 1396 Elemttosyua
2704 1343 2766 1380 ea:
2793 1328 2972 1397 rapina
2999 1327 3163 1381 scelus
3189 1338 3281 1381 est.
3300 1358 3367 1366 ——
3385 1327 3574 1382 Manus
3605 1341 3800 1382 conrce
3844 1344 3874 1380 a

2268 1422 2448 1488 rapina
2471 1463 2484 1484 ,
2529 1431 2581 1473 et
2612 1421 2688 1474 sic
2719 1435 2809 1474 cas
2848 1422 2914 1474 ad
2957 1420 3354 1492 eleemosyuam
3390 1425 3623 1491 porrige.
3656 1421 3712 1476 Si
3747 1437 3874 1475 \'CIU

2271 1513 2454 1567 iisdem
2506 1512 2748 1566 manilius
2795 1513 2962 1566 alos'
3008 1512 3332 1582 spolirmus,
3379 1513 3588 1568 etiamsi
3641 1527 3748 1566 non
3804 1530 3869 1566 ex

2264 1605 2449 1658 ablatis
2477 1606 2611 1658 alios
2643 1605 2954 1667 induamus,
2986 1621 3158 1676 neque
3189 1607 3264 1660 sic
3291 1605 3611 1674 supplicium
3645 1604 3869 1675 effugie-

2262 1711 2399 1750 mus.
2430 1697 2516 1750 Sic
2544 1698 2683 1749 cnim
2719 1698 3105 1765 propitiationis
3140 1697 3360 1750 materia
3391 1697 3619 1752 seeleris
3650 1715 3868 1768 quoque

2262 1789 2478 1842 materia
2509 1799 2607 1843 est.
2645 1788 2831 1843 Melius
2859 1797 3004 1843 certe
3030 1800 3111 1843 est
3140 1804 3243 1841 non
3283 1789 3524 1843 misereri
3548 1831 3562 1854 ,
3596 1805 3761 1858 quam
3789 1790 3866 1844 sic

2265 1882 2522 1936 nii~ereri.
2557 1881 2825 1950 Siquidem
2854 1881 3016 1936 Caino
3045 1881 3234 1936 melius
3266 1882 3442 1936 fuisset
3475 1882 3605 1935 nihil
3637 1899 3863 1951 prorsus

2260 1975 2470 2028 oll'erie.
2505 1974 2559 2029 Si
2603 1991 2728 2029 vero
2772 1976 2858 2044 qui
2901 1975 3103 2029 minora
3133 1974 3354 2041 obtulit,
3392 1975 3555 2028 Deum
3589 1976 3863 2039 irritarit;

2258 2072 2345 2140 qui
2373 2071 2543 2124 aliena
2592 2070 2716 2135 dat,
2765 2067 3033 2139 quomodo
3080 2083 3182 2121 non
3229 2068 3578 2137 provocabit?
3621 2068 3736 2138 Ego
3765 2069 3859 2122 tibi

2258 2161 2397 2226 dixi,
2431 2161 2633 2230 inquit,
2665 2160 2742 2216 Ne
2772 2161 2981 2228 rapias;
3011 2170 3063 2213 et
3095 2169 3146 2212 tu
3180 2174 3265 2213 me
3295 2174 3358 2212 cx
3390 2159 3555 2227 raptis
3585 2157 3866 2214 honoras?

2257 2253 2382 2322 quid
2410 2251 2717 2307 existimas?
2737 2267 2803 2306 an
2832 2267 2916 2305 me
2938 2251 3020 2304 his
3046 2249 3336 2305 delectari?
3357 2251 3504 2305 Dicet
3537 2249 3697 2320 igitur
3721 2250 3815 2304 tibi
3843 2267 3857 2304 :

2259 2346 2578 2400 Existimasti
2622 2347 2810 2414 inique,
2856 2345 2992 2416 quod
3038 2359 3123 2398 ero
3162 2344 3237 2396 tui
3276 2342 3475 2396 similis.
3514 2342 3745 2414 Arguam
3777 2353 3856 2403 te,

2258 2453 2303 2495 ct
2356 2451 2574 2496 statuam
2629 2451 2805 2493 contra
2853 2440 3034 2509 faciem
3088 2447 3226 2491 tuam
3267 2447 3470 2506 peccata
3524 2446 3611 2489 tua
3670 2435 3856 2506 (Psal.

2257 2535 2347 2590 49.
2383 2532 2506 2604 21).
2553 2532 2658 2587 Sed
2695 2531 2830 2586 absit
2861 2540 2917 2584 ut
2945 2530 3063 2600 quis
3093 2529 3250 2584 talem
3279 2527 3460 2582 audiat
3491 2541 3713 2593 vocem;
3758 2543 3856 2582 ve-

2259 2644 2373 2682 rum
2415 2628 2616 2680 utinam
2654 2633 2770 2695 post
2817 2637 2974 2691 puras
3012 2629 3255 2692 erogatas
3280 2621 3686 2691 eleemosynas,
3729 2636 3856 2673 cum

2257 2720 2550 2789 splendidis
2595 2717 2963 2784 lampadibus,
3009 2715 3058 2768 in
3112 2713 3401 2767 thalamum
3453 2709 3855 2782 iugredianmr,

2256 2815 2421 2887 gratia
2452 2822 2506 2870 et
2533 2811 2856 2882 benignitate
2887 2807 3091 2862 Domini
3140 2807 3305 2860 nostri
3341 2804 3466 2862 Jcsu
3498 2804 3735 2872 Christi,
3769 2805 3855 2857 cui

2255 2908 2420 2979 gloria
2453 2907 2503 2959 iu
2536 2904 2728 2960 srecula
2762 2901 3097 2957 saeculorum.
3132 2899 3320 2953 Amen.

2323 3069 2332 3087 '
2375 3066 2428 3115 In
2452 3074 2552 3114 \tss.
2579 3061 2745 3111 multis
2769 3061 2967 3122 legitur,
2995 3070 3250 3118 promeres,
3276 3056 3401 3114 loco,
3428 3056 3562 3106 alios.

552 3167 3837 3196 Μ

1843 3249 2188 3310 IlOMILlA
2233 3241 2518 3305 LXXIV.

545 3393 674 3447 CAP.
725 3395 810 3449 M.
862 3411 913 3447 ν.
963 3396 1016 3451 8.
1068 3394 1200 3448 Dicit
1232 3396 1276 3449 ei
1308 3393 1582 3463 Philippus.
1612 3411 1627 3447 :
1660 3393 1905 3456 Domine,
1939 3393 2142 3445 ostende

619 3485 758 3539 nobis
799 3485 1040 3553 Putrem,
1084 3497 1130 3540 et
1165 3486 1342 3556 διιίῇιὶι
1385 3486 1543 3539 nobis.
1579 3487 1631 3540 9.
1681 3484 1813 3537 Dicit
1850 3485 1894 3537 ci
1933 3483 2082 3537 Jesus
2125 3499 2141 3535 :

617 3578 778 3631 Tanto
809 3590 1032 3648 teiupore
1061 3580 1310 3633 vobisrum
1341 3597 1453 3631 sum
1473 3621 1485 3642 ,
1522 3589 1565 3632 et
1595 3595 1693 3630 non
1723 3577 1998 3647 cognovisti
2027 3593 2136 3642 me,

621 3669 896 3742 Philippe?
930 3672 1028 3738 Qui
1059 3673 1187 3726 ridet
1218 3689 1321 3737 me,
1353 3673 1481 3725 ridet
1512 3682 1555 3723 ct
1593 3671 1815 3726 Putrem.

617 3766 666 3818 1.
701 3765 915 3818 Dicebat
943 3765 1196 3836 propheta
1224 3764 1420 3818 .ludaeis
1451 3763 1676 3836 {Facies
1704 3765 1974 3818 meretricis
2003 3769 2138 3834 facta

543 3868 613 3911 ρει
644 3858 731 3911 tibi
758 3857 887 3927 (λον.
918 3859 969 3913 5.
995 3859 1073 3926 5),
1111 3859 1199 3927 qui
1230 3835 1568 3925 impudeiiter
1586 3874 1703 3909 cum
1730 3857 1977 3911 omnibus
2003 3856 2134 3925 agis.

547 3949 613 4002 l't
649 3960 826 4003 autem
870 3949 1097 4014 \‘idezur,
1138 3965 1241 4002 non
1289 3949 1358 4002 illi
1404 3949 1602 4003 civitati
1648 3959 1851 4001 tantum
1893 3947 1992 4001 hoc
2018 3948 2138 4016 jure

542 4040 770 4105 dicatur,
803 4041 894 4096 scd
925 4043 1082 4095 etiam
1129 4041 1192 4094 iis
1231 4041 1316 4110 qui
1365 4040 1570 4094 veritati
1616 4039 1952 4107 impudenter
1995 4039 2136 4092 obsi-

540 4143 704 4186 stunt.
741 4134 955 4187 Diceute
994 4133 1136 4187 enim
1170 4133 1432 4202 Philippo,
1469 4130 1690 4184 Ostende
1719 4131 1859 4184 nobis
1897 4129 2131 4196 Putrem,

543 4225 819 4294 respoadit
843 4225 1086 4279 Christus
1118 4245 1128 4278 :
1168 4223 1326 4277 Tituto
1356 4235 1579 4294 tempore
1607 4224 1860 4275 vobiscum
1901 4239 2044 4284 sum,
2088 4232 2134 4276 ct

541 4333 638 4369 non
670 4317 944 4388 cognovisti
973 4333 1079 4378 me,
1113 4315 1396 4383 Philippe?
1428 4314 1493 4367 Et
1521 4323 1695 4368 tamen
1728 4312 1942 4381 quidam
1977 4322 2132 4375 sunt,

540 4411 626 4478 qui
658 4422 774 4477 post
802 4409 833 4462 h
855 4426 915 4462 re
945 4411 1104 4463 verba
1136 4410 1324 4462 Filium
1355 4425 1384 4461 a
1417 4408 1572 4461 Patre
1604 4407 1943 4461 abscindunt.
1977 4407 2133 4476 Atqui

538 4519 699 4573 quam
730 4503 986 4572 majorem
1011 4503 1203 4571 qua‘ris
1227 4499 1710 4570 proiiiuquitatem?
1740 4499 1964 4568 Quidam
1991 4500 2131 4554 cnim

539 4613 601 4650 ex
646 4597 744 4649 hoc
774 4596 914 4649 dicto
955 4596 1004 4648 in
1044 4594 1258 4648 Sahcllii
1292 4593 1534 4647 mOrhum
1582 4591 1900 4647 inciderunt.
1939 4592 2128 4647 Verum

537 4699 589 4741 et
617 4687 697 4741 his
723 4697 773 4742 et
801 4687 902 4740 illis
930 4685 1147 4750 relictis,
1185 4694 1237 4738 ut
1264 4700 1327 4739 ex
1355 4685 1618 4739 diametro
1647 4694 1700 4739 et
1729 4685 1888 4755 impie
1918 4685 2132 4754 opposi-

538 4782 604 4831 tis
625 4821 639 4842 ,
673 4787 978 4832 accuratum
1012 4777 1293 4832 verborum
1326 4791 1541 4830 sensum
1571 4775 1930 4844 exploremus.
1969 4775 2129 4828 Tanto

539 4884 760 4941 tctttpot'e
786 4871 1038 4923 vobiscum
1068 4887 1207 4932 sum,
1235 4879 1282 4921 et
1309 4885 1406 4921 non
1438 4868 1712 4938 cognovisti
1742 4885 1837 4931 me,
1866 4867 2125 4938 Philippe.

536 4962 670 5027 Quid
694 4962 875 5016 enim?
901 4971 1024 5014 tunc
1053 4961 1209 5015 Pater
1231 4975 1289 5014 es
1311 4976 1466 5028 quem
1496 4961 1744 5030 inquiro?
1769 4959 1908 5024 Non,
1939 4961 2125 5029 inquit.

533 5054 660 5128 ideo
688 5069 789 5106 non
822 5053 973 5116 dixit,
1003 5052 1115 5108 Non
1144 5052 1437 5121 cognovisti
1465 5067 1618 5116 eum;
1647 5052 1762 5115 sed,
1795 5051 1915 5105 Non
1942 5069 2130 5122 cogno-

536 5147 645 5197 visti
678 5161 792 5210 me;
827 5145 952 5197 nihil
986 5143 1126 5198 aliud
1158 5144 1438 5199 declarans
1460 5185 1473 5208 ,
1501 5160 1658 5213 quam
1702 5159 1804 5197 non
1837 5145 1978 5196 alLud
2010 5159 2129 5197 esse

541 5238 765 5302 Filium,
807 5253 961 5305 quam
993 5235 1132 5304 quod
1181 5243 1265 5290 est
1310 5236 1485 5300 Pater,
1533 5250 1751 5288 manens
1793 5243 1970 5289 tamen
2015 5234 2128 5303 ipse

539 5331 722 5384 Filius.
776 5329 880 5383 Cur
935 5329 1209 5397 Philippus
1257 5327 1324 5381 ad
1376 5325 1812 5396 interrogandum
1862 5325 2127 5380 accessit?

536 5424 751 5477 Dixerat
776 5421 1039 5487 Christus,
1068 5421 1125 5475 Si
1145 5423 1498 5493 cognovissetis
1527 5437 1623 5486 me,
1657 5429 1702 5472 et
1731 5419 1936 5473 Patrem
1962 5437 2124 5473 meum

533 5517 699 5583 utique
727 5514 1078 5584 cognorissetis
1121 5513 1318 5585 (Joau.
1360 5515 1448 5568 14.
1489 5513 1594 5583 7);
1636 5511 1943 5581 Judtcisqne
1983 5527 2123 5581 sa‘pe

539 5609 635 5660 hoc
687 5608 857 5678 ipsum
910 5607 1138 5661 dixerat.
1190 5607 1322 5672 Quia
1370 5620 1498 5676 ergo
1542 5619 1661 5658 cum
1714 5604 2023 5673 lreqneuter
2075 5615 2125 5657 ct

535 5699 722 5753 leti-us
739 5699 972 5754 etludaei
994 5699 1748 5769 interrogaverunt,quiscs~et
1764 5697 1939 5760 Pater,
1961 5698 2122 5750 inter-

535 5801 805 5859 rogaverat
843 5791 967 5846 item
997 5790 1252 5859 Thomas,
1285 5800 1338 5847 et
1366 5791 1540 5845 nullus
1571 5790 1694 5860 quid
1724 5790 1923 5845 clarum
1962 5805 2116 5844 acce-

2249 3398 2419 3459 perat,
2454 3385 2544 3441 sed
2577 3385 2749 3438 adhuc
2778 3400 2863 3439 res
2893 3382 3266 3454 ignorabatur;
3308 3397 3373 3436 ne
3405 3381 3662 3436 molestus
3695 3381 3853 3434 vide-

2248 3490 2396 3534 retur
2424 3494 2542 3534 esse
2573 3478 2883 3547 Philippus,
2931 3487 2983 3531 et
3024 3492 3145 3530 cum
3183 3475 3381 3530 iudicis
3428 3475 3684 3530 tentando
3722 3490 3851 3529 eum

2245 3569 2576 3636 fastidiosus,
2608 3581 2662 3622 ut
2693 3569 2844 3631 dixit,
2879 3569 3099 3621 Ostende
3124 3567 3265 3621 nobis
3297 3567 3503 3621 Patrem
3539 3576 3680 3621 tuum
3705 3607 3720 3633 ,
3752 3566 3851 3620 ad-

2239 3664 2399 3734 jecit,
2449 3662 2517 3714 Et
2562 3663 2741 3732 sufficit
2783 3661 2960 3725 nobis;
3005 3659 3134 3715 nihil
3175 3659 3308 3713 ultra
3338 3659 3647 3729 quaerimus.
3685 3659 3849 3729 Atqui

2243 3755 2486 3810 Christus
2507 3753 2712 3809 dixerat
2738 3773 2750 3807 :
2779 3755 2836 3808 Si
2864 3753 3214 3824 cognovissetis
3236 3767 3339 3818 me,
3369 3761 3413 3805 et
3445 3750 3654 3804 Patrem
3679 3767 3850 3803 meum

2244 3851 2413 3917 utique
2439 3847 2813 3918 cognovissent,
2848 3855 2902 3901 et
2933 3862 3026 3915 per
3052 3860 3110 3900 se
3131 3843 3343 3898 Patrem
3368 3842 3691 3897 ostendebat
3717 3860 3732 3897 :
3762 3843 3851 3898 ille

2246 3957 2372 3993 vt-ro
2406 3941 2624 3994 mutaiit
2656 3939 2897 3994 ordinem
2931 3939 3115 3994 dicens
3135 3979 3148 4002 ,
3180 3936 3414 3992 Ostende
3442 3937 3682 4003 Patrem,
3710 3953 3775 3991 ac
3800 3939 3848 3992 si

2241 4032 2508 4088 Christum
2533 4042 2778 4087 accurate
2794 4039 3159 4102 Cognosceret.
3186 4029 3381 4084 Verum
3404 4044 3507 4083 non
3536 4030 3614 4084 illi
3637 4046 3846 4084 morem

2241 4128 2405 4196 geSsit
2433 4127 2677 4181 Christus
2698 4170 2710 4192 ,
2754 4127 2846 4182 sed
2879 4125 2944 4180 ad
2974 4126 3110 4179 viam
3148 4124 3376 4189 direxit,
3411 4124 3646 4178 suadens
3676 4123 3751 4177 illi
3790 4133 3848 4177 ut

2243 4237 2337 4290 per
2367 4218 2424 4276 se
2465 4221 2676 4274 Patrem
2718 4226 3088 4289 cognosceret.
3123 4215 3239 4286 Ipse
3278 4229 3408 4270 vero
3433 4217 3645 4270 carneis
3673 4216 3849 4272 oculis

2243 4313 2414 4380 ipsum
2445 4311 2629 4366 videre
2663 4311 2902 4368 volebat.
2954 4310 3090 4365 forte
3119 4308 3238 4379 quia
3270 4307 3513 4363 audierat
3556 4307 3726 4362 Deum
3764 4311 3846 4362 vi-

2241 4402 2383 4456 disse
2430 4401 2741 4472 prophetas.
2792 4401 2989 4456 Verum
3035 4401 3126 4455 illa
3166 4398 3452 4455 humiliore
3497 4401 3660 4454 modo
3701 4401 3842 4455 dicta

2242 4505 2400 4558 sunt,
2433 4512 2464 4548 ο
2493 4495 2753 4566 Philippe.
2790 4493 2913 4549 Ideo
2938 4494 3148 4550 dicebat
3180 4491 3425 4549 Christus
3454 4511 3467 4546 :
3507 4493 3667 4547 Deum
3700 4511 3844 4548 nemo

2238 4587 2360 4639 vidit
2386 4604 2623 4657 umquam
2658 4586 2842 4658 (Joan.
2875 4588 2925 4641 1.
2971 4586 3108 4657 18);
3150 4597 3205 4642 et
3245 4602 3458 4641 rursum
3485 4628 3500 4652 ,
3537 4584 3720 4640 Omnis
3758 4588 3846 4656 qui

2237 4679 2427 4731 audivit
2455 4696 2486 4732 a
2513 4679 2640 4746 Deo,
2664 4691 2708 4732 et
2730 4680 2942 4746 didicit,
2971 4680 3103 4733 venit
3128 4679 3196 4732 ad
3219 4695 3315 4732 me.
3340 4677 3521 4748 Neque
3540 4695 3712 4732 vocem
3736 4682 3843 4748 ejus

2235 4774 2468 4835 audistis,
2488 4788 2644 4843 neque
2661 4773 2839 4843 faciem
2859 4777 2970 4842 ejus
2987 4772 3178 4826 vidistis
3201 4771 3361 4844 (Ibid.
3385 4770 3437 4826 6.
3462 4772 3551 4836 45.
3577 4784 3622 4825 et
3644 4769 3702 4828 5.
3726 4777 3835 4846 57').

2165 4872 2176 4882 '
2227 4867 2306 4920 Et
2337 4867 2386 4918 in
2423 4865 2600 4919 Veteri
2630 4865 2992 4928 Testamento,
3038 4863 3203 4920 Nemo
3230 4864 3412 4920 videbit
3440 4865 3629 4934 [aciem
3655 4885 3835 4932 meum,

2237 4970 2282 5015 et
2309 4962 2427 5013 viret
2458 4959 2651 5028 (Exod.
2675 4961 2761 5014 55.
2792 4959 2906 5029 20).
2931 4958 3065 5024 Quid
3090 4974 3220 5028 ergo
3234 4958 3514 5014 Christus?
3535 4960 3835 5016 Admodum

2236 5051 2472 5120 increpat
2508 5069 2518 5104 :
2552 5049 2717 5103 Tanto
2747 5063 2969 5120 tempore
2994 5049 3246 5104 vobiscum
3274 5068 3405 5114 sunt,
3438 5062 3486 5105 et
3514 5067 3615 5106 non
3645 5069 3834 5122 cogno-

2233 5146 2344 5197 visti
2378 5161 2486 5210 me,
2523 5143 2803 5214 Philippe?
2833 5144 2946 5197 Non
2978 5143 3137 5208 dixit,
3173 5144 3287 5197 Non
3319 5145 3496 5199 vidiSti
3542 5163 3628 5201 me
3656 5165 3668 5212 ;
3703 5149 3793 5200 sed
3823 5190 3832 5206 ,

2237 5236 2355 5289 Non
2386 5237 2660 5306 cognovisti
2690 5253 2785 5288 me.
2818 5235 3085 5306 Numquid
3129 5245 3180 5289 te
3227 5251 3387 5292 nosse
3429 5237 3595 5292 volo?
3644 5239 3829 5310 inquit.

2231 5328 2444 5381 Patrem
2475 5338 2622 5382 tuum
2653 5327 2836 5384 Videre
2868 5343 3007 5382 nunc
3032 5342 3244 5397 quaero;
3275 5337 3328 5382 tu
3354 5344 3485 5382 vero
3511 5321 3643 5385 mihi
3673 5331 3831 5394 dicis,

2233 5421 2353 5475 Non
2381 5422 2658 5491 cognovisti
2684 5421 2799 5474 me?
2822 5437 3064 5491 quaenam
3092 5420 3206 5475 hcce
3230 5423 3655 5491 consequentia?
3677 5424 3827 5478 .llulza

2231 5528 2381 5567 Sane.
2414 5513 2544 5578 Quia
2578 5513 2718 5565 enim
2753 5513 2919 5566 Filius
2947 5511 3176 5581 idipsum
3206 5521 3286 5566 est
3314 5515 3454 5582 quod
3501 5513 3680 5581 Pater,
3717 5533 3824 5568 ma-

2231 5620 2363 5659 nens
2389 5615 2563 5658 tamen
2590 5605 2775 5668 Filius,
2797 5604 2917 5673 jure
2945 5606 2994 5656 in
3022 5620 3080 5658 se
3103 5604 3314 5659 Patrem
3346 5606 3604 5660 ostendit.
3635 5607 3828 5662 Deinde

2232 5698 2545 5767 hypostases
2571 5696 2904 5766 distinguens
2933 5698 3006 5750 ait
3032 5715 3044 5751 :
3079 5695 3177 5764 Qui
3205 5698 3336 5751 videt
3363 5715 3460 5762 me,
3492 5701 3624 5753 ridet
3654 5711 3698 5753 ct
3731 5699 3824 5752 Pri-

2229 5801 2383 5858 trem,
2413 5805 2477 5845 ne
2504 5791 2622 5861 quis
2650 5790 2846 5845 diceret
2875 5791 3120 5846 cum-lem
3150 5805 3268 5845 es:e
3291 5789 3503 5846 Patrem
3533 5803 3582 5848 et
3613 5792 3820 5847 Filium.
