4040 6420
233 374 321 428 ειη
1206 351 1272 408 IN
1312 348 1632 408 JOANNEM
1678 345 1910 402 llU.\ltL.
1956 345 2186 400 LXXIV.
2234 344 2303 397 al.
2351 341 2580 398 cum.
3457 344 3558 390 seu:

221 490 274 543 Si
307 486 450 541 enim
483 482 625 537 idem
657 479 770 546 ipse
799 474 956 530 Pater
975 479 1142 536 esset,
1167 483 1274 523 non
1301 467 1526 527 diceret.
1552 464 1652 530 Qui
1681 462 1826 516 videt

221 594 310 633 me
331 619 347 641 ,
395 575 543 628 illum
574 568 740 625 videt.
768 562 1049 634 Quomodo
1075 569 1252 614 autem
1283 573 1388 612 non
1420 556 1555 611 dixit
1598 555 1680 618 ei,
1723 553 1829 608 lm-

224 666 500 738 possibilia
521 662 676 734 petis,
704 674 822 727 qum
846 671 949 710 non
971 654 1081 710 sint
1101 652 1216 722 puri
1242 647 1512 704 hominis?
1534 644 1663 702 mihi
1689 644 1829 698 enim

225 737 433 814 tantum
463 755 565 809 hoc
595 749 850 822 possibile
875 757 975 802 est.
1006 744 1138 813 Quia
1167 742 1411 806 dixerat,
1441 737 1639 808 Sufficit
1667 737 1829 798 nobis,

222 848 375 920 quasi
409 848 582 916 ipsum
616 842 858 904 vidisset,
887 836 1121 893 ostendit
1148 849 1270 888 cum
1302 845 1474 901 neque
1504 844 1562 883 se
1591 827 1788 902 vidisse
1817 844 1829 880 :

221 917 464 1006 alioquin
515 935 664 988 illum
707 931 961 994 vidisset,
1003 928 1047 981 si
1088 941 1148 981 se
1177 925 1361 978 videre
1388 921 1668 992 potuisset.
1714 917 1837 971 Ideo

223 1029 437 1085 dicebat
469 1046 482 1080 :
517 1025 619 1092 Qui
660 1022 790 1075 videt
827 1035 940 1085 me,
972 1017 1102 1070 videt
1141 1025 1188 1070 et
1217 1012 1446 1068 Putrem.
1493 1011 1548 1063 Si
1589 1009 1708 1078 quis
1753 1023 1840 1061 me

226 1122 371 1184 vidit,
389 1128 445 1174 et
466 1118 614 1172 illum
636 1112 862 1175 videbit;
889 1111 989 1164 hoc
1006 1115 1088 1163 est
1115 1124 1128 1160 :
1152 1105 1336 1175 Neque
1359 1118 1467 1171 me,
1493 1115 1668 1172 neque
1691 1101 1837 1153 illum

225 1223 397 1285 potest
429 1211 552 1282 quis
582 1208 780 1264 videre.
811 1203 1089 1272 Philippus
1121 1199 1264 1255 enim
1293 1197 1438 1252 visus
1477 1195 1837 1265 cognitionem

225 1305 541 1378 quaerebat:
570 1312 622 1357 et
643 1301 765 1370 quia
787 1312 848 1353 se
869 1295 1015 1351 illum
1038 1292 1234 1347 vidisse
1253 1289 1490 1360 putabat,
1521 1287 1841 1354 volebatqne

225 1402 304 1454 sic
332 1398 549 1453 Patrem
587 1392 767 1447 videre
787 1431 804 1455 ,
835 1385 1070 1444 ostendit
1109 1385 1280 1454 ipsum
1324 1397 1500 1451 neque
1528 1395 1587 1435 se
1617 1380 1836 1433 vidisse.

302 1485 814 1545 Consttbstantialitas
840 1479 1033 1536 Christi
1069 1475 1379 1530 declaratur.
1421 1473 1580 1526 Amor
1615 1472 1843 1542 pecunia:

227 1584 461 1640 unde.—
481 1577 634 1648 Quod
663 1576 708 1632 si
736 1575 857 1646 quis
887 1572 974 1627 hic
1001 1568 1262 1624 visionem
1291 1581 1388 1636 pro
1417 1566 1725 1636 cognitione
1756 1564 1839 1617 in-

228 1675 399 1745 telligi
441 1671 603 1736 velit,
651 1683 756 1722 non
799 1662 1186 1722 contradicam.
1229 1656 1363 1713 Nam
1406 1657 1497 1727 qui
1538 1671 1624 1712 me
1660 1656 1841 1719 novit,

229 1768 439 1838 inquit,
474 1764 620 1820 novit
657 1770 708 1816 et
751 1760 986 1814 Patrem.
1031 1758 1100 1811 At
1140 1771 1245 1808 non
1288 1753 1390 1807 bou
1433 1751 1602 1818 dicit,
1651 1751 1746 1806 sed
1789 1759 1845 1805 nt

225 1857 841 1920 οιιιιςηὺειτιηιὶειιίιειιυιη
885 1851 1134 1909 ostendat
1168 1848 1296 1903 dicit
1331 1867 1343 1903 :
1376 1847 1478 1916 Qui
1523 1846 1671 1907 novit
1712 1844 1842 1901 sub-

226 1953 482 2008 stantiam
508 1965 706 2012 meam,
733 1946 952 2000 novitet
978 1943 1170 1998 Patris.
1201 1941 1270 1995 Et
1294 1940 1418 2010 quid
1447 1938 1567 2001 hoc,
1598 1935 1846 2006 inquies?

229 2043 365 2099 Nam
405 2043 494 2112 qui
543 2039 689 2094 novit
731 2047 1077 2101 creaturam,
1128 2033 1278 2086 novit
1328 2040 1382 2085 et
1438 2030 1626 2084 Deum.
1682 2025 1845 2097 Atqui

227 2144 535 2192 creaturam
561 2145 751 2186 (unues
790 2135 988 2184 norunt
1016 2137 1072 2182 et
1103 2124 1318 2188 vident;
1356 2122 1521 2177 Deum
1567 2133 1696 2174 vero
1735 2133 1842 2173 non

229 2241 422 2282 (nitnes
472 2232 690 2278 norunt.
735 2222 815 2276 Ad
861 2222 1014 2286 lure,
1075 2217 1353 2272 videamus
1394 2214 1524 2285 quid
1571 2212 1845 2282 l‘hilippus

233 2319 424 2375 videre
460 2325 666 2387 mia-rat
707 2332 720 2369 :
769 2329 895 2368 num
939 2310 1255 2381 sapientiam
1298 2305 1511 2364 Patris?
1552 2319 1680 2359 num
1727 2306 1843 2370 ejus

230 2409 561 2468 bonitatem?
619 2407 868 2470 Minime;
923 2403 1055 2470 Sed,
1109 2401 1233 2472 quid
1299 2401 1369 2455 sit
1428 2398 1610 2463 Deus,
1671 2398 1840 2468 ipsam

228 2503 610 2559 substantiam.
657 2499 739 2554 Ad
781 2497 884 2552 hoc
911 2494 1202 2566 respondet
1227 2492 1478 2546 Christus
1517 2513 1532 2549 :
1583 2489 1683 2558 Qui
1710 2488 1843 2544 ridet

233 2612 334 2648 ine.
362 2593 461 2663 Qui
487 2603 664 2647 autem
691 2600 993 2646 creaturam
1025 2586 1127 2642 vid:
1151 2595 1190 2650 t,
1223 2601 1327 2639 non
1365 2583 1455 2638 Dei
1485 2582 1839 2639 subsmntiam

232 2688 400 2743 videt.
434 2687 534 2753 Qui
566 2686 695 2739 videt
723 2700 837 2747 me,
876 2681 1006 2734 ridet
1035 2690 1079 2734 cl
1110 2678 1314 2732 Putrem
1337 2719 1350 2742 ,
1401 2676 1590 2744 inquit.
1623 2673 1677 2729 Si
1707 2673 1841 2728 alte-

231 2781 343 2834 rius
380 2787 523 2834 esset
566 2773 914 2836 snbstantize,
960 2787 1065 2825 non
1111 2769 1212 2824 hoc
1252 2767 1496 2822 dixisset.
1547 2764 1612 2821 Ut
1658 2775 1839 2818 autem

229 2871 496 2927 crassiore
545 2879 664 2922 utar
695 2881 948 2923 sermone
979 2882 992 2917 :
1029 2880 1187 2918 uenio
1227 2861 1316 2932 qui
1357 2875 1546 2914 aurum
1598 2860 1838 2928 ignoret,

231 2965 284 3018 in
316 2971 539 3033 argento
569 2960 685 3014 auri
717 2958 1073 3014 substantiam
1109 2954 1290 3009 videre
1321 2960 1535 3022 potest:
1567 2966 1671 3004 non
1696 2949 1838 3004 enim

227 3054 331 3108 alia
362 3064 549 3107 natura
580 3067 674 3120 per
697 3050 854 3104 aliam
881 3048 1232 3118 dignoscitur.
1262 3044 1386 3098 ldeo
1405 3044 1524 3110 jure
1547 3041 1842 3109 increpavit

227 3146 416 3200 dicens
446 3161 458 3197 :
488 3142 657 3196 Tanto
688 3152 912 3209 tempore
942 3140 1192 3194 vobiscum
1224 3153 1358 3190 sum.
1390 3134 1557 3189 Tanta
1591 3132 1839 3202 dignatus

226 3253 290 3292 cs
315 3237 577 3301 doctrina,
604 3234 780 3290 vidisti
803 3233 951 3304 signa
974 3247 1093 3286 eum
1116 3229 1436 3285 auctoritate
1460 3227 1617 3291 facta,
1646 3235 1700 3281 et
1725 3240 1839 3279 om-

228 3333 318 3386 nia
345 3345 464 3401 qua:
489 3328 782 3384 divinitatis
808 3334 960 3380 erant
988 3323 1222 3394 propria,
1253 3329 1308 3377 et
1334 3320 1477 3390 quod
1511 3319 1666 3373 Pater
1690 3318 1840 3372 solus

227 3423 394 3486 facit,
429 3430 644 3492 peccata
678 3419 901 3474 remissa
928 3458 942 3482 ,
971 3430 1167 3472 arcana
1205 3414 1256 3468 iu
1306 3412 1540 3468 medium
1569 3411 1792 3466 adducta
1821 3452 1836 3476 ,

228 3520 464 3586 fugatam
493 3523 753 3581 mortem,
781 3510 1110 3567 creationem
1138 3523 1204 3564 ex
1233 3514 1370 3563 terra
1405 3504 1618 3570 fat-uini,
1649 3501 1715 3557 Et
1738 3519 1838 3558 non

227 3605 512 3678 cognovisti
540 3604 655 3659 me?

300 3699 355 3753 Ξ.
396 3697 530 3764 Quia
559 3696 700 3750 enim
739 3708 902 3749 carne
941 3688 1300 3746 circumdatus
1333 3699 1476 3754 erat,
1517 3692 1636 3742 ideo
1667 3686 1837 3752 dixit,

231 3791 357 3846 Non
381 3787 654 3862 cognovisti
672 3802 770 3842 me.
795 3785 982 3840 Vidisti
1001 3783 1257 3840 Patrem?
1277 3781 1354 3838 Ne
1378 3797 1588 3852 qumras
1605 3780 1838 3850 amplius

227 3883 418 3938 videre
450 3900 464 3936 :
494 3881 547 3936 in
583 3895 668 3934 me
711 3878 856 3934 enim
897 3877 1046 3931 illum
1093 3875 1292 3930 vidiSti.
1335 3874 1391 3929 Si
1423 3873 1599 3927 vidisti
1633 3886 1747 3936 me,
1774 3885 1842 3927 ne

227 3975 447 4031 curiose
475 3972 711 4042 inquiras
740 3988 754 4026 :
783 3971 980 4024 etenim
1008 3969 1060 4022 in
1088 3981 1175 4021 me
1198 3966 1370 4035 ipsum
1402 3963 1562 4019 nosti.
1595 3962 1684 4018 10.
1717 3960 1841 4017 Non

229 4066 397 4120 credis
415 4065 533 4135 quia
559 4079 650 4134 ego
672 4063 726 4115 in
750 4059 945 4115 Patre?
966 4058 1080 4114 Hoc
1107 4066 1209 4123 est,
1237 4056 1292 4110 In
1316 4056 1402 4110 illa
1429 4055 1725 4110 substantia
1748 4069 1844 4124 ap-

233 4171 418 4226 pareo.
461 4153 624 4209 Verba
647 4167 873 4224 quia-ego
894 4152 1092 4221 loquor,
1121 4165 1153 4203 a
1185 4149 1374 4214 meipso
1401 4164 1502 4200 non
1525 4147 1722 4215 loquor.
1754 4146 1844 4200 Vi-

232 4251 355 4304 den‘
370 4246 780 4320 propinquitatis
798 4257 1101 4307 excessum,
1119 4248 1174 4295 et
1191 4241 1343 4294 unius
1365 4239 1675 4294 substantia:
1693 4254 1845 4309 argu-

236 4339 519 4397 mentum?
553 4337 712 4394 Pater
740 4345 908 4392 autem
931 4335 983 4389 in
1011 4350 1090 4388 me
1117 4348 1346 4395 ntanens,
1377 4333 1485 4401 ipse
1514 4331 1633 4400 facit
1663 4347 1839 4400 opera.

236 4432 521 4500 Quomodo
545 4446 576 4485 a
604 4429 784 4484 verbis
811 4440 971 4481 orsus
991 4465 1006 4491 ,
1039 4425 1230 4479 transit
1260 4421 1323 4476 ad
1357 4421 1560 4492 opera?
1603 4421 1683 4476 Ex
1709 4436 1842 4475 con-

237 4524 484 4596 sequenti
510 4523 652 4577 enim
681 4521 863 4574 dicere
888 4517 1090 4583 debuit,
1124 4515 1239 4584 Ipse
1266 4515 1500 4584 loquitur
1522 4514 1682 4569 verba
1705 4530 1719 4579 ;
1747 4513 1841 4570 sed

237 4617 346 4672 duo
387 4615 474 4669 hic
517 4613 685 4683 ponit,
727 4608 1027 4665 doctrinam
1062 4607 1326 4676 etsigna;
1361 4605 1446 4659 vel
1493 4605 1635 4676 quod
1679 4606 1840 4660 etiam

235 4709 401 4764 verba
433 4717 616 4763 essent
639 4717 824 4773 opera.
857 4699 1139 4769 Quomodo
1164 4713 1294 4768 ergo
1322 4696 1446 4752 facit
1475 4696 1600 4752 ille?
1629 4696 1840 4751 Etenim

237 4804 362 4858 alibi
389 4801 518 4856 dicit
549 4817 561 4852 :
592 4797 653 4853 Si
680 4813 780 4850 twn
812 4796 945 4867 facio
973 4809 1128 4862 opera
1181 4790 1357 4844 Patris
1390 4791 1506 4854 mei,
1537 4790 1694 4844 nolite
1720 4791 1844 4845 mihi

239 4890 666 4961 credereran.
697 4889 784 4945 10.
818 4887 922 4959 57)
960 4905 974 4941 :
1005 4885 1276 4956 quomodo
1324 4899 1454 4954 ergo
1499 4884 1586 4938 hic
1629 4884 1840 4939 Patrem

238 4987 418 5042 facere
447 4983 619 5040 dicit?
671 4983 784 5037 lloc
812 4983 985 5050 ipsum
1016 4979 1276 5042 indicans,
1311 4975 1442 5030 nihil
1470 4976 1700 5029 medium
1725 4991 1846 5032 che

240 5082 376 5135 inter
421 5079 631 5132 Patrem
675 5084 729 5130 et
774 5074 996 5136 Filium;
1051 5071 1153 5125 hoc
1202 5078 1307 5140 est,
1356 5068 1470 5121 Non
1522 5069 1677 5122 aliter
1722 5069 1846 5123 fecit

240 5175 418 5234 Pater,
443 5170 597 5222 aliter
621 5183 722 5237 ego
746 5165 880 5219 facio
910 5182 923 5218 :
950 5161 1214 5232 siquidem
1238 5160 1362 5215 alibi
1385 5169 1442 5214 et
1468 5161 1582 5230 ipse
1609 5169 1662 5214 et
1687 5160 1844 5213 Pater

235 5263 448 5334 operari
487 5261 720 5316 dicitur:
755 5257 908 5310 Pater
937 5272 1076 5309 meus
1105 5269 1262 5322 usque
1311 5253 1461 5305 modo
1502 5263 1773 5321 operatur,
1797 5261 1844 5304 et

237 5373 327 5426 ego
357 5370 539 5425 operor
565 5351 757 5419 (Joau.
885 5350 1012 5416 I7).
1053 5346 1168 5401 lllic
1213 5345 1410 5400 nullam
1455 5359 1576 5399 esse
1620 5359 1842 5414 operum

236 5447 615 5512 dill‘erentiant,
671 5444 758 5497 hic
811 5441 1041 5512 idipsum
1093 5438 1314 5493 iudicat.
1370 5436 1524 5504 Quod
1579 5436 1622 5489 si
1673 5436 1840 5505 prima

239 5542 415 5595 fronte
444 5536 605 5592 \crba
636 5536 868 5606 aliquant
920 5530 1178 5588 exhibent
1232 5527 1612 5591 humilitatem,
1646 5540 1712 5580 ne
1741 5526 1842 5580 mi-

237 5632 394 5688 reris.
427 5629 559 5685 Nam
591 5644 711 5684 eum
767 5626 913 5695 prius
957 5623 1201 5686 dixisset,
1237 5618 1358 5673 Non
1386 5619 1571 5681 credis,
1620 5629 1742 5673 mne
1767 5618 1847 5672 sic

240 5727 498 5796 loquutus
514 5731 596 5778 est
623 5737 637 5786 ;
667 5719 957 5775 05tendcns
982 5732 1042 5772 se
1073 5714 1194 5769 ideo
1217 5715 1286 5767 ita
1313 5712 1470 5769 verba
1495 5709 1840 5778 temperasse,

239 5829 289 5872 et
322 5819 470 5871 illum
515 5813 577 5869 ad
621 5813 777 5869 Iidem
828 5809 1138 5864 adduceret.
1197 5807 1252 5860 In
1304 5805 1558 5859 cordibus
1610 5818 1841 5874 namque

1939 478 2124 516 eorum
2156 463 2486 517 venabatur.
2525 463 2610 516 11.
2643 461 2860 516 Creditis
2908 460 3030 531 quia
3050 477 3142 532 ego
3189 461 3240 513 in
3291 454 3469 512 Putre.
3515 474 3559 507 i‘t

1944 554 2097 610 Pater
2141 557 2192 610 in
2237 559 2356 610 me?
2407 555 2703 624 Oportebat
2731 566 2881 611 cerro
2908 570 3001 609 vos
3026 555 3312 610 audientes
3345 553 3556 607 Patrem

1946 658 1993 703 ’ξι
2024 648 2238 714 Filium,
2271 663 2376 702 non
2407 648 2552 700 aliud
2583 662 2829 715 quaerere
2873 646 2938 700 ad
2987 645 3373 702 declarandum
3426 649 3556 702 θυι.-

1960 744 2190 796 .latttiam
2223 757 2346 796 esse
2372 740 2641 795 eamdem.
2673 738 2823 807 Quod
2853 740 2896 793 si
2928 737 3031 793 hoc
3063 754 3170 794 non
3195 740 3327 794 satis
3354 750 3438 795 est
3469 757 3559 792 vo-

1952 835 2033 888 bis
2075 833 2140 888 ad
2190 834 2667 888 demonstrandam
2703 831 2923 885 honoris
2952 831 3314 901 :eqUalitatem
3343 844 3398 886 et
3427 849 3527 888 con
3551 871 3564 876 -

1943 927 2448 982 substantialitatem
2473 970 2487 992 ,
2515 927 2584 980 ab
2614 926 2869 996 operibus
2896 941 3111 996 quoque
3149 925 3362 981 discite.
3396 925 3550 980 lllud-

1944 1035 2069 1088 que,
2103 1019 2206 1086 Qui
2236 1018 2370 1073 ridet
2402 1035 2498 1084 me,
2531 1018 2662 1072 ridet
2686 1029 2734 1073 et
2771 1017 2972 1071 Putrem
3003 1035 3188 1082 meum,
3219 1020 3261 1072 si
3290 1017 3358 1073 de
3379 1020 3558 1090 operi-

1947 1111 2042 1165 bus
2059 1109 2258 1165 dietum
2281 1118 2446 1176 esset,
2480 1127 2586 1164 non
2609 1109 2834 1165 diXi>SCl
2862 1119 3046 1179 postea
3072 1126 3085 1162 :
3113 1108 3212 1165 Sin
3242 1111 3411 1164 minus
3441 1127 3560 1178 pro-

1949 1212 2058 1270 pter
2084 1219 2240 1272 opera
2269 1203 2460 1257 credite
2489 1203 2633 1256 milii.
2671 1202 2870 1257 Deinde
2897 1201 3193 1258 ostendens
3222 1217 3280 1256 se
3307 1217 3412 1257 non
3445 1202 3561 1256 haec

1950 1302 2151 1348 tantum
2199 1309 2390 1364 posse,
2427 1295 2520 1350 sed
2567 1305 2622 1350 et
2661 1295 2763 1350 alia
2816 1294 2898 1350 his
2943 1294 3110 1348 multo
3159 1296 3360 1361 majora
3390 1337 3403 1359 ,
3439 1312 3559 1349 cum

1952 1386 2244 1458 hyperbole
2275 1388 2364 1442 illa
2395 1388 2562 1458 ponit.
2621 1386 2808 1457 Neque
2851 1386 2996 1441 enim
3028 1387 3192 1451 dicit,
3227 1385 3319 1440 llis
3352 1387 3557 1458 majora

1950 1492 2169 1548 possum
2199 1476 2415 1543 facere;
2445 1477 2711 1547 sed,qnod
2745 1478 2903 1549 longe
2949 1477 3270 1542 mirabilius,
3329 1478 3393 1531 lit
3420 1479 3560 1542 aliis,

1951 1569 2143 1640 inquit,
2176 1584 2393 1640 possum
2425 1569 2731 1625 facultatem
2774 1569 2905 1623 dare
2935 1567 3141 1638 majora
3187 1567 3270 1623 his
3302 1568 3552 1623 faciendi.

1954 1659 2040 1715 12.
2074 1661 2254 1723 Amen,
2286 1677 2433 1714 amen
2454 1659 2569 1714 dico
2591 1659 2750 1724 vobis,
2773 1659 2858 1730 qui
2885 1659 3045 1713 credit
3068 1660 3239 1724 inme,
3268 1675 3427 1729 opera
3448 1675 3565 1730 quae

1950 1767 2045 1822 ego
2088 1753 2245 1824 facio,
2279 1761 2323 1806 et
2350 1752 2458 1821 ipse
2510 1751 2686 1822 faciet,
2716 1759 2762 1806 et
2791 1752 2993 1822 majora
3022 1750 3102 1828 Iris
3129 1751 3302 1822 faciet,
3344 1753 3467 1824 quia
3494 1751 3563 1806 ad

1956 1843 2162 1899 Putrem
2191 1846 2341 1899 vado.
2394 1845 2507 1900 lloc
2555 1853 2658 1911 est,
2708 1842 2962 1900 Vestrum
2988 1845 3092 1899 erit
3120 1843 3373 1914 deinceps
3402 1845 3564 1898 mira-

1950 1940 2070 1996 cula
2128 1939 2325 2003 edere;
2381 1953 2481 2009 ego
2528 1939 2668 1993 enim
2721 1937 2880 1993 abeo.
2944 1935 3147 1993 Deinde
3199 1953 3324 1994 eum
3380 1937 3563 2007 perfe-

1950 2032 2115 2088 cisset
2165 2047 2228 2087 ca
2281 2048 2401 2103 qua:
2451 2045 2637 2088 sermo
2693 2030 3002 2097 indicabat,
3035 2030 3207 2087 dicit:
3239 2031 3328 2086 15.
3379 2030 3564 2098 Quod-

1949 2141 2163 2197 cumque
2217 2125 2460 2195 petieritis
2513 2125 2566 2179 in
2623 2125 2827 2179 nomine
2880 2140 3012 2186 meo,
3042 2124 3337 2194 accipietis,
3369 2133 3417 2176 et
3469 2140 3560 2194 ego

1950 2218 2045 2270 hoc
2092 2217 2302 2288 faciam,
2336 2225 2391 2270 ut
2419 2218 2471 2270 in
2502 2232 2580 2270 me
2628 2216 2946 2288 gloriﬁcatur
2995 2213 3176 2273 Pater.
3211 2215 3400 2270 Viden‘
3427 2230 3563 2285 quo-

1950 2309 2111 2366 modo
2147 2326 2358 2365 rursum
2405 2310 2508 2366 hoc
2555 2311 2671 2380 ipse
2717 2309 2918 2365 faciat?
2948 2307 3064 2382 Ego
3093 2310 3318 2381 faciam,
3349 2308 3556 2378 inquit,

1948 2414 2004 2461 et
2029 2420 2135 2460 non
2157 2404 2320 2471 dixit,
2349 2403 2568 2474 Rogabo
2596 2404 2808 2459 Patrem
2832 2423 2848 2472 ;
2875 2402 2994 2468 sed,
3029 2401 3097 2459 Ut
3121 2403 3174 2456 in
3205 2417 3285 2456 me
3303 2400 3560 2472 gloriﬁce-

1949 2509 2033 2553 tur
2059 2498 2237 2555 Pater.
2273 2501 2351 2573 (a)
2390 2491 2410 2567 [
2439 2501 2600 2571 Atqui
2633 2498 2847 2555 dicebat
2874 2497 3004 2554 alibi
3035 2514 3048 2551 :
3085 2495 3223 2550 Deus
3250 2495 3557 2567 glorificabit

1948 2609 2060 2647 eum
2083 2593 2135 2648 in
2157 2594 2321 2664 seipso
2333 2608 2354 2658 ,°
2378 2593 2463 2648 hic
2484 2608 2634 2656 vero,
2657 2590 2776 2664 Ipse
2795 2590 3115 2662 gloriﬁcabit
3137 2587 3399 2662 Patrem]
3423 2588 3555 2643 Cum

1948 2685 2090 2740 enim
2145 2684 2314 2740 Filius
2361 2700 2552 2756 magna
2613 2699 2773 2754 posse
2823 2682 3279 2753 deprehendetur.
3327 2680 3555 2736 Genitor

1947 2779 2351 2850 glorillcabitur.
2400 2780 2534 2848 Quid
2576 2778 2677 2836 sibi
2717 2779 2825 2834 vult
2851 2779 3001 2846 illud,
3051 2776 3121 2833 In
3162 2777 3366 2832 nomine
3407 2779 3559 2831 meo?

1926 2871 2098 2940 -Quod
2133 2871 2360 2942 apostoli
2389 2872 2658 2936 dicebant,
2684 2869 2752 2926 In
2781 2871 2982 2926 nomine
3004 2868 3133 2924 Iesu
3183 2868 3370 2923 Christi
3407 2885 3558 2939 surge

1946 2974 1995 3019 et
2020 2965 2247 3019 ambulo.
2280 2965 2470 3020 Omnia
2500 2965 2698 3036 quippe
2727 2964 2877 3035 signa
2907 2977 3026 3036 quae
3049 2963 3123 3018 illi
3154 2961 3407 3029 edebant,
3443 2965 3556 3031 ipse

1947 3061 2291 3129 operabatur,
2331 3059 2392 3113 Et
2421 3077 2602 3115 manus
2633 3059 2842 3115 Domini
2867 3069 2977 3114 erat
3003 3074 3119 3113 cum
3149 3057 3255 3114 illis
3283 3057 3434 3132 (Act.
3462 3060 3550 3114 11.

1946 3153 2072 3225 21).
2107 3154 2196 3208 Η.
2234 3152 2343 3224 Ego
2373 3153 2600 3224 faciant,
2640 3151 2835 3221 inquit.
2892 3150 3082 3207 Vidett‘
3133 3150 3557 3206 auctoritatem?

1946 3261 2064 3316 qum
2097 3261 2190 3316 per
2209 3246 2345 3299 alios
2369 3245 2522 3311 linnt,
2548 3244 2663 3314 ipse
2685 3242 2811 3298 facit
2834 3258 2849 3306 ς
2879 3251 2935 3300 et
2958 3257 3078 3312 qua:
3104 3257 3200 3313 per
3226 3257 3307 3307 se,
3334 3258 3439 3296 non
3463 3259 3556 3311 po-

1948 3339 2066 3394 terit
2091 3381 2105 3405 ,
2136 3339 2235 3395 nisi
2265 3337 2423 3393 Patre
2450 3337 2554 3391 vim
2587 3334 2788 3390 dante?
2817 3336 3012 3405 Ecquis
3040 3333 3155 3390 haec
3183 3334 3420 3390 dixerit?
3445 3333 3557 3389 Cur

1949 3431 2050 3486 huc
2077 3431 2372 3487 secundum
2407 3429 2595 3501 ponit?
2622 3427 2692 3483 Ut
2719 3442 2876 3482 suum
2905 3427 3194 3482 confirmet
3218 3440 3551 3485 sermonem.

1945 3533 2001 3581 et
2044 3524 2293 3580 ostendat
2347 3524 2522 3593 priora
2575 3537 2672 3592 per
2718 3520 3222 3590 attemperationem
3264 3521 3552 3592 quamdam

1946 3619 2085 3674 dieta
2115 3618 2297 3673 fuisse.
2327 3617 2456 3673 Illud
2482 3626 2682 3681 autem,
2707 3615 2788 3670 Ad
2818 3614 3026 3669 Patrem
3053 3614 3205 3682 vado,
3235 3615 3284 3669 id
3311 3626 3413 3679 est,
3440 3614 3554 3669 Non

1949 3727 2131 3783 pereo,
2166 3709 2260 3766 sed
2306 3710 2357 3764 in
2401 3709 2614 3779 pr0pria
2672 3706 2933 3778 dignitate
2977 3721 3169 3762 maneo
3195 3747 3208 3769 ,
3243 3715 3298 3762 et
3327 3708 3378 3761 in
3407 3709 3557 3763 rmlis

1957 3819 2086 3859 sunt.
2147 3804 2270 3858 llzcc
2297 3818 2456 3873 porro
2481 3802 2660 3855 otunia
2695 3800 2802 3856 illis
2840 3798 2910 3856 ad
2952 3799 3379 3855 consolationem
3407 3800 3555 3855 dice-

1950 3897 2055 3952 bat.
2080 3897 2212 3963 Quia
2240 3896 2383 3951 enim
2414 3895 2672 3950 credibile
2693 3901 2810 3950 erat
2837 3908 2962 3959 eos,
2992 3892 3082 3964 qui
3111 3893 3345 3948 nondum
3377 3908 3558 3949 resur—

1949 3991 2204 4046 rectionis
2245 3990 2506 4045 rationem
2537 3989 2703 4058 probe
2735 3995 3018 4054 noverant,
3051 3987 3204 4041 triste
3247 3986 3449 4056 aliquid
3501 3989 3551 4042 in

1948 4085 2128 4141 animo
2156 4099 2391 4148 versare,
2415 4083 2532 4137 aliis
2555 4084 2699 4152 ipsos
2725 4079 2843 4136 lucc
2867 4080 3088 4136 daturos
3117 4094 3237 4135 esse
3266 4081 3552 4151 promittit,

1950 4179 2145 4246 nbiquc
2176 4190 2371 4232 curans
2396 4175 2536 4240 illos,
2565 4183 2620 4230 et
2646 4173 2936 4229 ostendens
2964 4187 3023 4228 se
3048 4188 3263 4241 semper
3294 4187 3551 4236 manere;

1951 4286 2052 4326 mc
2083 4284 2300 4323 manere
2335 4266 2526 4332 modo,
2554 4266 2651 4322 sed
2692 4267 2853 4320 etiam
2903 4264 3160 4335 majorem
3193 4264 3553 4319 exhibiturum

1949 4378 2007 4416 se
2046 4362 2316 4415 virtutem.

2021 4459 2074 4515 3.
2125 4457 2341 4511 Mortalis
2367 4456 2671 4510 exhortatio.
2724 4459 3052 4522 Sacri/icturi:
3077 4469 3390 4519 nortequam
3421 4467 3555 4521 proe-

1947 4561 2041 4606 stet
2069 4551 2321 4619 sacri/icio
2352 4551 2525 4604 veteris
2555 4549 2698 4619 legis.
2718 4578 2790 4589 -——
2810 4547 3112 4619 Sequatnur
3139 4563 3266 4616 ergo
3297 4547 3468 4612 illum,
3503 4559 3557 4600 et

1949 4659 2165 4698 erucem
2191 4643 2460 4696 tollamus.
2488 4641 2708 4696 Etiamsi
2736 4640 2878 4694 enim
2909 4638 3055 4693 nulla
3084 4637 3156 4694 sit
3187 4638 3554 4708 persequutio,

1949 4738 2169 4793 alterius
2198 4747 2376 4790 tamen
2406 4736 2595 4790 mortis
2644 4744 2854 4803 tempus
2898 4731 3070 4786 adest.
3114 4729 3447 4800 Mortiﬁcate.
3473 4730 3557 4783 in-

1949 4832 2100 4900 quit,
2128 4828 2351 4882 membra
2401 4838 2563 4882 vestro
2586 4868 2598 4890 ,
2629 4842 2741 4894 ψειε
2764 4834 2878 4878 sunt
2904 4840 3056 4891 super
3113 4809 3466 4891 terram(Col.
3503 4823 3555 4876 5.

1949 4923 2042 4993 5).
2067 4922 2479 4991 Exstingnamus
2505 4935 2632 4987 ergo
2654 4914 3164 4986 Concupiscentiam,
3182 4913 3553 4984 opprimamns

1950 5016 2106 5079 iram,
2133 5014 2382 5067 tollamus
2408 5010 2683 5065 invidiam.
2714 5008 2826 5064 lloc
2846 5019 2928 5064 est
2957 5010 3132 5063 vivum
3181 5009 3504 5062 sacriﬁcium
3539 5025 3551 5057 :

1948 5110 2090 5179 quod
2108 5106 2424 5162 sacriﬁcium
2450 5121 2554 5159 non
2577 5104 2773 5159 desinit
2794 5104 2846 5157 in
2868 5103 3128 5167 cinerem,
3149 5117 3256 5157 non
3280 5104 3330 5155 in
3356 5102 3554 5155 iunium

1949 5200 2304 5264 dill‘nuditur,
2358 5214 2462 5252 non
2519 5207 2638 5268 eget
2695 5196 2852 5265 lignis
2902 5187 2966 5250 et=
3015 5195 3171 5265 igne,
3223 5194 3302 5249 vel
3357 5193 3554 5264 gladio.

1949 5294 2131 5362 Ignem
2182 5294 2378 5363 quippe
2409 5291 2571 5345 habet
2597 5299 2650 5345 et
2677 5289 2938 5361 gladium,
2971 5287 3229 5358 Spiritum
3286 5295 3554 5339 sanctum.

1951 5386 2064 5442 lloc
2087 5403 2214 5440 usus
2240 5384 2437 5456 gladio,
2457 5380 2779 5437 circumcide
2796 5380 2974 5434 cordis
2992 5378 3258 5448 superﬂua
3285 5387 3336 5431 et
3356 5377 3553 5443 aliena,

1950 5483 2096 5554 aperi
2128 5481 2402 5535 obturatas
2431 5491 2588 5533 aures
2631 5475 2796 5530 Morbi
2827 5488 3056 5542 namque
3081 5482 3132 5526 et
3165 5470 3319 5524 mala:
3361 5484 3556 5523 concu-

1955 5577 2225 5646 pisceutiae
2252 5573 2427 5626 solent
2449 5569 2613 5623 verbo
2639 5568 2840 5622 aditum
2870 5566 3172 5621 obstruere.
3206 5561 3556 5616 l‘eeoniznum

1951 5666 2385 5737 Concupiset-nlia
2415 5679 2518 5717 non
2551 5662 2678 5717 sinit
2725 5658 2912 5714 audire
2969 5655 3185 5711 verbum
3220 5653 3285 5707 dc
3317 5655 3548 5707 cleetuo-

2021 5805 2094 5870 (ιή
2132 5803 2183 5853 In
2208 5802 2495 5863 quibusdam
2519 5799 2691 5848 t.l.‘.~+tt.tl
2721 5810 2827 5857 «μιαν
2856 5795 3042 5842 tt;r-i.:is
3067 5789 3370 5840 el.ut.l‘°.t.|_ur.
