4040 6420
535 344 638 402 €93

531 476 695 533 syua;
747 457 936 512 invidia
981 452 1241 533 accedens
1269 461 1412 504 arcet
1439 449 1736 504 doctrinam
1769 447 1837 502 de
1863 447 2115 510 caritate;

530 554 769 622 aliusque
817 561 1026 602 rursum
1074 545 1323 615 ingruens
1350 542 1566 597 morbus
1591 542 1822 595 animam
1848 537 2020 594 reddit
2050 536 2114 590 ad

529 645 706 700 omnia
732 641 1057 711 segniorem.
1085 637 1359 691 Tollamus
1387 649 1516 705 ergo
1543 634 1705 687 malas
1734 631 2117 700 concupiscen-

528 741 646 795 tias.
676 735 807 790 Nam
835 733 1030 788 sufficit
1062 731 1216 798 velle,
1245 738 1299 785 et
1324 730 1499 783 omnia
1528 727 1937 796 exstinguuntur
2006 721 2114 788 Ne,

525 843 728 899 qiuuso,
761 825 888 881 illud
934 822 1291 884 attendamus,
1324 820 1664 889 pecuniarum
1719 830 1956 869 amorem
1995 827 2116 868 esse

526 921 897 995 tyrannidem,
951 918 1042 974 sed
1101 931 1226 970 vere
1283 910 1617 984 tyrannidem
1669 923 1789 963 esse
1834 906 2111 976 segnitiem

526 1022 783 1066 nostram.
843 1009 988 1064 Multi
1028 1015 1176 1062 certe
1214 1014 1336 1059 sunt
1377 1003 1465 1073 qui
1503 1011 1776 1071 argentum
1807 998 1931 1069 quid
1963 998 2030 1052 sit
2056 1011 2115 1053 se

525 1104 736 1158 nescire
757 1102 957 1155 dicunt.
1008 1097 1190 1168 Neque
1215 1096 1357 1149 enim
1390 1093 1643 1147 naturalis
1673 1101 1754 1147 est
1784 1093 1866 1146 iila
1903 1088 2080 1159 cupidi

525 1203 623 1248 tas.
651 1192 928 1248 Naturales
958 1191 1151 1261 quippe
1178 1186 1400 1242 affectus
1440 1186 1507 1239 ab
1551 1185 1701 1238 initio
1742 1181 1900 1236 infusi
1938 1189 2062 1235 sunt
2096 1196 2110 1233 :

514 1301 710 1356 laurum
760 1299 886 1339 vero
925 1291 981 1338 et
1022 1290 1300 1352 argentum
1348 1294 1412 1332 an
1459 1287 1622 1340 esset,
1657 1277 1822 1330 inulto
1875 1283 2112 1344 tempore

523 1376 761 1446 ignotum
786 1374 903 1429 fuit.
926 1372 1078 1430 Unde
1099 1385 1225 1442 ergo
1243 1371 1408 1427 crevit
1430 1369 1544 1424 lucc
1565 1367 1860 1438 cupiditas?
1881 1367 1955 1421 Ex
1976 1379 2109 1420 vana

520 1469 711 1538 gloria,
747 1476 802 1523 et
821 1482 1026 1522 summa
1056 1465 1281 1521 desidia.
1313 1464 1392 1518 Ex
1418 1462 1798 1533 cupiditatibus
1825 1462 1964 1517 enim
1993 1459 2112 1514 alite

521 1571 642 1615 sunt
662 1559 1001 1624 necessariaz,
1025 1559 1140 1612 alia:
1162 1555 1455 1620 naturales,
1476 1554 1595 1608 alia:
1619 1563 1884 1608 neutrum.
1917 1551 2112 1606 Exem-

523 1653 595 1721 pli
625 1668 782 1708 causa
809 1670 822 1704 :
845 1667 964 1722 qua:
1003 1651 1046 1705 si
1094 1666 1198 1705 non
1248 1648 1561 1719 expleantur
1585 1647 1781 1700 animal
1813 1646 2106 1715 perimunt,

520 1745 604 1798 lue
635 1753 759 1798 sunt
787 1741 1055 1797 naturales
1083 1753 1137 1796 et
1165 1739 1512 1804 necessaria};
1546 1746 1604 1792 ut
1631 1737 1768 1802 cibi,
1799 1745 1956 1806 potus
1978 1775 1992 1800 ,
2024 1747 2113 1788 so-

525 1835 635 1888 mni
680 1834 943 1904 cupiditas
973 1851 988 1889 :
1017 1848 1168 1887 amor
1211 1847 1338 1887 vero
1368 1846 1677 1901 corporum,
1709 1828 1970 1883 naturalis
1997 1826 2113 1897 qui-

520 1927 642 1981 dem
669 1936 773 1993 est,
792 1925 886 1982 sed
914 1941 1019 1980 non
1048 1923 1399 1980 necessarius.
1420 1922 1564 1978 Multi
1591 1923 1732 1976 enim
1757 1922 1928 1991 ipsum
1956 1932 2111 1988 supe-

521 2025 723 2083 rarunt,
747 2031 844 2072 nec
866 2017 1158 2088 perierunt.
1182 2015 1530 2070 Pecuniarum
1553 2026 1680 2068 vero
1704 2011 1989 2080 cupiditas,
2013 2022 2112 2064 nec

523 2110 778 2164 naturalis
807 2124 904 2164 nec
925 2108 1224 2165 necessaria
1252 2115 1335 2162 est
1358 2149 1371 2174 ,
1400 2105 1494 2161 sed
1523 2103 1812 2175 superflua.
1845 2101 1901 2158 Si
1929 2101 2110 2156 volue-

523 2203 691 2257 rimus
714 2244 727 2268 ,
757 2203 873 2271 ejus
903 2200 1194 2257 dominium
1222 2215 1329 2255 non
1354 2197 1694 2269 recipiemus.
1725 2196 1880 2251 Certe
1908 2195 1975 2250 de
2001 2193 2109 2248 vir-

523 2294 741 2364 ginitate
767 2295 986 2366 loquens
1009 2292 1256 2349 Christus
1280 2293 1373 2358 ait,
1405 2291 1504 2359 Qui
1529 2299 1688 2359 potest
1712 2305 1910 2358 capere,
1942 2286 2110 2356 capiat

1323 335 1378 393 S.
1419 331 1695 391 JOANNIS
1729 329 2204 386 CIlRYSOSTOMI
2252 331 2568 389 ARCHIEP.
2611 334 3146 394 CONSTANTINOP.

3735 347 3834 402 ξω

2225 447 2451 516 (Matth.
2478 448 2564 504 l9.
2594 450 2696 520 l2)
2725 467 2739 504 :
2770 450 2838 505 de
2858 451 3054 507 divitiis
3079 467 3208 508 vero
3233 467 3338 508 non
3367 455 3519 516 item.
3549 457 3646 511 sed
3671 461 3838 528 quid?

2226 538 2348 593 Nisi
2373 543 2486 610 quis
2515 543 2871 597 renuntiaverit
2897 545 3130 600 omnibus
3153 562 3268 617 qua:
3291 550 3514 618 possidet
3547 551 3706 620 (Luc.
3745 554 3834 607 H.

2224 630 2346 700 '55).
2378 648 2480 686 non
2509 642 2593 688 est
2617 645 2703 689 me
2729 634 2942 705 dignus.
2995 638 3076 691 Ad
3108 638 3158 692 id
3186 639 3328 709 quod
3355 639 3510 696 facile
3539 653 3622 698 est
3650 645 3836 700 horta-

2226 730 2346 788 tur;
2380 723 2444 779 ad
2474 724 2523 778 id
2555 739 2682 780 vero
2711 726 2854 796 quod
2887 728 3081 784 multos
3113 741 3419 801 exsuperat,
3453 733 3687 790 arbitrio
3717 752 3832 791 rem

2224 816 2508 883 permittit.
2540 817 2648 872 Cur
2688 833 2817 888 ergo
2847 834 2948 874 nos
2976 821 3120 874 omni
3153 821 3428 890 privamus
3474 824 3836 880 defensione?

2221 905 2353 961 Nam
2384 910 2472 978 qui
2503 925 2533 964 a
2561 910 2876 966 violentiore
2901 913 3090 967 morbo
3115 924 3302 984 captus
3324 916 3447 982 crit,
3473 931 3582 972 non
3610 934 3836 989 magnas

2222 998 2364 1053 dabit
2401 1015 2585 1070 punias
2615 1021 2628 1054 :
2659 1003 2748 1071 qui
2779 1018 2906 1058 vero
2935 1005 3002 1059 ab
3035 1005 3327 1062 infirmiore
3369 1006 3567 1063 affectu
3595 1011 3833 1078 capitur,

2221 1093 2366 1146 omni
2394 1094 2632 1161 privatur
2655 1093 2987 1151 defensiOne.
3039 1095 3174 1163 Quid
3206 1100 3348 1152 enim
3376 1101 3834 1168 respondebimus

2221 1183 2434 1251 quando
2464 1185 2606 1240 dicet
2636 1203 2648 1238 :
2675 1185 3014 1242 Esurieutem
3041 1205 3125 1244 me
3154 1189 3382 1255 vidistis,
3417 1201 3473 1247 et
3510 1209 3619 1246 non
3654 1196 3831 1247 nutri-

2223 1277 2371 1331 vistis
2397 1277 2618 1348 (Matth.
2641 1277 2732 1334 25.
2764 1278 2914 1349 42)?
2943 1296 3101 1349 quam
3152 1284 3560 1340 excusationem
3607 1285 3833 1342 habebi-

2221 1369 2375 1424 mus?
2403 1383 2768 1440 paupertazem
2800 1371 3162 1440 objicicmus?
3214 1377 3284 1428 At
3310 1389 3417 1430 non
3449 1391 3639 1431 sumus
3672 1378 3830 1431 vidua

2224 1460 2312 1514 illa
2345 1461 2708 1531 pauperiores,
2740 1477 2858 1531 quae
2883 1462 3094 1517 duobus
3117 1462 3375 1534 depositis
3405 1466 3604 1531 obolis,
3638 1483 3834 1522 omnes

2221 1553 2514 1624 superavit.
2566 1552 2752 1624 Neque
2798 1555 2940 1610 enim
2973 1555 3097 1610 doni
3132 1558 3554 1627 magnitudinem
3602 1561 3832 1630 requirit

2224 1645 2386 1710 De"s,
2417 1644 2510 1700 scd
2546 1644 2833 1700 voluntatis
2865 1646 3082 1700 modum
3118 1665 3132 1701 :
3161 1657 3214 1701 et
3245 1648 3344 1702 hoc
3372 1648 3439 1702 ad
3469 1648 3614 1704 illius
3646 1650 3830 1719 provi-

2221 1735 2455 1791 dentiam
2487 1736 2740 1806 pertinet.
2802 1736 2948 1791 Illius
2979 1738 3158 1808 itaque
3185 1739 3575 1809 benignitatem
3623 1742 3825 1804 mirati,

2221 1846 2338 1901 qua:
2368 1845 2650 1901 possumus
2677 1829 2999 1896 offeramus;
3033 1841 3091 1885 ut
3115 1841 3169 1886 et
3193 1831 3244 1885 in
3276 1833 3532 1902 praesenti
3564 1833 3670 1887 vita
3699 1845 3752 1888 et
3775 1835 3828 1886 in

2222 1922 2392 1978 futura
2417 1923 2634 1977 multam
2658 1925 2973 1994 consequuti
3017 1924 3109 1980 Dei
3144 1924 3510 1991 clementiam,
3541 1926 3830 1995 promissis

2224 2012 2323 2068 frui
2375 2014 2533 2069 bouis
2578 2016 2886 2084 possimus.
2933 2016 3103 2085 gratia
3146 2026 3199 2071 et
3243 2016 3568 2087 benignitate
3614 2017 3827 2071 Domini

2224 2106 2388 2160 nostri
2416 2104 2544 2161 Jcsu
2592 2104 2815 2175 Christi,
2846 2107 2929 2163 cui
2961 2108 3129 2178 gloria
3165 2109 3215 2162 in
3246 2110 3442 2164 sarcula
3474 2109 3825 2165 smculorum.

2223 2198 2412 2254 Amen.

528 2421 3806 2448 Μ

1841 2508 2185 2574 HOMILIA
2231 2505 2489 2567 LXXV.

517 2659 643 2717 Car.
681 2661 762 2715 l4.
793 2677 839 2712 v.
878 2660 963 2715 15.
995 2660 1056 2714 Si
1095 2658 1304 2729 diligitis
1345 2673 1443 2723 me,
1470 2657 1710 2709 mandata
1733 2671 1843 2710 mea
1875 2662 2067 2709 servate
2091 2669 2110 2705 :

589 2753 675 2808 16.
704 2764 748 2805 et
775 2769 864 2823 ego
893 2751 1080 2822 rogabo
1111 2749 1338 2813 Patrem,
1367 2759 1414 2802 et
1437 2748 1592 2801 alium
1626 2745 1946 2801 Paracletum
1973 2745 2108 2798 dabit

591 2845 743 2910 vobis,
772 2853 827 2896 ut
860 2853 1058 2897 maneat
1088 2841 1339 2896 vobiscum
1356 2842 1408 2894 in
1429 2851 1694 2904 aeternum,
1740 2840 1829 2894 17.
1859 2837 2110 2908 Spiritum

586 2935 831 3000 veritatis,
861 2952 1004 3004 quem
1031 2934 1249 2988 mundus
1275 2949 1376 2986 non
1403 2940 1561 3001 potest
1588 2932 1837 3002 accipere,
1863 2931 1980 3002 quia
2011 2946 2111 2984 non

587 3029 718 3082 ridet
749 3045 883 3093 eum,
911 3045 999 3081 nec
1027 3028 1116 3081 scit
1150 3044 1283 3082 eum.

600 3125 642 3176 l.
673 3121 812 3176 Deus
843 3122 946 3174 vult
969 3137 1054 3186 per
1076 3136 1231 3189 opera
1273 3119 1441 3190 diligi.
1489 3117 1676 3174 Contra
1705 3117 2024 3173 Sabellianos
2063 3126 2111 3171 et

524 3212 1035 3267 I’ncumatomachos.
1067 3241 1137 3250 —
1165 3211 1433 3294 Uperibug
1466 3226 1680 3278 semper
1717 3224 1957 3280 egemus,
2003 3225 2110 3265 non

520 3307 800 3361 verborum
823 3305 1200 3361 ostentatione.
1235 3304 1398 3374 Loqui
1422 3304 1561 3358 enim
1590 3315 1638 3357 et
1666 3304 1976 3372 promittere
1993 3303 2107 3358 cui-

518 3400 596 3452 vis
622 3399 770 3455 facile
798 3409 909 3465 est;
943 3398 1153 3468 operari
1187 3413 1290 3452 non
1331 3397 1476 3451 item.
1512 3395 1620 3451 Cur
1651 3396 1766 3451 lucc
1802 3395 1946 3450 dixi?
1976 3396 2109 3464 Quia

520 3492 673 3546 multi
696 3506 834 3545 nunc
863 3501 985 3545 sunt
1014 3491 1102 3560 qui
1133 3488 1316 3544 dicunt
1337 3503 1396 3544 se
1419 3488 1582 3542 Deum
1613 3487 1799 3542 timere
1826 3496 2106 3552 ctamare;

519 3581 612 3636 sed
661 3581 915 3650 Operibns
949 3581 1212 3636 contraria
1257 3579 1513 3635 exhibent
1562 3596 1574 3630 :
1616 3578 1755 3633 Deus
1798 3587 1977 3633 autem
2013 3593 2112 3648 per

518 3692 678 3747 opera
701 3676 845 3747 diligi
876 3678 1085 3746 quarrit.
1113 3675 1237 3730 ideo
1263 3674 1537 3742 discipulis
1567 3672 1776 3728 diccbat
1805 3690 1817 3726 :
1853 3671 1915 3726 Si
1940 3671 2112 3743 diligi-

518 3773 581 3823 tis
609 3788 714 3835 me,
742 3770 986 3823 mandata
1016 3785 1126 3822 utea
1159 3766 1441 3822 servabitis.
1489 3765 1622 3820 Cum
1664 3765 1807 3820 enim
1847 3764 2108 3828 dixisset,

521 3864 882 3934 Quodcumque
911 3861 1170 3931 petieritis,
1204 3875 1295 3930 ego
1330 3860 1551 3930 faciam;
1579 3873 1644 3912 ne
1665 3866 1916 3927 putarent
1943 3855 2111 3911 solam

521 3954 828 4022 petitionem
857 3968 976 4009 esse
1006 3954 1134 4007 satis
1153 3994 1166 4017 ,
1200 3951 1435 4007 subdidit
1460 3968 1471 4005 :
1507 3951 1568 4005 Si
1587 3949 1796 4020 diligitis
1823 3965 1933 4012 me;
1961 3958 2108 4013 tunc,

523 4048 712 4117 inquit,
743 4046 950 4102 faciam.
997 4045 1127 4113 Quia
1157 4054 1333 4100 autem
1358 4043 1646 4099 verisimile
1685 4051 1800 4097 erat
1839 4055 1954 4105 eos,
1988 4056 2108 4096 cum

516 4141 782 4195 dicentem
805 4139 1098 4203 audissent,
1124 4137 1203 4189 Ad
1240 4135 1444 4190 Patrem
1490 4135 1642 4199 vado,
1685 4133 1926 4188 turbatos
1955 4147 2106 4197 esse,

517 4234 685 4288 dicit:
719 4232 830 4287 Non
873 4242 955 4287 cst
981 4231 1345 4298 hocdiligerc,
1389 4242 1532 4281 nunc
1563 4226 1782 4287 turbari,
1818 4225 1912 4279 s--d
1954 4224 2111 4278 dictis

517 4327 911 4394 obtemperare.
947 4322 1072 4376 Dedi
1099 4322 1249 4375 vobis
1276 4320 1605 4380 mandatum,
1637 4326 1693 4369 ut
1713 4315 1943 4385 diligatis
1971 4314 2106 4369 invi-

519 4434 660 4480 cem,
697 4429 748 4470 ut
776 4417 854 4469 sic
882 4416 1106 4469 invicem
1137 4412 1362 4475 faciatis,
1397 4418 1452 4463 ut
1475 4424 1573 4480 ego
1620 4407 1718 4463 feci
1769 4407 1937 4461 vobis.
1983 4405 2109 4477 "(cc

521 4518 605 4563 est
628 4509 862 4574 dilectio,
889 4507 969 4560 his
991 4507 1381 4572 obtemperare,
1409 4509 1462 4556 et
1487 4500 1681 4556 dilecto
1699 4498 2014 4554 concedere.
2045 4497 2110 4552 Et

518 4600 704 4670 rogabo
726 4599 952 4660 Patrem,
999 4607 1043 4649 et
1073 4597 1228 4649 alium
1271 4593 1591 4646 Pararletum
1615 4592 1753 4645 dabit
1785 4593 1940 4646 vobis.
1975 4591 2108 4645 Sese

519 4691 850 4747 demittentis
872 4690 1029 4742 verba
1053 4696 1194 4741 sunt.
1224 4687 1352 4754 Quia
1377 4688 1519 4741 enim
1549 4701 1667 4740 cum
1699 4685 1931 4740 nondum
1958 4685 2106 4739 illum

523 4785 688 4853 probe
727 4789 1127 4851 cognoscerent,
1174 4779 1467 4834 verisimile
1510 4787 1646 4840 erat,
1691 4793 1784 4833 cos
1832 4778 1972 4832 illius
2009 4777 2110 4831 ab-

519 4875 686 4930 stentis
715 4873 1071 4937 consortium,
1105 4870 1286 4934 verba,
1336 4870 1714 4938 carnalemque
1761 4870 2102 4940 prmsentiam

519 4964 812 5018 admodum
828 4961 1184 5032 exquisituros
1210 4976 1350 5025 esse,
1380 4968 1436 5014 et
1461 4960 1684 5024 nullam,
1721 4961 1834 5028 ipso
1863 4960 2107 5022 absente.

520 5066 834 5125 accepturos
863 5053 1314 5115 consolationem;
1342 5051 1466 5119 quid
1494 5052 1608 5104 ait?
1640 5050 1847 5121 Rogabo
1877 5051 2106 5114 Patrem,

521 5157 566 5200 et
593 5149 752 5200 alium
785 5144 1106 5198 Paracletum
1145 5143 1283 5196 dabit
1311 5143 1488 5206 vobis;
1525 5142 1572 5196 id
1601 5152 1700 5205 est,
1739 5143 1910 5196 Alium
1941 5142 2111 5210 qualis

522 5253 621 5310 ego
648 5252 788 5293 sum.
818 5236 1151 5291 Erubescant
1174 5236 1262 5306 qui
1289 5233 1505 5290 Sabellii
1537 5232 1725 5286 morbo
1756 5231 2002 5286 laborant
2023 5273 2034 5295 ,
2055 5240 2112 5288 et

523 5331 613 5400 qui
644 5329 713 5383 de
739 5325 942 5398 Spiritu
984 5343 1086 5382 non
1110 5335 1257 5382 recte
1297 5327 1554 5381 sentiunt.
1584 5323 1714 5377 Nam
1759 5324 1809 5377 in
1851 5324 1951 5377 hoc
1991 5336 2110 5377 ser-

527 5439 684 5479 mone
709 5424 900 5477 mirum
921 5422 1047 5477 illud
1077 5431 1177 5484 cst,
1198 5421 1337 5492 quod
1366 5419 1601 5474 lucreses
1626 5433 1690 5472 ex
1719 5416 1980 5471 diametro
2010 5431 2111 5486 0p-

524 5518 724 5586 positas
755 5532 861 5569 uno
889 5518 991 5570 ictu
1023 5522 1342 5584 prosternat.
1392 5511 1523 5567 Nam
1566 5527 1687 5566 cum
1727 5508 1874 5574 dicit,
1908 5508 2108 5576 Alium,

527 5609 826 5679 bypostasis
857 5607 997 5659 illius
1019 5604 1370 5659 differentiam
1398 5603 1631 5667 indicat;
1656 5617 1776 5656 cum
1808 5615 1935 5655 vero
1957 5599 2105 5666 dicit,

533 5699 881 5763 l'aracietum,
923 5698 1270 5753 substantiam
1303 5696 1565 5751 eamdem.
1603 5694 1776 5763 Quare
1807 5694 1955 5758 dicit,
2008 5693 2108 5747 Ro-

523 5792 654 5859 gabo
690 5791 1084 5859 Patrcnt?Quia
1119 5790 1159 5844 si
1202 5789 1445 5859 dixisset,
1493 5790 1603 5859 Ego
1631 5789 1856 5852 mittam,
1894 5806 1997 5844 non
2038 5790 2104 5843 ita

2217 2648 2574 2703 credidissent
2607 2665 2619 2700 :
2654 2662 2796 2703 nunc
2827 2649 2971 2704 enim
3000 2649 3050 2704 id
3081 2661 3252 2715 curat,
3284 2661 3336 2704 ut
3365 2649 3599 2721 Spiritus
3631 2653 3827 2708 creda-

2217 2747 2303 2795 tur
2329 2758 2340 2790 :
2377 2754 2498 2792 nam
2524 2746 2706 2808 postea
2733 2753 2792 2794 se
2825 2741 3108 2794 missurum
3140 2742 3284 2796 illum
3314 2757 3436 2797 esse
3463 2742 3594 2797 dicit
3628 2761 3641 2796 :
3672 2743 3823 2796 Arci-

2217 2833 2322 2903 pite
2340 2830 2590 2900 Spiritum
2613 2840 2843 2884 sanctunt
2882 2831 3078 2902 (Joan.
3107 2831 3197 2887 20.
3244 2832 3354 2903 22)
3399 2854 3411 2888 :
3461 2833 3547 2887 hic
3585 2850 3714 2888 vero
3766 2849 3824 2888 se

2215 2931 2523 2993 rogaturum
2573 2935 2694 2977 esse
2724 2921 2935 2978 Patrem
2967 2923 3116 2988 dicit,
3169 2935 3224 2977 ut
3265 2925 3368 2979 fide
3397 2925 3592 2995 dignus
3640 2942 3826 2980 svrmo

2217 3013 2345 3082 ipsis
2374 3021 2536 3068 esset.
2568 3011 2803 3068 Joannes
2831 3015 3025 3085 quippe
3052 3014 3118 3070 de
3148 3016 3238 3070 illo
3267 3016 3397 3071 dicit
3427 3035 3440 3070 :
3476 3017 3552 3072 De
3592 3016 3823 3086 plenitu-

2215 3109 2333 3162 dine
2361 3109 2467 3180 ejus
2503 3124 2595 3161 nos
2633 3124 2805 3162 omnes
2849 3110 3134 3177 accepimus
3176 3110 3196 3182 (
3221 3109 3356 3164 Ibid.
3413 3113 3463 3166 1.
3492 3112 3601 3183 16)
3631 3131 3644 3166 :
3675 3115 3822 3183 quod

2215 3210 2393 3256 autem
2424 3199 2674 3267 habebat,
2702 3201 2973 3271 quomodo
2995 3202 3062 3258 ab
3087 3203 3258 3258 altero
3285 3203 3596 3274 acciperet?
3625 3205 3696 3259 Et
3725 3208 3824 3260 ite-

2215 3309 2333 3348 rum
2370 3290 2528 3363 :lpse
2570 3309 2655 3346 vos
2710 3293 2982 3364 baptizabit
3036 3296 3089 3349 in
3143 3293 3345 3366 Spiritu
3387 3307 3564 3351 sancto
3617 3308 3662 3351 et
3714 3300 3825 3369 igni

2219 3385 2370 3457 (Luc.
2402 3386 2456 3441 5.
2482 3383 2592 3458 16).
2615 3384 2753 3451 Quid
2786 3400 2914 3440 vero
2942 3385 3060 3454 plus
3087 3386 3358 3442 habuisset
3383 3402 3542 3458 quam
3568 3391 3820 3456 apostoli.

2215 3479 2259 3531 si
2293 3476 2503 3531 Patrem
2537 3485 2821 3547 rogaturus
2850 3485 2966 3530 erat
3014 3485 3071 3530 ut
3114 3477 3230 3533 aliis
3271 3477 3446 3545 daret,
3503 3480 3721 3549 quando
3748 3479 3821 3535 illi

2215 3584 2358 3639 saepe
2403 3569 2520 3624 sine
2575 3569 2884 3638 precatione
2935 3572 3151 3640 operari
3210 3571 3502 3627 videntur?
3547 3576 3825 3644 quomodo

2216 3671 2393 3717 autem
2423 3662 2467 3716 si
2496 3677 2589 3732 per
2630 3676 2819 3731 preces
2849 3661 3080 3733 Spiritus
3109 3679 3137 3716 a
3168 3663 3324 3719 Patre
3356 3666 3622 3732 mittitur,
3649 3667 3765 3737 ipse
3793 3684 3824 3723 a

2217 3755 2393 3824 scipso
2423 3754 2658 3810 involat?
2679 3755 2950 3825 quomodo
2977 3755 3042 3810 ab
3065 3755 3170 3810 alio
3198 3757 3458 3824 mittatur,
3491 3760 3584 3828 qui
3625 3761 3825 3831 ubique

2218 3861 2455 3916 prsescns
2483 3859 2585 3914 e5t,
2618 3849 2706 3918 qui
2739 3848 2928 3903 dividit
2956 3849 3242 3920 unicuique
3269 3865 3364 3905 sua
3392 3851 3530 3906 sicut
3561 3853 3699 3917 vult,
3729 3855 3822 3924 qui

2217 3956 2336 3994 cum
2365 3940 2678 3996 auctoritate
2704 3939 2833 3996 dicit
2867 3959 2880 3996 :
2907 3941 3182 4013 Segregate
3201 3943 3325 3996 mihi
3354 3944 3582 4000 Paulum
3611 3957 3658 3999 et
3688 3946 3821 4000 Bar-

2217 4033 2400 4088 nabam
2423 4036 2566 4102 (Act.
2607 4035 2692 4090 15.
2719 4035 2754 4089 2
2778 4036 2832 4106 )?
2862 4035 3021 4104 Atqui
3056 4036 3163 4090 Dco
3211 4037 3590 4093 miniSIrabant
3623 4040 3696 4093 illi
3725 4041 3826 4092 mi-

2218 4126 2406 4192 nistri;
2436 4135 2672 4182 attamen
2697 4141 2816 4181 cum
2841 4127 3158 4182 auctoritate
3178 4141 3274 4182 eos
3300 4128 3364 4182 ad
3411 4131 3689 4200 proprium
3721 4134 3822 4186 sibi

2217 4234 2353 4289 opus
2378 4219 2604 4282 vocavit,
2639 4233 2743 4271 non
2776 4218 2915 4288 quod
2947 4219 3011 4272 ad
3031 4219 3174 4274 aliud
3197 4235 3329 4289 Opus
3351 4234 3621 4288 evocaret,
3648 4225 3740 4279 sed
3767 4235 3825 4279 ut

2218 4320 2534 4379 potesmlem
2564 4324 2712 4363 suam
2743 4310 3070 4366 ostenderet.
3101 4312 3237 4379 Quid
3269 4328 3395 4384 ergo
3438 4315 3542 4369 sibi
3579 4317 3710 4380 vult,
3741 4318 3822 4384 in-

2216 4403 2387 4473 quies,
2447 4402 2598 4468 illud,
2649 4402 2860 4471 Rogabo
2913 4403 3162 4459 Patrem?
3189 4405 3257 4464 Ut
3310 4409 3559 4464 ostendat
3612 4418 3824 4480 tenipus

2215 4493 2478 4550 adventus
2523 4495 2638 4564 ejus
2668 4511 2809 4550 esse.

2288 4586 2390 4640 Cur
2419 4586 2647 4654 Spiritus
2671 4597 2876 4642 sanctus
2904 4605 3002 4642 non
3025 4589 3224 4644 advenit
3254 4603 3496 4659 prasente
3522 4591 3823 4648 (Πιτύειαν-

2216 4678 2348 4732 Cum
2381 4679 2527 4733 enim
2555 4679 2674 4733 illos
2705 4695 2798 4749 per
2828 4681 3148 4736 sacrificium
3186 4684 3530 4751 inundasset,
3563 4697 3692 4744 tunc
3722 4689 3820 4743 ad-

2220 4770 2420 4823 volavit
2451 4771 2681 4840 Spiritus
2721 4781 2959 4827 sanctus.
2990 4774 3100 4830 Cur
3131 4790 3234 4830 non
3267 4779 3578 4846 supervenit
3605 4781 3821 4849 quando

2217 4871 2335 4918 erat
2361 4879 2480 4920 cum
2514 4863 2618 4918 illis
2637 4863 2831 4919 Jcsus?
2858 4865 2990 4935 Quia
3015 4869 3253 4924 nondum
3281 4870 3516 4925 oblatum
3544 4872 3716 4928 fuerat
3737 4890 3821 4928 sa-

2216 4957 2501 5011 crificium.
2537 4955 2669 5011 Cum
2697 4969 2875 5013 autem
2901 4960 3010 5029 jam
3046 4973 3323 5030 peccatum
3364 4962 3599 5016 deletum
3647 4975 3816 5030 esset,

2216 5059 2270 5104 et
2299 5049 2398 5119 ipsi
2430 5049 2497 5104 ad
2538 5051 2772 5119 pericula
2803 5051 2987 5116 missi,
3021 5052 3085 5105 ad
3122 5070 3348 5123 pugnam
3380 5069 3440 5109 se
3471 5067 3814 5124 appararent,

2217 5139 2547 5196 hortatorem
2587 5142 2725 5196 mitti
2752 5144 3011 5210 Oportuit.
3049 5143 3159 5198 Cur
3183 5161 3312 5200 vero
3347 5161 3452 5201 non
3484 5148 3668 5201 statim
3697 5158 3820 5218 post

2219 5233 2674 5287 resurrectionem
2707 5232 2939 5303 Spiritus
2969 5233 3152 5290 venit?
3188 5235 3258 5291 Ut
3283 5236 3401 5306 ejus
3431 5237 3638 5306 majore
3677 5241 3816 5310 capti

2219 5324 2507 5393 desiderio,
2537 5342 2660 5382 cum
2687 5327 2878 5396 majori
2908 5327 3076 5398 gratia
3101 5327 3246 5382 illum
3273 5329 3606 5398 acciperent.
3639 5331 3818 5387 Donec

2217 5420 2361 5476 enim
2387 5434 2508 5474 cum
2533 5419 2635 5475 illis
2662 5417 2911 5475 Christus
2930 5429 3067 5486 erat,
3095 5435 3201 5475 non
3225 5420 3649 5482 afflictabantur;
3678 5435 3830 5492 post-

2218 5526 2376 5584 quam
2409 5520 2586 5566 autcm
2630 5510 2912 5576 discessit,
2961 5511 3142 5566 nudati
3187 5522 3242 5567 et
3285 5513 3337 5566 in
3387 5513 3580 5568 timore
3625 5527 3818 5584 magno

2219 5610 2514 5667 versantes,
2536 5616 2656 5656 cum
2680 5617 2874 5673 magno
2892 5603 3041 5658 illum
3061 5601 3327 5660 desiderio
3347 5604 3623 5674 excepturi
3645 5615 3815 5659 erant.

2230 5692 2498 5748 Vobiscum
2527 5703 2711 5759 manet,
2764 5694 2867 5750 hoc
2912 5704 3016 5761 est,
3050 5709 3116 5749 ne
3162 5707 3281 5762 post
3326 5705 3556 5751 mortem
3605 5696 3815 5765 quidem

2222 5788 2482 5844 abscedit.
2510 5788 2584 5844 Nc
2607 5805 2736 5845 vero
2761 5789 3094 5845 Paracletum
3121 5790 3421 5857 audientes,
3450 5791 3609 5845 aliam
3638 5803 3819 5846 rursus
