4040 6430
260 389 361 445 105

256 501 680 561 incarnationem
710 496 1132 567 διιενίιιιιιοιιιιιι,
1164 494 1553 556 sperarentque
1586 499 1647 539 se
1686 483 1857 539 oculis

252 598 428 663 ipsum
461 607 581 646 esse
617 591 858 651 visuros,
905 585 1045 639 hanc
1068 595 1329 636 amovens
1356 577 1719 648 suspicionem
1747 578 1860 630 ait:

255 689 419 755 Quem
450 684 671 740 mundus
700 699 801 737 non
831 687 991 751 potest
1016 676 1263 744 accipere,
1292 672 1415 744 quia
1444 687 1543 726 non
1568 670 1700 724 ridet
1723 685 1857 723 eum.

249 780 368 835 Non
396 778 540 833 enim
572 778 643 831 ita
671 774 949 830 vobiscum
978 769 1158 839 deget,
1193 775 1249 820 ιιι
1274 780 1405 836 ego;
1438 762 1537 819 sed
1570 763 1623 815 in
1650 763 1861 818 anima.

250 873 353 926 bus
382 871 577 926 vestris
605 864 897 930 habitabit;
930 861 1034 918 hoc
1054 860 1200 915 enim
1221 857 1322 913 sibi
1346 856 1459 912 vult
1485 854 1615 910 illud
1640 896 1655 919 ,
1690 850 1755 907 In
1776 870 1862 909 ro-

255 960 326 1018 bis
357 958 819 1031 mmetSpiritum
844 966 1023 1010 autem
1047 952 1288 1007 veritatis
1310 965 1432 1005 eum
1451 947 1709 1019 appellat,
1738 946 1862 1000 hinc

258 1055 453 1123 ﬁguras
480 1052 680 1107 veteris
711 1049 839 1119 legis
880 1047 1165 1100 denotans.
1211 1040 1278 1098 Ut
1313 1041 1568 1096 vobiscum
1606 1040 1691 1094 sit.
1722 1037 1859 1105 Quid

256 1145 357 1199 sibi
379 1148 494 1202 vult
519 1145 649 1201 illud
667 1187 682 1210 ,
716 1141 981 1198 Vobiscum
1003 1139 1112 1194 sit?
1136 1139 1189 1193 Id
1207 1136 1349 1208 quod
1377 1139 1492 1206 ipse
1510 1138 1581 1190 ait
1605 1176 1621 1199 ,
1649 1134 1757 1205 ligo
1777 1150 1862 1189 ro.

257 1236 449 1290 biscttnt
488 1252 603 1292 sum
647 1234 871 1305 (Matth.
895 1222 988 1289 28.
1015 1231 1134 1300 20).
1178 1229 1444 1285 Prwterca
1472 1226 1615 1282 aliud
1647 1242 1863 1297 quoque

254 1326 560 1383 subindicat
582 1343 596 1380 :
628 1325 744 1382 Non
771 1324 959 1382 eadem
985 1324 1215 1393 patietur
1237 1334 1357 1390 qua:
1379 1333 1480 1388 ego
1504 1332 1692 1389 passus
1711 1332 1856 1382 stnu,

256 1435 435 1493 neque
466 1420 743 1478 abscedet.
798 1420 957 1488 Quem
992 1416 1215 1471 mundus
1256 1430 1355 1468 non
1401 1422 1561 1483 potest
1598 1412 1854 1481 accipere,

252 1517 376 1585 quia
402 1532 506 1569 non
537 1515 668 1569 uidet
698 1530 833 1569 eum.
867 1511 1005 1582 Quid
1037 1510 1206 1582 ergo?
1232 1524 1298 1562 an
1327 1524 1390 1561 ex
1425 1520 1651 1561 numero
1681 1502 1860 1558 visibi-

254 1608 386 1662 lium
417 1606 572 1662 erat?
611 1605 847 1661 Minime.
894 1601 998 1658 Sed
1041 1600 1128 1656 hic
1170 1599 1530 1670 cognitionem
1577 1594 1858 1665 intelligit;

252 1698 407 1754 add.t
434 1699 617 1762 enim,
647 1695 826 1767 Neque
866 1695 1125 1765 cognoscit
1165 1709 1279 1747 eum
1304 1705 1323 1745 :
1349 1692 1487 1747 solet
1525 1690 1669 1745 enim
1696 1703 1860 1742 aeru-

254 1796 429 1844 ratam
479 1788 840 1859 cognitionem
887 1786 1149 1841 visionem
1195 1782 1488 1854 appellare.
1534 1781 1670 1848 Quia
1714 1779 1858 1834 enim

251 1896 513 1938 sensuum
564 1881 897 1936 clarissimus
942 1878 1090 1933 visus
1135 1884 1256 1944 est,
1304 1891 1404 1949 per
1450 1875 1592 1929 hunc
1640 1888 1860 1929 seusmu

252 1988 473 2043 semper
501 1981 807 2029 accuratam
828 1971 1189 2041 cognitionem
1213 1968 1450 2023 detinuit.
1482 1965 1734 2022 Mundam
1761 1980 1859 2020 au-

254 2077 367 2123 tem
396 2066 484 2122 hic
507 2074 667 2122 vocat
697 2065 991 2134 improbos,
1031 2064 1263 2133 hincque
1292 2060 1583 2131 discipulos
1609 2058 1860 2114 consida-

256 2167 367 2223 tur,
401 2156 544 2228 quod
574 2156 680 2211 illis
707 2156 962 2211 eximium
988 2154 1177 2210 afferat
1211 2153 1434 2208 donum.
1472 2152 1602 2207 \‘ide
1627 2160 1859 2221 tltldltltt-

252 2262 388 2317 pere
418 2246 544 2303 doni
577 2247 1000 2317 magnitudinem
1044 2245 1265 2301 extollat
1320 2244 1457 2299 Dicit
1493 2243 1656 2299 alium
1701 2258 1858 2315 e.~se,

250 2356 418 2411 quam
446 2342 562 2411 ipse
590 2340 692 2404 sit;
723 2340 890 2405 addit,
922 2339 1038 2395 Non
1070 2339 1208 2395 relin
1232 2346 1342 2409 ,uet
1370 2352 1497 2404 vos;
1527 2337 1705 2391 subdit
1729 2380 1745 2403 ,
1778 2322 1860 2391 Ad

253 2432 404 2503 ipsos
426 2442 631 2488 tantmn
659 2442 942 2487 venturum
971 2446 1093 2489 esse
1113 2475 1127 2496 ,
1158 2441 1214 2486 ut
1238 2442 1292 2487 ct
1312 2446 1411 2502 ego
1434 2431 1589 2497 veni;
1622 2431 1777 2495 dixit,
1804 2429 1859 2486 lu

252 2524 409 2579 Voltis
436 2534 654 2591 ntauet;
682 2525 779 2580 sed
810 2539 985 2595 neque
1014 2524 1093 2579 sie
1123 2523 1336 2579 illorqu
1370 2537 1656 2579 tumroretn
1685 2536 1858 2592 expu-

254 2617 337 2671 lit.
366 2616 519 2671 lllnnt
550 2618 693 2672 enim
722 2619 1161 2686 consortiumque
1182 2615 1301 2684 ejus
1323 2613 1499 2669 adhuc
1521 2612 1853 2684 qutrrelntut.

251 2707 352 2762 Cui
387 2709 463 2762 rei
488 2716 544 2761 ut
566 2708 865 2772 medeatur,
897 2706 1009 2761 ait:
1041 2706 1129 2762 18.
1158 2704 1339 2775 Neque
1357 2721 1449 2777 ego
1474 2721 1555 2759 ros
1578 2704 1863 2774 relinquam

253 2801 516 2869 orphauos
547 2816 564 2854 :
591 2800 734 2854 venio
762 2799 831 2852 ad
856 2815 961 2853 cos.
984 2796 1063 2853 Ne
1083 2799 1341 2864 timeatis,
1371 2796 1577 2867 inquit;
1610 2813 1716 2850 non
1742 2796 1862 2852 idco

253 2892 366 2946 dixi
401 2907 484 2947 me
507 2892 668 2945 alium
700 2891 1033 2947 Paraclctum
1057 2890 1342 2944 missurum
1369 2904 1493 2945 esse
1521 2888 1691 2956 vobis,
1719 2888 1861 2958 quod

255 2997 353 3037 vos
392 2982 457 3035 ad
503 2984 662 3037 littrttt
694 2998 865 3053 ttsque
913 2970 1197 3037 relicturus
1238 2981 1338 3035 sim
1370 2999 1382 3034 :
1415 2996 1520 3034 non
1570 2980 1691 3035 ideo
1720 2980 1859 3046 dixi,

253 3073 410 3143 Apud
431 3090 516 3129 ros
537 3084 727 3142 mouet,
750 3074 902 3145 quasi
926 3090 1032 3128 non
1055 3076 1190 3128 ultra
1216 3089 1311 3129 vos
1330 3074 1541 3129 visurus
1556 3074 1679 3128 sint.
1703 3073 1864 3130 Certe

255 3165 372 3234 ipse
404 3179 618 3235 queque
646 3167 804 3221 venio
832 3162 907 3221 ,ad
937 3181 1050 3221 vos.
1087 3164 1207 3219 Non
1242 3166 1523 3236 relinquam
1553 3182 1638 3221 vos
1676 3166 1866 3237 orpha-

254 3277 370 3314 nos.
402 3261 534 3328 Quia
564 3261 706 3315 eiiint
736 3280 762 3314 ει
799 3262 1061 3332 principio
1090 3260 1295 3315 dixerat
1320 3303 1335 3328 ,
1380 3259 1558 3316 l’ilioli
1581 3276 1601 3315 :
1632 3261 1751 3317 ideo
1779 3261 1865 3318 hic

254 3354 335 3409 ait
360 3370 375 3407 :
410 3352 530 3407 Non
556 3355 838 3425 relinquant
866 3363 954 3410 ros
974 3354 1254 3425 orphanos.

324 3446 381 3501 2.
417 3445 573 3501 Initio
599 3448 777 3519 itaque
796 3447 934 3503 dixit
960 3466 973 3503 :
1007 3446 1109 3505 Ubi
1131 3465 1223 3520 ego
1250 3448 1399 3514 vado,
1423 3450 1765 3517 oeuietis;.et,
1796 3449 1864 3505 In

250 3540 406 3592 domo
436 3536 611 3593 Putris
639 3542 735 3593 mei
764 3541 1051 3595 mansiones
1074 3542 1249 3595 multa:
1278 3550 1433 3605 sunt;
1465 3542 1551 3596 hic
1584 3557 1711 3597 vero
1736 3541 1861 3612 quia

251 3630 568 3686 diuturnum
591 3642 707 3687 erat
740 3641 971 3703 tempus,
1001 3633 1093 3689 dat
1117 3634 1396 3703 Spiritum.
1426 3633 1533 3690 Sed
1561 3648 1704 3695 cum,
1735 3635 1861 3705 quid

250 3723 463 3779 diceret
491 3740 597 3779 non
627 3724 1020 3795 intelligentes,
1067 3740 1172 3780 non
1206 3736 1289 3781 sat
1321 3725 1444 3781 inde
1475 3728 1862 3782 consolationis

253 3814 549 3880 baberent,
589 3812 711 3869 Non
750 3816 1036 3885 relinquant
1067 3831 1153 3871 vos
1190 3816 1479 3885 orphauos,
1517 3818 1705 3888 inquit.
1747 3817 1862 3873 Hoc

248 3908 399 3963 enim
433 3907 667 3962 maxime
709 3906 1075 3977 requirebant.
1106 3906 1214 3964 Sed
1244 3908 1364 3977 quia
1396 3908 1523 3965 illud
1545 3949 1560 3974 ,
1599 3907 1754 3964 Venio
1791 3908 1862 3963 ad

247 4015 361 4065 vos,
386 3998 729 4068 prmsentiam
748 3998 1114 4069 signiﬁcabat:
1138 4016 1204 4055 ne
1222 4015 1408 4057 rursus
1425 4001 1668 4057 eamdem
1690 4002 1859 4072 ipsam

248 4089 594 4159 praisentiam
622 4091 957 4159 requirerent
978 4132 993 4156 ,
1022 4108 1182 4161 quain
1225 4094 1371 4161 prius
1392 4134 1406 4156 ,
1441 4094 1561 4148 vide
1588 4093 1860 4163 quomodo

252 4185 357 4238 hoc
386 4186 560 4253 ipsum
586 4202 691 4241 non
713 4188 858 4242 clare
884 4187 1100 4259 quidem
1123 4187 1337 4251 dixerit,
1362 4187 1454 4242 sed
1479 4188 1859 4245 subindicave-

251 4279 343 4332 rit.
377 4279 509 4333 Cum
540 4280 762 4335 dixisset
791 4283 956 4343 enini,
996 4282 1076 4337 l9.
1114 4282 1291 4335 Adhuc
1320 4284 1572 4338 modicum
1594 4326 1609 4348 ,
1640 4294 1686 4339 et
1711 4302 1860 4338 mun-

249 4371 349 4424 dus
374 4388 451 4424 me
488 4388 589 4425 non
621 4373 784 4437 ridet;
814 4372 1085 4435 subdidit,
1129 4373 1225 4427 Vos
1255 4386 1421 4428 autem
1448 4376 1624 4430 ridetis
1654 4392 1767 4442 me;
1796 4392 1860 4433 ac

249 4462 294 4514 si
334 4462 578 4517 diceret:
615 4461 784 4517 Venio
814 4465 1030 4533 quidem
1062 4464 1128 4519 ad
1161 4482 1281 4527 vos.
1318 4467 1411 4521 sed
1458 4482 1564 4521 non
1608 4476 1667 4522 ιιι
1710 4469 1859 4539 prius

246 4554 492 4629 quotidie
525 4555 801 4610 vobiscum
834 4568 1163 4612 verSaturns.
1210 4558 1275 4612 Et
1321 4574 1387 4614 uc
1426 4560 1703 4623 dicerent,
1751 4559 1860 4616 Cur

246 4660 378 4715 ergo
416 4645 615 4703 .ludteis
643 4647 845 4714 dixisn,
886 4646 1010 4701 Jan:
1041 4667 1141 4702 non
1174 4650 1403 4705 videbitis
1434 4669 1511 4705 me
1552 4650 1729 4725 (Joan.
1767 4654 1852 4709 16.

251 4734 344 4803 10)
361 4736 387 4788 1
416 4737 773 4807 objectionctn
793 4740 953 4794 Solvit
982 4740 1231 4805 dicendo,
1253 4742 1333 4795 Ad
1357 4759 1441 4797 ros
1470 4752 1698 4801 tantum.
1723 4745 1857 4801 Nam

246 4826 485 4896 Spiritus
510 4846 723 4900 quoque
751 4831 869 4885 talis
895 4843 995 4887 cst.
1030 4833 1162 4899 Quia
1189 4850 1279 4903 ego
1304 4837 1433 4898 viro,
1465 4847 1512 4889 et
1544 4853 1629 4891 vos
1660 4838 1852 4894 vinetis.

244 4919 398 4976 Crux
428 4922 575 4977 enitn
603 4938 707 4977 non
737 4938 904 4993 ttSqttc
930 4923 995 4979 ad
1031 4926 1191 4979 linem
1222 4939 1319 4978 nos
1347 4929 1636 4995 separabit,
1664 4914 1760 4985 sed
1787 4930 1854 4986 ad

246 5011 626 5067 brevissimum
652 5023 862 5083 tempus
893 5031 977 5069 me
1010 5016 1323 5071 abscondet.
1350 5016 1527 5071 Vitam
1560 5033 1768 5087 autem,
1798 5035 1855 5078 ttt

243 5104 459 5159 videtur
486 5106 636 5167 mihi.
664 5125 767 5161 non
803 5119 1122 5176 praesentem
1149 5119 1377 5176 tantunt,
1412 5113 1505 5166 sed
1535 5124 1585 5167 et
1618 5114 1853 5171 futuram

240 5196 395 5252 dicit.
420 5198 511 5252 ‘30.
547 5198 612 5252 In
642 5200 733 5254 illa
762 5201 845 5255 die
873 5208 1214 5273 cognoscetis,
1244 5210 1365 5274 quia
1395 5222 1485 5277 ego
1510 5208 1562 5260 in
1594 5206 1777 5274 Putre,
1811 5223 1857 5264 et

241 5305 329 5343 ros
354 5291 407 5343 in
437 5308 533 5354 me,
554 5302 601 5345 et
633 5309 723 5363 ego
741 5295 792 5347 in
821 5294 975 5348 vobis.
1008 5293 1061 5349 lu
1096 5294 1252 5351 Patre
1272 5300 1567 5353 secundum
1596 5301 1852 5355 substan-

244 5380 393 5441 tiam,
431 5382 481 5435 itt
515 5382 666 5437 vobis
693 5385 989 5439 secundum
1020 5389 1362 5443 Concordiam
1390 5400 1443 5444 ct
1480 5393 1736 5445 auxilinttt
1768 5394 1847 5446 di-

242 5471 444 5527 vinitus
474 5476 793 5542 pra'stitmn.
824 5476 895 5532 Et
922 5495 1024 5547 qua
1046 5522 1059 5543 ,
1095 5495 1308 5549 qtta'sn,
1346 5483 1553 5539 ratione
1570 5482 1594 5536 ’ἶ
1626 5500 1728 5555 qua
1761 5502 1847 5538 ra-

241 5565 387 5618 tione
421 5565 535 5620 iure
579 5569 849 5623 contraria
877 5570 1142 5638 quadrare
1176 5575 1437 5640 possunt?
1467 5576 1635 5629 multa
1666 5579 1808 5632 enim
1834 5621 1847 5643 ,

240 5656 348 5709 imo
380 5658 583 5712 iniiuita
612 5670 693 5714 est
719 5662 969 5716 distantia
996 5664 1137 5719 inter
1155 5666 1426 5721 Christum
1454 5677 1509 5723 et
1528 5669 1841 5740 discipulos.

241 5746 465 5802 Etiamsi
495 5749 683 5805 eadem
718 5752 829 5821 ipsa
866 5753 1027 5808 verba
1053 5754 1297 5825 jaet-ant,
1335 5773 1402 5812 ne
1432 5756 1664 5813 mireris.
1695 5760 1848 5816 Solet

239 5841 381 5895 enim
407 5840 680 5913 Scriptura
712 5845 901 5901 iisdem
932 5849 1108 5903 verbis
1134 5849 1199 5904 de
1226 5854 1334 5907 Deo
1357 5860 1410 5908 ct
1438 5851 1507 5909 de
1535 5853 1844 5911 llUillilliillh

1231 370 1297 429 IN
1334 367 1652 428 «ΙΟᾹΝΜΞΜ
1693 367 1923 425 1101111..

1964 367 2179 425 LXXV.
2218 368 2290 424 al.
2332 370 2420 427 LX
2431 370 2564 428 XIV.
3478 374 3579 430 1:06

1972 483 2149 552 dictis,
2182 485 2399 543 diverso
2429 488 2591 544 modo
2616 489 2717 545 uti.
2742 486 2877 543 Nam
2904 496 2959 544 et
2982 486 3060 545 dii
3089 487 3323 544 dicimur
3344 488 3424 557 (1.
3458 486 3581 545 Cor.

1968 578 2023 634 8.
2050 578 2131 647 5),
2158 588 2213 635 et
2246 580 2338 635 lilii
2364 581 2455 637 Dei
2479 580 2623 655 (Gal.
2651 583 2706 638 5.
2729 581 2826 653 26)
2852 599 2867 637 :
2894 598 2995 639 nec
3016 571 3265 638 eamdem
3290 582 3396 635 vim
3418 579 3583 643 habet

1967 687 2091 728 cum
2122 673 2189 730 de
2215 674 2371 729 nobis
2401 674 2619 739 dicitur,
2644 692 2804 748 quam
2831 692 2954 731 eum
2983 676 3053 732 de
3085 677 3215 731 Deo.
3249 674 3430 745 Imago
3453 676 3579 729 item

1966 767 2164 822 dicitur
2191 767 2363 824 Filius
2394 768 2613 838 (Coloss.
2643 772 2695 826 1.
2726 770 2816 841 lii)
2848 782 2898 826 et
2925 770 3095 841 gloria
3120 770 3195 841 (1.
3226 768 3349 823 Car.
3382 769 3470 823 11.
3495 769 3575 840 7),

1968 866 2026 913 ιιι
2064 870 2120 915 et
2166 874 2299 927 nos;
2328 860 2421 916 sed
2473 862 2637 916 multa
2684 872 2768 917 est
2814 861 3140 917 differentia.
3168 861 3442 925 Rursum,
3475 858 3578 914 l’os

1966 961 2136 1004 autent
2161 949 2372 1014 Christi,
2403 951 2635 1007 Cltn'stus
2673 968 2787 1007 vero
2833 953 2925 1007 Dei
2963 954 3039 1026 (l.
3072 952 3194 1007 Cor.
3219 952 3273 1007 3.
3303 952 3439 1019 25);
3476 966 3580 1005 non

1969 1043 2039 1096 ita
2086 1052 2263 1096 tamen
2310 1053 2394 1099 est
2440 1044 2531 1117 Dei
2570 1043 2850 1110 Christus,
2884 1052 2942 1100 tit
2982 1059 3083 1119 nos
3122 1057 3311 1099 sntuus
3352 1042 3577 1097 Christi.

1966 1134 2104 1203 Quid
2136 1150 2297 1205 porro
2328 1136 2431 1192 sibi
2460 1137 2613 1193 vult?
2640 1139 2773 1194 Cum
2802 1154 3181 1205 resurrcxoro,
3215 1138 3413 1207 inquit,
3444 1137 3585 1193 seic-

1968 1228 2037 1283 tis
2060 1242 2146 1283 tne
2167 1244 2274 1284 non
2299 1242 2329 1283 a
2357 1228 2517 1284 Patre
2542 1231 2805 1300 separari,
2838 1230 2934 1286 sed
2962 1230 3211 1287 eamdem
3242 1230 3445 1285 habere
3469 1229 3581 1285 vir-

1969 1329 2135 1376 tutem
2158 1363 2172 1386 ,
2213 1328 2269 1377 et
2308 1337 2394 1378 me
2418 1323 2699 1379 vobiscum
2742 1332 3003 1395 perpetuo
3042 1338 3200 1391 esse,
3239 1323 3404 1380 rebus
3451 1324 3582 1393 ipsis

1969 1412 2383 1482 promicantibus
2410 1414 2671 1469 auxilium
2693 1429 2723 1468 a
2749 1430 2836 1471 me
2862 1415 3016 1471 vobis
3045 1417 3367 1485 prtestitum,
3402 1413 3583 1469 inloti-

1965 1505 2045 1562 cis
2086 1505 2382 1576 repreSsis,
2413 1505 2564 1561 vobis
2609 1505 2840 1563 fidenter
2869 1508 3186 1579 agentibus,
3237 1507 3486 1563 molestis
3513 1505 3583 1562 de

1967 1598 2146 1653 medio
2166 1598 2413 1666 sublatis,
2451 1598 2833 1667 pmdicatimte
2859 1601 3099 1671 quotidie
3122 1600 3371 1666 ﬂorente,
3404 1600 3585 1654 omni-

1968 1689 2067 1746 bus
2096 1691 2196 1760 pia:
2228 1692 2488 1745 tia-ctrina:
2511 1691 2844 1747 cedentibus.
2880 1692 3028 1748 Sient
3063 1693 3197 1748 misit
3221 1710 3300 1747 me
3330 1692 3509 1757 l’ater,
3534 1702 3582 1747 et

1965 1800 2058 1853 ego
2088 1784 2205 1838 misi
2229 1800 2316 1838 ros
2351 1783 2549 1857 (Joau.
2590 1784 2681 1842 20.
2715 1784 2835 1858 21).
2872 1785 3036 1841 Vides
3075 1786 3161 1842 hic
3190 1776 3405 1857 quoque
3437 1786 3580 1842 idem

1966 1874 2168 1931 dictum
2203 1890 2308 1929 non
2335 1874 2582 1932 eamdem
2611 1876 2721 1931 vim
2766 1877 3003 1933 habere?
3030 1877 3165 1933 Nam
3196 1880 3241 1934 si
3272 1878 3465 1934 eodem
3493 1894 3584 1935 ac-

1966 1967 2230 2039 cipiamus
2256 1967 2437 2032 modo,
2470 1966 2600 2023 nihil
2629 1967 2883 2025 dill‘erent
2905 1970 3135 2039 apostoli
3158 1986 3187 2025 a
3209 1969 3447 2026 Christo.
3472 1969 3584 2027 Cur

1969 2075 2131 2129 patro
2156 2060 2261 2124 ait,
2292 2057 2442 2113 Tunc
2467 2060 2823 2131 cognoscetis?
2849 2060 2983 2129 Quia
3015 2071 3145 2119 tunc
3175 2062 3425 2118 viderunt
3456 2077 3580 2118 eum

1968 2151 2331 2207 resurrexisse
2356 2160 2409 2207 et
2436 2168 2619 2208 secum
2649 2155 2875 2208 versari.
2906 2153 3057 2210 Tunc
3080 2171 3264 2211 veram
3297 2155 3457 2211 iidem
3495 2154 3582 2209 di—

1966 2243 2237 2299 dicerunt.
2286 2243 2475 2315 Magna
2518 2244 2718 2315 quippe
2762 2244 2994 2315 Spiritus
3039 2247 3211 2302 virtus
3258 2255 3412 2313 erat,
3462 2263 3583 2318 qua:

1968 2339 2149 2393 tnunia
2177 2337 2409 2393 docebat
2440 2337 2578 2391 illos.
2612 2335 2704 2392 21.
2737 2338 2838 2405 Qui
2880 2339 3029 2393 habet
3073 2342 3317 2393 mundata
3345 2355 3491 2405 utea,
3535 2350 3582 2393 et

1967 2441 2131 2485 servat
2168 2448 2247 2494 eo,
2276 2430 2366 2484 ille
2390 2440 2463 2484 est
2489 2431 2575 2500 qui
2604 2430 2774 2501 diligit
2806 2449 2904 2505 me.
2934 2432 3052 2489 Non
3075 2435 3219 2489 enim
3252 2432 3449 2489 suilicit
3483 2435 3579 2486 lm—

1968 2522 2099 2578 bere
2127 2530 2325 2587 sutum,
2349 2520 2445 2577 sed
2470 2521 2624 2577 nobis
2640 2533 2888 2578 accurata
2912 2539 3047 2595 epos
3069 2539 3155 2582 eSt
3178 2525 3448 2581 custodia.
3471 2524 3582 2581 Cur

1967 2629 2145 2669 autem
2179 2614 2283 2671 hoc
2307 2616 2483 2686 ipsum
2516 2613 2624 2669 illis
2653 2628 2800 2685 saipe
2829 2615 3003 2672 dicit?
3030 2628 3080 2673 ut
3100 2660 3114 2683 ,
3147 2617 3210 2673 Si
3239 2616 3453 2689 diligitis
3480 2633 3577 2683 me,

1969 2710 2211 2761 mandatu
2232 2724 2342 2763 utea
2368 2717 2585 2778 servate;
2602 2717 2674 2773 el,
2701 2696 2803 2777 Qui
2819 2710 2967 2765 habet
2989 2720 3242 2781 prwcepta
3262 2728 3392 2777 mra,
3406 2722 3455 2764 et
3470 2727 3581 2764 ser-

1967 2812 2049 2854 rnt
2070 2818 2153 2866 ea;
2170 2811 2245 2868 et,
2270 2802 2329 2858 Si
2347 2804 2461 2874 quis
2476 2805 2695 2860 audierit
2722 2821 3006 2860 sermonem
3024 2822 3211 2873 meum,
3234 2815 3283 2859 et
3309 2806 3581 2860 servaret-it

1968 2910 2102 2961 ριιιιι,
2122 2894 2209 2949 ille
2223 2906 2294 2949 est
2318 2896 2404 2965 qui
2424 2896 2590 2969 diligit
2611 2913 2689 2951 me
2712 2911 2731 2951 :
2750 2896 2837 2967 qui
2858 2912 2958 2951 non
2978 2889 3121 2951 audit
3139 2913 3396 2952 sermones
3419 2914 3578 2964 meos,

1969 3002 2070 3038 non
2101 2984 2270 3057 diligit
2298 3003 2377 3041 me
2407 2985 2591 3060 (Joun.
2628 2988 2717 3043 11.
2750 2987 2842 3043 25.
2872 2987 3001 3060 21).
3032 2985 3168 3043 Puto
3200 2988 3348 3043 illum
3396 2988 3585 3043 subin-

1969 3077 2149 3133 dicare
2182 3078 2397 3133 illorum
2430 3095 2743 3136 tttmrorcm.
2775 3081 2910 3148 Quia
2942 3083 3086 3135 cuitu
3119 3080 3187 3136 de
3216 3092 3389 3137 morte
3416 3081 3581 3136 multa

1970 3168 2382 3240 pitiiOSOltilalllS
2410 3181 2551 3235 erat,
2586 3172 2773 3228 dicens
2800 3191 2813 3228 :
2848 3173 2950 3240 Qui
2981 3172 3087 3227 odit
3112 3172 3337 3227 animam
3364 3191 3510 3227 suam
3531 3174 3583 3229 in

1970 3264 2064 3317 hoc
2088 3264 2299 3327 mundo,
2335 3264 2386 3317 in
2420 3265 2573 3319 vitam
2598 3277 2841 3321 azternam
2864 3266 3112 3322 custodiet
3132 3283 3245 3323 eam
3276 3266 3457 3340 (Joan.
3496 3266 3581 3323 12.

1970 3356 2100 3428 25);
2132 3366 2187 3411 ct
2206 3401 2218 3421 ,
2256 3356 2376 3413 Nisi
2405 3361 2517 3423 quis
2546 3364 2793 3430 acceperit
2825 3377 3023 3415 crucem
3052 3377 3228 3426 suam,
3261 3371 3310 3416 et
3346 3373 3584 3433 sequatur

1970 3466 2078 3514 me,
2108 3467 2209 3503 non
2235 3461 2307 3506 est
2337 3468 2416 3504 me
2450 3444 2632 3523 dignus
2667 3450 2882 3523 (.llttttit.
2915 3451 3001 3509 10.
3029 3453 3123 3523 58)
3150 3471 3163 3517 ;
3197 3455 3455 3524 pluraque
3483 3455 3582 3507 ad-

1971 3540 2074 3602 huc
2098 3542 2338 3597 dicturus
2357 3553 2495 3607 erat,
2520 3545 2853 3611 exprobrans
2875 3545 2954 3598 eis
2975 3544 3103 3600 dicit
3130 3563 3141 3597 :
3170 3545 3375 3601 Putatis
3399 3560 3493 3600 vos
3515 3560 3579 3601 ex

1969 3647 2155 3687 amore
2187 3633 2367 3688 tristes
2388 3636 2549 3689 esse?
2579 3636 2694 3690 Non
2727 3637 2929 3691 lt‘islari
2962 3638 3138 3706 potius
3165 3638 3472 3693 tli'cctiouis
3498 3654 3584 3693 es-

1967 3734 2051 3780 set
2095 3725 2373 3779 iudicium.
2406 3727 2540 3795 Quia
2574 3739 2755 3783 autem
2795 3726 2924 3782 illud
2968 3730 3081 3783 vult
3107 3729 3325 3785 efficere
3349 3772 3363 3797 ,
3410 3730 3460 3785 in
3491 3744 3582 3785 se-

1967 3815 2257 3887 quentibus
2286 3817 2334 3871 id
2361 3819 2573 3888 repetit.
2610 3818 2671 3874 Si
2698 3821 2830 3874 enim
2856 3820 3133 3892 (liligrretis
3154 3838 3231 3875 me
3250 3864 3265 3888 ,
3294 3822 3581 3893 gauderetis

1966 3912 2173 3978 utique,
2211 3912 2332 3981 quia
2358 3910 2427 3964 uti
2462 3909 2668 3965 Patrem
2698 3912 2847 3965 ratio.
2878 3911 3032 3967 Nunc
3067 3923 3248 3969 autem
3282 3930 3391 3983 pra:
3432 3926 3579 3969 metu

1960 4005 2019 4062 id
2049 4005 2316 4075 patimini.
2351 4006 2504 4072 Quod
2529 4020 2661 4061 vero
2692 4007 2833 4061 circa
2863 4017 3093 4063 mortem
3123 4008 3202 4063 sic
3229 4008 3543 4064 alliciamiui
3562 4050 3576 4074 ,

1966 4111 2077 4152 non
2098 4106 2182 4152 est
2202 4113 2390 4152 eorum
2414 4097 2501 4167 qui
2524 4096 2897 4153 mandatorum
2922 4115 3163 4153 meorum
3192 4099 3577 4155 reccrdautur:

1967 4197 2245 4258 aportcret
2274 4190 2417 4244 cnim
2448 4204 2542 4245 vos
2573 4190 2813 4262 σικιιείίίςὶ
2836 4231 2851 4256 ,
2895 4192 2939 4245 si
2971 4207 3097 4245 vere
3135 4192 3431 4260 diligeretis
3468 4207 3576 4247 me.

1966 4279 2078 4336 Vos
2105 4281 2248 4336 enim
2281 4281 2525 4337 hortatus
2562 4297 2684 4338 sum
2706 4324 2720 4347 ,
2763 4292 2822 4337 ut
2858 4298 2964 4337 non
3004 4283 3239 4339 timentis
3266 4283 3333 4336 ab
3361 4283 3452 4347 iis,
3487 4284 3575 4352 qui

1966 4372 2221 4427 occidunt
2247 4386 2475 4443 corpus:
2498 4373 2657 4429 Tales
2687 4374 2847 4431 Pater
2884 4384 3063 4443 amat,
3097 4385 3152 4431 et
3192 4391 3294 4445 ego
3331 4391 3473 4429 anno.
3513 4374 3577 4429 Et

1966 4464 2303 4537 manifestubo
2330 4466 2402 4519 eis
2428 4465 2696 4537 meipsnm.
2726 4466 2862 4521 Tum
2885 4465 3075 4533 Judas,
3098 4467 3191 4522 2!.
3227 4467 3291 4521 Iit
3314 4468 3457 4535 quid,
3493 4468 3575 4521 in-

1965 4559 2103 4628 quit,
2128 4559 2246 4627 quiu
2270 4562 2683 4630 manifestuturus
2712 4576 2765 4615 es
2788 4560 2932 4617 nobis
2958 4563 3212 4632 leipsum.’

2038 4650 2089 4704 5.
2126 4647 2314 4705 Videu‘
2344 4650 2578 4704 animam
2607 4667 2793 4706 eorum
2819 4668 2849 4706 a
2875 4654 3068 4708 timore
3092 4653 3384 4708 obrutam?
3416 4653 3575 4710 Com-

1964 4750 2144 4795 motus
2189 4741 2541 4813 tnrbatttsqnc
2569 4754 2682 4807 est,
2722 4760 2785 4800 ac
2824 4746 3083 4815 putabat,
3116 4748 3253 4802 sicut
3286 4746 3336 4802 in
3370 4749 3577 4803 somnis

1966 4845 2210 4890 mortuos
2239 4836 2503 4901 videmus,
2534 4837 2613 4892 sic
2641 4837 2789 4891 illmn
2820 4854 2880 4893 se
2914 4839 3155 4894 visurum
3198 4856 3339 4897 esse.
3374 4840 3451 4897 Ne
3480 4840 3577 4911 igi-

1970 4942 2054 4983 tur
2094 4928 2197 4985 hoc
2239 4929 2663 4999 suspicarentur.
2718 4931 2842 5002 audi
2881 4932 3009 5003 quid
3038 4934 3217 4989 dicat:
3248 4933 3339 4989 25.
3387 4934 3497 5006 Ego
3526 4945 3574 4989 et

1972 5023 2125 5078 l’utcr
2150 5024 2404 5079 veniemus
2432 5024 2501 5077 ad
2527 5041 2662 5089 eum,
2690 5036 2736 5078 et
2762 5027 3074 5081 mansionem
3105 5028 3246 5097 apud
3272 5044 3385 5083 eum
3417 5029 3576 5101 facie-

1963 5133 2077 5171 mus
2105 5131 2124 5169 :
2157 5131 2219 5167 ac
2246 5114 2292 5170 si
2322 5115 2563 5181 diceret,
2590 5116 2741 5171 Sicut
2772 5116 2930 5173 Pater
2966 5117 3274 5173 manifestat
3298 5118 3533 5189 st-ipsum
3555 5161 3571 5183 ,

1995 5209 2042 5263 ie
2081 5218 2135 5264 et
2164 5225 2283 5278 ego.
2315 5208 2500 5278 Neque
2532 5209 2635 5266 ltnc
2678 5212 3079 5277 tantummodo,
3114 5212 3209 5268 sed
3237 5215 3397 5269 etiam
3430 5216 3571 5285 quod

1961 5302 2241 5371 adeCt-rit,
2266 5301 2392 5356 Matt
2424 5305 2588 5357 ioucm
2612 5306 2753 5373 apud
2770 5323 2884 5360 eum
2904 5306 3168 5379 faciemus,
3194 5323 3409 5363 omnem
3438 5309 3573 5362 tollit

1962 5396 2323 5464 Suspicionem
2352 5415 2365 5450 :
2401 5397 2453 5451 id
2485 5399 2683 5468 quippe
2724 5416 2830 5453 non
2860 5400 2925 5455 ad
2962 5401 3171 5455 somnia
3206 5402 3456 5471 pertinet.
3490 5402 3570 5457 'l'u

1960 5503 2090 5541 vero
2118 5487 2246 5541 tuihi
2298 5489 2598 5557 perpendas
2623 5490 2947 5560 discipulum
2976 5502 3031 5548 et
3068 5494 3335 5548 turbatunt
3378 5504 3432 5548 et
3462 5511 3567 5547 uno

1960 5581 2246 5635 audentem
2284 5583 2431 5637 clare
2470 5583 2651 5638 dicere
2695 5584 2838 5655 quod
2878 5586 3151 5656 cupiebat.
3195 5588 3377 5657 Neque
3418 5588 3563 5643 enim

1958 5674 2131 5727 dixit:
2169 5671 2259 5724 Va:
2291 5673 2467 5738 nobis,
2501 5675 2646 5744 quod
2678 5677 2950 5744 moriaris,
2986 5688 3041 5732 et
3068 5678 3136 5733 ita
3169 5680 3323 5734 nobis
3350 5681 3562 5748 appuli-

1959 5775 2112 5821 tnrus
2143 5782 2200 5821 es
2230 5776 2288 5822 ιιι
2314 5768 2511 5821 mortui
2538 5782 2818 5837 apparent.
2851 5768 2965 5823 Non
2998 5771 3076 5825 sie
3118 5772 3241 5837 ille,
3273 5774 3399 5837 sed,
3434 5772 3568 5837 Quid

1958 5872 2030 5915 est
2062 5863 2179 5931 quia
2206 5860 2618 5932 ntanifcstuturus
2642 5877 2691 5917 cs
2713 5863 2856 5918 nobis
2878 5863 3114 5935 Ieipsmn,
3146 5882 3191 5920 ιί
3220 5883 3318 5921 non
3344 5864 3568 5919 munde!
