4040 6418
569 354 669 406 ιυἸ

563 460 696 515 Dicit
726 471 854 527 ergo
876 499 889 521 ,
917 457 1022 511 Vos
1047 466 1294 526 acceptos
1323 456 1494 510 habeo
1513 498 1528 521 ,
1557 456 1679 524 quia
1705 470 1800 509 vos
1828 453 2131 508 mandatum

563 566 735 604 tnetmt
758 549 998 603 seruilis.
1027 547 1101 601 Ne
1122 549 1261 601 enim
1286 556 1466 616 postea
1491 547 1728 601 videntes
1752 550 1945 616 Ipsum,
1969 545 2138 614 phan-

563 651 729 694 tasma
757 656 816 693 se
842 639 1021 694 videre
1051 648 1292 708 putarent
1318 678 1333 703 ,
1381 638 1501 692 ideo
1540 637 1654 691 haec
1681 637 1938 706 praedicit.
1975 636 2036 690 Et
2068 649 2136 689 ne

558 743 644 793 eo,
675 742 780 798 quo
809 729 919 782 dixi
940 768 955 792 ,
997 728 1156 784 modo
1187 729 1356 798 ipsum
1394 729 1756 798 appariturum
1799 742 1918 782 esse
1943 727 2132 796 opina-

561 828 771 884 rentur,
800 833 1013 872 causam
1056 819 1270 888 apponit
1293 859 1307 881 ,
1337 817 1476 888 quod
1507 832 1698 887 uetupe
1737 817 1988 872 mandata
2017 817 2134 887 ejus

560 917 855 970 servarent,
881 908 1008 962 dicit
1035 910 1192 971 etiam
1233 908 1485 977 Spiritum
1517 916 1759 964 sanctum
1791 909 1867 963 sic
1908 909 2012 963 illis
2036 922 2134 975 ap-

560 1000 851 1066 pariturum
870 1014 1008 1054 esse.
1027 1000 1176 1067 Quod
1195 1001 1238 1054 si
1255 1008 1400 1054 tanto
1420 1011 1656 1070 tempore
1675 1015 1794 1054 cum
1815 1000 1902 1053 illo
1917 1000 2129 1064 versati,

560 1090 700 1144 illam
725 1091 1073 1144 substantiam
1100 1105 1205 1144 non
1236 1089 1432 1158 ferunt,
1468 1091 1573 1145 imo
1599 1107 1664 1145 ne
1694 1091 1992 1161 intelligunt
2018 1093 2135 1161 qui-

557 1179 676 1232 dem
701 1196 714 1242 ;
742 1178 866 1247 quid
888 1179 1121 1234 futurum
1145 1190 1258 1236 erat
1280 1182 1322 1235 si
1349 1182 1416 1235 ab
1443 1182 1592 1236 initio
1617 1182 1697 1238 sic
1724 1182 1827 1236 illis
1856 1183 2134 1252 apparuis-

556 1269 676 1323 set?
707 1267 825 1324 Ideo
849 1284 968 1324 cum
997 1271 1101 1326 illis
1122 1272 1373 1339 comedit,
1401 1288 1467 1328 ne
1494 1275 1808 1343 phantasma
1839 1288 1958 1329 esse
1984 1281 2134 1343 pute-

556 1372 660 1417 tur.
691 1362 819 1417 Nam
862 1365 905 1418 si
945 1379 1124 1433 super.
1151 1380 1316 1434 aquas
1356 1366 1717 1420 ambulantem
1753 1364 1995 1421 videntes
2019 1408 2032 1427 ,
2080 1365 2130 1420 id

555 1455 944 1519 existimarunt,
977 1457 1097 1510 licet
1127 1457 1266 1510 idem
1290 1457 1465 1511 vultus
1491 1473 1553 1510 ac
1572 1459 1778 1526 species
1802 1457 2126 1523 viderentur,

557 1560 652 1597 nec
673 1546 896 1599 multum
922 1545 1140 1600 distaret
1171 1547 1291 1612 ille;
1324 1546 1447 1616 quid
1476 1563 1578 1600 non
1605 1549 1856 1616 suSpEcati
1886 1549 2127 1613 fuis~eut,

552 1637 594 1688 si
623 1639 796 1691 szatim
827 1639 1086 1693 vidissent
1116 1639 1260 1693 illum
1301 1652 1662 1710 resurgentem
1684 1683 1700 1706 ,
1733 1656 1886 1709 quem
1916 1648 2128 1710 captum

555 1730 802 1784 viderant
827 1741 880 1786 et
903 1732 1231 1786 involutum?
1260 1733 1547 1802 Propterea
1583 1732 1889 1802 frequenter
1915 1733 2043 1787 dicit
2070 1735 2130 1786 il-

551 1824 613 1880 lis
635 1840 693 1879 se
720 1826 1083 1895 appariturum
1110 1842 1250 1892 esse,
1279 1843 1395 1895 cur,
1421 1838 1475 1884 et
1503 1829 1769 1899 quomodo
1790 1830 2130 1898 appariturus

550 1920 638 1977 sit.
678 1934 744 1974 ne
776 1919 922 1974 illum
953 1935 1073 1976 esse
1099 1921 1413 1991 phantasma
1440 1930 1645 1991 putem.
1675 1922 1763 1977 ει.
1801 1923 1900 1988 Qui
1926 1941 2025 1977 non
2051 1925 2134 1977 dio

551 2010 662 2078 ligit
681 2025 778 2074 me,
802 2027 1052 2065 sermones
1074 2029 1206 2066 meos
1236 2029 1336 2066 non
1364 2023 1544 2067 servat.
1587 2011 1650 2066 Et
1673 2031 1834 2067 sermo
1859 2031 2006 2084 quem
2031 2031 2125 2068 au-

549 2101 712 2167 distis,
749 2117 848 2154 non
882 2110 954 2156 est
982 2119 1146 2166 meus,
1182 2104 1269 2157 sed
1296 2105 1406 2173 ejus
1429 2105 1516 2173 qui
1545 2106 1680 2158 misit
1707 2121 1801 2158 me.
1833 2105 2010 2172 Itaque
2038 2107 2125 2175 qui

547 2191 663 2247 lucc
682 2193 838 2248 verba
859 2209 962 2249 non
988 2195 1152 2261 audit,
1176 2211 1272 2250 nec
1291 2212 1396 2261 mei
1428 2212 1525 2251 nec
1547 2196 1759 2252 Patrem
1783 2197 1972 2269 diligit.
1997 2199 2125 2253 Nam

546 2285 588 2337 si
613 2283 711 2340 hoc
731 2284 1028 2340 dilectionis
1045 2287 1253 2357 signum
1274 2298 1353 2343 est
1371 2331 1385 2352 ,
1404 2288 1588 2370 audire
1616 2288 1881 2354 mandata,
1907 2292 2126 2360 ipsaque

547 2378 718 2434 Patris
732 2389 879 2445 sunt;
901 2382 986 2452 qui
1009 2383 1174 2447 audit,
1195 2396 1299 2436 non
1324 2381 1513 2437 Filium
1535 2383 1716 2449 modo,
1734 2383 1825 2438 sed
1845 2385 2002 2438 etiam
2023 2385 2125 2438 Pa-

549 2479 681 2525 trem
696 2483 858 2524 amat.
871 2472 1147 2539 Quomodo
1161 2488 1338 2527 sermo
1353 2483 1471 2528 tuus
1484 2483 1559 2528 est
1572 2515 1586 2537 ,
1603 2484 1774 2528 etnon
1794 2473 1939 2528 tuus?
1954 2476 2004 2528 Id
2023 2484 2121 2541 est,

547 2564 684 2618 Nihil
717 2575 865 2620 extra
892 2565 1098 2619 Patrem
1125 2568 1332 2637 loquor,
1364 2582 1536 2637 neque
1564 2568 1833 2637 proprium
1856 2567 2123 2637 quidpiam

546 2663 738 2723 praeter
781 2656 1030 2723 placitum
1069 2656 1207 2724 ejus.
1249 2658 1338 2712 25.
1387 2655 1512 2710 Ha‘c
1543 2657 1777 2726 loquutus
1816 2674 1924 2710 sum
1953 2658 2122 2724 vobis,

542 2747 681 2815 apud
723 2761 808 2799 vos
849 2763 1073 2800 manens.
1124 2747 1254 2816 Quia
1301 2747 1415 2801 haec
1452 2747 1677 2803 obscura
1721 2756 1908 2814 erant,
1942 2759 1994 2802 et
2023 2750 2123 2803 alia

546 2851 650 2888 non
682 2834 1066 2904 iutelligebaut,
1103 2838 1153 2890 in
1178 2837 1517 2908 pluribusque
1539 2837 1884 2903 dubitabant;
1917 2855 1984 2894 ue
2009 2856 2123 2894 rur-

545 2943 632 2983 sus
663 2929 1018 2994 turbarentur,
1049 2946 1180 2986 neve
1201 2931 1458 2993 dicerent.
1490 2932 1618 2999 Qua:
1648 2935 1952 3004 przecepm?
1981 2935 2122 2989 omni

545 3020 812 3075 anxietate
838 3021 1028 3087 eripuit
1053 3022 1169 3075 illos
1189 3063 1203 3087 ,
1242 3022 1425 3077 dicens
1448 3039 1462 3076 :
1494 3024 1581 3078 26.
1615 3022 1909 3078 Paraclrtus
1934 3035 2119 3088 autem,

544 3126 686 3179 quem
718 3113 873 3172 mittet
898 3111 1054 3166 Pater
1072 3114 1122 3166 in
1151 3115 1350 3168 nomine
1387 3132 1518 3181 meo,
1550 3116 1637 3169 ille
1665 3131 1749 3170 vos
1779 3117 1991 3170 docebit.
2021 3116 2128 3172 Ob-

545 3216 697 3255 scura
730 3202 863 3257 forte
891 3220 1028 3257 nunc
1056 3204 1206 3259 vobis
1233 3206 1510 3272 dicuntur;
1539 3207 1630 3261 scd
1656 3207 1843 3263 doctor
1875 3208 1962 3263 ille
1982 3209 2127 3265 clare

547 3306 641 3346 vos
670 3292 898 3347 docebit.
933 3294 1060 3348 lllttd
1087 3305 1263 3350 autem
1286 3337 1298 3358 ,
1327 3295 1479 3364 Apud
1507 3314 1591 3352 vos
1619 3300 1855 3362 manebit,
1887 3299 2129 3354 subindi-

542 3391 626 3435 cat
646 3396 704 3436 se
724 3383 987 3438 abiturum
1011 3400 1147 3440 esse.
1178 3387 1376 3442 Deinde
1395 3403 1459 3442 ne
1484 3389 1784 3454 tristentur,
1813 3393 1885 3444 ait
1910 3410 1921 3445 :
1950 3392 2126 3447 Donec

544 3468 678 3540 apud
716 3475 829 3528 ilios
865 3476 975 3545 ipse
1002 3479 1284 3543 manserit,
1321 3494 1421 3534 nec
1456 3479 1684 3548 Spiritus
1713 3485 1949 3548 venerit,
1994 3485 2122 3538 nihil

549 3578 793 3632 magnum
824 3566 906 3620 vel
935 3567 1158 3623 sublime
1190 3579 1439 3639 poterunt
1465 3571 1775 3641 intelligere.
1811 3575 1931 3628 ll:ce
1965 3591 2123 3645 porro

545 3651 672 3706 dicit
703 3654 819 3708 illos
847 3669 1150 3726 pr.rparans
1188 3670 1244 3714 ut
1277 3653 1736 3736 secessumsumn
1763 3681 2021 3734 generose
2050 3666 2125 3723 fe-

545 3753 685 3811 rant,
715 3755 895 3815 utpote
920 3750 1006 3819 qui
1032 3765 1217 3820 magna
1241 3752 1370 3823 ipsis
1390 3753 1528 3808 bona
1556 3755 1935 3811 conciliaturus
1957 3772 2118 3813 esset.

546 3835 874 3906 Frequenter
897 3856 1023 3896 vero
1048 3843 1375 3899 Paracletum
1402 3859 1576 3910 vocat,
1603 3848 1671 3902 ob
1699 3865 1982 3912 avrumnas,
2009 3853 2096 3920 qui

544 3929 642 3982 bus
671 3937 794 3985 tunc
824 3932 1214 4002 affligebantur.
1247 3936 1376 4002 Quia
1419 3939 1578 4007 igitur
1610 3938 1690 3993 his
1720 3941 1913 3994 auditis
1946 3942 2122 3996 turba-

545 4018 756 4088 bantur,
789 4023 1080 4092 cogitantes
1109 4027 1398 4095 molestias,
1431 4029 1564 4084 bella
1591 4041 1638 4085 et
1667 4046 1935 4087 secessum
1968 4035 2082 4104 ejus
2103 4076 2118 4100 ,

545 4110 663 4165 vide
689 4113 1106 4181 quomodo-illos
1132 4119 1331 4173 soletur
1353 4121 1542 4175 iterum
1569 4122 1752 4178 dicens
1778 4141 1792 4178 :
1819 4124 1905 4177 ‘27.
1939 4125 2120 4181 Pacem

542 4201 766 4272 relinquo
796 4205 930 4260 vobis
953 4222 972 4258 .·
998 4222 1059 4262 ac
1081 4209 1123 4262 si
1152 4209 1371 4276 diceret,
1404 4212 1539 4280 Quid
1571 4215 1746 4269 damni
1777 4218 1924 4271 vobis
1964 4221 2065 4272 erit
2091 4235 2120 4274 a

546 4293 1029 4358 perturbationibus
1059 4299 1269 4366 mundi,
1305 4303 1347 4355 si
1387 4318 1570 4372 parem
1613 4321 1817 4360 mecum
1848 4307 2122 4364 habeatis?

541 4381 723 4452 Neque
767 4386 906 4440 enim
953 4389 1069 4442 talis
1110 4389 1222 4445 lucc
1253 4407 1353 4460 pax
1400 4404 1501 4448 erit.
1553 4395 1784 4452 Externa
1834 4415 1933 4468 pax
1980 4402 2118 4456 enim

541 4476 840 4543 perniciosa
864 4493 1005 4548 saepe
1036 4491 1118 4536 est
1145 4491 1198 4537 et
1221 4485 1447 4552 inutilis,
1483 4489 1716 4559 nihilque
1739 4493 1991 4560 prodest:
2021 4512 2119 4565 ego

540 4581 668 4621 vero
698 4569 852 4624 talem
876 4574 1025 4626 vobis
1055 4573 1124 4626 do
1156 4590 1368 4643 pacem,
1401 4588 1453 4631 ut
1480 4580 1620 4634 illam
1655 4592 1838 4636 mutuo
1866 4590 2113 4655 servetis,

540 4658 678 4724 quod
704 4674 800 4714 vos
830 4659 1077 4718 fortiores
1104 4665 1317 4723 efﬁciet.
1347 4669 1453 4723 Sed
1483 4673 1602 4739 quia
1636 4689 1844 4728 rursum
1871 4676 2109 4746 dixerat,

543 4747 807 4820 Relinque,
838 4755 973 4824 quod
996 4757 1295 4814 recedentis
1322 4773 1453 4825 erat,
1481 4765 1700 4835 illosque
1724 4768 1937 4824 turbare
1963 4782 2114 4840 pote-

541 4850 642 4907 rat,
677 4842 795 4897 ideo
823 4860 1027 4900 rursum
1055 4850 1126 4902 ait
1154 4869 1166 4903 :
1201 4851 1316 4905 Non
1341 4854 1564 4908 turbetur
1591 4873 1676 4909 cor
1698 4870 1931 4923 vestrum,
1962 4880 2117 4932 mque

540 4934 795 5000 formidet.
827 4934 1012 4990 Videu’
1038 4954 1130 4992 eos
1153 4943 1337 5008 partim
1363 4959 1565 5007 amore,
1598 4950 1786 5014 partim
1821 4962 1965 5004 mctu
2001 4963 2113 5005 tur-

538 5023 692 5079 batos
720 5027 874 5082 esse?
902 5030 990 5082 28.
1023 5031 1247 5085 Audistis
1276 5038 1392 5103 quia
1420 5054 1508 5106 ego
1537 5041 1643 5093 dixi
1669 5044 1834 5108 vobis,
1882 5043 2023 5098 l’ado
2051 5048 2115 5100 ad

539 5112 773 5180 Patrem,
805 5128 850 5171 et
888 5121 1026 5173 venio
1060 5121 1125 5174 ad
1162 5139 1266 5177 vos.
1305 5124 1366 5178 Si
1396 5126 1666 5196 diligentis
1692 5150 1801 5198 me,
1831 5136 2115 5205 gauderetis

536 5216 726 5274 utique,
749 5212 866 5274 quia
887 5214 1013 5266 vado
1038 5216 1105 5268 ad
1133 5214 1338 5272 Patrem
1360 5237 1377 5272 :
1402 5222 1520 5288 quia
1552 5222 1705 5278 Pater
1731 5230 1895 5297 major
1924 5246 2000 5282 me
2020 5240 2110 5284 est.

539 5297 602 5351 Et
623 5299 760 5367 quod
783 5303 1027 5369 gaudium
1055 5307 1152 5362 hoc
1178 5309 1303 5377 ipsis
1324 5312 1608 5367 allaturum
1631 5318 1778 5370 erat?
1804 5335 1960 5390 quam
1985 5337 2113 5375 cou-

533 5389 847 5444 solationcm
868 5394 890 5445 ‘l

606 5483 661 5534 4.
705 5482 968 5549 Quomodo
1006 5488 1234 5545 Cltristus
1275 5495 1336 5547 de
1379 5513 1430 5548 se
1458 5497 1698 5566 loquens,
1743 5502 2108 5569 discipulorum

532 5573 862 5629 imbecillitati
905 5596 1180 5636 sermonem
1211 5597 1522 5657 attemperet.
1557 5591 1669 5656 Qua
1711 5596 1903 5648 ratione
1952 5596 2108 5651 Pater

528 5667 594 5717 iit
612 5669 774 5735 major
795 5668 947 5723 Ii'ilio.
970 5677 1187 5740 —Quid
1209 5679 1305 5733 sibi
1332 5683 1439 5735 vult
1459 5683 1555 5738 hoc
1575 5685 1771 5738 dictum
1792 5688 1813 5738 ἰ)
1838 5688 2104 5744 Nihildum

533 5773 782 5816 uoverant
812 5762 877 5818 dc
909 5771 1290 5826 resurrectione
1317 5817 1329 5837 ,
1373 5790 1543 5846 neque
1583 5776 1651 5833 de
1697 5779 1906 5836 Christo
1946 5797 2059 5838 eam
2083 5827 2097 5849 ,

1297 342 1347 398 S.
1385 340 1661 398 ,ΙΟΑΝΜΒ
1690 337 2157 395 ωιιιγεοδτοιιι
2199 339 2516 395 ABCHLEP.
2556 342 3087 404 CONs’l'ANTlNUP.

3744 363 3841 417 103

2247 467 2404 521 quam
2454 469 2550 524 par
2599 466 2734 522 erat,
2794 460 3101 527 Opinionem
3155 462 3426 522 habebant
3480 487 3492 522 :
3543 470 3838 538 (quomodo

2241 549 2384 598 enim
2417 545 2747 617 habuissent,
2778 553 2869 620 qui
2903 567 2970 608 ne
3000 554 3246 611 sciebant
3269 559 3486 628 quidem
3509 560 3685 630 ipsum
3718 580 3839 621 esse

2242 638 2727 711 resurrecturum?)
2751 640 2962 696 Patrem
2985 659 3113 699 vero
3134 662 3382 718 magnum
3400 665 3522 706 esse
3553 655 3832 720 putabant.

2243 728 2378 784 Dicit
2409 745 2536 801 ergo
2573 749 2587 784 :
2620 731 2681 787 Si
2710 734 2839 788 mihi
2873 736 3105 802 timetis,
3148 741 3300 810 quasi
3348 757 3456 796 non
3494 744 3709 800 valeam
3754 763 3837 801 me

2243 822 2398 886 tueri,
2430 839 2602 893 neque
2627 826 2896 882 confiditis
2920 844 3003 884 me
3031 842 3149 900 post
3175 848 3390 888 erucem
3425 850 3458 891 ι
3490 837 3646 892 vobis
3681 854 3834 906 νοις-δ

2239 914 2410 970 videri
2433 932 2447 976 ;
2500 925 2674 971 tamen
2702 918 2982 975 audientes
3009 937 3095 977 me
3121 923 3186 978 ad
3217 924 3432 981 Patrem
3459 926 3541 982 ire
3561 968 3578 995 ,
3599 929 3832 998 gaudere

2241 1007 2452 1062 tandem
2502 1011 2770 1078 oportuit,
2799 1013 2920 1082 quia
2950 1015 3017 1068 ad
3047 1016 3302 1086 majorem
3338 1020 3508 1087 vado,
3543 1023 3833 1088 omniaque

2240 1098 2376 1151 mala
2418 1099 2549 1153 solvi
2575 1112 2816 1168 possunt.
2862 1101 2960 1158 Vos
2988 1105 3204 1160 audistis
3223 1149 3237 1172 ,
3267 1111 3385 1178 quia
3409 1126 3501 1182 ego
3529 1111 3643 1166 dixi
3671 1111 3832 1164 vobis.

2237 1187 2344 1241 Cur
2377 1187 2478 1244 huc
2506 1191 2748 1260 adjecit?
2775 1192 2846 1251 Ita
2876 1197 3042 1265 gestis
3063 1199 3222 1254 rebus
3246 1202 3458 1256 eonlido
3479 1244 3494 1268 ,
3529 1203 3704 1273 inquit
3727 1243 3743 1270 ,
3779 1211 3836 1256 ut

2239 1279 2528 1347 praedicere
2569 1298 2671 1336 nou
2713 1300 2922 1340 verear.
2969 1287 3061 1344 29.
3091 1289 3202 1347 lloc
3230 1308 3390 1364 ergo,
3423 1303 3478 1350 et
3504 1312 3623 1367 qua-
3655 1297 3832 1349 futura

2237 1378 2380 1436 Sunt,
2410 1369 2528 1424 Dixi
2559 1375 2694 1427 vobis
2716 1377 3011 1449 priusquam
3040 1381 3184 1448 ﬁunt,
3221 1393 3273 1436 ut
3294 1401 3409 1438 cum
3445 1391 3584 1455 facta
3613 1387 3829 1454 (nimim,

2235 1463 2451 1518 credatis
2470 1508 2486 1533 ,
2514 1468 2633 1536 quia
2662 1484 2762 1540 ego
2788 1486 2906 1526 sum
2940 1489 2953 1526 :
2985 1488 3048 1529 ac
3077 1476 3120 1529 si
3148 1475 3352 1534 diceret
3381 1497 3397 1536 :
3422 1479 3559 1534 Num
3592 1481 3828 1546 sciretis,

2237 1556 2335 1609 nisi
2372 1573 2470 1625 ego
2508 1559 2784 1617 dicerem?
2822 1579 2998 1635 neque
3040 1567 3272 1624 dicerem
3295 1612 3310 1635 ,
3343 1572 3440 1626 nisi
3471 1572 3830 1629 confiderem.

2240 1645 2422 1701 Viden’
2455 1664 2760 1706 sermonem
2802 1656 3106 1712 auditorum
3151 1662 3329 1730 captui
3368 1667 3832 1728 attemperatum‘.’

2233 1735 2363 1791 Nam
2392 1752 2514 1794 cum
2541 1741 2667 1796 dicit
2691 1783 2705 1806 ,
2743 1742 2964 1812 Putatis,
2996 1751 3114 1816 quia
3139 1765 3241 1804 non
3268 1767 3474 1820 possum
3503 1768 3690 1824 rogare
3724 1753 3830 1807 Pa-

2235 1837 2380 1896 trem,
2409 1841 2455 1885 et
2503 1835 2747 1890 exhibebit
2793 1839 2916 1893 milii
2958 1841 3220 1896 duodecim
3261 1843 3483 1914 legiones
3527 1848 3831 1918 angelorum

2239 1919 2460 1990 (Matth.
2502 1924 2592 1981 26.
2637 1928 2767 1999 53)?
2813 1931 3108 1986 secundum
3163 1935 3466 1990 auditorum
3515 1939 3829 2007 opinionem

2234 2011 2480 2081 loquutus
2514 2026 2615 2070 est.
2647 2017 2816 2074 Nemo
2841 2021 2985 2075 enim
3006 2063 3022 2088 ,
3053 2024 3156 2078 etsi
3179 2023 3409 2080 insaniat
3433 2068 3450 2094 ,
3479 2027 3680 2084 dixerit
3705 2046 3828 2085 eum

2232 2121 2335 2157 nou
2379 2109 2612 2175 potuisse
2649 2112 2750 2168 sibi
2791 2129 2947 2181 opem
2987 2114 3158 2182 ferre,
3205 2118 3299 2173 sed
3328 2120 3535 2189 angelis
3561 2136 3702 2192 opus
3729 2121 3829 2177 ha-

2233 2195 2409 2252 lmisse
2447 2215 2671 2254 :verum
2712 2205 2832 2273 quia
2872 2204 3019 2259 illum
3063 2221 3182 2262 esse
3222 2207 3496 2265 hominem
3526 2214 3827 2280 putabant,

2233 2287 2350 2342 ideo
2393 2289 2555 2355 dixit,
2597 2290 2877 2348 Duodecim
2909 2297 3130 2367 legiones
3155 2301 3473 2370 angelorum.
3505 2305 3666 2373 Atqui
3705 2320 3828 2360 cum

2232 2379 2608 2454 interrogasset
2634 2396 2856 2450 tantum,
2884 2390 3106 2459 supinos
3129 2395 3430 2461 prostravit.
3465 2395 3522 2450 Si
3550 2397 3672 2465 quis
3700 2413 3831 2454 vero

2231 2469 2421 2526 dixerit
2446 2475 2703 2543 majorem
2726 2493 2846 2533 es<e
2874 2479 3110 2547 Patrem,
3137 2491 3194 2537 ut
3213 2483 3333 2538 Filii
3359 2486 3680 2556 principium
3709 2488 3787 2560 (a)
3813 2506 3826 2551 ;

2233 2578 2337 2616 non
2371 2562 2492 2619 huic
2522 2567 2968 2625 contradicemus.
2999 2574 3068 2626 At
3099 2572 3200 2628 hoc
3230 2591 3333 2628 nou
3366 2575 3492 2630 facit
3524 2577 3722 2634 Filium
3753 2581 3832 2634 al-

2234 2653 2395 2707 terius
2415 2669 2532 2709 esse
2556 2657 2884 2713 substantiae.
2909 2660 3024 2716 Hoc
3051 2673 3228 2718 autem
3254 2666 3369 2719 νιιΙι
3393 2667 3573 2724 dicere
3599 2687 3613 2723 :
3648 2671 3831 2726 Donec

2231 2741 2316 2797 hic
2344 2744 2515 2808 fuero,
2546 2762 2639 2816 par
2669 2757 2750 2802 cst
2776 2765 2870 2805 vos
2899 2763 3085 2820 putare
3107 2754 3248 2825 quod
3276 2773 3374 2811 nos
3401 2759 3778 2828 periclitemur
3811 2781 3825 2817 :

2229 2834 2271 2887 si
2297 2851 2456 2902 porro
2479 2837 2603 2894 illuc
2625 2840 2834 2908 abeam,
2864 2844 3117 2901 confidite
3147 2863 3242 2902 nos
3265 2849 3315 2902 iu
3349 2859 3644 2919 tutoesse;
3673 2855 3826 2910 ilhnu

2228 2927 2370 2980 enim
2422 2944 2578 2984 nemo
2623 2932 2837 2989 vincere
2887 2946 3082 3004 potest.
3137 2938 3263 2995 Haec
3319 2956 3481 3012 porro
3525 2947 3708 3000 omnia
3761 2949 3827 3003 ad

2228 3019 2609 3088 discipulorum
2642 3025 3004 3082 iutirmi=atmn
3036 3045 3096 3087 se
3123 3032 3411 3089 demittcns
3435 3036 3672 3092 diccbat.
3708 3039 3830 3109 Ipse

2233 3124 2459 3178 namque
2506 3114 2748 3181 c0ulido,
2800 3134 2897 3172 nec
2929 3132 3156 3177 mortem
3185 3139 3336 3180 curo.
3381 3125 3502 3181 Ideo
3537 3128 3612 3182 ait
3648 3147 3662 3184 :
3703 3130 3830 3184 lla'c

2231 3202 2338 3254 diri
2385 3203 2519 3258 vobis
2568 3208 2859 3276 priusquam
2887 3213 3036 3277 ﬁunt.
3069 3214 3201 3281 Quia
3250 3217 3390 3271 enim
3442 3233 3535 3274 vos
3585 3221 3827 3278 nondum

2232 3296 2452 3362 potcsus
2482 3295 2580 3351 hac
2609 3298 2675 3351 de
2706 3315 2763 3354 re
2788 3316 3090 3359 sermonem
3120 3321 3312 3377 capere
3333 3350 3348 3375 ,
3383 3325 3410 3360 a
3446 3310 3624 3376 Patre,
3660 3329 3827 3382 quem

2230 3401 2478 3453 magnum
2511 3391 2806 3457 appellatis.
2850 3397 3269 3452 con-elationem
3299 3401 3507 3456 adduco
3553 3404 3827 3458 Consola-

2232 3487 2313 3530 tus
2345 3479 2649 3548 crgoillos,
2695 3481 2874 3539 tristia
2907 3502 3116 3542 rursum
3160 3489 3315 3545 aﬂ'ert
3361 3511 3374 3546 :
3420 3493 3506 3548 50.
3553 3492 3678 3548 Jum
3723 3513 3828 3551 non

2228 3570 2362 3622 ultra
2413 3573 2590 3638 laquar
2639 3577 2911 3631 vobiscum.
2948 3579 3163 3647 Quare?
3215 3581 3355 3636 Venit
3399 3586 3531 3639 enim
3587 3588 3830 3657 priureps

2228 3661 2378 3728 lmjus
2403 3666 2598 3731 mundi,
2627 3676 2671 3718 et
2697 3670 2748 3722 in
2778 3687 2855 3724 me
2885 3688 2982 3725 non
3012 3675 3157 3727 liabet
3181 3677 3479 3748 quidquam.
3514 3679 3825 3749 Priucipem

2230 3754 2408 3806 uumdi
2458 3756 2724 3812 diabolum
2775 3761 2924 3828 dicit,
2970 3772 3024 3817 et
3067 3765 3338 3835 improbos
3385 3768 3654 3828 homines.
3707 3774 3823 3829 N-m

2228 3844 2369 3896 enim
2402 3847 2532 3901 caelo
2559 3858 2610 3904 et
2635 3863 2790 3906 terra:
2825 3855 3080 3923 imperat,
3113 3873 3233 3911 nam
3263 3861 3440 3915 omnia
3469 3865 3827 3923 evertissctct

2229 3941 2636 4006 px-ustravissct;
2665 3946 2758 3998 sed
2789 3945 2892 4000 illis
2925 3947 3248 4016 dominatur,
3283 3954 3370 4021 qui
3403 3969 3461 4008 se
3494 3955 3568 4009 illi
3595 3956 3824 4013 dedide-

2227 4037 2366 4081 runt.
2403 4029 2525 4086 Ideo
2568 4044 2722 4088 vocat
2763 4037 2906 4091 illum
2954 4040 3248 4109 principem
3284 4045 3627 4101 tenebrarum
3663 4050 3826 4120 hujus

2225 4121 2405 4173 εει-(ξιιιί
2452 4139 2464 4175 :
2513 4125 2761 4179 tenebras
2791 4138 2967 4181 autem
3000 4129 3084 4184 hic
3111 4131 3234 4187 dicit
3279 4135 3414 4188 mula
3449 4152 3634 4204 opera.
3682 4142 3822 4207 Quid

2226 4210 2392 4278 ergo?
2422 4210 2738 4268 dialiolusne
2769 4225 2818 4270 te
2846 4219 3054 4287 perdit?
3097 4222 3314 4278 Minime
3362 4244 3374 4279 :
3418 4229 3550 4282 nihil
3592 4233 3737 4285 enim
3770 4235 3822 4289 in

2227 4317 2309 4354 me
2336 4301 2510 4358 habet.
2539 4303 2644 4359 Cur
2669 4322 2795 4378 ergo
2825 4318 2873 4364 te
2903 4310 2974 4364 illi
3009 4313 3372 4370 interficiunt?
3400 4319 3532 4387 Quia
3560 4321 3630 4375 ita
3663 4326 3785 4378 volo
3807 4368 3822 4389 ,

2226 4403 2277 4446 et
2324 4404 2379 4446 ut
2426 4407 2712 4465 eoguoseat
2743 4402 2988 4466 mundus,
3020 4406 3159 4472 quod
3187 4406 3395 4462 Patrem
3428 4410 3669 4481 diligam.
3704 4415 3820 4469 Non

2224 4485 2361 4536 enim
2391 4490 2528 4555 quod
2554 4490 2654 4543 sim
2685 4495 2838 4544 murti
2865 4495 3148 4561 obnoxius,
3180 4514 3350 4569 neque
3382 4504 3522 4571 quod
3559 4505 3633 4560 illi
3662 4509 3820 4576 quid-

2221 4578 2359 4647 piam
2392 4581 2613 4636 dcbcam
2637 4624 2651 4650 ,
2679 4585 2770 4638 scd
2801 4587 2869 4638 ob
2900 4604 3137 4644 amorem
3171 4607 3294 4661 erga
3323 4594 3535 4649 Patrem
3569 4598 3684 4653 haec
3715 4617 3818 4654 su-

2221 4669 2339 4723 bco.
2379 4671 2489 4727 Hoc
2516 4684 2691 4729 autem
2719 4677 2809 4740 ait,
2847 4691 2903 4732 ut
2933 4681 3121 4734 iterum
3153 4683 3364 4737 illorum
3399 4687 3638 4742 animum
3666 4693 3813 4746 caci-

2223 4771 2292 4815 ιιιι
2316 4807 2329 4824 ,
2363 4776 2415 4816 ut
2441 4766 2669 4833 discant,
2704 4770 2873 4837 ipsum
2907 4789 3008 4825 non
3042 4775 3285 4842 invisum,
3312 4778 3406 4832 sed
3437 4780 3735 4849 lubentem,
3764 4795 3816 4838 et

2220 4853 2488 4909 diabolum
2513 4859 2896 4928 chpicieutem
2922 4865 2986 4918 ad
3015 4869 3113 4920 hoc
3142 4870 3343 4924 venire.
3375 4871 3491 4926 Non
3519 4875 3818 4933 enimsatis

2219 4959 2331 5000 erat
2363 4948 2594 5010 dixisse.
2643 4953 2820 5006 Adliuc
2861 4959 3112 5011 modicum
3163 4971 3360 5030 tempus
3405 4965 3664 5020 vobiscum
3703 4987 3814 5024 sum

2223 5038 2399 5101 (Joan.
2437 5043 2486 5096 7.
2520 5045 2648 5118 53);
2679 5047 2769 5101 sed
2801 5050 2949 5116 illul,
2987 5052 3136 5107 triste
3161 5055 3316 5123 licet,
3351 5041 3662 5128 frequenter
3691 5080 3814 5119 ver-

2218 5140 2318 5197 sat,
2364 5143 2417 5187 et
2450 5135 2572 5204 jure
2617 5139 2870 5206 quidem;
2913 5141 3087 5199 donec
3129 5156 3306 5202 autem
3357 5163 3668 5207 sermonem
3715 5155 3814 5208 illis

2217 5236 2490 5292 acceptum
2537 5229 2742 5295 reddat,
2793 5233 2994 5288 lu-tiora
3041 5237 3324 5294 admiscet.
3370 5241 3494 5297 Ideo
3523 5245 3812 5314 aliquando

2216 5312 2343 5367 dicit
2377 5334 2389 5368 :
2434 5316 2571 5372 Vada
2602 5332 2647 5373 et
2677 5324 2858 5389 renio;
2887 5336 2932 5379 et
2955 5369 2966 5388 ,
2998 5327 3062 5379 Ut
3093 5330 3173 5382 ubi
3200 5348 3292 5401 ego
3316 5349 3450 5397 sum,
3478 5346 3525 5387 et
3556 5352 3642 5389 vos
3667 5339 3814 5401 sitis;

2215 5417 2287 5469 et,
2312 5405 2424 5459 Non
2444 5411 2664 5478 pote‘tis
2687 5428 2770 5467 me
2789 5431 2929 5470 nunc
2950 5420 3123 5489 sequi,
3144 5424 3438 5492 seqncmiui
3463 5435 3641 5480 autem
3673 5443 3809 5498 post-

2276 5606 2437 5678 (ιι).Εᾶ
2463 5610 2617 5682 Solum
2642 5616 2829 5682 ratione
2867 5625 3029 5680 potest
3071 5627 3160 5669 Fat.
3185 5635 3206 5668 r
3256 5623 3404 5682 major
3435 5625 3561 5678 dici;
3596 5629 3692 5674 iam
3718 5644 3804 5674 ιι‹‹·ι

2213 5682 2312 5739 pro,
2336 5673 2612 5741 rieninajor,
2643 5679 2728 5724 sed
2757 5673 2916 5738 prior:
2948 5689 2995 5727 ut
3031 5684 3191 5741 quius
3232 5673 3367 5740 ιιιιιιῖν
3409 5701 3502 5732 non
3532 5673 3604 5734 est
3645 5673 3806 5736 natm!

2212 5735 2358 5802 niait‘ij
2404 5734 2500 5783 tilio
2523 5750 2644 5797 suo,
2694 5734 2782 5787 sed
2829 5754 2956 5802 ιιιον
2993 5734 3192 5792 tantum.
3234 5734 3310 5794 'La
3337 5757 3411 5795 est
3441 5763 3582 5797 meus
3607 5734 3802 5812 t‘iujs'."

2211 5801 2376 5844 sterni.
2615 5826 2628 5843 ι
2831 5801 2839 5802 ί
3043 5835 3045 5838 ‹
