4040 6428
173 367 272 419 t1t‘J

163 493 228 533 ra
268 476 449 546 (Jaan.
485 472 570 528 l3.
603 470 754 540 3G);
795 474 882 528 et.
919 462 997 517 Att
1049 460 1258 515 Patrem
1305 458 1474 523 ratio;
1524 466 1612 521 et,
1662 455 1767 509 l’a-

164 581 244 624 ter
271 567 442 638 major
471 581 551 618 me
576 573 687 628 est;
719 569 794 624 et,
828 559 1108 626 Antequam
1134 555 1314 622 [ierant
1357 552 1466 606 dixi
1491 549 1663 613 vobis,
1698 558 1774 615 et,

162 658 282 714 Non
301 675 366 713 ex
393 653 714 712 necessitate
738 651 850 704 lucc
869 647 1064 719 patior,
1087 643 1182 700 sed
1208 643 1278 696 ob
1300 641 1476 696 Patris
1495 653 1733 694 amorem
1759 657 1774 704 ;

169 762 230 806 ιιι
270 757 603 820 cognoscant
635 745 730 810 illi,
765 757 869 797 non
918 738 1274 808 perniciosam
1319 749 1416 790 nec
1461 733 1775 788 damoo~am

166 859 282 899 rem
312 855 472 902 esse;
507 837 770 908 siquidem
802 833 1092 886 :nlmoduzn
1123 826 1377 899 diligebat
1408 826 1578 890 illum,
1610 833 1662 879 ct
1694 825 1776 877 di—

167 937 338 988 lectus
366 936 439 986 ita
469 930 698 984 volebat.
729 926 852 981 Ideo
876 926 990 978 lucc
1019 921 1224 976 ltetiora
1247 919 1576 982 admiscens,
1608 915 1777 969 tristia

163 1041 387 1097 quoque
440 1024 752 1093 frequenter
801 1016 1165 1080 memorabat,
1209 1023 1266 1068 ιιι
1321 1012 1534 1066 illorum
1571 1009 1782 1062 animos

165 1129 473 1174 exerceret.
506 1117 636 1170 fiam
664 1113 816 1175 illud,
843 1110 997 1181 Apud
1023 1125 1109 1163 vos
1133 1105 1352 1161 manebit
1377 1103 1773 1176 (Joun.M.l7),

165 1224 244 1277 cl,
281 1211 507 1282 Expedit
538 1204 800 1277 robis(ld.
830 1204 916 1260 16.
942 1204 1020 1275 7),
1053 1211 1110 1256 nt
1139 1200 1412 1264 recedam,
1448 1194 1781 1252 consolantis

166 1313 344 1360 erant.
382 1302 509 1357 ldco
543 1299 687 1369 prius
718 1297 1001 1351 innumera
1049 1293 1118 1348 de
1165 1292 1366 1360 Spiritu
1412 1289 1655 1346 dixerat,
1691 1295 1777 1351 ιιι,

173 1397 239 1452 In
283 1396 423 1450 vobis
471 1401 576 1457 est,
624 1399 700 1453 ct,
736 1389 962 1443 Mundus
993 1403 1093 1440 non
1137 1390 1300 1456 potest
1327 1398 1525 1451 capere,
1557 1390 1632 1444 et,
1662 1376 1783 1446 Ipse

168 1490 311 1542 vobis
361 1493 597 1556 suggeret
641 1483 845 1546 omnia,
891 1489 979 1544 et,
1013 1478 1241 1550 Spiritus
1294 1475 1564 1537 raritatis,
1605 1471 1780 1538 Spiri-

169 1593 253 1634 tus
296 1588 506 1633 sanctus
528 1619 542 1642 ,
567 1583 622 1630 et
643 1618 658 1642 ,
705 1573 1004 1627 Paraclctus
1027 1612 1042 1637 ,
1090 1582 1137 1624 et
1165 1609 1180 1635 ,
1229 1566 1448 1636 lfa'pcdit
1496 1563 1633 1617 robis
1667 1577 1684 1616 :
1716 1578 1784 1617 nc

170 1675 356 1728 animo
386 1669 678 1725 deﬁcerent
717 1667 867 1736 quasi
900 1663 1044 1718 omni
1069 1677 1172 1732 ope
1199 1669 1254 1715 et
1283 1658 1486 1712 auxilio
1517 1654 1780 1710 destituti.

171 1765 447 1833 Bxpcdirc
478 1773 655 1816 autem
686 1758 845 1824 dicit,
889 1755 1180 1810 ostendens
1221 1766 1280 1806 se
1318 1750 1438 1803 illos
1474 1745 1785 1818 spiritu-ales

173 1849 512 1903 redditurum
523 1888 535 1900 .

334 1937 526 1992 Gratia:
553 1937 628 1991 vis
659 1950 864 2005 magna.
884 1963 925 1973 —
950 1931 1060 1985 lloe
1085 1930 1266 2002 utique
1300 1927 1497 1982 laetam
1521 1923 1782 1978 videmus.

172 2033 305 2086 Nam
339 2031 413 2085 illi
448 2038 741 2086 trementes
763 2037 815 2082 et
845 2033 1167 2086 metuentes,
1191 2030 1412 2089 accepto
1446 2028 1627 2089 pOStea
1659 2016 1784 2084 Spi-

173 2123 278 2176 ritu
301 2133 511 2186 sancto,
542 2121 593 2174 itt
620 2119 852 2190 pericula
883 2115 1210 2179 iusiliebaut,
1229 2125 1276 2166 et
1310 2113 1536 2174 ferrum,
1563 2110 1784 2170 bestias,

174 2215 376 2276 maria,
415 2212 674 2281 supplicia
717 2210 895 2262 omnia
929 2206 1182 2268 adibant;
1214 2213 1266 2258 et
1295 2201 1529 2256 illiterati
1576 2200 1785 2254 ἰύίιιιςρο

171 2321 276 2372 que
304 2320 426 2358 cum
463 2312 606 2365 tanta
639 2302 831 2356 ﬁducia
865 2297 1238 2370 lotptebantur,
1277 2304 1332 2348 ιιι
1361 2292 1635 2346 auditores
1659 2306 1786 2361 pcr-

173 2395 460 2448 celleri-nt.
499 2395 572 2448 Ex
602 2393 762 2448 luteis
788 2391 929 2445 enim
963 2386 1192 2457 Spiritus
1222 2385 1341 2440 ilfos
1374 2386 1580 2439 ferreos
1609 2381 1788 2435 rchi-

173 2489 274 2552 dit,
310 2487 562 2540 volucres
589 2483 800 2547 ell’ecit,
831 2496 933 2536 nec
957 2479 1083 2534 sivit
1107 2492 1203 2532 eos
1227 2479 1296 2531 ab
1328 2476 1560 2530 humana
1592 2472 1696 2526 ulla
1728 2488 1790 2526 re

174 2577 466 2648 prosterni.
497 2576 640 2630 Talis
683 2583 767 2629 est
812 2570 1118 2643 hujusmodi
1167 2569 1338 2639 gratia
1373 2585 1386 2621 :
1421 2567 1466 2620 si
1499 2579 1788 2619 nimrorem

175 2670 413 2724 inveniat
442 2709 456 2732 ,
489 2668 633 2722 illum
662 2665 821 2721 solvit
842 2705 856 2732 ,
889 2661 1381 2732 concupiscentiam
1406 2659 1598 2714 malam
1625 2660 1790 2712 absu-

177 2762 310 2824 mit,
352 2760 599 2814 timorem
641 2757 838 2828 exigit,
881 2769 982 2810 nec
1010 2754 1139 2808 sinit
1170 2752 1253 2807 sui
1293 2751 1609 2822 parliripem
1656 2751 1791 2803 ultra

178 2852 454 2905 Immineat
483 2865 636 2914 esse;
666 2849 760 2904 sed
793 2848 946 2919 quasi
979 2847 1031 2900 in
1060 2846 1220 2901 cat-los
1255 2844 1573 2910 translatum
1611 2842 1792 2896 omnia

177 2960 301 3012 qum
331 2944 440 2996 illic
467 2951 592 2997 smtt
622 2939 980 3010 contemplari
1008 2939 1181 3008 jubcl.
1231 2937 1356 2993 Ideo
1387 2952 1545 2990 uento
1571 2935 1673 2990 sibi
1699 2936 1791 2987 ali~

178 3036 307 3104 quid
357 3035 631 3104 proprium
681 3048 801 3088 esse
846 3032 1097 3096 dicebat,
1145 3030 1238 3085 sed
1284 3027 1702 3098 perseverabant
1743 3026 1794 3080 in

180 3127 518 3182 orationibus
545 3168 561 3191 ,
594 3127 644 3180 in
685 3125 867 3179 lattitia
898 3133 952 3179 et
993 3124 1046 3177 in
1076 3121 1423 3192 simplicitate
1449 3118 1629 3174 cordis
1657 3118 1793 3192 (Act.

179 3223 236 3275 2.
273 3222 388 3289 tib).
425 3221 535 3274 lloc
562 3219 706 3274 enim
737 3219 969 3273 maxime
1009 3216 1237 3288 requirit
1274 3215 1506 3284 Spiritus
1533 3221 1752 3268 sanctus
1781 3229 1793 3264 :

189 3313 412 3365 ("ructus
434 3313 564 3364 enim
590 3309 818 3379 Spiritus
843 3319 914 3362 cst
939 3308 1204 3380 gaudium,
1235 3323 1359 3377 pax,
1391 3307 1534 3374 ﬁdes,
1562 3321 1800 3360 mansue-

184 3404 309 3455 tutlo
341 3401 483 3474 (Gul.
515 3402 568 3454 :‘i.
599 3399 690 3454 2:2.
719 3398 838 3470 9.3).
871 3399 1032 3467 Atqui
1060 3412 1226 3467 szepe,
1259 3397 1487 3466 inquies,
1519 3397 1800 3450 tristaatur

183 3495 491 3563 spirituales
534 3493 799 3546 homines.
833 3491 902 3546 At
947 3489 1062 3545 lucc
1107 3490 1317 3544 tristitia
1359 3489 1554 3559 gaudio
1591 3488 1800 3544 dulcior

182 3598 290 3641 est.
337 3586 472 3642 Nam
515 3586 646 3640 Cain
690 3586 1039 3640 contristatus
1077 3594 1196 3649 cst,
1240 3583 1334 3639 sed
1383 3583 1594 3638 tristitia
1641 3582 1801 3652 hujus

186 3679 374 3734 roundi
402 3697 415 3733 :
447 3679 642 3733 Paulus
673 3692 884 3748 quoque
913 3676 1262 3732 contristatus
1305 3683 1391 3732 est
1415 3717 1431 3742 ,
1467 3674 1563 3730 sed
1602 3689 1799 3730 secun-

185 3773 315 3825 dum
366 3767 555 3825 Deum.
599 3768 870 3837 Quidquid
906 3767 1050 3824 enim
1099 3765 1381 3836 Spirituale
1425 3775 1546 3832 est,
1591 3765 1799 3819 lucrum

187 3863 355 3918 habet
401 3863 726 3924 maximum;
755 3858 1011 3929 quidquid
1059 3857 1342 3924 s:eculare,
1367 3864 1669 3913 extremum
1715 3856 1804 3911 da-

189 3970 398 4010 mnum.
419 3951 764 4008 Attraliamus
788 3951 948 4021 igitur
969 3949 1125 4004 nobis
1149 3949 1616 4020 inexpugnabilem
1640 3949 1804 4018 Spiri-

193 4060 281 4104 tus
310 4063 489 4118 opem,
512 4061 606 4116 per
634 4054 1024 4115 pra-ceptornm
1057 4043 1516 4110 observationem,
1549 4052 1604 4098 et
1635 4042 1803 4096 nihilo

1135 346 1197 400 ΙΝ
1239 343 1555 401 ,ιΟΛΝΧΕΜ
1602 339 1832 396 ιιυλιῑιη
1876 337 2115 394 LXXVI.
2157 337 2228 392 al.
2273 335 2484 391 LXXV.

3394 345 3499 398 410

1883 452 2168 509 inferiores
2191 453 2398 522 angelis
2425 451 2647 508 erimus.
2678 452 2861 525 Neque
2887 455 3030 510 enim
3061 455 3159 522 illi,
3186 457 3287 511 etsi
3319 456 3500 512 incor—

1885 544 2055 615 porei,
2088 544 2220 598 tales
2251 553 2375 598 sunt
2401 543 2472 614 (si
2503 545 2646 600 enim
2677 544 2780 602 hoc
2807 547 2876 600 ita
2909 558 3073 613 esset,
3111 548 3288 604 nullus
3319 549 3500 604 incor—

1886 652 2084 708 porcus
2124 638 2296 690 malus
2337 636 2564 702 fuisset)
2591 656 2604 692 :
2629 640 2722 694 sed
2759 640 3008 696 voluntas
3050 641 3258 696 arbitrii
3301 644 3498 715 ubique

1887 732 1936 783 in
1970 743 2128 784 czuisa
2162 739 2264 784 est.
2295 729 2528 801 Ideoque
2555 732 2715 786 etiam
2748 733 2889 789 inter
2921 734 3274 804 incorporeos
3298 739 3497 805 reperti

1886 831 2007 876 sunt
2041 821 2365 887 hominibus,
2398 822 2669 894 etiamque
2696 824 2904 888 brutis,
2936 824 3185 895 pejores;
3213 836 3266 879 et
3295 825 3350 880 in
3377 840 3493 880 eor-

1889 915 2069 982 poreis
2093 915 2243 969 multi
2274 916 2606 985 incorporeis
2629 916 2904 973 meliores.
2928 917 3130 972 Omnes
3152 918 3350 988 quippe
3369 917 3502 987 jnin

1889 1015 2087 1060 terram
2115 1005 2482 1062 inhabitantes
2506 1049 2519 1072 ,
2547 1010 2795 1078 corporei
2826 1010 2988 1076 licet,
3024 1009 3162 1065 bona
3189 1024 3352 1081 opera
3382 1012 3467 1066 edi
3488 1039 3500 1048 -

1887 1098 2102 1154 derunt.
2147 1099 2279 1155 Nam
2327 1110 2383 1156 ut
2422 1103 2732 1172 peregrini,
2776 1112 2976 1158 terram
3024 1103 3398 1169 incoluerunt;
3445 1114 3505 1158 ut

1886 1194 2055 1252 cives.
2083 1194 2297 1248 ca‘lum.
2324 1193 2400 1247 Ne
2426 1208 2554 1265 ergo
2577 1193 2748 1261 dicas,
2774 1193 2950 1249 Carne
2971 1194 3332 1249 circumdatus
3359 1212 3502 1258 sum,

1889 1285 2107 1339 vincere
2136 1299 2239 1339 non
2271 1300 2511 1355 possunt,
2539 1300 2716 1354 neque
2745 1300 2842 1354 pro
2868 1286 3065 1342 virtute
3099 1287 3308 1342 labores
3335 1289 3505 1342 susci-

1893 1393 2039 1447 pere.
2090 1377 2166 1432 Nc
2198 1392 2422 1432 accuses
2459 1374 2793 1432 Creatorem.
2849 1378 2980 1433 Nam
3019 1380 3064 1433 si
3098 1393 3226 1433 cato
3251 1379 3504 1434 virtutem

1893 1467 2279 1536 impossibilem
2315 1467 2493 1522 reddit
2516 1509 2532 1534 ,
2563 1483 2670 1523 nou
2701 1469 2754 1522 in
2782 1468 2935 1539 culpa
2966 1484 3157 1524 sumus
3191 1487 3205 1523 :
3235 1469 3379 1540 quod
3409 1485 3506 1526 au-

1894 1569 2000 1614 tem
2045 1559 2435 1630 impossibilem
2483 1575 2588 1614 non
2637 1559 2868 1628 reddat,
2909 1561 3150 1616 ostendit
3193 1571 3504 1618 sanctorum

1891 1653 2110 1710 chorus.
2146 1654 2369 1708 Paulum
2401 1655 2601 1726 quippe
2640 1665 2825 1710 natura
2870 1657 3050 1711 carnis
3079 1673 3185 1712 non
3230 1657 3510 1728 impedivit

1892 1747 2182 1817 quominus
2203 1746 2323 1801 talis
2339 1747 2616 1813 evaderet,
2638 1763 2737 1803 nec
2761 1747 3002 1816 Petrum,
3023 1749 3312 1818 quominus
3330 1752 3511 1807 claves

1893 1837 2148 1892 cavlorum
2179 1838 2464 1907 acciperet.
2504 1837 2691 1894 Enoch
2724 1853 2942 1894 carnem
2974 1851 3192 1911 gestans
3220 1842 3510 1897 translatus

1893 1941 1997 1997 cst,
2030 1941 2078 1986 et
2113 1947 2218 1985 non
2250 1932 2388 1986 ultra
2420 1934 2584 1987 visus.
2618 1933 2706 1990 Sic
2733 1943 2787 1988 et
2815 1933 2961 1988 Elias
2986 1949 3108 1988 cum
3138 1949 3302 1990 carne
3329 1943 3514 2004 raptus

1894 2034 2010 2088 est;
2045 2024 2335 2087 Abraham.
2375 2025 2520 2080 Isaae
2561 2034 2617 2082 et
2659 2025 2828 2082 .laeob
2863 2027 2914 2080 in
2952 2041 3119 2083 carne
3154 2026 3510 2097 resplendue-

1896 2130 2062 2183 runt;
2113 2118 2314 2188 Jo:.epb
2368 2136 2534 2174 carne
2578 2129 2800 2189 opertus
2847 2119 3173 2190 impudicam
3226 2121 3509 2175 mulierem

1896 2213 2192 2281 superavit.
2242 2214 2447 2284 Ecquid
2493 2214 2615 2270 dico
2659 2228 2876 2268 carnem
2916 2229 3036 2284 qua:
3079 2215 3290 2269 etiamsi
3323 2224 3512 2269 catena

1897 2305 2337 2375 emisti-iugatur,
2383 2321 2488 2359 non
2531 2305 2781 2360 lteditur?
2820 2306 2928 2360 Etsi
2972 2319 3072 2376 ego
3108 2306 3319 2360 vinctus
3352 2320 3470 2360 sum
3497 2347 3512 2372 ,

1899 2397 2072 2467 inquit
2118 2398 2316 2453 Paulus
2341 2441 2356 2464 ,
2399 2399 2463 2452 At
2510 2401 2716 2454 verbum
2759 2399 2856 2454 Dei
2898 2417 2999 2454 non
3031 2410 3104 2454 est
3132 2400 3513 2471 alligatumﬁ.

1897 2490 2032 2546 Tim.
2073 2491 2127 2545 2.
2173 2492 2206 2548 9
2230 2492 2271 2565 ).
2317 2493 2521 2564 Ecquid
2555 2494 2675 2549 dico
2716 2494 2926 2549 vincula
2958 2505 3012 2549 et
3047 2497 3334 2550 catenam?
3365 2495 3518 2550 Adde

1897 2603 2174 2644 carcerem
2203 2599 2258 2644 et
2285 2589 2521 2643 claustra
2548 2632 2562 2655 ,
2590 2600 2647 2644 et
2674 2605 2847 2660 neque
2876 2589 2957 2646 sic
2984 2590 3071 2644 illa
3103 2591 3317 2644 virtutis
3347 2591 3517 2659 impe-

1899 2681 2139 2735 dimenta
2167 2692 2343 2736 erunt.
2380 2681 2454 2735 lla
2483 2696 2612 2753 ergo
2639 2681 2801 2737 docet
2830 2682 3050 2736 Paulus.
3083 2681 3217 2736 Nam
3247 2681 3517 2736 vinculum

1899 2775 2096 2829 anima:
2116 2815 2130 2837 ,
2163 2787 2268 2828 non
2303 2774 2502 2828 ferrum
2527 2816 2540 2841 ,
2567 2774 2661 2830 sed
2692 2774 2854 2828 timor
2881 2784 2932 2829 et
2961 2774 3229 2842 cupiditas
3260 2773 3515 2844 pecuniao

1903 2881 2020 2919 rum
2046 2906 2061 2932 ,
2093 2866 2472 2937 innumerique
2500 2867 2696 2921 morbi.
2729 2866 2856 2923 Πίος
2887 2868 3126 2922 vinciunt
3153 2882 3352 2938 corpus
3371 2909 3387 2934 ,
3416 2866 3517 2922 etsi

1902 2959 2138 3012 solutum
2184 2963 2273 3012 sit.
2317 2960 2388 3013 At
2429 2957 2546 3013 luce
2588 2973 2618 3012 a
2662 2973 2888 3030 corpore
2930 2960 3255 3030 pariuntur,
3289 2958 3518 3028 inquies.

1908 3049 2034 3103 lltcc
2062 3051 2315 3104 obtetttus
2356 3057 2484 3104 sunt
2525 3059 2580 3105 ct
2626 3067 2776 3105 vatur!
2821 3052 3208 3107 cavillationes.
3244 3051 3376 3107 Nam
3408 3051 3453 3106 si
3486 3065 3514 3104 a

1904 3159 2133 3215 corpore
2163 3153 2503 3215 paterentur.
2530 3159 2720 3199 onmes
2747 3146 2824 3199 sic
2849 3156 3033 3201 essent
3063 3142 3266 3200 allecti.
3285 3143 3354 3200 Ut
3374 3145 3518 3200 enim

1907 3237 2278 3293 lassitudinem
2301 3277 2314 3300 ,
2344 3251 2621 3302 somnum,
2660 3235 2856 3293 minem
2879 3278 2896 3305 ,
2926 3236 3068 3290 sitim
3097 3251 3208 3291 non
3236 3249 3522 3306 possumus

1907 3331 2098 3392 vitare,
2125 3330 2245 3399 quia
2277 3329 2391 3382 hate
2418 3329 2677 3382 naturalia
2705 3338 2834 3383 sunt
2858 3345 2870 3381 :
2896 3329 2973 3383 sic
2996 3338 3048 3383 et
3073 3327 3107 3382 li
3127 3349 3140 3379 ι
3160 3343 3212 3395 c,
3238 3328 3284 3382 si
3305 3326 3502 3399 quidet:

1909 3423 2033 3477 talia
2056 3431 2258 3486 essent,
2281 3420 2553 3476 neminem
2577 3421 2820 3476 sinerent
2843 3435 2938 3474 sua
2962 3419 3248 3492 tyrannide
3271 3418 3522 3475 liberum.

1907 3514 2063 3585 Quod
2091 3517 2134 3569 si
2164 3515 2316 3570 multi
2351 3513 2468 3569 lucc
2496 3514 2760 3585 emugiunt
2782 3556 2796 3582 ,
2834 3515 3007 3585 palam
3039 3524 3123 3571 est
3160 3515 3276 3570 lucc
3303 3515 3430 3570 vitia
3457 3531 3522 3572 ex

1909 3609 2098 3664 deside
2139 3608 2318 3662 anima
2368 3606 2666 3676 proﬁcisci.
2714 3606 2843 3662 lla‘c
2892 3607 3055 3678 igitur
3099 3607 3521 3674 abscindamus,

1909 3715 2085 3771 neque
2113 3715 2313 3770 corpus
2340 3701 2678 3767 incusamus;
2707 3698 2803 3755 sed
2835 3699 3008 3771 ipsum
3043 3701 3237 3755 anima:
3266 3699 3527 3771 subjicia-

1909 3807 2050 3855 ntus,
2081 3799 2139 3846 ut
2169 3791 2260 3846 illo
2287 3790 2353 3846 ad
2386 3791 2684 3861 parendum
2715 3791 2956 3859 inducto,
2987 3800 3189 3848 :cterua
3220 3807 3493 3864 consequa
3512 3822 3528 3834 -

1912 3899 2033 3937 mur
2060 3883 2198 3937 bona
2226 3925 2242 3950 ,
2275 3884 2446 3953 gratia
2483 3891 2540 3940 et
2568 3883 2899 3954 benignitate
2942 3883 3154 3940 Domini
3195 3884 3367 3939 nostri
3400 3884 3529 3941 Jesu

1911 3974 2108 4031 Clu-isti
2132 4017 2146 4042 ,
2176 3975 2261 4030 cui
2293 3975 2461 4047 gloria
2495 3976 2548 4031 in
2575 3976 2772 4032 Saecula
2799 3975 3142 4031 Steculorum.
3174 3978 3366 4032 Amen.

1509 4226 1860 4289 HOMILIA
1904 4228 2198 4292 LXXVI.

195 4387 329 4439 (lar.
372 4385 456 4438 Η.
499 4399 554 4436 v.
597 4383 684 4437 51.
742 4379 950 4450 Surgite
978 4419 992 4442 ,
1026 4392 1202 4430 eamus
1257 4375 1394 4427 hinc.
1449 4372 1579 4428 CAP.
1623 4375 1710 4430 15.
1751 4390 1806 4431 v.

275 4479 326 4532 l.
371 4475 483 4549 Ego
514 4492 626 4530 sum
656 4475 772 4528 citis
798 4491 916 4527 rem
947 4487 965 4526 :
990 4487 1077 4525 vos
1105 4470 1338 4542 palmites
1359 4511 1373 4536 ,
1404 4478 1450 4524 ct
1482 4467 1641 4523 Pater
1673 4486 1811 4524 meus

270 4567 498 4638 agricola
528 4576 617 4621 est.

274 4663 327 4715 1.
379 4659 678 4729 Ignorantia
719 4657 1111 4712 imbecillitatem
1155 4657 1311 4726 parit.
1353 4654 1609 4726 Discipuli
1659 4673 1813 4726 quam

201 4753 482 4807 meticulosi
507 4760 625 4804 ante
651 4750 840 4803 Christi
868 4747 1458 4802 ntm°tcm.-—-Timidam
1486 4759 1540 4802 ct
1569 4747 1813 4804 imbecil-

203 4848 306 4900 letn
338 4842 575 4896 animam
618 4841 916 4911 ignorantia
960 4839 1159 4904 efﬁcit;
1203 4847 1260 4892 ut
1291 4853 1540 4908 magnam
1568 4849 1621 4893 et
1652 4840 1817 4895 subli-

203 4952 343 4989 mem
376 4932 610 4989 czelcstis
640 4933 900 4987 doctrinm:
943 4930 1208 4986 institutio
1242 4949 1254 4984 :
1286 4946 1405 4984 nam
1439 4931 1482 4984 si
1516 4945 1622 4985 non
1666 4931 1818 4986 insti-

207 5037 390 5082 tuatur
414 5069 429 5092 ,
461 5025 806 5081 formidolosa
842 5035 925 5080 cst
950 5070 964 5090 ,
998 5042 1105 5078 non
1139 5031 1328 5078 natura
1355 5065 1370 5090 ,
1401 5024 1494 5078 sed
1529 5025 1818 5079 voluntatis

208 5119 655 5191 proposito.Cum
682 5119 824 5172 cnim
849 5118 1154 5187 quempiam
1175 5119 1329 5171 video
1353 5126 1631 5172 strenuum
1657 5119 1820 5173 modo

205 5213 466 5267 audacem
492 5253 506 5277 ,
543 5211 704 5266 modo
737 5211 1144 5265 formidolosum
1173 5253 1187 5277 ,
1222 5225 1327 5264 noo
1357 5212 1468 5279 jam
1502 5223 1707 5265 natura:
1738 5213 1807 5265 vi-

208 5306 335 5358 tium
385 5317 506 5359 esse
551 5303 673 5358 dico
717 5321 729 5356 :
772 5303 1032 5357 naturalia
1078 5303 1224 5357 enim
1271 5304 1626 5358 immutabilia
1671 5313 1819 5359 sunt.

211 5396 464 5462 Rursum,
491 5407 612 5450 cum
647 5394 804 5449 video
836 5409 976 5450 inme
1006 5395 1352 5450 meticulosos
1376 5395 1679 5464 quospiam,
1712 5404 1815 5449 sta-

210 5491 415 5560 timque
455 5487 690 5542 audaces
718 5529 735 5554 ,
769 5488 999 5558 idipsum
1041 5487 1179 5542 facio
1209 5506 1223 5542 :
1254 5487 1480 5542 arbitrio
1521 5497 1689 5543 totum
1727 5489 1818 5542 ad-

209 5582 412 5635 Scriba.
431 5579 564 5634 Nam
588 5579 834 5649 discipuli
860 5580 1148 5635 admodum
1169 5581 1338 5635 timidi
1362 5591 1513 5636 erant
1531 5593 1818 5652 antequam

214 5673 263 5726 id
279 5673 421 5741 quod
449 5688 546 5741 par
573 5683 686 5728 crat
716 5673 1039 5741 ediscerent,
1060 5684 1115 5730 et
1138 5674 1282 5729 dono
1299 5674 1530 5744 Spiritus
1554 5675 1721 5729 sancti
1741 5675 1822 5729 di-

216 5775 506 5835 gnarentur
535 5782 547 5818 :
579 5766 919 5836 postmodum
941 5783 1067 5824 vero
1092 5767 1338 5824 leonibus
1364 5768 1680 5825 audaciores
1708 5770 1818 5824 l‘ue-

1921 4388 2066 4433 runt.
2101 4377 2170 4433 Et
2213 4377 2434 4444 Petrus,
2470 4377 2558 4448 qui
2593 4377 2784 4448 puella:
2828 4378 3004 4435 minas
3049 4392 3157 4432 non
3190 4376 3412 4443 tulerat,
3447 4375 3534 4431 iu-

1921 4485 2080 4525 verso
2124 4470 2300 4540 capite
2331 4485 2604 4540 appensus
2625 4511 2639 4536 ,
2670 4479 2724 4525 et
2749 4469 3084 4537 verberatus,
3112 4469 3364 4540 milleque
3389 4467 3534 4540 peri—

1920 4562 2058 4617 culis
2108 4563 2422 4632 expositus,
2481 4577 2587 4617 non
2635 4562 2883 4628 tacebat,
2935 4560 3030 4616 sed
3081 4561 3233 4632 quasi
3281 4561 3395 4615 haec
3441 4575 3534 4630 per

1920 4653 2188 4708 somnium
2219 4663 2513 4723 pateretur,
2558 4655 2636 4709 sic
2679 4654 2847 4710 libere
2887 4654 3244 4724 loquebatur;
3287 4653 3380 4709 sed
3429 4669 3536 4709 non

1921 4755 2046 4799 ante
2075 4761 2310 4800 crucem.
2355 4745 2479 4801 Ideo
2520 4745 2770 4801 (lltrislus
2817 4746 3031 4802 diccbat
3059 4763 3072 4798 :
3106 4746 3334 4818 Surgite,
3364 4761 3536 4800 eamus

1923 4838 2058 4890 hinc.
2093 4838 2205 4904 Qua
2234 4838 2302 4893 de
2327 4853 2512 4904 causa,
2543 4838 2770 4908 (μιξεευῖ
2811 4853 2878 4892 an
2908 4838 3186 4910 ignorabat
3218 4838 3404 4893 horam
3432 4853 3538 4909 qua

1924 4941 2350 5001 superventtuus
2395 4941 2514 4986 erat
2561 4931 2766 4986 Judas'l
2821 4947 2888 4986 an
2956 4931 3178 4986 timebat
3247 4947 3316 4986 ne
3372 4931 3539 4987 adve-

1925 5025 2112 5088 niens,
2147 5039 2276 5078 suos
2303 5023 2772 5094 apprelienderet,
2824 5034 2878 5078 et
2906 5035 3194 5094 antequam
3238 5024 3539 5079 doctrinam

1926 5119 2068 5172 illam
2101 5119 2359 5188 Optimam
2387 5118 2723 5188 compleret,
2758 5117 3104 5174 insidiatores
3141 5119 3543 5189 irrumperent?

1923 5210 2080 5262 Absit
2113 5225 2126 5260 :
2162 5210 2276 5263 tunc
2305 5210 2490 5279 procul
2539 5211 2606 5264 ab
2645 5211 2813 5278 ipsius
2839 5210 3097 5280 dignitate
3137 5221 3282 5266 sunt.
3323 5211 3379 5266 Si
3436 5228 3539 5266 non

1928 5300 2185 5366 timebat,
2216 5317 2312 5356 cur
2339 5302 2497 5357 istinc
2519 5302 2738 5356 abducit
2757 5318 2872 5366 eos,
2897 5310 2950 5358 et
2975 5303 3247 5373 completo
3270 5317 3542 5372 sermone,

1929 5401 2054 5447 tunc
2080 5393 2146 5449 nd
2196 5393 2413 5449 hortum
2445 5393 2598 5450 Judre
2633 5406 2821 5451 notum
2869 5394 3133 5450 adducit?
3163 5395 3385 5452 Etiamsi
3415 5411 3544 5452 vero

1925 5487 2092 5541 Judas
2120 5488 2461 5556 advenisset,
2495 5505 2674 5544 annon
2707 5498 2920 5559 poterat
2950 5491 3188 5560 ipsorum
3229 5491 3416 5546 oculos
3444 5507 3542 5547 cx-

1928 5598 2166 5648 czecare;
2211 5582 2263 5636 id
2305 5583 2446 5652 quod
2477 5585 2592 5654 ipso
2641 5600 2746 5638 non
2792 5593 3058 5654 przeseote
3085 5582 3251 5640 fecit?
3279 5598 3375 5638 cur
3418 5600 3544 5653 ergo

1929 5675 2194 5730 discedit?
2227 5675 2294 5730 Ut
2337 5675 2608 5732 modicum
2664 5676 2967 5746 resliirandi
3014 5686 3226 5747 tempus
3269 5675 3542 5746 discipulis

1928 5767 2041 5822 det.
2065 5767 2372 5823 Verisimile
2390 5769 2586 5840 quippe
2611 5779 2727 5826 erat
2750 5785 2863 5838 eos,
2893 5778 3079 5841 utpote
3102 5769 3156 5826 in
3177 5769 3378 5841 patenti
3403 5768 3540 5835 loco,
