4040 6460
515 363 611 417 ιιι

519 475 800 532 trentIdSse
826 483 879 525 et
906 465 1238 527 formidasse,
1268 470 1321 514 et
1341 476 1369 513 a
1401 469 1659 526 tempore,
1691 465 1742 508 et
1772 471 1798 506 a
1828 454 1966 507 loco.
1990 449 2098 504 Nox

521 571 716 640 quippe
743 572 857 619 erat
895 557 1175 630 profunda",
1209 570 1305 608 nec
1336 558 1582 621 poterant
1612 547 1766 599 dictis
1794 541 2103 640 attendere,

518 628 1098 722 dumsemper—animo
1133 651 1411 699 versarent
1450 654 1577 700 eos,
1627 639 1712 705 qui
1766 650 1823 688 se
1873 628 2106 722 invasuii

519 757 719 810 essent,
745 721 865 799 emn
885 742 1116 796 maxime
1132 736 1364 806 Magistri
1387 745 1564 787 sermo
1590 728 1725 781 mala
1749 721 2106 792 CXSItCClalldJ

519 855 640 895 esse
665 840 898 892 doceret.
932 833 1112 886 Αάίτηε
1135 830 1402 886 tttodicnm,
1438 823 1638 893 inquit,
1671 830 1722 873 et
1756 833 1860 872 non
1887 831 1982 871 ero
2012 828 2107 866 vo-

520 934 758 995 biscum;
808 937 882 993 et,
926 927 1065 979 Venit
1111 925 1344 994 princeps
1375 919 1525 988 Itujus
1577 913 1750 966 mundi
1798 910 1976 981 (Joan.
2017 907 2103 960 14.

521 1024 609 1078 19.
638 1022 747 1090 50).
778 1019 907 1072 Cum
941 1011 1058 1070 talia
1092 1029 1218 1082 ergo
1246 1009 1523 1063 audientes
1565 1006 1926 1064 turbarentur,
1971 1014 2033 1052 ac
2063 998 2106 1050 si

524 1129 643 1166 mox
668 1109 905 1179 capiendi
938 1113 1118 1160 essent
1139 1149 1151 1168 ,
1184 1104 1233 1156 in
1267 1100 1426 1154 alium
1461 1098 1582 1151 illos
1611 1094 1758 1149 ducit
1788 1094 1961 1146 locum
1988 1108 2002 1156 ;
2054 1097 2111 1140 ut

526 1213 766 1272 putantes
793 1214 849 1252 se
871 1199 979 1266 jam
1009 1197 1059 1249 in
1089 1205 1202 1248 tuto
1225 1208 1371 1256 esse,
1395 1191 1563 1243 libere
1583 1187 1795 1242 deumm
1823 1183 2066 1237 audirent
2095 1200 2107 1236 :

524 1307 708 1358 magna
743 1290 937 1358 quippe
987 1288 1230 1355 dogmata
1291 1281 1521 1335 audituri
1578 1287 1750 1334 erant.
1799 1276 1922 1330 ldeo
1975 1275 2048 1327 ait
2094 1291 2107 1327 :

522 1386 927 1454 Surgite,eamus
953 1382 1066 1433 hinc
1090 1396 1107 1434 :
1133 1376 1325 1431 deinde
1356 1375 1539 1444 adjicit
1571 1392 1582 1425 :
1625 1371 1772 1442 (Cap.
1813 1364 2110 1438 :5.)I.Ego

522 1493 632 1528 sunt
661 1476 792 1535 vitis,
825 1489 909 1526 vos
937 1471 1186 1541 palmites.
1214 1468 1348 1536 Quid
1378 1467 1490 1520 vult
1519 1480 1612 1534 per
1637 1463 1773 1517 hanc
1806 1459 2110 1530 parabolam

524 1564 896 1619 subiudieare?
930 1564 1060 1615 Eum
1093 1560 1178 1629 qui
1209 1575 1312 1613 non
1341 1557 1498 1612 dictis
1522 1555 1758 1610 attendat
1790 1554 1968 1606 vivere
2005 1565 2110 1604 non

528 1673 688 1727 posse
713 1696 726 1717 ,
767 1665 821 1709 et
861 1654 1031 1707 fetura
1078 1653 1223 1720 signa
1253 1666 1278 1701 a
1327 1650 1519 1703 Christi
1567 1648 1760 1699 virtute
1798 1653 2112 1712 lroventura

524 1763 662 1801 esse.
693 1747 846 1800 Pater
866 1762 1004 1798 meus
1029 1743 1252 1814 agricola
1279 1751 1370 1795 est.
1397 1740 1533 1807 Quid
1555 1738 1744 1808 igitur?
1771 1737 1968 1790 auxilio
1995 1745 2116 1804 eget

528 1840 729 1893 Filius?
765 1839 918 1893 Absit
949 1855 962 1890 :
1010 1838 1108 1890 hoe
1155 1834 1456 1902 exemplum
1506 1831 1553 1886 id
1592 1846 1697 1884 non
1731 1828 1947 1884 indicat.
1984 1829 2116 1881 V'ide

523 1949 680 2002 quam
736 1930 1019 1999 diligenter
1068 1929 1204 1981 hanc
1255 1925 1561 1995 parabolam
1615 1933 1958 1991 exsequatur.
2000 1919 2113 1974 Non

525 2023 666 2076 enim
694 2021 840 2086 dicit,
873 2019 1103 2073 radicem
1140 2017 1386 2086 agricola:
1406 2032 1535 2069 cura
1562 2014 1659 2067 frui
1684 2055 1696 2076 ,
1727 2013 1819 2066 sed
1849 2011 2112 2081 palmites.

528 2114 692 2167 ltadix
721 2113 861 2167 enim
887 2127 989 2165 non
1015 2111 1101 2165 hic
1128 2120 1474 2172 memoratur,
1500 2107 1590 2161 sed
1621 2106 1776 2160 docet
1805 2105 1934 2157 nihil
1963 2117 2119 2171 posse

528 2213 644 2264 illos
670 2212 877 2280 operari
910 2211 1024 2263 sine
1054 2225 1163 2262 sua:
1192 2209 1400 2261 virtutis
1428 2207 1643 2269 auxilio,
1663 2214 1718 2260 et
1748 2206 1815 2257 ita
1843 2208 1984 2271 ipsos
2017 2203 2116 2255 sibi

531 2302 634 2355 fide
670 2301 917 2370 conjungi
963 2313 1232 2368 oportere,
1288 2309 1341 2350 ut
1375 2298 1577 2366 palmes
1625 2296 1715 2347 viti
1763 2295 2022 2364 jungitur.
2061 2292 2096 2345 2

531 2392 742 2445 ()mnem
781 2393 1034 2459 palmitem
1083 2392 1133 2443 in
1176 2407 1378 2444 menon
1422 2390 1660 2458 ferentem
1699 2390 1940 2456 fructum,
1981 2386 2120 2438 tollet

530 2502 643 2537 eum
683 2485 855 2538 Pater.
913 2484 1009 2539 llic
1055 2485 1215 2538 vitam
1265 2482 1602 2547 subindicat,
1651 2481 1964 2543 declarans,
2016 2495 2118 2533 non

524 2569 688 2645 posse
719 2578 1016 2646 quempiam
1054 2578 1169 2630 sine
1200 2575 1453 2643 operibus
1486 2574 1535 2627 in
1571 2575 1684 2641 ipso
1715 2587 1854 2626 esse.
1905 2570 1966 2623 Et
2012 2588 2121 2623 om-

533 2687 644 2723 nem
683 2672 769 2739 qui
812 2675 907 2740 fert
936 2669 1178 2739 fructum,
1235 2667 1466 2737 purgabit
1513 2682 1626 2719 eum
1651 2683 1667 2729 ;
1709 2665 1756 2717 id
1802 2673 1916 2728 est,
1960 2663 2125 2715 Multo

532 2761 635 2815 frui
665 2763 806 2815 cultu
839 2761 1063 2816 curabit.
1099 2761 1256 2828 .-'.tqni
1297 2759 1445 2811 radix
1497 2758 1644 2826 prius
1675 2772 1832 2824 quam
1882 2755 2125 2823 palmites

532 2871 656 2909 cura
687 2870 821 2924 Opus
868 2857 1058 2919 habet;
1107 2851 1422 2909 circumfadi
1469 2862 1523 2907 et
1573 2851 1758 2905 nudari
1791 2849 1998 2904 debet:
2031 2847 2123 2902 scd

533 2950 667 3004 nihil
708 2948 794 3004 hic
833 2950 898 3002 de
929 2949 1106 3003 radice
1140 2949 1298 3008 dicit,
1325 2961 1530 3024 [verum
1564 2945 1742 2997 omnia
1786 2943 1850 2997 de
1890 2942 2126 3011 palmiti-

537 3042 665 3104 bus,
699 3043 988 3096 ostendens
1027 3054 1083 3093 se
1116 3041 1329 3108 quidem
1363 3038 1461 3092 sibi
1495 3037 1784 3100 sufficere;
1836 3034 2128 3102 discipulus

535 3140 711 3190 autem
752 3135 913 3206 multa
946 3149 1103 3202 egere
1147 3131 1391 3201 agricolae
1419 3145 1544 3184 cura
1571 3169 1585 3192 ,
1638 3126 1978 3198 quantumvis
2026 3125 2132 3178 sitit

537 3228 733 3281 virtute
763 3224 990 3295 pra'diti.
1023 3224 1142 3278 Ideo
1174 3225 1246 3276 ait
1279 3241 1290 3276 :
1327 3222 1606 3276 Palmitem
1637 3220 1724 3290 qui
1755 3219 1981 3273 fructum
2009 3217 2128 3279 fert,

542 3327 746 3388 purgat.
777 3316 912 3371 Eum
945 3317 1032 3385 qui
1067 3315 1270 3370 nullum
1300 3314 1435 3379 fert,
1471 3329 1576 3368 non
1606 3313 1859 3382 relinquit
1897 3311 1947 3364 in
1982 3311 2088 3365 vite
2115 3352 2129 3375 ,

542 3427 714 3481 neque
745 3419 917 3480 potest
947 3410 1013 3463 ibi
1047 3424 1262 3463 inanere
1289 3427 1299 3460 :
1332 3423 1453 3463 eum
1484 3422 1612 3462 vero
1634 3406 1720 3475 qui
1751 3405 1855 3460 fert
1880 3404 2129 3468 fructum,

541 3501 945 3557 fructuosiorem
977 3501 1156 3556 efficit.
1192 3501 1303 3555 Hoc
1328 3500 1395 3555 de
1423 3499 1677 3554 mrumnis
1708 3514 1829 3552 mox
1879 3498 2135 3551 inducen-

544 3595 628 3649 dis
660 3594 879 3666 intelligi
905 3593 1124 3648 dixeris.
1153 3592 1280 3647 Illud
1309 3594 1474 3653 enim,
1507 3583 1755 3660 Purgabit
1782 3606 1915 3652 eunt,
1949 3588 1998 3642 id
2027 3598 2130 3651 est,

547 3685 744 3740 incidet
767 3727 781 3752 ,
811 3684 950 3739 unde
982 3685 1184 3752 palntes
1217 3684 1538 3738 fructuosior
1564 3682 1812 3736 efficitur.
1873 3681 2002 3733 lline
2043 3694 2128 3731 os-

544 3780 798 3845 tenditur,
826 3779 1143 3832 tentationes
1173 3777 1291 3830 illos
1315 3776 1563 3829 fortiores
1589 3775 1818 3829 efficere.
1848 3772 2044 3826 Deinde
2069 3785 2135 3823 ne

547 3872 940 3941 interrogarent
968 3872 1033 3925 de
1071 3871 1387 3939 quibusnam
1420 3869 1533 3922 lucc
1561 3868 1795 3932 diceret,
1844 3881 1978 3920 neve
2018 3864 2137 3918 illos

547 3965 737 4018 iterum
760 3965 1014 4019 sollicitos
1046 3963 1311 4027 redderet,
1341 3963 1413 4016 ait
1441 3980 1454 4015 :
1483 3963 1536 4015 5.
1563 3961 1683 4014 Jam
1710 3977 1794 4013 vos
1821 3959 1995 4011 mundi
2021 3958 2135 4011 estis

549 4067 753 4126 propter
784 4073 1082 4120 sermonem,
1125 4073 1270 4124 quem
1315 4057 1553 4126 loquutus
1597 4071 1705 4107 sum
1747 4054 1901 4106 vobis.
1955 4051 2138 4103 Viden‘

548 4149 818 4216 quomodo
862 4164 921 4203 se
973 4160 1026 4202 ut
1077 4149 1347 4217 palmitum
1404 4157 1703 4202 curatorem
1756 4145 1982 4200 efferat?
2027 4145 2138 4214 Ego

551 4255 647 4293 Vos
672 4241 910 4310 purgavi,
943 4239 1128 4308 inquit,
1158 4240 1281 4294 licet
1308 4243 1551 4307 superius
1579 4239 1678 4294 hoc
1709 4240 1917 4291 Patrem
1952 4238 2139 4291 fecisse

549 4333 784 4388 tlez-laret
816 4351 829 4386 :
863 4332 954 4387 sed
989 4332 1128 4385 nulla
1157 4342 1234 4386 est
1268 4331 1404 4385 inter
1432 4331 1640 4384 Patrem
1682 4340 1730 4383 et
1765 4328 1953 4381 Filium
1984 4327 2139 4381 diffe-

551 4427 742 4478 rentia.
779 4424 963 4479 Vestra
991 4439 1200 4493 quoque
1229 4423 1462 4476 offeratis
1489 4429 1721 4490 oportet.
1749 4421 1945 4473 Deinde
1976 4430 2024 4472 ιιι
2053 4435 2139 4469 ος-

556 4515 811 4570 tendatse
839 4531 1022 4570 eorum
1058 4515 1352 4569 ministerio
1384 4531 1486 4566 non
1515 4529 1648 4580 opus
1673 4513 1954 4566 habentem
1989 4512 2036 4564 id
2071 4509 2145 4565 fc-

554 4607 712 4673 cisse,
736 4607 829 4661 Sed
863 4616 917 4659 ut
942 4607 1037 4674 ipsi
1064 4609 1405 4676 proficerent,
1436 4605 1613 4658 subdit
1643 4624 1654 4657 :
1689 4606 1741 4659 4.
1779 4605 1924 4658 Sicut
1952 4603 2142 4672 palmes

556 4717 654 4752 non
684 4709 842 4767 potest
865 4703 997 4768 ferre
1021 4702 1235 4770 fructum
1270 4717 1299 4751 α
1324 4700 1589 4768 semetipso
1616 4715 1634 4751 :
1661 4699 1733 4751 sic
1763 4715 1851 4750 nec
1881 4699 1964 4764 qui
1989 4699 2038 4749 in
2068 4714 2144 4750 me

559 4807 656 4844 nan
687 4802 868 4843 manet.
900 4791 974 4845 Nc
1021 4807 1125 4859 pne
1156 4803 1298 4845 metu
1343 4791 1804 4855 abscindereulur,
1851 4790 2141 4842 emollitau

563 4883 843 4937 formidine
873 4885 1106 4952 ipsormn
1137 4885 1365 4936 animant
1400 4884 1650 4948 roborat,
1684 4892 1737 4936 et
1781 4885 1877 4936 sibi
1926 4883 2144 4950 congiu-

563 4978 728 5034 tinat,
778 4974 1075 5043 bonamque
1115 4991 1260 5041 spem
1314 4974 1484 5029 affert.
1523 4973 1685 5026 lladix
1740 4976 1881 5028 enim
1931 4984 2143 5033 manet;

562 5067 754 5142 auferri
781 5082 870 5121 aut
904 5068 1130 5137 relinqui
1155 5110 1167 5127 ,
1205 5069 1474 5135 palmitum
1515 5077 1613 5120 est.
1654 5065 1852 5118 Deinde
1901 5065 2149 5133 utrinque

565 5160 876 5228 procedens,
906 5175 933 5210 a
969 5159 1121 5211 bouis
1148 5167 1201 5210 et
1230 5173 1257 5210 a
1287 5159 1522 5210 tristibus
1546 5199 1560 5222 ,
1596 5156 1766 5225 priora
1797 5172 1821 5205 a
1857 5154 2011 5207 nobis
2034 5155 2146 5207 cxi-

562 5254 655 5321 git.
686 5254 737 5306 5.
775 5253 872 5319 Qui
899 5265 1062 5304 ntanet
1108 5254 1159 5303 in
1187 5269 1296 5317 me,
1325 5262 1369 5304 et
1403 5267 1492 5318 ego
1524 5251 1574 5302 in
1622 5267 1699 5304 eo.
1726 5249 1912 5302 Viden”
1957 5247 2150 5300 Filium

567 5360 669 5398 non
699 5345 870 5396 minus
891 5360 1046 5413 quam
1076 5344 1286 5396 Patrem
1313 5341 1375 5395 ad
1406 5341 1784 5410 tlisc'pulorum
1813 5356 1993 5393 curam
2019 5357 2149 5392 cou-

567 5437 736 5491 ferrc?
765 5437 921 5491 Pater
961 5445 1149 5509 purgat
1173 5478 1186 5499 ,
1219 5436 1330 5503 ipse
1359 5433 1408 5486 in
1439 5448 1497 5487 se
1523 5433 1775 5486 continet.
1810 5432 2022 5486 Mancre
2063 5447 2154 5483 au-

569 5541 670 5583 tem
697 5530 744 5581 in
789 5528 963 5581 radice
990 5567 1000 5589 τ
1034 5527 1081 5580 id
1109 5529 1301 5591 efficit,
1333 5535 1388 5579 ut
1419 5525 1660 5593 palmites
1692 5523 1916 5576 fructum
1961 5525 2066 5575 fera
2095 5533 2149 5574 ιι.

569 5622 696 5676 Nam
729 5621 866 5690 quod
911 5635 1012 5675 neu
1059 5631 1334 5688 purgatum
1380 5627 1559 5671 manet
1590 5620 1636 5668 in
1672 5615 1887 5677 radice,
1928 5617 2151 5667 frtu-lmn

571 5719 665 5768 fert
689 5754 703 5779 ,
730 5715 850 5768 licet
874 5728 978 5768 non
1011 5723 1262 5781 quantuni
1292 5719 1560 5780 oporteret
1591 5727 1604 5770 ;
1633 5707 1772 5778 quod
1802 5722 1905 5759 non
1936 5715 2110 5758 manet
2137 5744 2154 5771 ,

574 5809 721 5862 nihil.
761 5811 1002 5862 Attamen
1030 5822 1253 5876 purgare
1284 5806 1438 5860 etiam
1470 5805 1585 5858 Filii
1615 5817 1730 5857 esse
1755 5812 2026 5856 ostensum
2051 5811 2151 5866 est,

1254 350 1307 402 S.
1348 342 1625 401 JOANNIS
1662 333 2134 395 CllltYSOSTOMl
2177 331 2493 388 AllClllEl’.
2535 332 3066 395 CONSTANTINOI‘.

3721 333 3834 394 ιη

2218 458 2269 500 et
2310 447 2359 501 in
2385 449 2580 503 .radiee
2627 464 2880 511 manere,
2915 450 3127 515 Patris,
3187 450 3275 520 qui
3331 450 3571 508 radicem
3610 467 3830 526 genua.

2287 541 2339 593 ιζ.
2391 540 2633 592 Fructum
2687 559 2785 594 non
2835 545 2992 612 ferrei
3022 553 3266 613 quantum
3311 545 3525 599 malum.
3587 549 3836 603 Christus

2216 633 2492 701 discipulos
2522 636 2751 686 hortatur
2798 636 3204 705 consolaturque,
3239 637 3290 689 in
3314 637 3486 691 multis
3511 654 3569 692 se
3589 638 3832 694 imbecil-

2217 726 2346 778 litutt
2375 743 2548 778 eorum
2603 737 2960 795 uttempcrans.
2987 759 3057 768 —
3095 729 3279 783 Viden’
3316 731 3594 800 quomodo
3637 733 3831 786 omnia

2216 818 2518 871 eonunnnia
2551 819 2652 870 sint
2675 860 2688 882 ,
2725 829 2778 874 et
2806 815 3032 889 purgare
3059 863 3073 887 ,
3121 830 3174 874 et
3199 822 3393 877 radicis
3436 825 3641 880 virtute
3679 823 3833 880 frui?

2218 909 2459 980 Magnum
2489 923 2634 964 certe
2664 911 3077 978 detrimentum,
3109 913 3242 970 nihil
3271 930 3426 982 posse
3463 915 3688 980 facere;
3738 933 3836 973 ve-

2219 1019 2334 1057 rum
2363 1019 2467 1057 non
2505 1003 2588 1056 hic
2626 1005 2832 1058 sistitur
2869 1021 3044 1074 poma,
3078 1008 3171 1061 sed
3216 1009 3436 1061 ulterius
3466 1009 3748 1078 procedit.
3771 1005 3842 1066 6.-

2221 1097 2466 1162 Mittetur,
2522 1099 2720 1166 inquit,
2779 1103 2946 1168 foras,
2999 1115 3101 1154 non
3145 1101 3373 1170 amplius
3421 1103 3735 1170 excoletur,
3783 1116 3833 1158 et

2219 1196 2404 1242 arescet
2429 1205 2446 1252 ;
2473 1190 2521 1240 td
2549 1200 2629 1242 est
2651 1232 2664 1252 ,
2698 1190 2751 1245 Si
2782 1192 2906 1260 quid
2937 1192 3118 1246 habuit
3139 1209 3204 1246 ex
3227 1194 3405 1249 radice
3425 1237 3439 1258 ,
3481 1196 3532 1248 id
3559 1196 3788 1265 deponit
3811 1214 3829 1260 ;

2219 1281 2261 1334 si
2292 1296 2447 1349 quam
2481 1282 2701 1349 gratiam
2728 1323 2743 1348 ,
2791 1284 2873 1337 illa
2905 1283 3150 1349 nudatur,
3182 1294 3236 1339 et
3264 1287 3408 1340 Ouini
3458 1288 3585 1342 inde
3614 1289 3831 1343 auxilio

2220 1383 2273 1426 et
2301 1374 2404 1424 vita
2448 1373 2726 1441 spoliatur.
2778 1374 2970 1443 Ecquis
3020 1376 3184 1430 finis?
3225 1375 3286 1430 In
3320 1379 3482 1448 ignem
3533 1379 3826 1448 injicictur.

2221 1464 2323 1518 Sed
2357 1480 2458 1515 non
2497 1465 2612 1517 talis
2639 1477 2714 1518 cst
2749 1465 2838 1534 qui
2872 1476 3051 1519 tnanet
3088 1468 3137 1520 in
3177 1469 3302 1522 vite.
3351 1469 3553 1523 Deinde
3582 1473 3834 1525 ostendit

2220 1556 2343 1623 quid
2385 1556 2454 1609 sit
2496 1571 2714 1610 manere
2740 1599 2755 1622 ,
2789 1570 2838 1612 et
2867 1559 2982 1611 ait:
3026 1559 3076 1611 7.
3128 1559 3188 1614 Si
3237 1561 3382 1614 verba
3430 1578 3541 1613 mea
3584 1564 3639 1614 in
3690 1564 3832 1616 vobis

2223 1649 2514 1701 manserint.
2569 1648 2858 1704 \'idca’tne
2901 1651 3021 1719 jure
3071 1655 3319 1719 superius
3365 1655 3590 1719 dixisse,
3649 1657 3830 1724 ipsum

2220 1753 2442 1806 cperunt
2491 1739 3002 1797 demonstrationem
3071 1746 3352 1812 quzerere?
3411 1743 3543 1799 Cum
3596 1747 3834 1802 dixisset

2221 1833 2383 1897 enim,
2415 1833 2800 1902 Quodcumque
2825 1836 3100 1902 petieritis,
3137 1835 3348 1900 faciam,
3373 1836 3609 1901 addidit,
3657 1839 3720 1891 Si
3751 1839 3835 1890 di-

2223 1927 2377 1995 ligitis
2408 1943 2517 1990 nte,
2564 1928 2806 1980 mandata
2833 1944 2941 1981 mea
2965 1939 3195 1993 servate;
3220 1941 3272 1982 et
3305 1930 3387 1983 life
3412 1973 3425 1995 ,
3458 1931 3520 1985 Si
3569 1934 3833 1985 manseri—

2227 2019 2288 2071 tis
2319 2019 2368 2070 in
2401 2034 2511 2082 me,
2538 2029 2584 2072 et
2613 2019 2758 2072 verba
2781 2035 2891 2072 mea
2916 2021 2966 2072 in
2993 2021 3127 2073 vobis
3151 2022 3444 2085 manserint,
3471 2023 3836 2089 quodcumque

2226 2111 2519 2176 volueritis,
2574 2113 2741 2178 petite,
2784 2121 2827 2166 et
2869 2113 2951 2180 fiet
2998 2113 3132 2165 vobis
3193 2111 3369 2180 (Joan.
3423 2113 3506 2166 it.
3570 2115 3660 2168 14.
3717 2115 3832 2182 15).

2228 2201 2352 2255 lla-e
2378 2214 2556 2256 autem
2585 2202 2794 2259 diccbat
2817 2245 2829 2268 ,
2867 2206 3158 2260 ostendens
3188 2205 3310 2258 illos
3355 2206 3442 2272 qui
3494 2206 3839 2259 insidiaban-

2230 2303 2313 2346 tur
2355 2295 2432 2355 ei,
2469 2293 2808 2348 eombustum
2841 2297 2939 2359 iri;
2970 2296 3112 2364 ipsos
3142 2306 3321 2349 autem
3355 2297 3584 2350 fructum
3625 2297 3839 2351 laturos

2228 2401 2368 2439 esse.
2400 2386 2540 2440 Metu
2573 2387 2750 2456 itaque
2778 2403 2839 2440 ex
2875 2387 2956 2442 bis
2987 2388 3037 2440 in
3071 2389 3190 2442 illos
3222 2389 3501 2454 tran~lato,
3538 2401 3835 2459 pestqttant

2229 2479 2463 2534 ostendit
2511 2480 2651 2548 ipsos
2699 2480 3136 2550 inexpugnabiles
3167 2481 3315 2543 fore,
3365 2482 3476 2534 ait:
3518 2481 3573 2535 8.
3624 2480 3690 2535 In
3739 2484 3840 2536 hoc

2229 2574 2539 2640 cluriﬁcotus
2557 2584 2626 2626 est
2655 2572 2806 2627 Pater
2829 2589 2987 2640 meus,
3010 2582 3059 2625 ul
3076 2573 3359 2642 e/ﬁciamini
3378 2575 3472 2626 mei
3498 2575 3766 2644 discipuli,
3787 2585 3838 2626 τί

2235 2668 2453 2734 fructum
2499 2665 2775 2733 plurimum
2799 2663 3044 2730 u/fa‘atis.
3081 2664 3212 2718 lliuc
3241 2664 3586 2733 fidedigntnn
3622 2681 3838 2718 senun-

2237 2775 2355 2812 nem
2406 2748 2620 2825 proferi.
2653 2757 2785 2811 Nam
2823 2759 2866 2812 si
2900 2758 2964 2811 ad
3005 2757 3226 2826 gloriam
3275 2758 3443 2810 l’atris
3485 2759 3657 2828 vergit
3695 2761 3839 2826 quod

2235 2849 2435 2904 fractus
2463 2849 2736 2910 afl'eratnr,
2768 2864 2871 2902 non
2917 2849 3149 2918 negliget
3187 2848 3409 2918 gloriam
3442 2864 3617 2902 suam.
3663 2849 3730 2902 Et
3758 2853 3839 2918 er—

2237 2943 2473 3011 ]ἲεὶωηὶτά
2513 2942 2606 2994 mei
2634 2942 2888 3008 discipuli.
2917 2940 3105 2994 Viden’
3146 2940 3414 3008 quomodo
3455 2942 3544 2994 ille
3592 2941 3682 3010 qui
3742 2942 3841 2995 fert

2237 3036 2462 3090 fructum
2510 3034 2798 3101 discipulus
2828 3033 2935 3087 sit?
2964 3033 3098 3098 Quid
3131 3033 3394 3101 significat
3427 3033 3554 3086 illud
3581 3074 3597 3099 ,
3630 3032 3696 3086 In
3742 3035 3840 3086 hoc

2238 3132 2544 3198 cluriﬁcatus
2574 3140 2644 3183 est
2680 3128 2879 3182 Pater?
2923 3127 2978 3182 ω
3007 3137 3128 3192 est,
3178 3127 3419 3192 Gaudet,
3470 3143 3594 3182 cum
3645 3143 3745 3182 vos
3791 3130 3846 3183 iu

2240 3244 2324 3279 me
2356 3227 2601 3291 manetis,
2633 3241 2753 3278 cntn
2787 3223 3014 3278 fructmn
3044 3223 3213 3278 fertis.
3258 3224 3309 3278 9.
3347 3223 3495 3280 Sicut
3542 3224 3724 3278 dilexit
3768 3241 3847 3277 me

2242 3319 2418 3384 Pater,
2450 3331 2492 3373 et
2521 3336 2611 3389 ego
2641 3319 2795 3371 dilexi
2835 3335 2937 3372 eos.
2970 3319 3064 3373 llic
3089 3320 3303 3373 demum
3346 3317 3634 3374 humanius
3668 3320 3843 3389 loqui-

2243 3423 2362 3465 tur:
2400 3428 2518 3463 nam
2551 3410 2712 3475 illud,
2766 3421 2819 3464 ut
2846 3410 2909 3464 ad
2941 3411 3186 3465 homines
3226 3411 3427 3466 dictum
3459 3415 3474 3444 ¹
3498 3454 3513 3478 ,
3567 3415 3845 3482 propriam

2245 3520 2346 3556 vnn
2391 3504 2568 3560 habet.
2607 3503 2736 3556 Nam
2772 3504 2860 3568 qui
2891 3503 3024 3555 mori
3054 3504 3259 3566 voluit,
3284 3505 3372 3572 qui
3414 3520 3603 3558 Servos
3627 3548 3640 3567 ,
3667 3505 3848 3558 inimi-

2241 3610 2332 3649 co;
2361 3603 2414 3648 ct
2447 3597 2624 3647 hostes
2658 3605 2801 3647 taiito
2829 3596 3073 3663 dignatus
3102 3607 3182 3649 est
3218 3594 3454 3656 honore,
3499 3598 3587 3666 qui
3633 3598 3701 3651 ad
3739 3616 3850 3651 ca:-

2245 3688 2349 3739 lum
2378 3686 2545 3749 duxit,
2574 3697 2828 3756 quantum
2857 3689 3054 3738 :unoris
3086 3688 3300 3740 modum
3324 3686 3610 3741 exhibuit?
3637 3689 3695 3743 Si
3717 3706 3849 3759 ergo

2243 3793 2337 3830 vos
2354 3778 2540 3848 diligo,
2561 3777 2833 3832 confidite.
2861 3779 2915 3832 Si
2945 3778 3118 3832 Patris
3145 3790 3228 3832 est
3248 3779 3418 3848 gloria
3448 3781 3591 3849 quod
3614 3784 3847 3836 fructtnn

2247 3868 2448 3933 feratis,
2486 3870 2617 3922 nihil
2649 3870 2844 3924 malum
2889 3869 3255 3937 suspicemini.
3293 3871 3496 3924 Deinde
3525 3888 3594 3926 ne
3625 3875 3851 3941 supinos

2244 3963 2513 4029 redderet,
2548 3963 2667 4018 vide
2698 3964 2967 4033 quomodo
3003 3978 3190 4018 rursus
3231 3963 3516 4018 devinciat.
3553 3965 3760 4020 Mauete
3797 3968 3852 4019 in

2246 4057 2511 4110 dilectione
2543 4072 2669 4108 mea.
2716 4055 2828 4110 lloc
2852 4057 2900 4109 in
2931 4065 3108 4110 vestra
3139 4066 3221 4110 est
3247 4066 3534 4127 potestate.
3565 4056 3853 4126 Quonnnlo

2245 4159 2422 4203 autem
2457 4148 2558 4202 hoc
2585 4148 2724 4202 erit?
2754 4148 2836 4202 10.
2870 4148 2928 4202 Si
2957 4159 3208 4218 ptwceptu
3237 4167 3347 4202 mea
3365 4152 3716 4215 ‘servavcritis,
3744 4153 3849 4204 sic-

2247 4251 2299 4294 ut
2345 4251 2390 4294 et
2436 4257 2526 4309 ego
2569 4251 2819 4308 praecepta
2858 4240 3031 4293 Patris
3080 4241 3176 4294 mei
3221 4242 3434 4294 servavi.
3490 4243 3693 4297 Rursus
3747 4247 3851 4297 hu-

2249 4349 2408 4389 mano
2448 4349 2596 4386 Inot‘e
2638 4347 2816 4386 sermo
2855 4333 3116 4403 procedit.
3168 4333 3351 4403 Neque
3390 4336 3534 4389 enim
3579 4336 3852 4405 legislator

2252 4429 2532 4499 przcccptis
2556 4426 2800 4480 subditus
2821 4441 2940 4480 esse
2960 4425 3208 4480 debebat.
3236 4426 3425 4482 Vidcn’
3457 4428 3508 4482 id
3533 4428 3676 4496 quod
3705 4447 3818 4482 sent
3838 4459 3850 4466 -

2253 4539 2346 4591 per
2374 4522 2511 4581 dico,
2541 4520 2625 4573 hic
2655 4519 2812 4572 etiam
2841 4517 3077 4572 exhiberi
3101 4528 3315 4587 propter
3332 4518 3638 4572 auditorum
3673 4520 3846 4572 imbe-

2249 4615 2567 4669 cillitatem?
2604 4614 2734 4667 Nam
2767 4612 3061 4667 secundum
3093 4611 3302 4666 illorum
3341 4613 3650 4681 opinionem
3687 4615 3850 4667 multa

2251 4708 2412 4772 dicit,
2443 4723 2504 4760 ac
2534 4724 2625 4774 per
2653 4708 2831 4766 omnia
2864 4705 3130 4768 osurndit,
3167 4705 3287 4759 illos
3334 4706 3386 4759 in
3426 4717 3539 4759 luto
3592 4721 3715 4761 esse
3739 4747 3754 4771 ,
3798 4719 3851 4760 et

2254 4800 2496 4854 inimicos
2530 4800 2739 4852 illorum
2776 4813 2989 4867 pessum
3031 4798 3139 4856 ire.
3171 4806 3330 4867 atque
3381 4799 3560 4851 omnia
3590 4815 3712 4867 quae
3755 4800 3846 4850 La-

2255 4892 2410 4950 bent,
2457 4907 2484 4943 a
2519 4891 2652 4944 Filio
2699 4891 2928 4952 habere,
2962 4899 3017 4944 et
3065 4891 3107 4941 si
3134 4891 3293 4942 vitam
3343 4906 3528 4958 puram
3579 4902 3772 4959 agant,
3823 4907 3850 4942 a

2257 4987 2414 5038 nullis
2458 5000 2706 5051 umquam
2754 4983 3063 5050 superatum
3114 4985 3194 5035 iri.
3236 4982 3614 5037 Animadverte
3673 4997 3850 5036 ιτιιινιιι

2256 5093 2373 5130 cmn
2395 5087 2586 5144 quanta
2613 5076 2858 5143 loquatur
2878 5075 3003 5142 ipsis
3023 5076 3362 5128 auctoritate.
3384 5074 3501 5129 Non
3528 5074 3663 5128 dixit
3685 5077 3848 5135 enim,

2260 5173 2466 5225 illanete
2509 5172 2559 5224 in
2590 5170 2876 5224 dilectione
2903 5169 3111 5232 Patris;
3145 5167 3236 5222 sed
3258 5209 3271 5234 ,
3319 5165 3382 5220 In
3420 5168 3691 5220 dilectione
3721 5185 3846 5220 men.

2263 5264 2462 5318 Deinde
2491 5281 2556 5317 ne
2581 5262 2820 5317 dicerent
2841 5303 2855 5324 ,
2888 5262 3171 5330 Postquam
3206 5275 3304 5314 nos
3331 5260 3580 5313 omnibUs
3610 5260 3850 5313 inimicos

2262 5355 2466 5419 fecisti,
2501 5367 2624 5410 tunc
2654 5371 2750 5409 nos
2778 5356 3034 5424 relinquis
3074 5364 3128 5409 et
3157 5354 3402 5419 recedis;
3431 5352 3667 5406 ostendi:
3697 5368 3754 5406 se
3791 5355 3846 5403 il-

2264 5451 2341 5503 los
2378 5467 2480 5503 non
2518 5455 2820 5519 relinquere
2841 5493 2857 5516 ,
2879 5449 2970 5501 sed
3003 5451 3068 5501 ita
3100 5449 3229 5517 ipsis
3257 5448 3492 5516 Copulari
3514 5489 3527 5510 ,
3563 5447 3604 5498 si
3643 5447 3848 5515 quidem

2263 5543 2420 5598 velint
2447 5585 2460 5606 ,
2492 5551 2547 5595 ιιι
2587 5543 2857 5608 palmitem
2890 5542 3003 5596 viti.
3037 5541 3377 5609 llurstnnqne
3409 5556 3474 5590 ne
3523 5539 3744 5589 nimi-am
3791 5538 3847 5588 ti-

2263 5634 2449 5689 tleutes
2477 5635 2652 5702 supini
2694 5634 3020 5696 evaderent,
3061 5649 3164 5686 non
3199 5634 3474 5685 immotum
3511 5633 3623 5682 fore
3664 5629 3850 5681 L‘tmttttt

2264 5727 2424 5786 dicit,
2461 5727 2501 5779 si
2534 5727 2748 5780 desides
2777 5726 2992 5780 fuerint.
3026 5725 3155 5778 lliae
3185 5741 3249 5777 ne
3276 5724 3373 5776 sibi
3401 5731 3568 5778 totum
3600 5723 3849 5784 referret,

2333 5821 2347 5848 ¹
2388 5821 2547 5870 ηω-υι.
2577 5819 2714 5883 legit,
2743 5828 2790 5869 ut
2814 5822 2871 5868 ab
2896 5816 3081 5868 nomine
3106 5818 3302 5867 dictum.
