4040 6430
176 338 269 388 illi
1099 315 1156 372 IN
1195 311 1510 370 JOANNEM
1554 307 1781 364 ll0.\lll..
1829 301 2085 358 LXXVII.
2130 303 2200 354 al.
2244 296 2477 354 LXXVI.

165 459 214 500 et
248 445 314 500 ad
342 451 546 511 lapsum
575 439 830 506 majorem
856 431 1166 493 deduceret,
1195 429 1270 481 ait
1296 445 1308 480 :
1344 425 1368 477 1
1377 444 1406 478 ιι
1441 425 1533 477 hoc
1567 421 1760 487 clari/i-

165 550 308 590 ratus
354 545 424 588 est
461 532 636 586 Pater.
681 528 886 595 [hique
915 523 1057 578 enim
1088 531 1141 574 et
1169 534 1322 572 smun
1361 528 1412 570 et
1444 515 1614 569 l‘atris
1641 528 1763 579 erga

167 633 287 684 illos
341 643 580 680 :nnorem
612 624 968 676 demonstrat.
1024 617 1138 670 Non
1171 629 1299 684 ergo
1329 628 1413 665 res
1459 609 1766 665 .ludarnrnm

167 723 335 790 gloria
369 719 536 772 Patris
569 724 721 768 erant
744 754 758 774 .
791 711 883 764 sed
913 727 974 765 ea
1002 727 1119 777 quae
1149 708 1246 776 ipsi
1291 713 1443 758 erant
1471 700 1766 770 accepturi.

167 814 305 866 'l'um
339 826 404 863 ne
437 809 676 861 dicerent
698 847 712 869 ,
766 803 842 857 Ex
876 801 1112 872 paternis
1158 797 1452 851 excidimus
1474 837 1488 860 ,
1521 795 1772 848 onunbus

171 902 352 955 nudati
385 899 690 966 desertique
718 910 904 949 smnus
937 911 947 946 :
985 892 1038 944 lu
1070 907 1154 944 me
1179 932 1191 952 ,
1226 887 1429 956 inquit,
1479 885 1726 954 respicite
1758 900 1770 933 :

169 996 366 1063 diligor
391 1010 418 1045 ιι
451 992 629 1051 Patre,
660 1000 714 1043 et
742 1000 916 1042 tamen
952 987 1066 1039 hmc
1096 1000 1215 1055 qua:
1249 998 1390 1038 nunc
1420 983 1652 1044 adsunt,
1684 994 1777 1050 pa-

171 1090 299 1141 tior.
330 1086 442 1140 Non
466 1101 594 1148 ergo
625 1098 717 1137 vos
749 1084 996 1150 relinquo
1033 1094 1193 1142 mine,
1224 1078 1362 1146 quod
1391 1093 1483 1130 vos
1522 1092 1626 1131 non
1655 1075 1777 1127 (lili-

168 1198 312 1251 gaut.
346 1179 477 1234 Nam
507 1180 549 1230 si
581 1193 680 1246 ego
709 1176 1022 1236 interficior,
1054 1189 1150 1225 nec
1181 1182 1356 1224 tamen
1387 1169 1485 1222 hoc
1515 1183 1611 1237 pro
1641 1166 1776 1220 iudi-

168 1274 256 1326 cio
290 1270 460 1324 habeo
499 1285 585 1323 me
618 1285 722 1322 non
753 1266 922 1320 amari
951 1281 978 1317 a
1017 1265 1193 1326 l‘atre,
1228 1277 1400 1331 neque
1431 1276 1524 1314 vos
1572 1259 1773 1313 turbari

172 1379 268 1433 par
299 1372 398 1417 est.
430 1360 563 1414 Nam
591 1361 632 1413 si
663 1361 714 1413 in
738 1357 1023 1412 dilectione
1056 1371 1169 1408 inea
1199 1353 1479 1416 maneatis,
1509 1351 1638 1406 nihil
1662 1351 1777 1404 ha~c

172 1454 329 1508 vobis
351 1468 548 1508 nocere
569 1453 707 1506 mala
737 1458 1008 1519 poterunt,
1040 1456 1294 1517 quantum
1322 1445 1386 1499 ad
1410 1445 1771 1499 dilectionem.

247 1546 302 1599 5.
333 1544 566 1598 Christus
604 1558 691 1609 per
718 1557 870 1610 opera
900 1540 1210 1606 diligendus.
1235 1538 1424 1591 Contra
1469 1535 1702 1603 rapinam
1731 1543 1777 1586 et

169 1638 463 1691 avaritiam.
512 1636 622 1691 Sub
665 1637 817 1702 linem
867 1633 1077 1686 Nune-ri
1128 1631 1367 1684 laudatur
1401 1637 1778 1696 paupertas—-

171 1733 311 1799 Quia
340 1732 500 1801 igitur
533 1744 718 1797 magna
752 1725 1285 1794 iuexpngualiilisqne
1315 1738 1399 1774 res
1429 1730 1512 1775 e~t
1535 1721 1774 1785 dilectio,

174 1839 276 1877 nec
304 1838 366 1877 ea
410 1824 462 1874 in
507 1821 686 1874 verbis
731 1819 902 1872 Solum
948 1816 1231 1878 consisut,
1280 1815 1422 1867 illam
1479 1828 1573 1880 per
1616 1827 1779 1880 opera

174 1914 550 1968 exhibeamus.
580 1912 694 1979 Ipse
725 1925 822 1963 nos
853 1909 1095 1961 inimicos
1123 1906 1220 1959 sibi
1253 1903 1652 1966 reconciliavit;
1685 1917 1781 1955 nos

173 2003 336 2058 amici
371 2004 515 2065 facti,
550 2003 680 2055 tales
719 2013 1032 2052 maneamus
1067 2015 1078 2048 :
1116 1997 1228 2065 ipse
1252 1996 1434 2064 C(Ppit,
1465 2009 1560 2047 nos
1588 1994 1779 2047 saltem

176 2111 472 2166 sequamur
501 2113 513 2145 :
547 2094 661 2162 ipse
693 2107 794 2144 non
819 2091 884 2144 ad
917 2089 1192 2158 proprium
1235 2088 1335 2140 sibi
1376 2087 1579 2139 lucrmu
1609 2085 1783 2153 diligit

178 2188 358 2254 (nullo
384 2189 528 2240 enim
577 2184 825 2253 indiget),
871 2197 970 2236 nos
995 2181 1185 2236 Saltem
1230 2179 1296 2234 ad
1328 2174 1608 2232 utilitatem
1660 2193 1784 2231 nos-

178 2289 316 2333 tram
352 2298 364 2332 :
397 2279 510 2348 ipse
543 2291 640 2331 nos
675 2277 920 2329 inimicos
942 2275 1126 2327 dilexit
1154 2315 1167 2337 ,
1200 2286 1298 2326 nos
1324 2272 1511 2325 saltem
1553 2271 1782 2324 amicum

177 2374 486 2441 diligamus.
516 2373 582 2424 At
615 2385 755 2424 nunc
782 2369 1049 2423 Contraria
1084 2367 1327 2420 facimus.
1359 2365 1610 2432 Quotidie
1633 2379 1785 2419 nam-

175 2479 282 2532 que
313 2473 531 2531 propter
562 2477 659 2515 nos
686 2461 1088 2530 blasphematur
1118 2459 1258 2513 Deus
1283 2501 1297 2522 ,
1327 2459 1395 2513 ob
1425 2459 1665 2526 rapinas,
1716 2458 1786 2514 ob

176 2556 480 2609 avaritiam.
527 2553 776 2608 Fortasse
817 2568 946 2606 vero
989 2552 1248 2621 quispiam
1280 2561 1513 2605 vestrum
1554 2549 1784 2618 dixerit,

177 2648 431 2716 Quotidie
461 2648 528 2701 de
555 2646 777 2700 avaritia
805 2644 1045 2698 disseris.
1085 2643 1297 2698 Utinam
1327 2642 1547 2712 singulis
1575 2657 1788 2712 quoque

179 2742 430 2795 metilius
462 2739 510 2793 id
560 2740 748 2794 liceret
778 2756 791 2792 :
834 2737 1037 2791 utinam
1067 2747 1122 2790 et
1163 2736 1214 2790 in
1247 2734 1364 2789 foro
1409 2736 1596 2805 sequi,
1639 2745 1693 2790 et
1722 2735 1786 2790 ad

180 2850 428 2888 mensam
459 2848 672 2903 possem
699 2849 711 2885 :
734 2832 933 2886 utinam
964 2829 1237 2890 mulieres.
1263 2829 1422 2882 amici
1445 2870 1459 2894 ,
1487 2829 1598 2892 lilii,
1625 2829 1786 2893 servi,

179 2925 454 2996 agricolai,
489 2924 644 2979 vieini
668 2965 682 2988 ,
716 2925 998 2992 ipsumque
1032 2921 1394 2991 pavimentum
1425 2929 1478 2974 et
1515 2937 1547 2991 p
1569 2921 1747 2974 :rietcs
1772 2963 1786 2986 ,

181 3019 234 3071 iu
264 3018 401 3072 hanc
434 3025 650 3087 possent
679 3029 966 3085 erumpere
994 3028 1178 3068 vocem
1203 3055 1217 3079 ,
1250 3023 1307 3067 ut
1351 3013 1570 3082 paulum
1603 3015 1787 3066 remit-

182 3118 442 3162 teremus.
473 3106 670 3162 Orbem
701 3120 931 3174 namque
977 3113 1146 3159 totum
1177 3104 1372 3157 invasit
1398 3104 1484 3158 hic
1529 3105 1748 3158 morbus
1772 3145 1786 3165 .

179 3200 533 3269 onmiumque
586 3197 788 3252 detinet
812 3197 1020 3250 animos
1045 3236 1060 3261 ,
1110 3209 1299 3265 magna
1338 3202 1486 3249 certe
1527 3209 1790 3248 matutina.-

180 3291 449 3365 tyrannis.
483 3293 526 3345 A
557 3291 772 3347 Christo
800 3287 1064 3357 redempti
1094 3303 1310 3353 sumus,
1358 3297 1412 3341 et
1441 3302 1574 3340 auro
1617 3289 1789 3340 servi-

188 3401 324 3442 nus.
358 3385 534 3440 Alium
561 3385 837 3439 dominum
870 3381 1222 3454 pnedicatuus
1243 3423 1259 3446 ,
1302 3390 1357 3436 et
1405 3381 1494 3434 alii
1529 3380 1786 3451 obsequio

181 3494 344 3543 mur;
389 3487 443 3533 et
487 3476 744 3548 quidquid
790 3475 1015 3546 jusserit
1052 3473 1337 3544 diligenter
1375 3473 1661 3528 audimus:
1695 3489 1791 3544 ge-

180 3585 322 3635 nus,
355 3569 644 3624 amicitiam
667 3609 682 3631 ,
730 3581 1016 3633 naturam,
1066 3565 1247 3636 leges,
1287 3575 1340 3621 et
1366 3567 1545 3620 omnia
1577 3582 1672 3635 pro
1704 3567 1793 3620 illo

179 3662 573 3718 obliviscinutr.
607 3660 776 3717 Nemo
806 3659 1026 3728 respicit
1067 3659 1120 3713 in
1152 3660 1342 3714 catlum
1367 3701 1382 3725 ,
1416 3675 1576 3714 nemo
1617 3660 1791 3715 futura

177 3757 400 3827 cogitat.
432 3753 536 3810 Sed
565 3763 774 3822 tempus
795 3755 918 3820 erit,
948 3768 1068 3807 cum
1099 3753 1304 3806 nullum
1328 3752 1431 3808 erit
1460 3751 1648 3806 hormu
1673 3769 1792 3808 ver-

182 3849 378 3902 borqu
408 3846 636 3901 lucrum.
668 3845 799 3900 Nam
833 3844 898 3898 lu
923 3846 1148 3916 inferno,
1199 3843 1404 3913 inquit,
1437 3843 1550 3913 quis
1577 3845 1788 3912 con/ite-

179 3939 319 3991 bitur
345 3937 431 3990 tibi
474 3937 648 4005 (I’sal.
676 3936 728 3989 6.
755 3936 853 4007 6)?
882 3934 1250 3990 Desiderabile
1285 3943 1371 3988 est
1400 3949 1614 3999 aurum,
1651 3935 1789 3988 inul-

181 4040 374 4098 tasque
437 4028 590 4082 nobis
646 4027 848 4096 profert
887 4027 1144 4091 delicias,
1199 4035 1255 4081 et
1322 4025 1479 4080 nobis
1529 4026 1790 4080 honorem

179 4123 473 4186 conciliat;
506 4121 601 4175 sed
633 4137 738 4175 non
770 4131 973 4175 tantum
1002 4127 1259 4190 quauttun
1299 4119 1510 4172 etelum.
1565 4119 1791 4174 Divitem

182 4230 417 4285 namque
445 4213 597 4267 multi
619 4213 843 4267 oderunt
875 4222 928 4266 et
957 4221 1308 4276 aversantur;
1342 4212 1537 4266 virtute
1584 4212 1793 4281 pra-di—

181 4317 299 4360 tum
328 4314 507 4360 autem
534 4315 848 4358 reverentur
871 4312 925 4357 et
948 4303 1235 4356 honorant.
1267 4305 1356 4367 At,
1393 4304 1624 4371 inquies,
1661 4320 1792 4372 pau-

182 4415 281 4468 per
309 4397 606 4464 deridetur,
659 4396 869 4450 etiamsi
903 4395 1095 4448 virtute
1143 4394 1396 4463 prieditus
1445 4395 1535 4446 sit.
1594 4395 1788 4447 Verum

182 4507 290 4544 non
338 4490 477 4560 apud
513 4491 772 4551 homines,
801 4490 893 4544 sed
922 4489 1063 4558 apud
1097 4503 1192 4544 eos
1214 4489 1302 4558 qui
1333 4488 1541 4544 ratione
1580 4490 1787 4557 pra-diti

3391 297 3491 350 ιιι

1887 433 1991 471 non
2049 405 2219 468 suut‘:
2273 427 2439 482 quare
2483 409 2612 464 nihil
2658 411 2978 462 curmnlnau.
3015 409 3198 479 Neque
3245 413 3389 465 enim
3449 430 3492 468 St

1879 507 2013 562 asini
2041 517 2231 561 contra
2275 523 2371 558 nos
2409 506 2696 568 t‘lldt'l'ettl,
2745 505 3055 573 graenliquc
3091 507 3454 560 acelatnareut
3479 551 3493 572 ,

1881 602 2152 670 sapientes
2179 615 2308 653 vero
2337 597 2614 651 ΙτιιιιΙηΓιιιιι
2638 613 2848 658 otutn-s,
2882 597 2984 650 hoe
3015 600 3180 652 misso
3211 617 3494 662 consessu,

1881 694 1946 747 ad
1983 695 2260 747 brutorum
2313 693 2575 745 clamores
2611 706 2708 744 nos
2766 701 3124 745 verit-renuis.
3179 695 3312 748 Sunt
3354 700 3495 748 enim

1882 788 2114 857 graculis
2163 787 2368 839 similes
2403 797 2453 838 et
2504 786 2672 838 asinis
2715 787 2928 854 pejores
2989 787 3021 839 ii
3075 789 3166 857 qui
3213 794 3496 856 pra'sentia

1881 881 2237 933 admirantur.
2274 883 2430 932 tit-rte
2463 881 2506 934 si
2541 889 2792 934 terrenus
2841 897 2936 935 rex
2987 892 3038 937 te
3083 882 3306 948 laudet,
3359 887 3497 954 vulgi

1884 974 2280 1028 tuultittnlinem
2339 974 2471 1028 nihil
2499 973 2752 1038 curabis,
2787 974 3000 1028 etiamsi
3034 985 3086 1030 te
3137 991 3328 1030 omnes
3358 977 3500 1030 ιιι·τὶ-

1881 1066 2099 1119 deant:
2157 1076 2208 1120 et
2254 1083 2375 1118 cum
2431 1066 2807 1121 universorum
2868 1067 3125 1122 Dominus
3184 1078 3234 1124 te
3285 1070 3499 1132 laudet,

1883 1158 2056 1211 adhuc
2087 1157 2469 1210 eantlnu-orum
2502 1168 2556 1212 et
2585 1159 2815 1211 culicum
2851 1159 3312 1229 lainlesqtueris?
3343 1161 3502 1216 Tales

1882 1255 2022 1307 enim
2057 1262 2182 1306 sunt
2228 1253 2354 1318 isti,
2402 1252 2448 1306 si
2489 1267 2613 1305 cum
2651 1252 2759 1304 Deo
2788 1262 3208 1321 comparentur;
3265 1255 3373 1308 imo
3422 1256 3503 1308 bis

1883 1361 2096 1414 quoque
2131 1346 2349 1399 viliores
2376 1354 2522 1400 suuL
2549 1345 2841 1415 Quousque
2860 1345 2911 1398 in
2936 1359 3095 1399 emno
3123 1347 3504 1401 versabimur?

1882 1452 2164 1506 quousque
2195 1438 2459 1506 parasitos
2482 1447 2534 1491 et
2563 1434 2704 1508 gula:
2735 1438 2949 1494 deditos
2976 1449 3314 1510 spectatores
3347 1443 3502 1494 nobis

1884 1529 2227 1584 statuemus?
2257 1529 2334 1585 Ι]Ιί
2361 1529 2631 1585 aleatores
2681 1530 2914 1600 probare
2944 1540 3202 1600 possunt,
3233 1533 3501 1596 ebriosos,

1886 1624 2131 1677 lureoues
2168 1641 2179 1675 :
2214 1625 2464 1679 virtutem
2522 1634 2701 1679 autem
2751 1635 2806 1679 et
2851 1626 3037 1680 vitium
3071 1643 3138 1681 uc
3187 1627 3237 1680 iu
3280 1628 3504 1680 soumiis

1883 1715 2100 1784 quidem
2133 1716 2408 1785 imaginari
2457 1717 2656 1771 valent.
2704 1717 2867 1771 Certe
2914 1716 2957 1770 si
2990 1719 3113 1786 quis
3160 1725 3214 1772 te
3259 1717 3505 1773 derideat

1886 1807 2028 1876 quod
2085 1817 2243 1861 terra:
2275 1808 2456 1862 sulcos
2481 1808 2682 1863 ducere
2711 1811 2924 1862 nescias
2946 1818 2988 1873 ,'
3009 1823 3116 1861 non
3147 1823 3289 1878 mgre
3321 1809 3461 1864 feres
3483 1851 3500 1874 ,

1888 1900 1995 1952 imo
2026 1900 2260 1954 vicissim
2289 1900 2562 1954 deridebis
2591 1918 2737 1964 cum,
2761 1901 2848 1970 qui
2878 1899 2969 1953 tibi
2996 1899 3304 1967 lmjusmodi
3331 1904 3504 1972 impe-

1887 1993 2064 2047 ritiam
2088 1994 2381 2063 exprobret
2416 2013 2428 2047 ε
2460 2009 2581 2048 cum
2610 2005 2791 2049 autem
2825 1995 3076 2049 virtutem
3106 1995 3185 2048 vis
3226 2010 3503 2059 exercere,

1888 2101 1982 2142 eos
2001 2089 2087 2156 qui
2115 2089 2258 2142 il'am
2287 2087 2507 2158 proi'sus
2533 2092 2798 2158 ignorant,
2825 2099 3163 2159 spectatores
3186 2090 3278 2142 tibi
3306 2089 3507 2144 consti-

1895 2182 2000 2235 tuis
2021 2182 2042 2232 ’ἔ
2083 2181 2380 2250 Eattroptcr
2413 2199 2701 2249 tmtnquam
2755 2182 3099 2251 pervenimus
3126 2181 3191 2236 ad
3227 2183 3370 2236 illam
3420 2198 3508 2236 ar-

1892 2281 2020 2328 tem.
2055 2273 2172 2327 Non
2206 2275 2348 2328 enim
2377 2275 2562 2342 peritis
2589 2315 2602 2336 ,
2632 2274 2728 2327 sed
2765 2275 2964 2342 ignaris
2992 2285 3174 2329 nostra
3210 2276 3506 2329 committi-

1891 2382 2030 2421 mus.
2092 2366 2168 2420 llli
2235 2384 2363 2421 vero
2409 2385 2513 2421 non
2570 2368 2868 2423 secutulqu
2925 2369 3060 2422 artis
3116 2369 3361 2438 regulas,
3412 2368 3507 2422 Sed

1891 2461 2188 2516 secundum
2223 2462 2578 2531 ignorantiam
2611 2477 2762 2516 suam
2798 2463 2882 2515 illa
2912 2463 3222 2533 explorant.
3253 2465 3505 2531 Quapro~

1895 2566 2032 2624 pter,
2051 2556 2302 2618 obsecro,
2327 2556 2723 2610 multitudinem
2744 2555 3127 2625 (Inspiciamus,
3153 2557 3260 2608 imo
3283 2571 3380 2609 nec
3396 2554 3509 2608 lau-

1892 2647 1988 2702 des
2009 2648 2403 2713 desideremus,
2425 2665 2531 2701 non
2559 2649 2834 2716 pecunias,
2863 2663 2966 2702 nou
2992 2648 3241 2702 divitias:
3279 2665 3376 2701 uec
3397 2664 3512 2701 tua-

1893 2740 2142 2808 lmuquid
2177 2741 2552 2795 existimemus
2582 2750 2974 2809 paupertatem.
3017 2739 3148 2794 Nam
3185 2739 3508 2807 prudentize,

1894 2834 2186 2902 patientiat,
2208 2833 2495 2902 multisque
2528 2834 2880 2902 philosophia:
2913 2834 3166 2902 magistra
3216 2844 3508 2900 paupertas

1895 2938 1997 2980 est.
2014 2925 2290 2995 Siquidem
2312 2924 2547 2979 Lazarus
2570 2924 2622 2977 in
2645 2935 2956 2995 paupertate
2979 2925 3130 2989 vixit,
3153 2935 3205 2978 et
3223 2935 3514 2978 coronatus

1894 3029 1976 3073 est
2007 3035 2020 3071 :
2059 3018 2225 3073 Jacob
2253 3034 2443 3087 panem
2487 3018 2661 3072 solum
2711 3018 3005 3086 expetebat
3037 3035 3050 3070 :
3082 3015 3286 3086 Jttscpll
3319 3017 3371 3070 in
3419 3032 3515 3072 cx-

1899 3120 2064 3165 trema
2099 3119 2416 3179 paupertate
2450 3125 2556 3163 nou
2588 3109 2748 3163 modo
2777 3125 2988 3175 servus,
3016 3109 3110 3164 ενι]
3144 3111 3306 3162 etiam
3337 3111 3513 3178 capti-

1897 3218 1996 3257 vus
2019 3212 2167 3268 erat,
2199 3201 2430 3271 idecque
2460 3200 2612 3255 illum
2657 3201 2825 3271 magis
2867 3201 3189 3265 laudamus;
3222 3216 3398 3271 neqtte
3442 3201 3513 3255 ita

1897 3298 2159 3352 miramur
2208 3310 2331 3350 cum
2386 3293 2718 3349 frumentum
2764 3295 3140 3364 dispensaret,
3195 3304 3253 3347 ut
3287 3308 3411 3348 cum
3462 3294 3513 3347 iu

1897 3405 2118 3447 carcere
2144 3389 2403 3458 degeret,
2435 3404 2544 3443 non
2578 3387 2649 3442 ita
2681 3403 2803 3442 cum
2827 3387 3136 3442 diademate
3169 3398 3226 3441 ut
3277 3402 3396 3442 eum
3426 3401 3517 3441 ca-

1901 3492 2020 3538 tena
2053 3481 2410 3552 cingebatur;
2445 3495 2554 3534 non
2598 3479 2816 3550 quando
2848 3480 2900 3534 in
2930 3480 3068 3534 solio
3109 3478 3334 3534 sedebat
3358 3521 3372 3542 .
3416 3480 3514 3534 sed

1898 3575 2115 3646 quando
2146 3575 2355 3630 insidiis
2395 3574 2759 3644 impetebatur
2785 3583 2841 3629 et
2872 3571 3228 3628 vendebatur.
3260 3572 3384 3628 llaec
3417 3589 3518 3626 na-

1897 3683 2005 3738 que
2034 3667 2214 3722 omnia
2253 3667 2555 3736 cogitantes
2578 3707 2595 3732 ,
2630 3680 2841 3720 necnon
2886 3679 3120 3720 coronas
3150 3664 3234 3720 his
3261 3667 3518 3721 certami-

1901 3759 2059 3814 nihus
2091 3767 2324 3829 paratas,
2359 3775 2427 3813 ne
2447 3758 2694 3825 divitias,
2731 3757 3018 3823 honorem,
3049 3757 3294 3820 delicias,
3329 3769 3519 3828 poten-

1902 3854 2029 3908 tiam
2054 3895 2069 3918 ,
2104 3854 2196 3908 sed
2227 3861 2620 3922 paupertatem,
2650 3861 2902 3917 catenas,
2937 3852 3168 3916 vincula,
3203 3853 3513 3920 patientiam

1902 3965 1999 4017 pro
2021 3947 2219 4001 virtute
2249 3956 2555 4016 susceptam
2591 3945 2894 3999 laudemus.
2941 3944 3158 3999 Illorum
3203 3947 3346 3998 enim
3397 3946 3518 3998 li:.is

1901 4041 2135 4094 tumultu
2180 4055 2244 4094 ac
2277 4039 2774 4108 perturbationibus
2823 4038 3015 4108 plenus
3058 4050 3176 4100 est,
3225 4049 3277 4092 et
3323 4041 3372 4092 ἰιι
3413 4040 3513 4093 hac

1899 4137 2006 4190 vita
2039 4136 2157 4190 hate
2183 4135 2440 4190 desinunt
2475 4152 2488 4188 :
2525 4133 2718 4187 horum
2771 4148 2902 4188 vero
2949 4134 3193 4196 fruetus,
3241 4134 3429 4185 czelum
3462 4145 3520 4188 et

1900 4230 2136 4284 earlestia
2171 4228 2334 4292 bona,
2368 4244 2488 4297 qua:
2517 4242 2618 4282 nec
2643 4228 2833 4282 oculus
2863 4227 2991 4280 vidit
3012 4269 3025 4290 ,
3062 4242 3161 4280 nec
3192 4227 3340 4279 auris
3369 4225 3519 4278 audi-

1900 4323 1974 4375 vit
2005 4341 2017 4376 :
2052 4337 2173 4392 qua:
2205 4336 2305 4375 nos
2336 4337 2526 4376 manes
2552 4320 2771 4390 assequi
2799 4298 3097 4389 contingat,
3125 4321 3294 4390 gratia
3323 4329 3378 4374 et
3421 4320 3516 4373 be-

1901 4418 2158 4488 nignitate
2190 4415 2402 4470 Domini
2454 4414 2622 4468 nostri
2672 4411 2802 4468 Jesu
2852 4413 3086 4480 Christi,
3130 4413 3216 4467 cui
3248 4412 3416 4481 gloria
3463 4409 3517 4466 in

1900 4510 2096 4563 szeeula
2125 4508 2470 4562 sa'culorum.
2504 4509 2697 4561 Amen.

196 4603 3513 4627 ____________________________________________.__——

1475 4673 1824 4734 HOMILIA
1871 4670 2194 4732 LXXVII.

179 4797 314 4851 CAP.
361 4795 446 4850 15.
477 4809 527 4847 v.
567 4795 648 4848 ll.
700 4792 821 4847 Ha'c
849 4793 1085 4861 loquutus
1121 4810 1232 4846 sum
1265 4793 1418 4854 vobis,
1455 4803 1506 4844 ut
1536 4793 1788 4861 gaudium

257 4904 421 4941 meum
450 4888 501 4938 in
531 4885 668 4939 vobis
711 4893 933 4947 maneat,
978 4895 1024 4936 et
1052 4884 1294 4954 gaudium
1328 4895 1546 4937 vestrum
1582 4887 1646 4938 sit
1675 4889 1784 4952 ple-

258 4998 400 5035 uum.
434 4980 518 5035 l2.
554 4978 667 5032 Iloc
704 4988 776 5032 est
807 4987 1116 5048 prwceptum
1145 4995 1330 5042 meatu,
1367 4988 1418 5029 ut
1449 4977 1677 5048 diligatis
1707 4980 1786 5032 in-

256 5078 434 5140 virent,
453 5076 583 5128 sicut
612 5075 768 5126 dite-xi
799 5091 900 5126 vos.

258 5171 310 5224 1.
350 5167 540 5224 Omnia
573 5166 710 5221 bona
743 5175 867 5218 tum:
893 5165 1196 5219 mercedem
1226 5164 1444 5228 habent,
1476 5180 1598 5218 cum
1632 5165 1786 5220 debi—

184 5274 297 5316 tuut
332 5261 490 5314 linem
512 5265 947 5328 consequuntur:
974 5257 1016 5310 si
1049 5257 1472 5325 intercipiantur,
1507 5265 1630 5310 tunc
1657 5273 1787 5311 nau.

185 5351 411 5423 fragium
433 5361 533 5406 est.
567 5350 629 5404 Bt
665 5351 802 5403 sicut
829 5350 998 5411 navis,
1043 5349 1336 5403 innumeris
1373 5361 1564 5404 onusta
1597 5351 1786 5404 merci-

184 5445 307 5509 bus,
337 5443 436 5496 ιιίςί
465 5443 528 5496 ad
562 5452 774 5511 portum
824 5441 1110 5511 appulerit.
1156 5441 1250 5495 sed
1293 5441 1344 5494 iu
1390 5441 1568 5495 inedio
1601 5442 1787 5509 pelago

184 5536 581 5606 submergatur,
612 5533 743 5589 nihil
776 5549 841 5588 ex
873 5534 1031 5603 longa
1064 5535 1403 5605 navigatione
1435 5534 1566 5588 lucri
1597 5533 1785 5600 refert,

185 5631 279 5685 sed
308 5646 374 5684 eo
409 5630 667 5697 majorem
698 5630 898 5697 patitur
925 5628 1306 5694 calamitatem,
1326 5643 1434 5698 quo
1460 5628 1640 5698 plures
1669 5645 1788 5682 sus-

188 5722 345 5776 tinuit
372 5721 584 5775 labores
618 5738 631 5774 :
673 5721 750 5772 sic
781 5720 974 5772 anima:
1001 5734 1119 5787 quze
1149 5727 1274 5772 ante
1316 5720 1473 5773 finem
1512 5719 1784 5780 decidunt.

186 5815 230 5869 si
259 5817 310 5869 in
334 5813 525 5870 mediis
545 5811 926 5864 eertaminilms
954 5819 1131 5864 ruant.
1167 5811 1291 5866 ldeo
1317 5811 1513 5868 Paulus
1536 5813 1786 5884 gloriam,

498 5907 770 5970 ΡΑτιιοι..
819 5909 936 5970 Gn.
985 5909 1147 5970 LIX.

1904 4794 2163 4846 honorem
2192 4801 2243 4844 et
2275 4807 2459 4859 parem
2501 4793 2760 4859 emisequi
2794 4807 2888 4846 eos
2917 4793 3069 4857 dicit,
3101 4793 3190 4862 qui
3223 4793 3520 4848 secundum

1901 4885 2164 4938 bonorqu
2214 4898 2438 4951 Operam
2491 4884 2805 4953 patientiam
2852 4894 3078 4940 currunt
3112 4886 3291 4954 (Rom.
3335 4887 3389 4940 2.
3441 4887 3520 4956 7).

1900 4977 2052 5044 Quod
2081 4976 2243 5031 etiam
2276 4993 2416 5030 nunc
2436 4976 2682 5029 Christus
2705 4978 2982 5046 discipulis
3006 4979 3197 5032 iuuttit.
3218 4981 3353 5046 Quia
3373 4983 3519 5036 θιιῗιιι

1903 5070 2023 5123 illos
2045 5079 2346 5136 acceperat,
2388 5079 2439 5123 et
2467 5087 2526 5123 ea
2561 5070 2626 5122 de
2660 5087 2719 5124 re
2763 5073 2834 5124 illi
2863 5073 3031 5140 gavisi
3061 5082 3246 5135 erant,
3290 5073 3518 5129 deinde-
3577 5065 3580 5069 ’

1901 5179 2004 5232 que
2064 5163 2261 5231 ρυεςιιι,
2318 5163 2594 5233 tristiaque
2645 5163 2806 5219 verba
2855 5165 3106 5233 gaudium
3157 5165 3517 5236 iulereeptura

1902 5267 2086 5321 erant;
2119 5266 2399 5328 postquam
2434 5258 2554 5312 illos
2584 5259 2828 5327 pluribus
2849 5260 3157 5330 alloquutns
3180 5262 3517 5315 consolatus-

1901 5368 2003 5418 que
2030 5351 2221 5412 fuerat,
2255 5351 2416 5404 dicit:
2446 5350 2573 5404 Πιιέ
2597 5353 2834 5422 loquutus
2857 5371 2971 5406 sum
3004 5354 3161 5417 vobis,
3193 5363 3247 5406 ut
3272 5355 3515 5424 gaudium

1901 5459 2070 5495 meum
2095 5443 2145 5495 iu
2175 5443 2311 5496 vobis
2343 5455 2571 5509 maneat,
2605 5457 2648 5498 et
2671 5447 2918 5516 gaudium
2953 5459 3171 5499 vestrum
3207 5447 3514 5514 impleatur;

1904 5536 2002 5588 hoe
2024 5544 2127 5600 est,
2162 5534 2238 5590 Ne
2263 5536 2556 5593 discedatis
2587 5554 2615 5592 a
2647 5555 2751 5603 me,
2789 5556 2923 5596 neve
2962 5556 2990 5594 ιι
3025 5556 3186 5595 cursu
3217 5540 3510 5595 desistatis.

1901 5628 2080 5683 Cavisi
2110 5630 2242 5683 estis
2273 5631 2324 5684 ia
2377 5646 2484 5696 me,
2519 5639 2572 5686 et
2600 5631 2891 5686 admodum
2938 5633 3129 5704 gavisi,
3179 5633 3272 5687 sed
3324 5633 3510 5686 incidit

1903 5721 2135 5774 tristitia.
2160 5721 2307 5775 llzme
2326 5722 2501 5791 ejieio,
2532 5733 2589 5777 ut
2618 5726 2666 5778 iu
2694 5725 2798 5779 fine
2824 5731 3076 5795 gaudium
3097 5725 3308 5789 veniat;
3333 5735 3510 5777 osten-

1901 5812 2037 5866 dens
2066 5816 2350 5882 praesentia
2381 5831 2485 5868 non
2517 5830 2637 5871 c5sc
2681 5818 2823 5871 luctu
2856 5819 3036 5887 digna,
3087 5817 3180 5871 sed
3213 5821 3388 5888 potius
3417 5818 3509 5870 Leo

3076 5910 3155 5963 illi
