4040 6424
555 344 654 401 illi

550 462 683 531 illia.
718 455 825 514 Vos
852 455 957 513 vidi
988 448 1350 527 perturbatos;
1380 464 1483 504 non
1523 443 1843 513 contempsi,
1873 454 1970 494 nec
1996 438 2130 497 dixi,

550 552 657 606 Cur
684 550 889 606 strenui
918 564 1023 603 non
1051 544 1317 601 manetis?
1346 542 1440 597 sed
1474 542 1723 610 loquutus
1750 552 1867 589 sum
1898 549 1983 596 ea,
2014 544 2135 600 qute

556 661 645 697 vos
674 640 937 695 consolari
970 644 1206 709 passent.
1235 635 1326 690 Sic
1352 650 1445 687 vos
1479 632 1601 684 volo
1620 642 1833 695 semper
1855 628 1907 680 iit
1930 624 2030 678 hac
2054 623 2135 675 di-

558 739 779 793 .eetione
802 748 1039 788 servare.
1075 730 1314 785 Audistis
1351 726 1419 782 de
1459 738 1652 793 regno;
1680 720 1847 791 gavisi
1885 716 2033 771 estis.
2069 713 2135 770 Ut

552 840 731 897 itaque
758 825 1007 898 gaudium
1036 833 1270 877 vestrum
1292 809 1590 887 impleatur,
1616 815 1730 868 haec
1754 810 1862 866 dixi
1888 808 2061 898 vobis.

626 920 744 974 Non
771 897 930 990 potest
961 933 1066 971 esse
1080 912 1280 968 dilectio
1306 910 1400 964 Dei
1410 910 1517 963 sine
1536 907 1805 960 dilectione
1820 897 2136 990 prositut—ﬁ

554 1012 598 1065 ll
605 1028 663 1065 oc
680 988 928 1064 extantem
945 1013 1272 1077 prteceputm,
1288 1011 1341 1055 ut
1358 998 1824 1070 diligatisintticem,
1840 994 1964 1047 sicut
1978 988 2136 1044 dilati

548 1123 650 1159 eos.
673 1103 856 1157 Viden‘
877 1100 965 1155 Dei
986 1096 1327 1153 dilectionem
1340 1109 1461 1149 eum
1480 1100 1658 1145 nostra
1672 1087 2067 1170 complicatam,
2080 1090 2135 1137 et

545 1194 696 1264 quasi
717 1202 903 1246 catena
919 1203 1202 1243 annexam.
1228 1185 1352 1241 ideo
1370 1182 1654 1251 aliquando
1669 1180 1776 1234 duo
1795 1178 1922 1233 dicit
1944 1188 2137 1244 pratee-

548 1298 656 1357 pta,
682 1285 967 1355 aliquando
984 1297 1181 1337 unum:
1209 1295 1381 1350 neque
1415 1278 1557 1332 enim
1591 1283 1763 1344 potest
1791 1271 1880 1341 qui
1910 1270 2132 1323 alteram

547 1377 773 1445 accepit,
798 1376 1024 1430 alterum
1056 1390 1162 1428 non
1192 1371 1410 1426 habere.
1441 1365 1743 1436 Aliquando
1771 1363 1899 1417 dicit
1919 1378 1934 1417 :
1953 1359 2016 1413 In
2040 1360 2134 1412 hoc

547 1470 628 1523 (at:
638 1478 685 1521 et
702 1468 960 1538 prophetae
970 1465 1188 1535 pendent
1205 1463 1415 1533 (Matth.
1428 1459 1520 1515 22.
1534 1459 1648 1527 40);
1666 1454 1969 1527 aliquando,
1990 1452 2135 1518 Qua:-

547 1576 758 1628 cnmqne
793 1559 941 1611 tmltt's
979 1568 1031 1610 nt
1072 1559 1263 1627 faciant
1288 1554 1423 1608 vobis
1445 1552 1691 1613 homines,
1721 1558 1770 1602 et
1790 1564 1873 1602 vos
1893 1547 1962 1599 eis
1985 1545 2135 1617 facile

546 1648 766 1719 (lbid.7.
788 1648 875 1718 12)
892 1648 1126 1703 .llteeest
1143 1647 1284 1701 enim
1298 1647 1380 1700 lex
1395 1654 1449 1699 et
1467 1643 1753 1713 prophetat.
1766 1637 2133 1703 Et,Plcnitudo

546 1741 667 1810 legis
693 1748 763 1792 est
789 1739 988 1791 dilectio
1013 1736 1187 1809 (Rom.
1238 1738 1321 1791 l3.
1366 1736 1476 1803 10).
1504 1734 1654 1800 Quod
1684 1732 1841 1786 etiam
1878 1730 1961 1782 hic
1981 1728 2129 1781 dicit.

546 1829 677 1883 Nam
707 1831 747 1881 si
771 1844 971 1882 manere
991 1844 1055 1882 ex
1084 1828 1368 1882 dilectione
1399 1824 1613 1894 pendet,
1634 1821 1849 1875 dilectio
1872 1828 2047 1873 autem
2067 1834 2131 1871 ex

550 1932 935 1992 prteeeptormu
967 1921 1362 1984 observatione,
1408 1925 1730 1986 prireeptum
1772 1927 1902 1966 vero
1941 1921 2041 1975 est,
2078 1920 2133 1964 ut

546 2015 826 2085 diligamus
858 2014 1119 2077 invicem;
1153 2026 1369 2065 monere
1400 2011 1451 2062 itt
1482 2009 1592 2063 Deo
1618 2024 1680 2061 ex
1712 2007 1996 2061 dilectione
2018 2020 2132 2056 tllll-

548 2118 634 2162 tua
664 2108 835 2161 datur.
879 2106 1065 2175 Neque
1104 2104 1441 2158 dilectionem
1474 2100 1644 2154 solum
1682 2098 1826 2160 dicit,
1856 2096 1948 2151 sed
1971 2096 2131 2150 etiam

548 2198 761 2252 modum
790 2197 1085 2268 siguilieat:
1116 2194 1263 2250 Sicut
1292 2193 1445 2247 dilexi
1489 2208 1593 2245 vos.
1642 2190 1844 2243 Rursus
1874 2187 2128 2254 ostendit,

545 2305 814 2343 secessum
846 2305 1000 2343 suum
1035 2302 1141 2340 non
1172 2302 1235 2339 ex
1280 2285 1424 2347 odio,
1449 2282 1542 2336 sed
1573 2298 1638 2336 ex
1666 2280 1953 2335 dilectione
1978 2277 2127 2331 oriri.

547 2382 727 2449 Itaque
770 2397 855 2436 me
880 2380 1052 2449 magis
1084 2379 1263 2433 mirari
1307 2392 1424 2432 eam
1462 2377 1532 2431 ob
1567 2390 1782 2429 causam
1824 2372 2129 2443 oportebat.

546 2474 647 2526 I’ro
672 2472 820 2525 vobis
838 2472 978 2525 enim
1007 2470 1237 2524 :mimam
1266 2485 1435 2522 meam
1468 2482 1629 2537 pono.
1650 2466 1846 2521 Verum
1871 2480 2129 2534 nusquam

545 2565 613 2616 ita
649 2566 913 2632 loquitur;
945 2563 1038 2617 sed
1070 2578 1229 2632 supra
1271 2577 1391 2617 cum
1441 2562 1703 2629 optimum
1736 2568 2002 2637 pastorem
2032 2557 2130 2611 dc-

546 2654 762 2715 seribit;
796 2653 881 2707 hic
924 2668 1074 2719 vero,
1117 2669 1237 2709 eum
1275 2652 1526 2706 admouet
1569 2652 1707 2715 illos,
1739 2660 1795 2705 et
1833 2650 2132 2704 dilectionis

548 2743 963 2814 magnitudinem
994 2745 1247 2809 ostendit,
1270 2744 1505 2813 seipsum
1532 2741 1652 2809 quis
1667 2739 2004 2793 sitdeclarat.
2024 2739 2133 2793 Cur

542 2849 720 2891 autem
752 2837 947 2908 ubique
976 2837 1315 2891 dilectionem
1347 2834 1587 2890 extollit?
1616 2833 1749 2901 Quia
1790 2832 1892 2887 hoc
1933 2840 2014 2886 est
2050 2831 2130 2884 di-

543 2929 865 2999 scipulorttm
900 2928 1177 2993 indicium,
1224 2928 1325 2983 hoc
1358 2928 1609 2981 virtutem
1652 2925 1813 2980 fovet.
1848 2924 1970 2979 Ideo
1995 2923 2130 2978 Pau-

549 3024 629 3076 lus
654 3023 719 3076 de
748 3022 835 3077 illa
863 3023 977 3077 hinc
1005 3021 1156 3087 dicit,
1190 3029 1372 3091 utpote
1397 3034 1553 3075 verus
1579 3017 1778 3074 Christi
1813 3016 2125 3086 discipulus,

542 3114 631 3184 qui
675 3114 817 3168 illam
848 3113 1200 3183 experiretur.
1247 3113 1333 3167 Η.
1402 3110 1501 3165 Vos
1528 3112 1678 3165 amici
1708 3112 1805 3164 mei
1846 3110 1981 3164 estis.
2008 3106 2129 3160 lam

544 3222 641 3258 non
672 3204 836 3258 dicunt
878 3220 962 3259 vos
986 3222 1153 3259 servos
1178 3220 1196 3258 :
1225 3204 1312 3259 l5.
1344 3204 1463 3274 quia
1492 3220 1664 3258 servus
1697 3201 1852 3256 nescit
1893 3200 2017 3271 quid
2045 3204 2128 3270 fa-

543 3297 641 3349 ciat
674 3296 907 3350 dominus
934 3298 1061 3363 eius.
1095 3295 1196 3351 Vos
1222 3296 1372 3349 amici
1391 3296 1487 3348 mei
1514 3298 1664 3357 estis;
1690 3296 1810 3363 quia
1835 3293 2003 3346 omnia
2020 3307 2133 3360 qua:

542 3390 712 3443 audivi
726 3407 759 3441 a
782 3389 941 3443 Patre
966 3406 1093 3453 tneo,
1122 3399 1240 3443 nota
1268 3390 1361 3461 feci
1387 3388 1543 3442 vobis.
1566 3386 1673 3442 Cur
1689 3402 1818 3457 ergo
1842 3386 1935 3446 ait,
1966 3384 2131 3437 Multa

544 3479 700 3533 habeo
728 3479 865 3534 vobis
884 3481 1070 3543 dicere,
1093 3480 1181 3534 sed
1201 3497 1300 3533 non
1324 3480 1529 3549 potestis
1555 3488 1755 3548 portare
1774 3478 1924 3531 modo
1949 3476 2126 3549 (Joan.

545 3568 631 3623 16.
658 3568 781 3639 ηδτ
806 3569 936 3624 Cum
959 3569 1109 3636 dicit,
1137 3569 1322 3623 Omnia
1346 3586 1461 3631 qua
1484 3569 1679 3635 audivi,
1710 3570 1836 3623 nihil
1856 3568 1995 3623 aliud
2020 3567 2128 3622 vult

541 3659 848 3728 signiﬁcari,
881 3676 1040 3730 quam
1070 3660 1215 3730 quoii
1257 3660 1389 3715 nihil
1434 3661 1668 3716 alienum
1716 3661 1990 3731 loquatur;
2034 3660 2126 3714 sed

539 3766 658 3819 qua:
688 3766 717 3803 a
748 3750 902 3804 Patre
923 3750 1148 3805 audivit.
1175 3750 1307 3818 Quia
1339 3767 1469 3805 vero
1488 3750 1613 3805 illud
1634 3752 1863 3806 maxime
1879 3750 2127 3805 amicitiae

540 3855 660 3895 esse
678 3842 909 3905 uidetur,
940 3856 1060 3895 cum
1110 3857 1303 3897 ateana
1333 3840 1613 3905 dicuntur;
1657 3840 1755 3895 hac
1783 3855 2016 3910 quoque,
2050 3840 2129 3893 itt-

540 3932 670 4002 quit,
696 3932 895 4003 dignati
917 3935 1046 3988 estis
1066 3935 1253 4004 gratia.
1276 3933 1412 3987 Cum
1434 3949 1563 3987 vero
1582 3932 1709 3987 dicit
1737 3932 1942 3992 Omnia.
1976 3932 2129 3985 intel-

544 4025 675 4094 Iigas
704 4040 788 4088 ea,
820 4041 938 4094 qua:
965 4024 1151 4079 audire
1180 4025 1300 4079 illos
1330 4025 1633 4095 Oportebat.
1667 4024 1866 4079 Deinde
1888 4022 2031 4077 aliud
2052 4023 2131 4077 el-

539 4114 644 4169 lert
668 4131 769 4169 non
789 4115 1006 4186 vulgare
1022 4116 1268 4171 amicitia:
1288 4116 1516 4185 signum.
1533 4114 1809 4182 Quodnam
1844 4113 2008 4167 illud?
2042 4114 2124 4169 16.

543 4205 661 4259 Non
692 4222 774 4259 eos
799 4223 877 4259 mc
896 4207 1132 4278 elegistis,
1160 4206 1349 4275 inquit,
1372 4206 1462 4260 sed
1482 4222 1572 4276 ego
1601 4206 1725 4277 elegi
1754 4221 1856 4259 vos.
1886 4204 2000 4274 Ego
2036 4221 2127 4259 ve-

538 4309 701 4351 stram
728 4298 1013 4352 amicitiam
1040 4297 1237 4352 ardens
1262 4298 1503 4367 qumsivi.
1536 4295 1717 4365 Neque
1748 4296 1849 4350 hoc
1872 4297 2001 4349 satis
2032 4295 2122 4349 ha-

540 4391 671 4453 buit,
704 4390 819 4456 sed,
854 4389 1015 4445 Posui
1041 4407 1148 4456 vos,
1190 4391 1382 4458 inquit,
1412 4388 1462 4443 id
1490 4396 1589 4452 est,
1620 4387 1892 4449 Plantavi,
1926 4398 1977 4439 ut
2009 4388 2126 4441 eatis

540 4482 739 4545 (adhuc
760 4482 813 4535 in
840 4481 1147 4549 metaphora
1177 4480 1299 4536 vitis
1326 4480 1609 4550 persistit),
1639 4479 1689 4533 id
1716 4488 1817 4544 est,
1851 4477 1918 4534 Ut
1948 4490 2130 4533 exten-

540 4572 763 4635 damiui,
792 4582 839 4625 et
868 4572 1091 4639 fructum
1120 4570 1368 4638 alferatis.
1416 4581 1462 4623 ct
1502 4574 1699 4639 fructus
1725 4581 1883 4624 vester
1910 4580 2126 4623 maneat.

541 4662 692 4729 Quod
716 4662 760 4716 si
790 4661 994 4717 fruetus
1025 4672 1256 4718 ntaneat.
1291 4663 1460 4716 multo
1487 4662 1655 4731 magis
1686 4676 1801 4715 vos.
1845 4661 1959 4715 Non
1991 4661 2130 4715 enim

524 4757 637 4805 "os
658 4753 839 4807 amavi
870 4761 1099 4819 tantum,
1149 4754 1342 4823 inquit,
1394 4752 1490 4808 sed
1541 4753 1744 4823 magnis
1796 4768 2005 4822 quoque
2038 4753 2130 4806 be-

547 4844 752 4898 neﬁciis
778 4845 950 4912 alii-ci,
981 4846 1177 4916 ubique
1208 4856 1467 4901 terrarum
1500 4846 1743 4916 palmites
1774 4856 1980 4900 vestros
2005 4862 2132 4915 pro-

550 4951 771 5005 pagans.
1208 4926 1215 4932 ’

615 5027 668 5081 2.
717 5028 898 5082 Viden’
940 5036 1070 5097 quot
1098 5028 1271 5082 modis
1298 5028 1639 5083 dilectionem
1670 5044 1821 5083 suam
1848 5030 2135 5085 ostendat?

546 5135 667 5174 cum
696 5132 898 5175 secreta
928 5122 1119 5190 aperit,
1148 5136 1269 5176 cum
1300 5123 1446 5189 prior
1471 5121 1536 5175 ad
1566 5123 1853 5177 amicitiam
1883 5124 2133 5188 accurrit,

546 5227 670 5266 cum
691 5226 879 5279 magna
910 5213 1039 5281 ipsis
1064 5212 1277 5266 Confert
1304 5212 1579 5276 beneficia,
1606 5224 1657 5265 et
1688 5214 1775 5267 illa
1798 5230 1917 5282 qum
1950 5228 2136 5281 passus

543 5312 624 5355 est
656 5318 749 5371 pro
782 5303 885 5357 iUis
914 5306 1183 5375 sustinuit.
1210 5303 1343 5357 Hinc
1360 5305 1593 5359 ostendit
1620 5320 1675 5359 se
1706 5315 1964 5374 perpetuo
1989 5320 2138 5358 man-

546 5408 731 5447 surum
754 5410 874 5449 eum
904 5396 1006 5449 illis
1038 5397 1264 5450 lruetuut
1293 5395 1589 5449 emissuris.
1618 5394 1786 5465 lpsius
1812 5397 1953 5449 enim
1982 5397 2135 5449 auxi-

548 5485 617 5538 lio
643 5485 709 5539 ad
740 5483 968 5541 fructum
995 5488 1269 5543 ferendum
1295 5502 1430 5557 Opus
1459 5488 1673 5543 habent.
1700 5488 1769 5543 Ut
1793 5490 2140 5559 quodcumque

552 5578 786 5642 petieritis
815 5578 1018 5633 Patrem
1049 5581 1099 5633 in
1129 5582 1328 5634 nomine
1355 5598 1483 5645 meo,
1523 5580 1605 5635 det
1634 5582 1789 5636 vobis.
1840 5582 1995 5648 Atqui
2025 5581 2140 5647 ejus

550 5683 577 5721 ι
606 5683 708 5735 quo
734 5672 928 5737 petitur
953 5682 1057 5734 est,
1102 5672 1273 5727 lacere
1298 5692 1308 5728 :
1334 5674 1377 5726 si
1403 5688 1527 5727 vero
1548 5687 1578 5726 a
1607 5673 1761 5727 Patre
1793 5676 2011 5741 petitur,
2045 5687 2140 5727 cur

553 5758 714 5813 Filius
746 5761 793 5816 id
835 5760 989 5816 facit?
1021 5764 1083 5818 Ut
1113 5764 1285 5819 diSCnS
1327 5781 1431 5818 non
1464 5766 1720 5818 minorem
1763 5780 1880 5819 esse
1923 5762 2133 5816 Filium.

1352 340 1407 392 s.
1462 329 1738 391 .lOANNIS
1776 322 2249 385 cutttsos'rotu
2291 320 2606 377 .tntzttter.
2644 320 3183 378 consumma.

3740 322 3845 376 “6

2245 436 2327 489 l7.
2362 434 2486 487 Iltcc
2506 434 2739 503 loquutus
2763 450 2874 487 smn
2892 434 3045 499 vobis,
3071 443 3124 486 ut
3146 430 3367 502 diligatis
3387 430 3637 495 invicem;
3666 429 3719 484 id
3738 442 3846 499 est,

2243 527 2356 581 Non
2380 527 2710 596 exprobrans
2737 526 2850 580 hinc
2870 526 3017 592 dico,
3046 541 3132 579 me
3153 524 3384 579 animam
3408 538 3585 578 meam
3612 539 3843 592 ponere,

2243 636 2329 675 me
2371 621 2600 689 priorem
2643 619 2708 673 ad
2760 633 2851 672 vos
2893 618 3213 680 accurrisse,
3242 617 3336 672 sed
3366 625 3425 670 ut
3446 615 3514 671 ad
3544 615 3845 669 amicitiam

2242 725 2337 765 vos
2368 711 2613 765 inducam
2670 708 2869 763 Deinde
2894 709 3015 779 quia
3051 708 3521 779 persequutionem
3572 722 3603 758 a
3659 706 3846 759 multis

2242 801 2370 872 pati,
2414 811 2467 857 et
2510 800 2821 869 exprobrari
2850 800 3041 855 dttrunt
3073 808 3189 855 erat
3216 808 3271 854 et
3298 798 3665 860 intolerabile.
3698 798 3846 867 quod

2242 904 2422 963 posset
2447 893 2605 947 etiam
2636 891 2918 947 sublimem
2948 892 3185 947 animum
3229 891 3488 960 dejicere;
3518 891 3643 945 ideo
3682 893 3848 944 inim.

2242 986 2402 1039 meris
2436 984 2721 1053 prtetnissis
2749 984 2814 1037 ad
2856 984 2956 1039 hoc
2982 986 3147 1045 venit,
3180 994 3459 1053 postquam
3496 984 3748 1038 animum
3783 985 3846 1037 il-

2240 1074 2411 1129 lorum
2435 1075 2777 1139 detnulserat,
2806 1086 2861 1130 et
2888 1092 2955 1130 ex
2984 1075 3272 1135 abundanti
3295 1087 3698 1131 monstraverat
3727 1074 3847 1130 luet

2242 1181 2340 1235 pro
2371 1166 2476 1219 illis
2505 1165 2639 1219 laeta
2672 1182 2813 1230 esse,
2845 1176 2901 1220 ttt
2928 1178 2978 1221 et
3008 1166 3109 1219 alia
3144 1182 3263 1236 qua:
3278 1167 3389 1233 jam
3421 1166 3768 1221 ostenderat.

2311 1254 2540 1309 Christus
2571 1256 2849 1323 discipulos
2875 1256 3047 1310 multis
3071 1257 3236 1309 modis
3255 1255 3574 1309 consolatur.
3593 1286 3670 1296 —
3691 1254 3849 1310 Sicut

2237 1347 2379 1399 enim
2410 1346 2543 1400 dixit
2570 1362 2675 1400 non
2700 1346 2859 1401 modo
2894 1361 3002 1401 non
3042 1348 3354 1410 dolendum,
3385 1346 3479 1403 sed
3505 1348 3675 1400 etiam
3703 1362 3847 1417 gau-

2237 1438 2494 1504 dendum,
2522 1440 2663 1510 quod
2696 1440 2795 1493 iret
2821 1439 2885 1493 ad
2915 1440 3154 1505 Patrem;
3186 1456 3291 1493 non
3320 1441 3460 1495 enim
3486 1448 3542 1494 ut
3565 1440 3849 1508 relinque-

2240 1538 2321 1584 ret
2350 1529 2467 1583 illos
2498 1530 2597 1584 hoc
2623 1546 2682 1585 se
2709 1529 2887 1585 facere
2906 1532 3054 1595 dicit,
3079 1531 3173 1587 sed
3204 1532 3345 1602 quod
3370 1532 3492 1585 illos
3508 1533 3668 1587 v..lde
3689 1548 3847 1585 auta-

2240 1631 2351 1676 ret:
2387 1622 2457 1675 ita
2485 1632 2533 1676 et
2561 1622 2647 1676 hic
2673 1624 2905 1677 ostendit
2925 1623 3235 1691 lastandum,
3254 1640 3358 1678 non
3383 1624 3843 1682 dolendumesse.

2240 1712 2306 1766 Et
2346 1700 2714 1769 animadverte
2744 1730 2849 1784 quo
2896 1725 3048 1784 pacto
3093 1714 3283 1784 probet
3330 1713 3480 1769 illud.
3527 1715 3647 1769 Non
3694 1718 3843 1770 enim

2238 1804 2406 1857 dixit:
2432 1804 2556 1859 Seio
2584 1820 2696 1859 rem
2724 1820 2846 1860 esse
2874 1808 3177 1867 molestam,
3212 1806 3305 1861 sed
3336 1816 3553 1875 propter
3596 1822 3686 1860 me
3709 1808 3843 1861 illud

2239 1896 2518 1959 sustinete,
2564 1896 2687 1966 quia
2729 1907 2947 1966 propter
2975 1913 3060 1951 me
3108 1897 3371 1967 patimini.
3410 1897 3663 1951 Nandum
3692 1900 3843 1951 enim

2240 1989 2353 2039 lure
2384 1988 2652 2041 subiciens
2681 1989 3060 2042 consolationis
3082 2004 3240 2042 causa
3263 1991 3445 2043 luiSSet
3467 2006 3478 2040 :
3504 2005 3734 2058 quaproj
3759 2004 3847 2042 ter

2239 2079 2395 2131 missi
2432 2079 2537 2144 illa,
2570 2080 2725 2133 aliam
2760 2081 3023 2149 proponit.
3055 2080 3260 2147 Quam?
3288 2079 3439 2148 Quod
3493 2081 3692 2150 prioris
3734 2083 3846 2133 vir-

2238 2171 2364 2222 tutis
2396 2169 2495 2223 hoc
2523 2178 2667 2223 esset
2692 2181 3084 2240 argumentum,
3117 2180 3170 2224 et
3196 2182 3381 2225 eontra
3412 2170 3710 2225 dolendutu
3750 2186 3844 2224 es-

2236 2274 2335 2323 set,
2365 2276 2468 2313 non
2498 2262 2639 2331 quod
2690 2277 2828 2316 nunc
2877 2263 3046 2317 odiosi
3091 2264 3226 2328 sitis,
3257 2264 3351 2317 sed
3377 2266 3421 2317 si
3449 2263 3842 2332 diligeremini.

2238 2351 2349 2406 lloe
2379 2352 2523 2406 enim
2555 2353 2876 2421 subindicat,
2901 2370 3019 2408 eum
3050 2356 3155 2407 ait:
3192 2354 3277 2409 l9.
3312 2355 3375 2410 Si
3401 2357 3466 2409 de
3491 2356 3688 2410 mundo
3717 2372 3846 2410 esse-

2237 2446 2318 2506 tis,
2352 2446 2570 2499 mttndus
2598 2448 2734 2517 quod
2759 2464 2904 2499 suum
2938 2459 3062 2503 esset
3094 2448 3345 2516 diligeret.
3377 2449 3559 2519 Itaque
3578 2451 3622 2503 si
3653 2449 3846 2519 dilige-

2239 2538 2452 2602 remini,
2484 2538 2836 2607 improbitatis
2860 2540 3111 2594 imlieium
3134 2541 3461 2609 praebet-etis.
3488 2542 3695 2596 Deinde
3714 2543 3842 2612 quia

2238 2626 2320 2679 his
2364 2628 2518 2682 dictis
2564 2628 2691 2682 nihil
2744 2629 3061 2698 profecerat,
3097 2631 3287 2684 iterum
3318 2633 3668 2702 prosequitur
3698 2651 3711 2684 :
3746 2633 3840 2687 9.0.

2240 2717 2360 2771 Non
2386 2733 2460 2772 est
2486 2736 2655 2773 servus
2699 2723 2865 2790 major
2912 2722 3118 2775 domino
3160 2739 3271 2774 suo.
3316 2724 3379 2778 Si
3423 2740 3503 2776 tne
3546 2725 3845 2793 persequuti

2234 2821 2370 2874 siml,
2400 2820 2445 2866 et
2471 2828 2557 2865 vos
2577 2824 2955 2883 persequentur.
2986 2814 3117 2869 llinc
3151 2815 3381 2870 maxime
3415 2816 3652 2871 ostendit
3694 2818 3844 2886 ipsos

2236 2905 2531 2959 imitatores
2564 2903 2695 2959 fore.
2731 2905 2908 2960 Donec
2947 2906 3089 2961 enim
3132 2907 3374 2961 Christus
3411 2909 3463 2961 in
3506 2923 3675 2963 carne
3720 2910 3839 2974 luit,

2233 3004 2421 3050 contra
2448 2996 2620 3065 ipsum
2646 2995 2977 3061 certabatur;
3013 3006 3291 3068 postquam
3317 3008 3495 3053 autem
3524 3010 3841 3069 assumptus

2234 3096 2316 3143 est
2346 3128 2362 3156 ,
2404 3088 2662 3144 adversus
2702 3089 2820 3144 illos
2867 3100 3158 3159 pugnatum
3204 3102 3303 3144 est.
3346 3090 3389 3145 ll
3415 3106 3481 3144 ne
3510 3092 3635 3160 quia
3684 3093 3838 3160 pauci

2235 3192 2420 3234 contra
2473 3189 2678 3234 tantum
2737 3181 2988 3249 papulutn
3036 3183 3396 3236 concertaturi
3456 3180 3835 3245 turbabantur,

2237 3272 2474 3341 ipsorum
2505 3274 2713 3327 animos
2738 3274 2891 3341 erigit
2914 3274 3118 3334 dicens.
3153 3273 3290 3328 hanc
3317 3289 3439 3328 esse
3471 3276 3710 3329 maxime
3740 3276 3833 3328 la:-

2237 3364 2379 3419 tandi
2402 3379 2638 3433 causam,
2667 3366 2807 3435 quod
2837 3367 2905 3421 ab
2924 3366 3025 3421 illis
3043 3368 3167 3422 odio
3185 3367 3545 3423 haberentur:
3570 3368 3645 3423 lta
3665 3370 3834 3433 enim,

2237 3456 2426 3527 inquit,
2456 3455 2583 3511 mihi
2613 3458 2917 3526 passionum
2940 3468 3220 3513 consortes
3245 3459 3415 3514 eritis.
3449 3459 3566 3514 Non
3582 3476 3716 3529 ergo
3740 3477 3839 3516 vius

2236 3550 2435 3605 turbari
2452 3558 2693 3619 oportet;
2714 3566 2818 3604 non
2838 3553 2980 3605 enim
2998 3568 3082 3605 tne
3107 3552 3341 3621 potiores
3362 3555 3520 3617 estis;
3540 3555 3835 3625 siquidem,

2234 3652 2287 3696 ut
2314 3642 2445 3707 dixi,
2481 3641 2601 3697 Non
2626 3654 2697 3697 est
2722 3660 2892 3698 servits
2922 3646 3087 3715 major
3115 3645 3318 3699 domino
3347 3662 3461 3699 suo.
3510 3645 3642 3701 Inde
3675 3649 3835 3701 tertia

2233 3735 2477 3805 sequitur
2500 3735 2798 3789 consolatio
2830 3754 2844 3789 :
2878 3736 3017 3806 quod
3048 3736 3206 3791 Pater
3247 3753 3347 3790 una
3380 3753 3503 3791 cum
3534 3739 3669 3807 ipsis
3698 3756 3839 3794 eou-

2235 3827 2449 3880 tumelia
2478 3826 2761 3881 alliciatur.
2785 3827 2875 3881 ει.
2914 3826 3040 3881 Hcec
3064 3829 3237 3881 omnia
3256 3830 3441 3896 facient
3460 3831 3619 3895 vobis,
3640 3832 3837 3899 inquit.

2236 3926 2442 3987 prapter
2468 3934 2651 3973 nomen
2676 3936 2865 3982 meum,
2896 3920 3016 3986 quia
3044 3922 3273 3973 nesciunt
3298 3938 3410 3975 eum
3438 3922 3529 3991 qui
3556 3923 3695 3975 misit
3718 3942 3839 3987 me;

2236 4010 2337 4063 hoc
2365 4019 2469 4076 est,
2502 4009 2653 4064 Illum
2684 4025 2896 4081 quoque
2920 4013 3246 4067 contumelia
3286 4012 3549 4070 alliciunt.
3603 4016 3686 4069 Ad
3721 4020 3841 4071 ha‘c

2236 4099 2355 4154 illos
2383 4103 2528 4156 omni
2573 4102 2727 4157 venia
2759 4101 3004 4171 indignos
3054 4105 3427 4172 pronuntians,
3477 4106 3636 4159 aliam
3681 4108 3839 4162 allen

2232 4195 2657 4251 consolationem
2691 4195 2775 4251 his
2804 4197 3015 4250 verbis:
3039 4196 3129 4250 ‘22.
3157 4196 3220 4252 Si
3249 4214 3349 4251 non
3385 4202 3651 4266 venissem,
3685 4212 3733 4253 et
3759 4202 3843 4254 lo-

2234 4296 2421 4352 quutus
2454 4286 2663 4354 fuissem
2690 4287 2781 4350 eis,
2826 4296 3086 4355 peccatum
3114 4304 3213 4340 non
3241 4289 3509 4352 haberent;
3538 4292 3842 4347 ostendens

2237 4376 2383 4447 ipsos
2410 4376 2589 4447 inique
2634 4378 2686 4431 in
2730 4393 2789 4432 se
2814 4389 2868 4432 et
2902 4380 2952 4432 in
2984 4380 3274 4448 discipulos
3312 4397 3433 4437 esse
3462 4392 3701 4437 acturos.
3727 4387 3841 4441 Cur

2236 4484 2366 4539 ergo
2393 4485 2490 4525 nos
2514 4471 2566 4524 in
2601 4470 2714 4525 luce
2756 4470 3010 4526 induxisti
3055 4474 3227 4527 mala?
3271 4489 3449 4529 annon
3498 4479 3841 4547 praevidebas

2237 4561 2375 4616 bella
2404 4572 2459 4615 et
2486 4563 2645 4617 odia?
2668 4562 2791 4618 Ideo
2814 4564 2962 4618 addit
2986 4584 2997 4618 ε
3026 4565 3115 4621 25.
3152 4566 3252 4633 Qui
3282 4585 3364 4622 me
3389 4571 3517 4635 odit,
3542 4580 3591 4623 et
3623 4568 3839 4627 Patrem

2236 4671 2401 4709 meum
2423 4656 2550 4710 odit.
2575 4656 2690 4711 Non
2715 4673 2932 4727 parvum
2954 4660 3079 4714 hinc
3104 4661 3209 4715 illis
3240 4662 3555 4731 supplicium
3586 4678 3840 4732 prmium-

2237 4748 2351 4804 tiat.
2385 4749 2517 4818 Quia
2548 4752 2691 4805 enim
2718 4751 2914 4821 ubique
2945 4752 3329 4819 obtendebant,
3374 4770 3433 4809 se
3476 4761 3699 4823 propter
3742 4756 3842 4809 Pa-

2239 4851 2372 4896 trem
2402 4842 2673 4896 Christum
2700 4846 2969 4914 persequi,
3004 4846 3109 4899 illis
3134 4862 3348 4902 omnem
3376 4847 3627 4902 auferens
3649 4848 3842 4902 deleu-

2238 4936 2467 5001 sionem,
2488 4938 2601 4991 haec
2619 4937 2773 4991 dixit.
2794 4938 3002 4994 Nullam
3023 4941 3166 4995 enim
3183 4942 3381 4996 habent
3398 4958 3461 4997 ex
3499 4944 3805 4999 usationem
3828 4964 3842 4998 :

2240 5028 2522 5083 verborum
2560 5030 2857 5085 doctrinam
2907 5032 3036 5098 ipsis
3086 5035 3319 5101 praebui,
3368 5036 3625 5103 operibus
3674 5039 3840 5091 verba

2240 5120 2551 5175 conﬁrmavi
2580 5122 2873 5176 secundum
2900 5123 3097 5194 Moysis
3126 5126 3316 5195 legem.
3350 5127 3439 5195 qui
3474 5126 3591 5181 hzee
3620 5127 3839 5182 facienti

2243 5222 2297 5267 et
2325 5214 2521 5267 dicenti
2549 5214 2925 5282 obtemperare
2941 5216 3091 5284 jubet
3122 5232 3330 5279 omnes,
3363 5218 3579 5285 quando
3617 5220 3760 5272 dicta
3789 5232 3842 5274 et

2244 5305 2307 5359 ad
2344 5307 2596 5375 pietatem
2634 5306 2859 5373 ducunt,
2904 5317 2956 5361 et
2986 5310 3193 5377 magnis
3226 5320 3348 5362 sunt
3380 5310 3508 5363 fulta
3542 5313 3837 5367 miraculis.

2245 5396 2353 5452 Nec
2381 5399 2699 5468 simpliciter
2722 5400 2977 5454 miracula
3006 5401 3165 5465 dixit,
3200 5401 3291 5455 sed
3320 5402 3493 5471 qualia
3526 5420 3685 5458 nemo
3706 5407 3843 5460 alius

2247 5490 2505 5555 patravit:
2536 5489 2689 5556 cujus
2734 5491 2810 5543 rei
2864 5491 2959 5557 ipsi
3008 5498 3173 5545 testes
3216 5502 3518 5546 erantcum
3550 5496 3835 5550 dicerent:

2252 5578 2300 5631 Ν
2307 5596 2540 5646 umquam
2566 5582 2712 5633 homo
2743 5582 2813 5634 sic
2837 5581 3084 5649 apparuit
3116 5582 3166 5633 in
3192 5580 3357 5636 Israel
3388 5583 3608 5652 (Matth.
3633 5587 3686 5641 9.
3717 5589 3839 5647 55);

2250 5682 2321 5735 et,
2346 5671 2380 5722 Α
2405 5672 2589 5724 sweulo
2616 5689 2712 5725 non
2734 5681 2804 5725 est
2826 5674 3074 5736 anditnnt,
3102 5674 3238 5739 quod
3259 5674 3367 5741 quis
3389 5675 3645 5744 aperuerit
3674 5680 3842 5730 oculos

2254 5763 2373 5815 cati
2400 5761 2507 5816 nati
2538 5760 2713 5833 (Joan.
2746 5763 2798 5817 9.
2823 5765 2947 5834 '52):
2982 5765 3105 5819 item
3128 5765 3195 5821 de
3220 5765 3440 5831 Lazaro,
3463 5779 3623 5837 atque
3654 5770 3840 5823 similia
