4040 6424
135 393 244 444 H7

128 506 310 555 nmlta
345 497 572 570 proferri
606 506 845 567 possent,
872 510 1082 550 necnon
1113 492 1494 547 miraculorum
1526 488 1755 579 nimius:

122 595 326 646 ouinia
354 600 505 645 certe
536 604 692 653 nova,
721 597 776 641 et
803 584 1089 657 stupenda.
1125 584 1234 637 Cur
1276 600 1428 652 ergo,
1470 582 1661 651 inquit,
1705 592 1755 635 et

128 700 185 740 te.
214 695 276 741 et
305 701 405 739 nos
437 679 875 752 persequuntur?
908 679 1042 743 Quia
1089 678 1153 733 de
1179 677 1368 730 mundo
1400 692 1499 729 non
1528 676 1665 729 estis.
1698 674 1760 727 Si

128 783 198 833 tle
220 777 423 831 "uuida
453 776 644 840 essetis,
679 774 897 828 mundus
921 772 1057 840 quod
1074 788 1221 825 suum
1244 780 1317 825 est
1334 770 1583 841 diligeret.
1609 771 1759 825 Prius

133 872 190 923 in
226 868 553 922 meinoriam
597 866 700 919 illis
742 873 960 919 revocot
998 863 1182 926 verba,
1213 879 1334 931 qua:
1367 860 1618 915 fratribus
1648 862 1760 915 suis

130 962 397 1015 dixerat:
428 958 524 1012 sed
552 957 660 1012 illic
686 957 897 1025 quidem
925 956 1150 1017 Cautius,
1182 970 1249 1009 ne
1271 954 1415 1024 ipsos
1436 953 1756 1017 offenderet;

136 1054 230 1106 hic
260 1067 397 1105 vero
428 1059 614 1105 contra
643 1057 811 1102 totum
846 1047 1119 1101 revelavit.
1154 1046 1219 1099 Et
1264 1045 1405 1099 unde
1452 1045 1619 1113 liquet
1661 1061 1759 1097 nos

136 1152 437 1212 prepterea
468 1141 593 1194 odio
626 1138 845 1193 haberi?
872 1139 949 1192 Ex
981 1139 1045 1192 iis
1070 1154 1187 1208 qua:
1220 1139 1270 1190 in
1315 1152 1401 1191 me
1440 1136 1580 1190 facta
1609 1144 1757 1189 sunt.

138 1238 284 1291 Nam
319 1236 462 1304 quod
492 1234 760 1288 dictorum
808 1242 1151 1302 gestornmve
1193 1245 1435 1284 meorum
1465 1244 1758 1300 coarguere

140 1336 462 1397 potuerunt,
499 1335 555 1379 nt
601 1341 687 1380 me
721 1341 826 1379 non
876 1324 1217 1392 reciperent?
1254 1322 1454 1377 Deinde
1499 1337 1620 1375 enm
1672 1337 1758 1376 res

140 1419 418 1489 stupenda
448 1418 602 1471 nobis
645 1424 811 1480 esset,
863 1431 1079 1469 causam
1112 1430 1325 1484 quoque
1354 1415 1519 1477 dixit;
1565 1430 1758 1483 nempe

142 1515 395 1582 ipsorum
427 1510 741 1577 nequitiam.
765 1510 947 1581 Neque
966 1509 1066 1564 hoc
1085 1509 1217 1564 satis
1247 1508 1452 1572 habuit,
1482 1510 1575 1563 sed
1595 1511 1757 1564 etiam

143 1604 476 1672 prophetam
524 1601 764 1664 adducit.
812 1602 1106 1658 osuendens
1138 1601 1286 1655 illum
1314 1601 1430 1657 h:ec
1468 1602 1579 1671 jam
1625 1603 1756 1657 olim

142 1697 546 1765 pra-nuntiasse
575 1710 637 1750 ac
667 1695 905 1750 dixisse:
933 1695 1025 1750 25.
1061 1695 1194 1763 Quia
1227 1697 1344 1749 odio
1372 1699 1655 1751 habuerunt
1683 1715 1761 1751 me

144 1788 315 1855 gratis
345 1785 518 1851 (Psal.
543 1786 631 1840 (38.
657 1786 734 1856 ὅ).
757 1786 908 1853 Quod
930 1796 984 1842 et
1014 1787 1208 1842 Paulus
1242 1787 1382 1842 facit.
1411 1789 1586 1843 Multis
1613 1790 1759 1844 enim

145 1880 474 1934 mirantibus
519 1880 660 1948 quod
709 1879 880 1935 Judrei
926 1896 1034 1935 non
1064 1880 1415 1945 crediderint,
1464 1883 1758 1952 prophetas

142 1971 307 2025 affert
350 1973 399 2025 id
428 1972 554 2025 olim
586 1974 1025 2042 prmnuutiantes,
1065 1985 1121 2029 et
1159 1991 1375 2032 causam
1423 1978 1759 2047 prol'ercntes

144 2063 563 2130 incredulitatis,
600 2082 792 2134 nempe
820 2067 1077 2121 malitiam
1097 2078 1147 2122 et
1168 2072 1527 2139 arrogantiam
1548 2087 1756 2125 eorum.

144 2156 287 2222 Quid
319 2155 488 2225 ergo?
515 2156 558 2211 si
587 2172 893 2213 sernwnem
931 2169 1079 2213 tttmn
1112 2177 1216 2213 non
1249 2172 1551 2225 Servarunt,
1586 2179 1759 2232 neque

146 2255 394 2301 nostrum
424 2248 750 2304 servabunt:
780 2251 822 2303 si
856 2258 906 2303 te
937 2255 1241 2320 persequuti
1272 2261 1420 2317 sunt,
1447 2264 1499 2307 et
1523 2269 1621 2308 nos
1640 2271 1760 2321 per-

144 2350 479 2407 sequentur:
507 2343 550 2393 si
586 2339 835 2396 viderunt
856 2342 1004 2412 signa
1032 2342 1207 2413 qualia
1239 2344 1419 2400 nullus
1444 2345 1582 2401 alios
1604 2346 1757 2412 fecit;

144 2434 191 2487 si
224 2433 386 2488 verba
415 2434 702 2490 audierunt
732 2451 839 2489 non
873 2435 1131 2490 hactenus
1156 2437 1356 2500 audita.
1387 2449 1440 2493 et
1473 2438 1604 2492 nihil
1637 2455 1761 2508 pro-

146 2523 430 2588 fecerunt;
477 2526 520 2579 si
571 2526 781 2580 Patrem
813 2536 958 2581 tuum
988 2538 1042 2582 et
1073 2537 1124 2583 te
1155 2529 1419 2583 oderunt:
1450 2546 1549 2585 cur
1577 2548 1674 2585 nos
1707 2532 1758 2584 in

150 2618 359 2672 medios
414 2618 682 2687 iujecisti?
713 2620 985 2689 quomodo
1032 2637 1131 2673 nos
1177 2624 1281 2677 fide
1325 2623 1471 2693 digni
1517 2624 1759 2679 erimus?

146 2709 273 2778 quis
298 2726 363 2763 ex
391 2710 784 2765 contribulibus
819 2727 919 2767 nos
941 2712 1157 2768 audiet?

222 2802 275 2857 '5.
308 2800 387 2857 Ne
410 2802 589 2873 itaque
615 2802 727 2857 lucc
749 2804 1045 2872 cogitantes
1071 2806 1431 2874 turbarentur,
1455 2807 1577 2864 vide
1598 2825 1758 2879 quam

148 2894 341 2949 afferat
389 2897 836 2951 consolationem.
876 2896 966 2952 26.
1018 2896 1146 2950 Cum
1190 2900 1376 2953 venerit
1416 2899 1757 2971 Paracletus,

148 3003 299 3054 quem
326 3003 417 3058 ego
443 2988 656 3053 mittam,
684 2988 936 3057 Spiritum
962 2991 1204 3057 veritatis,
1231 2992 1317 3059 qui
1342 3008 1372 3045 a
1404 2992 1558 3048 Patre
1582 3012 1761 3064 proce-

149 3080 256 3145 tlit,
285 3080 373 3133 ille
403 3080 741 3133 testimonium
766 3081 952 3149 per/tib.
971 3081 1040 3134 bit
1067 3083 1130 3135 tle
1155 3100 1254 3139 me.
1280 3084 1371 3138 ‘27.
1407 3084 1472 3138 Et
1501 3103 1586 3140 ros
1617 3087 1758 3141 testi-

151 3174 382 3223 monium
407 3171 746 3239 pcrltibebitis,
770 3174 887 3242 quia
910 3173 973 3224 ab
996 3174 1139 3227 initio
1162 3191 1356 3227 mecum
1380 3177 1515 3231 estis.
1539 3178 1631 3232 Ille
1656 3178 1760 3233 fzd'e

150 3263 347 3333 dignius
375 3265 478 3318 erit
504 3283 519 3319 :
544 3280 665 3318 nam
693 3265 925 3334 Spiritus
949 3267 1188 3322 veritatis
1213 3276 1313 3323 est.
1350 3270 1471 3325 Ideo
1500 3286 1604 3325 nou
1633 3271 1755 3340 Spi-

154 3355 316 3408 ritum
348 3367 590 3409 sanctum
616 3397 632 3422 ,
659 3356 764 3415 sed.
786 3356 1037 3426 Spiritum
1066 3361 1288 3412 veritatis
1320 3360 1492 3433 ipspm
1521 3364 1755 3416 vocavit.

154 3444 285 3499 lilud
314 3461 461 3511 vero,
490 3446 641 3514 Quia
665 3445 824 3503 Patre
845 3451 1090 3517 procedit,
1116 3453 1351 3507 ostendit
1377 3455 1548 3522 ipsmn
1576 3457 1755 3509 omnia

151 3545 403 3613 accurate
433 3551 593 3594 nosse
611 3580 625 3605 ,
653 3539 793 3609 quod
825 3539 986 3595 etiam
1016 3541 1082 3596 de
1110 3544 1289 3613 seipso
1316 3544 1443 3599 dicit
1468 3546 1716 3601 Christus
1741 3564 1753 3599 :

153 3627 284 3682 Scio
304 3629 436 3681 unde
457 3629 615 3695 venio,
638 3640 802 3701 etquo
823 3632 972 3698 vado,
991 3642 1047 3688 et
1067 3632 1154 3689 hic
1173 3634 1241 3690 de
1263 3637 1483 3691 veritate
1509 3638 1754 3708 loquens.

154 3716 315 3782 Quem
352 3735 445 3788 ego
475 3720 692 3775 mittam.
722 3722 862 3777 Ecce
899 3739 1004 3778 non
1048 3718 1205 3781 Pater
1244 3728 1391 3782 solus
1414 3768 1431 3795 ,
1463 3729 1558 3784 sed
1593 3732 1755 3784 etiam

155 3810 323 3864 Filius
351 3810 531 3864 mittit.
564 3810 631 3866 Et
658 3828 752 3868 vos
778 3830 989 3885 quoque
1020 3816 1125 3872 fide
1146 3818 1289 3888 digni
1319 3821 1466 3875 eritis
1487 3864 1501 3887 ,
1526 3824 1615 3893 qui
1645 3839 1759 3878 me-

153 3918 274 3956 cum
307 3901 481 3957 fuistis
504 3943 519 3968 ,
550 3918 723 3973 neque
753 3906 821 3961 ab
849 3907 968 3961 aliis
994 3908 1235 3964 audistis.
1284 3910 1495 3983 ipsique
1525 3915 1754 3983 apostoli

156 3992 282 4046 hinc
317 4005 692 4049 asseverantes
723 3997 1015 4068 loquuntur
1044 4015 1059 4051 :
1094 4002 1195 4068 Qui
1219 4019 1334 4056 cum
1359 4021 1417 4057 eo
1444 4009 1756 4062 comedimus

152 4094 201 4138 et
245 4082 454 4137 bibimus
483 4085 639 4153 (Act.
669 4086 757 4142 10.
797 4089 859 4143 ΔΙ
892 4089 932 4159 ).
973 4091 1125 4159 Quod
1168 4102 1347 4149 autem
1395 4095 1509 4152 hate
1550 4114 1653 4152 non
1686 4100 1753 4154 ad

152 4178 376 4247 gratiam
398 4177 537 4233 dicta
561 4179 688 4247 sint,
716 4182 1031 4238 testiﬁcatur
1055 4186 1167 4254 ipse
1189 4187 1441 4257 Spiritus.
1476 4190 1747 4261 (Cap.lli.)

156 4269 209 4324 i.
239 4266 362 4323 Πανί·
382 4270 619 4339 loquutus
645 4290 756 4327 sum
778 4276 936 4343 vobis,
961 4276 1137 4333 utnon
1158 4282 1607 4352 scaudalizemiui;
1628 4303 1751 4341 eum

154 4374 345 4428 nempe
371 4360 618 4417 videbitis
649 4366 845 4421 multos
875 4384 980 4422 non
1012 4369 1296 4427 credentes
1317 4416 1331 4436 ,
1365 4383 1419 4429 et
1449 4391 1541 4429 vos
1570 4380 1749 4447 gravia

154 4453 437 4521 patientes.
464 4453 521 4507 2.
552 4452 717 4509 Extra
751 4475 1065 4531 synagoga»:
1104 4463 1291 4531 facient
1322 4481 1427 4520 vos.
1459 4466 1577 4522 lam
1608 4471 1750 4549 cutim
1802 4474 1809 4478 ’

156 4544 529 4612 decreverant,
575 4556 633 4601 ut
661 4548 705 4602 si
734 4550 853 4619 quis
880 4552 1152 4608 Christum
1187 4560 1558 4622 couliteretur,
1599 4544 1750 4617 extra

152 4651 473 4707 synagogam
515 4640 821 4708 ejiceretur.
865 4644 974 4699 Sed
1009 4649 1142 4702 venit
1182 4649 1311 4704 hora
1334 4694 1348 4718 ,
1382 4662 1435 4705 ut
1470 4656 1633 4708 omnis
1662 4657 1750 4725 qui

152 4729 383 4795 interﬁcit
414 4746 517 4794 eos,
548 4733 818 4790 arbitretur
840 4754 895 4792 se
918 4738 1207 4810 obsequium
1237 4756 1481 4813 prastare
1509 4745 1639 4802 Deo.
1675 4750 1748 4804 Ita

153 4830 382 4875 vestram
421 4823 711 4879 moliuntur
750 4828 765 4859 ί
794 4845 1019 4896 necem,
1060 4848 1123 4889 ac
1149 4835 1192 4889 si
1234 4851 1347 4890 rem
1387 4838 1527 4907 piam
1553 4850 1607 4894 et
1639 4841 1749 4897 Deo

153 4922 352 4982 gratam
379 4926 618 4996 agerent.
656 4919 856 4977 Deinde
883 4927 1303 4983 conmilationem
1337 4946 1522 4987 rursus
1550 4933 1744 4990 all'ert:

152 5005 206 5057 5.
247 5004 309 5058 lit
349 5007 457 5063 lucc
492 5009 715 5077 facient,
746 5014 864 5084 quia
894 5032 994 5069 non
1026 5030 1268 5072 noverunt
1308 5019 1557 5090 Patrem,
1588 5042 1748 5097 neque

153 5118 246 5155 me.
284 5102 443 5157 Vobis
484 5104 549 5159 ad
586 5108 1007 5163 consolationem
1040 5111 1169 5165 satis
1209 5121 1327 5175 est,
1356 5115 1496 5184 quod
1527 5127 1747 5188 propter

153 5210 233 5248 tne
256 5204 306 5249 et
339 5208 554 5267 propter
584 5198 793 5253 Patrem
828 5201 941 5255 haec
973 5204 1265 5271 patiamini.
1297 5206 1392 5262 llic
1421 5209 1526 5264 illis
1554 5210 1603 5263 in
1627 5227 1743 5266 me-

153 5287 367 5341 moriam
398 5299 615 5343 revocat
641 5291 1023 5347 beatitudinem
1070 5296 1236 5363 illam,
1269 5314 1427 5369 quam
1468 5302 1745 5370 inprinci-

153 5378 236 5448 pio
276 5380 569 5447 protulerat
600 5401 612 5436 :
643 5382 784 5437 Beati
815 5388 931 5439 estis
970 5403 1083 5440 cum
1116 5389 1250 5442 vobis
1288 5393 1700 5457 exprobraverint
1723 5438 1739 5463 ,

152 5479 198 5521 ct
236 5474 517 5541 persequuti
548 5490 630 5529 vos
660 5478 882 5546 fuerint,
917 5488 961 5530 et
990 5480 1208 5533 dixerint
1234 5498 1383 5537 omne
1407 5486 1597 5539 malum
1628 5503 1741 5541 ver—

154 5562 260 5612 bum
294 5562 560 5617 atlrersum
596 5583 681 5619 ros
717 5570 1007 5623 mentientes
1032 5614 1045 5636 ,
1077 5583 1282 5643 propter
1311 5592 1407 5628 me.
1439 5575 1664 5633 Gaudete
1693 5590 1741 5635 ct

158 5653 408 5721 rxsultule,
436 5658 551 5724 quia
584 5674 769 5713 merces
801 5674 960 5713 vestra
990 5666 1147 5718 multa
1177 5676 1249 5719 est
1276 5667 1327 5720 in
1357 5670 1493 5723 (telis
1520 5667 1737 5738 (Matth.

217 5832 231 5860 ι
254 5831 443 5886 mndata
469 5830 670 5894 habent,
698 5836 1000 5897 reputabant,
1024 5854 1127 5901 pro,
1148 5841 1423 5893 moliuntur.

1115 379 1176 434 IN
1216 376 1531 433 JUANMSM
1576 374 1806 428 ιιυλιιι..
1853 374 2109 427 LXXV”.
2149 375 2217 425 al.
2265 373 2497 427 l.\X\'l.

3380 374 3476 422 ita

1866 488 1919 542 5.
1951 489 2031 542 ιι.
2067 486 2172 558 l2).
2206 490 2258 541 -t.
2294 486 2419 540 Ηιυε
2447 487 2685 553 loquutus
2713 504 2828 541 sum
2859 486 2995 539 vobis
3021 529 3035 550 ,
3066 496 3119 539 ut
3146 502 3260 540 cunt
3291 501 3477 541 venerit

1866 580 1992 634 liora
2023 598 2195 634 eorum
2215 622 2229 647 ,
2260 580 2656 634 reminiscamini
2694 578 2887 634 bormn
2908 621 2923 641 ,
2951 588 3006 633 ct
3034 588 3225 634 caetera
3256 579 3362 636 lide
3391 580 3473 635 di—

1865 691 1967 745 gna
1993 674 2255 730 habeatis.
2278 674 2462 744 Neque
2479 675 2622 729 enim
2646 675 2828 729 dicere
2852 672 3094 744 poteritis
3116 690 3201 728 me
3221 675 3474 730 adnlamli

1865 775 1957 819 aut
1986 766 2171 836 gratia:
2199 766 2450 821 ineundae
2479 782 2640 823 causa
2669 766 2784 821 inec
2811 766 3034 830 dixisse,
3064 782 3241 836 neque
3270 771 3473 826 fallacia

1866 872 1989 912 esse
2021 859 2181 912 verba
2212 873 2354 913 mea.
2383 859 2516 913 Nam
2545 859 2591 913 si
2616 860 2736 929 quis
2759 876 2854 915 vos
2876 860 3129 931 decipere
3153 862 3338 927 vellet,
3369 881 3473 918 non

1867 949 1980 1005 brce
2007 951 2326 1018 pra-diceret
2351 967 2471 1020 qnze
2500 968 2595 1006 VUS
2625 953 2901 1008 deterrere
2931 965 3168 1024 possunt.
3198 954 3323 1010 Ideo
3349 973 3477 1026 ergo

1866 1042 2085 1110 pra-dixi
2106 1082 2120 1106 ,
2150 1057 2218 1097 ne
2245 1045 2393 1098 istaec
2422 1044 2788 1113 inexspectata
2821 1061 2915 1101 vos
2944 1046 3225 1103 turbarent
3254 1067 3266 1104 :
3291 1057 3347 1104 et
3373 1050 3475 1104 alia

1862 1148 2078 1202 quoque
2114 1133 2181 1187 de
2222 1126 2387 1188 causa
2412 1178 2428 1201 ,
2473 1151 2541 1190 ne
2584 1136 2838 1193 diceretis
2880 1155 2965 1195 Ine
3006 1140 3120 1196 hinc
3152 1143 3324 1195 futura
3357 1159 3479 1199 esse

1863 1242 1969 1279 non
2012 1227 2366 1294 prmseiviSse.
2414 1227 2836 1285 limitiniscamiui
2877 1232 3035 1302 igitur
3054 1277 3070 1299 ,
3101 1236 3221 1303 quia
3251 1254 3342 1308 ego
3369 1238 3479 1291 tlia'i

1868 1320 2025 1372 vobis.
2050 1319 2179 1372 Nam
2204 1336 2418 1390 semper
2438 1320 2608 1376 Judaei
2632 1324 2908 1380 obtentum
2938 1328 3135 1382 malmn
3159 1329 3475 1397 all‘erebant,

1861 1428 1957 1465 cur
1985 1414 2103 1467 illos
2135 1426 2609 1485 persequerentur,
2642 1418 2789 1488 ipsos
2817 1420 3081 1489 pollentes
3107 1425 3259 1493 quasi
3292 1427 3475 1495 perui-

1862 1506 2060 1560 ciosos.
2120 1508 2314 1561 \‘erum
2360 1508 2475 1564 haec
2512 1510 2807 1580 discipulos
2850 1529 2956 1566 non
2999 1515 3323 1583 turbabant,
3355 1518 3476 1587 quia

1864 1598 1978 1653 ham
2022 1599 2197 1654 futura
2238 1601 2555 1668 audierant,
2602 1616 2657 1659 ct
2697 1606 2941 1661 sciebant
2982 1623 3079 1663 cur
3119 1620 3476 1679 paterentur:

1862 1706 1983 1761 qua:
2009 1708 2171 1747 causa
2194 1706 2306 1749 erat
2335 1695 2403 1750 ad
2429 1697 2715 1766 erigendos
2744 1698 2982 1767 ipSorum
3010 1702 3220 1756 animos
3248 1702 3475 1758 idonea:

1863 1784 2118 1854 illamque
2140 1785 2261 1840 ideo
2280 1788 2477 1856 nbitpte
2501 1800 2679 1843 versat
2700 1790 2909 1858 dicens,
2936 1792 3047 1847 Non
3074 1806 3337 1850 noverunt
3359 1813 3477 1860 me;

1863 1886 1915 1931 et
1937 1919 1951 1943 ,
1984 1877 2208 1947 Propter
2234 1896 2321 1936 me
2355 1881 2585 1947 facient,
2616 1894 2671 1938 et
2702 1897 2922 1956 propter
2950 1903 3146 1943 nomen
3178 1906 3392 1956 meum,
3426 1903 3481 1948 et

1864 1981 2085 2041 prepter
2109 1971 2320 2028 Patrem
2338 1973 2519 2042 (loan.
2543 1976 2627 2032 l6.
2645 1977 2699 2032 5.
2725 1990 2772 2033 et
2800 1980 2883 2034 15.
2908 1979 3023 2054 2t);
3048 1990 3121 2048 et,
3143 1981 3255 2054 Ego
3271 1984 3480 2054 primus

1866 2076 2055 2130 passus
2084 2079 2237 2129 sum;
2268 2074 2342 2141 et.
2378 2065 2493 2121 Non
2525 2084 2589 2122 ex
2616 2069 2757 2137 jnsta
2786 2087 2945 2125 causa
2977 2074 3092 2150 haec
3119 2074 3339 2130 audent.
3520 2076 3527 2077 ί

1936 2155 1989 2208 4.
2036 2154 2101 2207 In
2125 2159 2485 2223 tentationibus
2513 2161 2647 2214 unde
2671 2162 2954 2217 consolatio
2978 2167 3248 2219 sumenda.
3267 2198 3339 2207 -—-—
3358 2170 3481 2224 lla-c

1866 2259 1965 2298 nos
1992 2261 2206 2314 qucque
2226 2228 2288 2301 in
2315 2250 2704 2307 tentalionibus
2724 2255 2906 2308 animo
2933 2271 3229 2323 \erstrmns,
3260 2277 3382 2314 cum
3413 2262 3480 2315 ab

1867 2337 2123 2406 improbis
2170 2341 2369 2410 aliquid
2418 2343 2691 2411 patimur;
2737 2345 2932 2402 ducem
2979 2359 3223 2405 nostrum
3263 2363 3317 2407 et
3358 2353 3481 2408 lidci

1866 2430 2219 2498 perfectorem
2249 2434 2600 2502 respiciamus
2622 2451 2638 2501 ς
2664 2447 2718 2491 et
2744 2438 2887 2507 quod
2918 2440 2986 2493 ab
3013 2441 3275 2511 improbis
3294 2486 3308 2510 ,
3337 2447 3479 2515 Quod

1868 2535 2086 2593 propter
2115 2525 2387 2589 virtutem,
2420 2537 2472 2580 et
2506 2538 2725 2598 propter
2752 2530 3023 2587 Christum
3058 2536 3313 2604 patimur.
3348 2538 3478 2592 Nam

1864 2614 1909 2668 si
1943 2620 2057 2671 haec
2082 2619 2379 2688 cogitemus
2400 2663 2415 2687 ,
2449 2621 2620 2677 facilia
2656 2628 2835 2680 omnia
2876 2638 2931 2684 et
2970 2631 3268 2688 tolerabilia
3296 2646 3477 2690 erunt.

1863 2706 1996 2761 Nam
2023 2710 2066 2763 si
2097 2726 2192 2779 pro
2210 2710 2420 2766 dilectis
2446 2713 2645 2785 aliquid
2677 2733 2865 2786 passus
2888 2724 3154 2793 quispiam
3176 2725 3476 2796 gloriatur;

1864 2798 1909 2852 si
1939 2800 2060 2869 quis
2102 2812 2319 2873 propter
2352 2804 2520 2859 Deum
2562 2823 2752 2876 passus
2790 2812 2989 2880 fuerit,
3024 2831 3183 2885 quem
3215 2820 3480 2874 malorum

1864 2903 2085 2945 sensum
2124 2890 2381 2948 habebit?
2408 2895 2464 2951 Si
2506 2899 2649 2954 enim
2679 2899 2930 2959 Christus
2966 2921 3079 2962 rem
3120 2910 3481 2980 probrosam,

1864 2996 2083 3037 crucem
2110 2999 2335 3054 nempe,
2366 2988 2593 3057 gloriam
2625 3002 2845 3063 propter
2876 3011 2975 3051 nos
3006 3000 3233 3056 vocabat
3266 3020 3280 3057 :
3312 3005 3483 3059 multo

1867 3074 2035 3144 magis
2067 3091 2166 3130 nos
2197 3076 2301 3131 hoc
2331 3078 2526 3134 alfecltt
2559 3098 2679 3138 esse
2708 3085 2994 3143 debemus.
3044 3089 3113 3144 Et
3138 3092 3187 3145 si
3211 3095 3483 3150 cruciatus

1864 3163 1946 3218 sic
1989 3175 2341 3223 contemnere
2382 3185 2672 3240 possumus
2694 3215 2710 3239 ,
2739 3176 2910 3232 multo
2950 3182 3121 3251 magis
3147 3187 3404 3255 pecunias
3428 3199 3488 3252 et

1865 3255 2165 3310 avaritiam.
2196 3256 2424 3327 Oportet
2462 3277 2591 3331 ergo
2615 3303 2631 3327 ,
2660 3268 2876 3334 quando
2911 3270 3037 3339 quid
3068 3287 3235 3343 grave
3270 3281 3477 3347 passuri

1865 3359 2071 3412 Sllllttls,
2106 3364 2212 3402 non
2244 3349 2458 3405 labores
2486 3354 2659 3408 solum
2684 3398 2696 3418 ,
2730 3359 2824 3412 sed
2857 3363 3018 3417 etiam
3047 3378 3279 3423 coronas
3306 3372 3477 3440 resipi-

1863 3455 2008 3493 cere.
2059 3440 2127 3495 Ut
2160 3442 2303 3496 enim
2336 3454 2672 3503 mercatores
2703 3466 2810 3504 non
2854 3456 3023 3510 maria
3055 3459 3229 3514 solum
3255 3464 3397 3533 used
3428 3475 3484 3519 et

1867 3532 2011 3585 lucra
2041 3534 2280 3603 rogitant
2311 3554 2323 3588 :
2354 3537 2431 3592 sic
2458 3549 2511 3594 et
2539 3555 2639 3594 nos
2665 3544 2876 3611 eaahun,
2907 3556 2962 3602 et
2987 3563 3105 3604 eam
3134 3568 3256 3623 qua:
3286 3568 3483 3611 secum

1863 3621 1990 3677 dum
2022 3625 2187 3679 Deum
2211 3636 2293 3681 est
2320 3628 2568 3686 ﬁduciam
2596 3634 2834 3704 cogitare
2858 3648 3094 3708 oportet.
3124 3621 3278 3712 Quod
3310 3649 3355 3702 si
3386 3650 3480 3704 tibi

1862 3712 2051 3769 dulces
2080 3716 2360 3773 videantur
2383 3737 2534 3791 opes.
2567 3726 2744 3819 cogita
2772 3726 3043 3787 Christum
3083 3752 3188 3792 non
3220 3736 3275 3793 id
3306 3742 3441 3798 velle
3462 3786 3479 3811 ,

1863 3814 1918 3858 ct
1957 3807 2135 3860 statim
2178 3810 2401 3880 ingrata:
2448 3814 2539 3869 tibi
2572 3807 2918 3876 vidébuntur.
2963 3823 3199 3882 Rursum
3227 3830 3271 3884 si
3304 3807 3478 3889 mole;

1862 3903 2004 3949 stum
2034 3910 2112 3952 est
2143 3903 2469 3971 pauperibus
2508 3905 2640 3964 dare
2666 3950 2682 3975 ,
2716 3927 2783 3967 ne
2814 3913 3112 3985 impensam
3147 3930 3352 3978 tantum
3380 3942 3474 3982 co-

1862 3990 1999 4056 gites
2030 4033 2044 4055 ,
2092 3994 2186 4047 sed
2236 4010 2265 4048 a
2315 4010 2560 4056 semente
2608 4003 2676 4058 ad
2723 4020 2956 4064 messem
3006 4013 3186 4068 statim
3233 4018 3477 4075 animum

1863 4087 2176 4140 transferas.
2242 4090 2305 4144 Et
2351 4092 2397 4146 si
2446 4092 2638 4149 durum
2690 4097 2785 4153 tibi
2833 4102 3045 4159 videtur
3087 4105 3362 4166 abstinere
3408 4114 3477 4169 ab

1863 4188 2048 4230 amore
2078 4178 2269 4234 aliena:
2300 4184 2482 4238 uxoris
2506 4228 2520 4250 ,
2557 4198 2731 4242 tecum
2765 4202 2953 4260 reputa
2983 4209 3241 4253 coronam
3271 4216 3337 4256 ex
3372 4202 3476 4258 hoc

1862 4264 2046 4323 labore
2075 4281 2317 4338 partam,
2344 4286 2397 4329 et
2430 4275 2587 4332 facile
2614 4278 2854 4351 laborem
2883 4283 3044 4343 feres.
3078 4287 3215 4345 Nam
3242 4292 3288 4347 si
3316 4295 3476 4351 timor

1865 4361 2141 4415 hominum
2183 4378 2211 4417 a
2252 4367 2411 4422 malis
2443 4367 2774 4430 facinoribus
2802 4378 3037 4447 avertit,
3070 4392 3273 4452 quanto
3301 4389 3474 4458 magis

1859 4453 2058 4509 Christi
2091 4472 2242 4511 amor
2266 4465 2279 4516 l

1943 4546 2151 4603 Virtutis
2201 4568 2385 4607 merces
2432 4555 2594 4626 ipsius
2647 4558 2872 4616 laborem
2927 4566 3077 4620 levat.
3132 4568 3471 4645 Elecmosyna

1857 4641 2256 4695 coimnentlatur.
2284 4674 2358 4684 --
2389 4646 2530 4701 Dura
2566 4650 2734 4706 virtus
2760 4662 2876 4719 est;
2908 4657 3001 4711 sed
3032 4659 3133 4729 ipsi
3156 4641 3469 4738 circumpo-

1860 4745 2048 4785 namus
2081 4749 2302 4803 magnas
2346 4737 2649 4796 futurorum
2692 4747 3098 4814 promissiones.
3131 4751 3292 4811 Probi
3324 4757 3467 4814 enim

1857 4822 2027 4892 ipsam
2059 4840 2155 4895 per
2182 4844 2240 4881 se
2266 4830 2541 4899 virtutem,
2574 4836 2753 4892 missis
2776 4841 3007 4906 cmteris,
3038 4848 3342 4913 speciosam
3376 4854 3468 4906 ba-

1857 4913 1981 4968 bent
2007 4957 2022 4981 ,
2068 4917 2298 4988 ideoque
2340 4921 2507 4989 ipsam
2548 4926 2735 4981 colunt
2760 4971 2773 4992 ,
2812 4945 2877 4984 ac
2914 4944 3134 5001 propter
3167 4938 3259 4994 Dei
3300 4942 3467 5013 placi-

1858 5016 1990 5071 tum,
2018 5026 2122 5062 non
2147 5023 2365 5082 propter
2387 5019 2689 5073 mercedem
2717 5033 2862 5076 recte
2883 5038 3047 5094 agunt
3073 5046 3085 5082 :
3111 5046 3467 5107 magnamque

1856 5116 1968 5155 rem
2001 5103 2387 5162 continentiam
2421 5120 2607 5177 ι-ιιιίιιιι
2629 5156 2643 5175 ,
2678 5131 2782 5169 non
2817 5126 2873 5170 ut
2900 5122 3225 5189 supplicium
3258 5103 3425 5184 vitent
3450 5172 3463 5193 .

1854 5193 1947 5248 sed
1974 5196 2093 5261 quia
2126 5196 2174 5250 id
2209 5197 2349 5252 Deus
2379 5206 2652 5272 prati-cpit.
2683 5206 2736 5259 Si
2765 5209 2885 5276 quis
2914 5227 3040 5265 vero
3073 5215 3336 5276 infirmior
3361 5224 3460 5289 sit,

1856 5285 1900 5338 is
1932 5290 2147 5355 prannia
2180 5292 2397 5359 cogitet.
2433 5294 2521 5347 bic
2552 5297 2694 5350 circa
2731 5299 3134 5373 cireumsyuam
3165 5307 3420 5366 faciamus
3444 5354 3459 5377 ,

1851 5386 1906 5432 et
1956 5381 2338 5435 contribulium
2392 5398 2699 5443 nostrorum
2749 5391 3104 5450 misereantur
3148 5417 3161 5451 :
3204 5417 3275 5457 ne
3323 5403 3462 5459 fame

1852 5480 2072 5525 enectos
2118 5473 2501 5543 despiciamns.
2535 5480 2816 5544 Quomodo
2854 5486 2997 5540 enim
3031 5504 3137 5543 non
3170 5491 3459 5549 absurdum

1852 5561 2032 5629 fuerit,
2058 5580 2157 5619 nos
2181 5567 2247 5620 ad
2278 5584 2517 5624 mensam
2545 5572 2735 5629 sedere
2763 5576 2813 5629 in
2843 5578 2975 5646 risu,
3002 5581 3053 5634 in
3082 5582 3303 5649 deliciis,
3331 5586 3457 5640 dum

1849 5655 1984 5710 alios
2012 5656 2061 5710 in
2092 5658 2250 5711 trivio
2279 5661 2525 5715 audimus
2554 5665 2838 5735 ejulautes,
2870 5685 3043 5741 neque
3072 5675 3137 5727 ad
3166 5675 3456 5744 ejulautcm

1851 5763 1950 5803 nos
1972 5761 2309 5815 convertere,
2334 5754 2427 5808 sed
2451 5772 2573 5810 eum
2598 5758 2824 5813 moleste
2850 5762 3009 5826 ferre.
3034 5774 3088 5820 et
3112 5766 3455 5837 deceptorem

1853 5857 2064 5898 vocare.
2111 5842 2247 5911 Quid
2291 5846 2421 5901 dicis
2446 5892 2460 5915 ,
2493 5866 2531 5903 oi
2556 5847 2759 5905 hoino?
2797 5869 2864 5908 an
2906 5871 3002 5926 pro
3034 5874 3170 5928 pauc
3201 5874 3308 5914 uno
3339 5861 3463 5929 quis
