4040 6424
620 374 724 426 419

615 484 841 553 decipit?
874 483 1063 545 Etiam,
1090 479 1255 565 dices.
1286 476 1407 531 ideo
1434 490 1561 546 ergo
1587 475 1754 544 magis
1779 472 1938 527 debet
1960 471 2026 525 ad
2056 486 2202 525 com-

615 576 1005 629 tniscrationcm
1053 586 1304 633 movere,
1348 568 1468 623 ideo
1512 568 1740 622 maxime
1782 581 1846 621 cx
1885 565 2202 620 necessitate

613 666 880 721 eruendus
908 677 1010 719 ρει.
1038 663 1093 719 Si
1119 676 1245 715 vero
1275 661 1403 714 dare
1435 660 1588 725 nolis,
1619 659 1803 713 saltem
1835 672 1903 714 ne
1931 666 2203 711 contume-

614 761 736 812 liam
769 758 965 811 inferas
996 775 1007 810 :
1036 756 1078 809 si
1112 756 1247 808 nolis
1275 770 1336 807 ex
1373 753 1644 821 naufragio
1669 751 1897 819 eripere.
1926 765 1994 803 ne
2024 748 2203 817 impel-

614 849 690 902 las
735 851 785 903 in
834 848 1164 905 barathrum.
1196 845 1395 900 Tecum
1429 856 1613 913 reputa
1639 884 1653 907 ,
1699 856 1818 895 cum
1856 841 2197 896 accedentem

612 943 825 1011 repellis
854 984 867 1003 ,
898 941 1021 1010 quid
1066 941 1226 994 lteum
1275 935 1511 1004 rogando
1541 935 1919 1003 impetraturus
1958 933 2050 986 sis.
2086 932 2199 996 Qua

611 1035 744 1087 cnim
782 1049 1013 1085 "tonsura
1037 1073 1052 1092 ,
1084 1031 1284 1098 inquit,
1313 1028 1473 1081 mensi
1497 1026 1694 1097 fueritis
1716 1065 1730 1088 ,
1752 1027 2040 1078 remetiatur
2066 1024 2197 1079 vobis

611 1141 625 1189 ι
656 1125 842 1178 Matth.
874 1125 924 1178 7.
954 1122 986 1175 2
1008 1123 1046 1193 ).
1087 1122 1272 1191 Cogita
1312 1118 1580 1190 quomodo
1611 1117 1699 1171 ille
1730 1116 1971 1184 repulsus
2001 1116 2194 1182 abeat,

612 1193 779 1290 prono
805 1217 976 1286 rapite
996 1257 1011 1279 ,
1043 1217 1226 1285 lugens
1248 1255 1261 1273 .
1297 1210 1624 1283 paupertatis
1655 1210 1811 1266 simul
1837 1220 1890 1263 et
1918 1218 2197 1263 contume-

608 1314 692 1367 lia:
720 1312 914 1365 vulnus
956 1308 1211 1363 referens.
1256 1306 1387 1361 Nam
1428 1305 1471 1358 si
1512 1303 1818 1357 mendicare
1857 1301 2195 1356 maledictum

594 1405 805 1473 ‘putatis
828 1442 843 1463 ,
873 1410 1138 1470 petentem
1173 1415 1275 1450 non
1307 1397 1549 1464 accipere
1574 1437 1588 1458 ,
1621 1405 1677 1448 et
1710 1409 1829 1446 cum
1860 1391 2197 1445 t-mttutttrliis

608 1495 906 1554 discedere,
936 1494 1106 1562 cogita
1134 1502 1381 1560 quantam
1409 1488 1605 1542 excitet
1632 1494 2020 1555 tempestatem.
2052 1484 2193 1549 Quo-

612 1602 778 1656 usque
825 1585 950 1638 feris
992 1584 1192 1637 similes
1232 1583 1468 1641 erimus,
1510 1590 1562 1633 et
1606 1587 1845 1632 naturam
1890 1577 2056 1645 ipsam
2100 1591 2197 1645 per

609 1678 884 1732 avaritiam
913 1671 1311 1744 iguorabimns?
1344 1670 1487 1724 Multi
1514 1669 1580 1724 de
1613 1669 1693 1723 his
1724 1668 2072 1738 ingemiseunt
2102 1686 2113 1719 :
2142 1677 2195 1721 at

614 1772 734 1825 volo
767 1787 869 1823 non
908 1782 1047 1822 ltttltc
1087 1773 1287 1819 unitum
1310 1805 1324 1827 ,
1355 1764 1445 1817 sed
1478 1776 1689 1830 semper
1718 1759 1855 1814 hanc
1885 1759 2195 1814 miscricor-

611 1863 751 1917 diam
782 1860 1045 1915 oblinere.
1077 1857 1258 1925 Cogita
1288 1854 1414 1909 mihi
1442 1856 1581 1908 diem
1612 1854 1777 1913 illam.
1806 1866 1908 1921 qua
1937 1852 2197 1905 stabimus

609 1966 732 2009 ante
757 1952 983 2007 tribunal
1006 1950 1198 2005 Christi
1221 1966 1233 2000 ε
1256 1945 1466 2017 quando
1489 1945 1702 1999 miseric
1725 1943 1906 1997 ardiam
1931 1953 2195 2012 petemus,

610 2060 663 2103 et
697 2050 746 2101 in
777 2045 1007 2100 medium
1035 2042 1294 2096 adductos
1330 2038 1571 2095 Christus
1598 2037 1675 2090 sic
1703 2036 2003 2105 alloquetur
2026 2050 2041 2088 ε
2063 2035 2197 2090 Pro-

611 2150 729 2209 pter
760 2151 947 2207 panem
979 2148 1140 2188 unum
1161 2172 1176 2197 ,
1199 2138 1291 2185 aut
1320 2144 1479 2184 unum
1505 2127 1717 2182 obolum
1742 2167 1759 2193 ,
1787 2134 1985 2180 bimam
2015 2125 2066 2179 in
2099 2128 2196 2178 ho-

611 2247 727 2287 rum
772 2228 965 2283 animis
1008 2224 1252 2280 excitatis
1294 2229 1697 2291 tempestatem;
1744 2218 1868 2288 quid
1911 2217 2194 2273 dicemus?

606 2338 764 2393 quam
810 2320 1174 2374 defensionem
1217 2312 1541 2369 afferemus?
1578 2309 1731 2379 Quod
1769 2310 1911 2365 enini
1953 2310 2098 2379 ipsos
2138 2310 2190 2363 in

607 2414 839 2470 medium
866 2408 1192 2464 adducturus
1217 2406 1306 2471 sit,
1328 2402 1450 2459 audi
1481 2419 1544 2458 cx
1572 2402 1688 2470 ejus
1715 2401 1889 2456 verbis
1914 2418 1931 2454 :
1952 2399 2015 2453 In
2040 2416 2195 2471 quau-

606 2520 711 2562 tum
741 2524 840 2561 non
874 2506 1060 2576 fecistis
1094 2504 1180 2556 uni
1208 2518 1269 2555 ea:
1294 2501 1403 2565 Itis,
1433 2515 1589 2567 neque
1613 2497 1737 2550 mihi
1765 2496 1952 2567 fecistis
1976 2494 2190 2567 (Matth.

602 2602 693 2658 25.
724 2604 839 2672 ‘5).
872 2600 1051 2669 Neque
1081 2597 1221 2650 enim
1253 2595 1328 2649 illi
1361 2604 1484 2647 tunc
1514 2592 1693 2645 dicent
1732 2590 1931 2659 aliquid
1958 2589 2024 2643 ad
2053 2604 2151 2643 nos
2173 2629 2187 2653 ,

601 2695 694 2751 sed
738 2694 876 2747 Deus
916 2706 1011 2762 pro
1039 2689 1143 2743 illis
1174 2702 1272 2741 nos
1311 2692 1581 2755 coarguet.
1616 2682 1746 2736 Nam
1780 2680 2037 2734 Lazarum
2068 2678 2188 2747 qni-

602 2788 723 2841 dem
754 2785 901 2839 dives
931 2781 1081 2845 vidit,
1114 2778 1451 2846 Lazarusque
1481 2774 1608 2828 nihil
1640 2773 1689 2827 ei
1715 2772 1862 2833 dicit,
1895 2770 1987 2824 sed
2020 2769 2189 2825 Abra-

607 2878 729 2933 ham
758 2891 855 2947 pro
882 2889 948 2929 eo
975 2874 1219 2942 loquutus
1248 2877 1350 2925 est.
1384 2868 1472 2923 Sic
1502 2875 1551 2919 et
1594 2865 1910 2935 pauperibus
1939 2864 2185 2929 eveniet,

599 2972 689 3042 qui
730 2983 870 3023 nunc
895 2983 924 3021 a
954 2967 1109 3021 nobis
1139 2971 1482 3034 spernuntur.
1517 2959 1632 3013 Non
1664 2959 1805 3012 enim
1838 2972 2053 3011 manum
2084 2973 2186 3011 cx-

605 3061 886 3119 tendentes
916 3057 1254 3121 videbimus,
1292 3054 1490 3107 misero
1530 3050 1749 3113 habitu,
1779 3050 1872 3105 sed
1914 3052 1965 3104 in
2007 3050 2190 3119 requie

599 3154 935 3210 constitutos.
967 3149 1073 3203 Nos
1116 3156 1293 3201 autem
1334 3144 1541 3198 illorum
1585 3144 1817 3212 speciem
1858 3151 1913 3196 et
1951 3141 2186 3196 habitum

601 3247 879 3304 induemus
911 3252 1107 3311 :atqne
1136 3241 1335 3293 utinam
1363 3237 1534 3291 Solum
1570 3237 1805 3289 habitum
1829 3278 1841 3296 ,
1876 3251 2009 3301 nec,
2042 3234 2185 3305 quod

601 3339 768 3394 tnulto
806 3336 1018 3405 gravius
1057 3334 1155 3385 erit
1181 3372 1195 3393 ,
1240 3329 1580 3399 supplicium.
1626 3327 1808 3396 Neque
1849 3328 1993 3382 enint
2038 3328 2188 3383 dives

601 3434 686 3487 ille
715 3430 781 3484 de
821 3428 971 3481 micis
1003 3425 1226 3479 salutari
1263 3422 1507 3492 cupiebat
1540 3422 1609 3474 ibi
1639 3462 1655 3484 ,
1687 3421 1778 3474 sed
1810 3421 2108 3474 ωηενικιιιη·
2135 3432 2187 3475 et

600 3528 830 3595 graviter
874 3523 1240 3581 cruciabatur;
1292 3527 1342 3572 et
1384 3517 1578 3571 audivit
1615 3533 1627 3568 :
1661 3513 1911 3583 Recepisti
1956 3515 2087 3568 bona
2135 3516 2186 3567 in

601 3618 701 3670 rita
732 3628 836 3677 tua,
866 3626 909 3666 et
942 3613 1163 3665 Las/nus
1191 3610 1323 3663 uiala
1351 3607 1500 3673 (Luc.
1528 3608 1613 3660 16.
1641 3605 1752 3675 25).
1787 3605 1863 3659 Ne
1890 3606 2045 3674 igitur
2076 3622 2159 3659 ma

602 3723 768 3767 guunt
797 3705 1066 3776 quidpiam
1098 3717 1217 3756 esse
1255 3699 1464 3753 divitias
1494 3698 1878 3751 existimemus.
1911 3696 2002 3750 lla:
2032 3712 2155 3751 nam

604 3814 708 3867 quc
740 3796 985 3849 \iaticum
1019 3792 1082 3845 ad
1123 3780 1437 3860 sum-licium
1478 3788 1631 3842 nobis
1662 3798 1844 3851 erunt,
1877 3788 1974 3840 nisi
2013 3796 2187 3841 atten-

605 3890 832 3949 damus;
864 3896 915 3936 ut
943 3894 1123 3937 contra
1144 3924 1158 3945 ,
1191 3883 1232 3936 si
1264 3880 1600 3935 attendamus
1626 3921 1640 3941 .
1672 3890 1954 3947 paupertas
1980 3880 2185 3933 addita.

604 3990 837 4033 mentum
867 3993 910 4029 tr
936 3976 1017 4030 bis
1041 3975 1141 4028 erit
1166 3974 1473 4027 deliciarum
1497 3982 1549 4026 et
1573 3972 1785 4041 quietis.
1813 3971 1943 4025 Nam
1972 3982 2187 4039 peccata

602 4074 954 4139 abstergimus
974 4069 1016 4122 si
1042 4069 1175 4121 hanc
1196 4083 1315 4121 cum
1338 4067 1623 4135 gratiarum
1647 4064 1855 4119 actione
1873 4065 2186 4133 toleremus,

602 4174 655 4218 et
693 4179 932 4231 magnam
962 4159 1098 4228 apud
1130 4160 1293 4212 Deum
1323 4157 1646 4226 acquirimus
1673 4156 1938 4210 fiduciam.

672 4256 725 4309 5.
770 4254 842 4306 Ne
886 4268 1013 4321 ergo
1060 4264 1271 4317 semper
1318 4250 1555 4315 requiem
1602 4262 1939 4316 qumramus,
1985 4258 2043 4301 nt
2084 4249 2190 4303 illic

604 4348 783 4414 requie
818 4343 1084 4396 fruamur:
1110 4341 1202 4395 sed
1238 4355 1331 4392 nro
1358 4340 1553 4391 virtute
1580 4338 1789 4393 labores
1814 4340 2188 4409 suscipiamus,

603 4436 868 4503 superﬂua
900 4446 1223 4491 resecemus,
1252 4441 1305 4493 et
1334 4429 1462 4482 mhil
1492 4429 1718 4498 amplius
1742 4445 2065 4497 quaeramus,
2095 4430 2190 4484 sed

602 4530 652 4581 in
686 4540 944 4597 pauperes
966 4525 1141 4577 omnia
1170 4536 1348 4576 nostra
1374 4522 1727 4577 ell‘nndamus.
1756 4524 2009 4589 Qua‘nam
2039 4524 2192 4578 nobis

603 4621 704 4674 erit
731 4617 1009 4672 est-,usatio
1033 4656 1048 4679 ,
1082 4614 1293 4687 quando
1325 4615 1438 4683 ipse
1469 4616 1621 4670 nobis
1656 4617 1844 4669 cadum
1887 4618 2189 4686 promittit,

606 4727 703 4764 ltus
750 4718 927 4762 autem
969 4724 1139 4776 neque
1182 4723 1366 4775 panem
1410 4708 1507 4776 ipsi
1551 4707 1887 4776 prmbemus?
1916 4725 2037 4763 eum
2080 4710 2192 4780 ipse

1326 367 1382 417 S.
1424 362 1699 417 JUANXIS
1739 356 2213 415 CllliYSOSTUMI
2260 356 2579 411 ARCIIIEP.
2621 356 3160 413 (ZONSTANTINOP.

3808 360 3912 417 43η

2308 470 2400 523 tibi
2437 469 2604 523 solem
2636 470 2762 524 Oriri
2796 481 2948 525 curet
2981 470 3189 541 (Matth.
3216 472 3268 527 5.
3300 473 3408 544 45)
3435 514 3453 543 ,
3502 485 3557 531 et
3604 492 3773 533 omne
3820 480 3913 533 tibi

2305 571 2670 615 creaturarum
2703 562 3055 616 ministerium
3090 565 3351 631 prtebeat;
3384 576 3441 619 tu
3457 582 3590 622 vero
3614 584 3686 623 ne
3708 583 3912 625 vestem

2304 654 2518 723 quidem
2541 654 2637 710 des
2664 655 2784 724 ipsi,
2810 671 2983 725 neque
3011 660 3181 725 ipsum
3214 659 3335 712 tecti
3364 671 3678 716 consortem
3710 663 3915 727 facias?

2308 744 2368 797 Et
2406 746 2531 814 quid
2566 745 2688 800 dico
2724 746 2894 801 solem
2925 757 2979 802 et
3015 750 3357 803 creaturam?
3385 752 3598 821 Corpus
3627 754 3724 808 tibi
3756 770 3913 810 suum

2302 836 2488 903 dedit,
2531 849 2581 892 et
2629 838 2941 908 sanguinem
2986 841 3313 909 pretiosum;
3348 852 3403 897 tu
3444 859 3574 898 vero
3616 862 3686 901 ne
3726 858 3914 919 potum

2308 931 2522 1000 quidem
2552 931 2625 985 illi
2654 931 2901 1000 pra-bes?
2928 934 2995 986 At
3021 933 3186 989 semel
3215 934 3445 990 dedisti?
3468 935 3668 992 Verum
3700 955 3810 994 non
3832 954 3915 995 est

2304 1020 2405 1076 hoc
2450 1022 2812 1078 misericordia
2841 1040 2855 1077 :
2884 1023 3057 1079 donec
3091 1026 3234 1081 enim
3275 1024 3479 1084 habens
3518 1045 3626 1083 non
3664 1032 3911 1099 dederis,

2303 1114 2537 1170 nondum
2571 1125 2739 1171 totum
2772 1117 3079 1187 implevisti.
3109 1118 3241 1173 Nam
3275 1120 3508 1191 virgines
3534 1139 3660 1191 qua:
3700 1126 3911 1195 lampa-

2301 1208 2399 1263 des
2425 1207 2713 1273 habebant,
2742 1210 2920 1270 olcum
2947 1226 3160 1282 quoque
3186 1212 3469 1279 habebant,
3495 1218 3590 1271 sed
3620 1233 3733 1272 non
3758 1221 3913 1274 sum-

2300 1299 2465 1354 ciens.
2492 1299 2822 1370 Oportebat,
2851 1303 2895 1356 si
2929 1313 3014 1356 tua
3040 1302 3218 1367 dares,
3251 1320 3355 1360 non
3386 1307 3455 1361 ita
3484 1323 3712 1378 parcum
3738 1325 3865 1365 esse
3896 1330 3910 1365 :

2302 1408 2440 1448 nunc
2467 1409 2595 1448 vero
2623 1409 2743 1448 eum
2771 1410 2831 1449 ea
2859 1411 2978 1465 quae
3008 1396 3216 1451 Domini
3247 1410 3372 1453 sunt
3397 1401 3631 1471 largiris,
3670 1418 3775 1457 cur
3803 1414 3911 1459 tam

2301 1495 2455 1539 tenax
2486 1485 2585 1540 es?
2619 1484 2863 1541 Vultisne
2892 1487 3063 1541 dieztm
3096 1496 3255 1543 tanta}
3282 1504 3497 1545 causam
3533 1492 3909 1549 inhumanita-

2302 1576 2407 1630 tis‘t
2435 1575 2497 1630 lli
2528 1577 2615 1647 qui
2647 1592 2743 1648 per
2767 1579 3048 1633 avaritiam
3081 1579 3369 1651 colligunt,
3397 1582 3462 1636 ad
3496 1584 3909 1655 eleemosynam

2299 1677 2424 1721 sunt
2454 1667 2583 1738 pigri
2610 1684 2621 1720 :
2649 1683 2771 1722 nam
2799 1670 2889 1738 qui
2918 1669 2987 1723 ita
3020 1670 3210 1724 lucrari
3238 1672 3444 1739 didicit,
3471 1675 3790 1743 expendere
3817 1693 3901 1732 ne-

2298 1758 2418 1812 scit.
2452 1759 2731 1825 Quomodo
2756 1760 2898 1815 enim
2927 1762 3004 1815 sic
3033 1762 3098 1815 ad
3128 1764 3366 1832 rapinam
3400 1775 3643 1834 paratus,
3678 1769 3746 1821 ad
3778 1783 3908 1823 eon—

2300 1850 2521 1904 trarium
2546 1865 2605 1907 se
2627 1853 2984 1907 converterit?
3008 1853 3097 1923 qui
3122 1854 3293 1908 aliena
3317 1856 3475 1926 rapit,
3500 1859 3784 1927 quomodo
3804 1874 3905 1915 sua

2299 1939 2389 1993 alii
2415 1939 2601 1995 dabit?
2627 1942 2839 1997 Etenim
2866 1943 3014 1998 canis
3042 1945 3129 2015 qui
3158 1945 3411 2001 carnibus
3437 1949 3578 2003 vesci
3616 1952 3863 2006 assuevit
3889 1992 3905 2016 ,

2300 2045 2404 2085 non
2436 2033 2569 2086 ultra
2611 2043 2786 2101 potest
2816 2050 3031 2106 gregem
3062 2036 3332 2093 custodire
3358 2056 3372 2093 :
3396 2040 3518 2097 ideo
3543 2056 3643 2096 eos
3674 2045 3767 2114 qui
3804 2045 3907 2098 hu-

2291 2124 2526 2195 jusmodi
2569 2139 2693 2181 sunt
2736 2139 2978 2197 pastores
3017 2140 3273 2186 mactant.
3314 2131 3467 2201 Quod
3505 2150 3573 2190 ne
3604 2151 3708 2190 nos
3737 2139 3907 2192 etiam

2299 2218 2581 2285 patiamur,
2601 2233 2631 2271 a
2656 2219 2745 2273 tali
2767 2219 2889 2275 cibo
2904 2220 3290 2278 abstineamus.
3307 2222 3439 2279 Nam
3464 2226 3516 2280 lti
3534 2226 3800 2284 carnibus
3818 2247 3904 2285 ve-

2296 2315 2534 2372 sCuntur,
2562 2308 2650 2377 qui
2680 2323 2774 2377 per
2798 2308 2992 2365 famem
3024 2320 3250 2366 mortem
3283 2313 3563 2369 inducunt.
3594 2315 3715 2371 Non
3748 2320 3903 2374 vides

2295 2397 2564 2467 quomodo
2584 2399 2760 2453 omnia
2782 2402 3086 2457 communia
3112 2403 3265 2457 nobis
3287 2403 3430 2459 Deus
3460 2408 3749 2474 permisit?
3768 2409 3903 2465 Nam

2294 2486 2344 2542 si
2371 2503 2635 2558 pauperes
2653 2505 2775 2546 esse
2799 2493 3058 2561 permisit,
3083 2493 3134 2547 id
3166 2494 3217 2547 in
3243 2495 3466 2549 divitum
3494 2501 3725 2567 gratiam
3750 2500 3902 2565 fecit,

2296 2588 2353 2632 ut
2380 2589 2597 2647 possent
2635 2596 2731 2650 per
2773 2582 3167 2655 eleemosynatn
3214 2596 3428 2654 peccata
3474 2588 3779 2657 deponere.
3823 2593 3902 2649 'I‘u

2295 2684 2422 2724 vero
2451 2669 2550 2725 hac
2577 2671 2628 2725 in
2659 2687 2717 2727 re
2744 2674 2976 2728 crudelis
2998 2684 3051 2729 ct
3083 2675 3401 2731 inhumanus
3429 2694 3511 2733 es;
3544 2680 3703 2737 Unde
3730 2684 3902 2756 liquet

2295 2772 2366 2828 te,
2390 2763 2436 2819 si
2463 2763 2515 2818 iu
2542 2765 2832 2834 majoribus
2858 2767 2995 2823 hanc
3023 2767 3249 2825 haberes
3280 2781 3623 2841 potestatem,
3650 2778 3902 2835 innume-

2293 2868 2381 2908 ras
2415 2855 2769 2912 admissurum
2805 2858 2982 2914 credes
3006 2901 3022 2927 ,
3059 2872 3113 2915 et
3143 2862 3312 2917 lucem
3343 2866 3615 2938 vitamque
3645 2872 3900 2928 ottinibls

2294 2945 2702 3003 interclusurum
2748 2949 2933 3007 fuisse.
2972 2952 3127 3021 Quod
3168 2970 3237 3010 ne
3276 2956 3429 3011 fieret
3452 2999 3466 3022 ,
3501 2960 3898 3019 insatiabilitati

2295 3042 2386 3096 tali
2408 3041 2544 3097 viam
2571 3044 2831 3112 praecidit.
2860 3044 3011 3112 Quod
3040 3046 3085 3099 si
3114 3046 3229 3103 bare
3247 3048 3525 3107 audientes
3546 3069 3696 3124 a'gre
3722 3056 3896 3125 fertis,

2291 3133 2459 3187 multo
2481 3136 2648 3204 magis
2670 3150 2791 3205 ego,
2816 3137 2903 3206 qui
2931 3136 3046 3191 haec
3070 3139 3292 3195 videare.
3322 3147 3619 3215 Quousque
3642 3156 3698 3202 tu
3720 3150 3897 3217 dives.

2294 3225 2379 3280 ille
2423 3240 2623 3296 pauper
2661 3228 2800 3281 erit?
2833 3227 3011 3298 Usque
3051 3231 3116 3283 ad
3164 3246 3440 3302 vesperam
3471 3251 3485 3288 :
3518 3238 3747 3294 ulterius
3788 3258 3896 3298 non

2295 3318 2433 3372 licet.
2469 3319 2617 3373 Adeo
2643 3319 2786 3374 enim
2819 3319 2996 3374 brevis
3024 3331 3106 3375 est
3135 3324 3269 3389 vita,
3300 3336 3354 3380 et
3382 3328 3560 3381 omnia
3587 3330 3703 3399 jam
3737 3333 3791 3387 in
3815 3335 3900 3404 ja-

2295 3410 2412 3463 nuis
2455 3420 2573 3463 sunt
2596 3412 2625 3475 ,"‘
2652 3420 2708 3465 ut
2748 3410 2926 3465 brevis
2970 3413 3097 3467 hora
3141 3416 3317 3470 omnia
3359 3420 3721 3478 existimanda
3766 3426 3896 3481 sint.

2292 3502 2427 3568 Quid
2466 3504 2559 3557 tibi
2588 3518 2725 3573 Opus
2755 3513 2839 3559 est
2876 3505 3211 3563 redundante
3240 3525 3378 3580 penu
3404 3551 3419 3576 ,
3448 3514 3577 3583 quid
3610 3530 3898 3574 servorum

2291 3602 2345 3645 et
2387 3594 2814 3665 dispensatorum
2860 3600 3059 3667 grege?
3099 3616 3196 3655 cur
3238 3617 3342 3654 non
3391 3606 3568 3671 potius
3616 3607 3708 3661 tibi
3755 3611 3900 3665 mille

2292 3687 2649 3758 clecmosyna:
2672 3704 2945 3757 prtecones
2966 3695 3284 3758 centparas?
3306 3694 3482 3750 Penus
3506 3698 3713 3752 nullam
3739 3704 3899 3756 cmit-

2294 3779 2357 3831 tit
2381 3794 2566 3833 vocem
2593 3820 2608 3845 ,
2639 3781 2731 3834 sed
2763 3782 2906 3836 fures
2944 3784 3137 3838 multos
3165 3786 3327 3839 allicit
3358 3805 3370 3840 :
3398 3804 3565 3855 penus
3597 3806 3732 3846 vero
3770 3809 3900 3862 pau-

2292 3884 2476 3939 perum
2521 3871 2586 3924 ad
2628 3871 2797 3925 Deum
2840 3873 3012 3942 ipsum
3058 3877 3335 3943 ascendit,
3370 3889 3693 3946 pra-sentem
3733 3885 3897 3939 vitam

2294 3963 2466 4017 reddit
2494 3978 2710 4018 suavem
2734 4006 2748 4030 ,
2783 3968 3067 4035 omniaque
3094 3968 3263 4022 solvet
3293 3979 3505 4037 peccata
3528 4012 3543 4036 ,
3574 3987 3639 4026 ac
3662 3974 3893 4043 gloriam

2293 4056 2430 4124 apud
2461 4057 2645 4123 Deum,
2672 4056 2929 4109 honorem
2952 4058 3091 4126 apud
3121 4059 3361 4113 homines
3388 4062 3596 4116 afferet.
3625 4064 3736 4118 Cur
3766 4082 3899 4136 ergo

2295 4149 2389 4203 tibi
2420 4158 2497 4202 tot
2533 4149 2670 4203 bona
2718 4149 2965 4203 invides?
2994 4149 3109 4204 Tibi
3150 4153 3291 4206 enim
3335 4153 3493 4223 longe
3530 4156 3703 4226 magis
3732 4174 3897 4227 quam

2296 4242 2615 4311 pauperibus
2663 4240 2980 4295 beneficium
3032 4253 3253 4310 praestas
3281 4260 3295 4295 :
3327 4244 3432 4297 illis
3474 4260 3709 4317 namque
3751 4264 3846 4318 pra

2294 4333 2461 4386 sentia
2491 4332 2729 4400 largiris;
2766 4331 2857 4384 tibi
2892 4346 3019 4385 vero
3046 4331 3275 4386 futuram
3304 4334 3527 4404 gloriam
3555 4347 3610 4390 et
3643 4338 3896 4395 fiduciam

2295 4437 2520 4492 apparas
2548 4438 2559 4475 :
2586 4438 2743 4491 quam
2776 4436 2874 4475 nos
2904 4437 3094 4477 omnes
3126 4428 3323 4478 utinam
3356 4441 3743 4497 assequamur,
3774 4448 3898 4501 gra-

2298 4515 2367 4569 tia
2394 4526 2448 4569 et
2476 4515 2797 4585 benignitate
2828 4514 3034 4568 Domini
3064 4517 3227 4569 nostri
3256 4516 3380 4571 Iesu
3410 4518 3631 4588 Christi,
3662 4523 3747 4577 cui
3778 4526 3896 4593 glo-

2296 4606 2375 4661 ria
2402 4614 2456 4661 ct
2482 4605 2761 4677 imperium
2795 4606 2845 4660 in
2876 4606 3089 4660 satcula.
3124 4608 3314 4662 Amen.

3503 4857 3878 4875 --,-

1896 4912 2237 4975 HOMILIA
2289 4910 2636 4973 LXXVIII.

602 5057 730 5110 Car.
767 5054 850 5109 l6.
894 5070 946 5108 v.
976 5054 1029 5108 5.
1078 5050 1203 5104 lltcc
1239 5061 1403 5103 autem
1451 5050 1512 5103 ab
1553 5050 1696 5103 initio
1741 5052 1877 5104 vobis
1922 5069 2020 5104 non
2049 5052 2190 5117 dixi,

674 5149 790 5216 quia
817 5148 1065 5201 vobiscum
1097 5160 1255 5197 erant.
1300 5140 1454 5195 Nunc
1484 5152 1649 5193 autent
1686 5143 1813 5195 vado
1855 5142 1923 5194 ad
1961 5160 2074 5195 eum
2110 5149 2193 5213 qui

676 5235 807 5294 misit
836 5256 933 5303 me,
959 5249 1003 5292 et
1036 5254 1180 5291 nemo
1199 5253 1260 5289 ex
1287 5234 1421 5289 vobis
1446 5236 1719 5303 interrogat
1746 5252 1842 5298 tne,
1869 5235 1983 5298 Quo
2008 5236 2148 5289 vadis
2168 5235 2194 5288 .’

677 5334 730 5387 6.
756 5331 859 5385 Sed
886 5331 1007 5401 quia
1042 5330 1143 5381 Ita'c
1166 5330 1397 5399 loquutus
1428 5344 1538 5381 sum
1566 5328 1730 5393 vobis,
1773 5328 1975 5380 tristitia
2007 5328 2193 5396 imple-

675 5427 739 5481 ttit
764 5441 850 5477 cor
880 5432 1116 5476 vestrum.

677 5519 725 5572 l.
766 5516 989 5570 Tristitia
1012 5529 1126 5585 qua:
1160 5513 1289 5566 bona
1313 5512 1396 5566 sit.
1418 5541 1489 5552 —
1509 5510 1692 5581 Magna
1733 5511 1960 5566 tristitia:
1990 5511 2092 5577 vis,
2140 5522 2192 5565 et

606 5607 767 5660 multa
799 5608 949 5659 nobis
976 5618 1110 5675 opus
1127 5613 1209 5658 est
1240 5602 1565 5667 fortitudine,
1594 5610 1650 5655 ut
1672 5600 1792 5655 huic
1821 5600 1985 5655 animi
2006 5600 2193 5653 morbo

608 5713 861 5765 generose
888 5697 1234 5753 resistamus;
1281 5702 1335 5747 et
1376 5692 1501 5747 hinc
1554 5701 1697 5762 parta
1750 5692 1996 5754 utilitate,
2050 5690 2192 5760 quod

608 5790 928 5859 superfluum
980 5791 1031 5843 in
1086 5789 1173 5842 illa
1216 5797 1318 5852 est,
1372 5786 1774 5856 relinquaums:
1806 5785 2005 5856 aliquid
2051 5786 2190 5839 enim

2301 5054 2465 5107 utilita
2518 5069 2541 5105 ς
2570 5052 2751 5106 habet.
2784 5052 2917 5107 Nam
2949 5067 3069 5107 cum
3117 5068 3403 5122 peccamus
3423 5055 3507 5110 vel
3534 5071 3634 5112 nos
3656 5057 3738 5113 vel
3762 5060 3851 5114 alii
3876 5103 3890 5125 ,

2299 5154 2422 5198 tunc
2448 5160 2619 5198 suum
2654 5144 2863 5197 tristitia
2894 5143 3089 5198 bonum
3115 5153 3196 5199 est
3226 5161 3239 5197 :
3266 5161 3385 5200 cum
3407 5158 3584 5200 autem
3618 5149 3671 5203 in
3704 5149 3890 5203 buma-

2298 5250 2394 5290 nas
2429 5236 2713 5290 incidimus
2743 5236 3100 5301 calamitates,
3146 5237 3349 5293 inutilis
3377 5239 3591 5294 tristitia
3619 5240 3723 5296 est.
3758 5242 3891 5311 Quia

2297 5342 2424 5395 ergo
2458 5327 2746 5395 discipulos
2784 5327 3017 5382 nondum
3064 5328 3329 5399 perfectos
3358 5330 3473 5385 lucc
3510 5335 3890 5403 oppugnabat,

2298 5420 2417 5474 vide
2462 5420 2730 5491 quomodo
2759 5421 3005 5476 Christus
3036 5421 3154 5476 illos
3198 5423 3359 5477 etiam
3388 5424 3765 5494 increpatione
3794 5428 3888 5481 ad-

2298 5512 2461 5565 hibita
2480 5513 2877 5583 corrigat.Nam
2897 5514 2984 5584 qui
3012 5514 3211 5569 millies
3240 5515 3389 5569 illum
3418 5528 3574 5570 antea
3599 5519 3889 5589 interroga-

2298 5621 2500 5660 verant.
2533 5617 2589 5659 ut
2609 5622 2731 5660 cum
2752 5608 2937 5661 I’etrus
2958 5607 3183 5675 diceret,
3214 5609 3324 5674 Quo
3348 5611 3487 5662 vadis
3507 5612 3531 5661 ?
3555 5620 3611 5663 ct.
3634 5611 3884 5675 Thomas,

2302 5698 2570 5752 Nescimus
2602 5728 2607 5740 ι
2655 5716 2696 5751 ’0
2725 5700 2863 5752 vadis
2898 5716 2913 5751 :
2943 5710 2988 5752 et
3011 5702 3261 5767 quomodo
3291 5718 3560 5767 possumus
3590 5704 3722 5754 viam
3767 5705 3886 5755 scirs

2302 5788 2495 5849 (Joau.
2530 5791 2614 5846 15.
2640 5791 2724 5846 56.
2758 5800 2803 5841 et
2840 5792 2918 5845 Η.
2952 5792 3015 5859 5)
3042 5794 3063 5843 ’ἰ
3091 5803 3142 5845 et
3174 5792 3469 5862 l‘lulippus,
3514 5796 3729 5853 Ostende
3754 5798 3882 5848 nobis
