4042 6424
156 349 258 405 675

149 457 168 519 t
197 454 246 506 l.
274 453 405 506 Cor.
431 454 469 535 .1
482 452 538 507 ι.
572 452 713 574 £22,.
735 452 784 506 id
812 463 916 514 est,
949 450 1332 532 charismatum
1363 448 1719 518 spiritualium
1749 468 1764 504 :

149 537 322 574 iteaue
351 537 506 574 enim
563 537 653 574 mu
678 531 715 574 tt
736 532 863 574 sunt
887 528 1130 574 sumtus.
1167 518 1419 574 Ouonlam
1443 518 1764 574 aemulatores

148 518 322 591 neque
351 523 506 576 enim
563 518 715 577 multi
736 532 863 576 sunt
887 521 1130 591 spiritus.
1167 518 1419 591 Quoniam
1443 518 1765 591 ωηιμιαιοτεε

145 588 263 645 estis
303 591 615 660 spirituum,
646 593 814 644 adhuc
860 588 1266 660 excellentiorem
1296 589 1439 660 piem
1474 588 1613 642 vobis
1667 589 1763 642 ds-

145 658 685 721 monstro.0stendo.
718 660 910 730 inquit,
931 659 1084 713 vobis
1112 674 1232 727 quae
1259 658 1587 730 charismata
1618 672 1766 730 quaa-

144 745 266 784 rere
292 741 579 800 oporteat.
607 727 842 800 Spiritus
885 744 1017 800 ergo
1043 737 1266 800 vocatur
1290 727 1522 800 Spiritus
1547 727 1762 800 gratia:

141 813 251 854 non
282 796 426 854 vero
461 803 572 869 ipsa
604 796 839 869 spiritus
891 796 1215 861 substantia,
1247 797 1340 854 sed
1372 797 1627 869 operatio
1640 796 1766 869 Spi-

144 871 303 922 ritus.
338 864 673 923 ch'atttent
699 868 872 922 omnia
893 878 1136 936 operatur
1163 883 1297 919 unus
1336 876 1381 919 et
1422 867 1555 919 idem
1589 864 1766 936 Spiri-

142 949 221 992 tus
241 941 294 1005 (l
311 981 328 996 .
348 939 574 995 Cor.l%.
594 941 616 994 -l
633 940 705 1008 l).
721 934 950 1008 Spiritus
967 937 1310 1008 Operatioest
1325 936 1566 1008 spiritu_s,
1587 934 1642 989 id
1660 944 1761 1002 est,

147 1004 351 1076 gratia.
389 1023 497 1062 non
520 1004 700 1063 autem
731 1004 843 1078 ipsa
869 1004 1103 1076 Spiritus
1138 1004 1462 1078 substantia.
1482 1004 1577 1078 _T_u
1609 1020 1762 1060 voca-

140 1081 214 1130 ris
237 1079 573 1157 spiritu-talis,
601 1089 655 1132 et
675 1076 994 1159 gratia'quce
1017 1076 1159 1145 apud
1192 1086 1242 1130 te
1267 1085 1350 1130 est
1369 1076 1636 1200 ,ospiritus
1667 1090 1768 1130 vo-

140 1156 317 1202 catur.
367 1145 511 1202 Dicit
549 1163 685 1214 ergo
719 1149 1053 1214 Apostolus:
1087 1146 1229 1202 Deus
1272 1154 1394 1200 cust
1469 1154 1540 1199 tet
1569 1160 1770 1214 corpus

139 1162 317 1202 catur.
368 1162 511 1202 υιειι
549 1163 685 1218 ergo
719 1162 1053 1217 Αροειοιυεε
1087 1162 1229 1202 Deus
1272 1162 1481 1200 CUSIOOI

177 1341 432 1352 ‘—_—-

1309 336 1375 393 ΙΝ
1417 335 1810 394 PRINCIPIUM
1851 336 2275 395 lNDlCTiONIS.

3366 343 3472 401 676

1874 458 2168 522 vestrum,_
2185 455 2242 500 et
2280 447 2536 522 animam.
2566 456 2617 502 et
2649 446 2875 516 gratiam
2926 464 3088 517 quam
3129 454 3413 522 accepistis
3437 473 3469 511 a

1871 518 2347 601 Spiri_tu._.Rursns
2371 517 2627 601 spiritum
2654 529 2811 572 vocat
2831 522 3091 601 gratiam.
3120 517 3306 601 Gratia
3328 539 3470 601 fere

1868 588 1968 660 per
1989 588 2492 660 studium_au_g_et'ur,
2517 596 2572 640 et
2601 588 2697 656 per
2723 588 3106 660 negligentiam
3135 593 3291 660 perit;
3328 593 3466 651 Dicit

1859 655 2146 734 épostolus
2170 674 2185 714 :
2216 656 2469 724 Spiritum
2493 655 2920 734 non’exstinguiie
2946 659 3037 728 (l.
3055 655 3236 734 Thess.
3261 663 3317 734 5.
3345 664 3464 734 l9).

1870 727 1988 782 Non
2017 735 2192 797 potest
2218 737 2408 800 autem
2427 726 2724 800 substantia
2739 726 2982 800 Spiritus
3011 733 3318 800 exstingui,
3369 726 3470 789 ne-

1870 812 1977 867 que
1999 811 2155 851 mens
2181 797 2440 852 naturalis
2472 813 2486 850 :
2517 797 2613 852 sed
2659 797 2805 866 quia
2826 801 3054 922 gratiam
3084 797 3262 856 studio
3300 797 3470 874 auge-

1873 881 2016 922 mus.
2037 867 2358 922 negligentia
2385 867 2797 922 exstinguimus.
2868 869 2958 922 icit
2982 886 2995 922 :
3019 869 3280 922 Gratiam.
3304 888 3470 922 unam

1873 881 2016 930 mus,
2037 867 2358 941 negligentia
2385 867 2958 941 exstinguimusdicit
2982 886 2995 923 :
3019 869 3280 936 Gratiam,
3304 867 3470 941 quam

1871 939 2180 1011 accepistis,
2211 952 2318 1011 non
2349 938 2694 1006 exstinguite.
2713 937 2986 1011 Spiritum
3007 955 3139 1009 ergo
3164 937 3472 1011 vocat'Spi-

1873 1007 2013 1080 ritu_s_
2034 1007 2427 1080 operationem,
2461 1021 2621 1080 quam
2650 1007 2856 1062 utinam
2873 1007 3095 1080 omnes
3116 1007 3470 1080 assequamur

1874 1077 1928 1130 in
1953 1075 2170 1132 Christo
2181 1076 2309 1133 Jesu
2327 1075 2556 1152 Domino
2576 1085 2784 1140 nostro,
2793 1078 2884 1152 _cui
2901 1079 3070 1152 gloria
3087 1089 3141 1134 et
3157 1075 3467 1152 imperium.

1875 1161 2020 1202 nunc
2073 1156 2129 1203 et
2169 1161 2406 1218 semper,
2437 1155 2495 1204 et
2542 1148 2598 1202 in
2644 1147 2842 1203 saecula
2887 1147 3460 1206 steculorum.'Atnen.

173 1338 3405 1380 mm

1313 1574 1390 1634 IN
1426 1573 1784 1646 SEQU'ENS
1813 1575 2319 1639 OPUSCULU‘M.

153 1800 306 1838 anno
332 1782 598 1851 Romano,
629 1794 688 1840 ut
711 1801 775 1840 ex
805 1783 1019 1840 Theonis
1050 1781 1453 1839 Commentariis
1481 1784 1537 1835 in
1574 1791 1752 1853 npoxst

1859 1801 1898 1846 ις
1923 1783 2157 1854 κανόνας
2191 1780 2466 1836 Ptoleman‘
2489 1786 2715 1835 constat.
2747 1776 3026 1834 Orationes
3048 1780 3219 1847 ptem:
3246 1780 3447 1833 mendis

157 1910 210 1954 es
242 1903 406 1969 plane
429 1902 647 1970 spuria.
691 1899 817 1956 Haec
867 1909 1015 1956 certe
1049 1900 1198 1970 prior
1225 1909 1307 1954 est
1332 1898 1677 1970 nugacissimi
1711 1896 1940 1953 Graeculi
1973 1905 2029 1950 et
2059 1895 2358 1962 infacundi,
2390 1894 2758 1967 indignaque
2785 1895 3033 1965 legatum.
3056 1893 3262 1949 Insolo
3291 1893 3466 1952 titulo.

160 2015 396 2072 indictio
435 2025 812 2083 memoratur;
846 2031 969 2072 nam
1007 2015 1060 2070 in
1094 2003 1433 2074 oratiuncula
1461 2015 1528 2073 de
1560 2014 1857 2074 indictione
1886 2016 2042 2075 nihil.

175 2365 3291 2391 ww

1355 2444 1420 2487 IN
1468 2444 1851 2491 PRINCIPIUH
1888 2440 2292 2490 INDICTDNIS.

1557 2552 2053 2632 Μ

211 2699 489 2758 Mirabiles
500 2705 625 2752 sunt
639 2694 1060 2752 orthodoxorum
1076 2693 1438 2757 celebritates,
1452 2693 1590 2748 laetze
1605 2709 1749 2748 mar-

139 2785 326 2846 tyrum
360 2769 636 2846 memoriae
653 2806 668 2830 ,
692 2766 823 2821 nulli
846 2764 1034 2835 pudori
1053 2764 1519 2846 obnoxia_piorutn
1542 2764 1750 2846 .convi-

140 2834 248 2897 v'ia.
276 2842 398 2897 Non
421 2839 758 2894 celebramus
774 2834 985 2905 tempus
1005 2850 1180 2888 rermn
1197 2835 1359 2889 multa
1379 2834 1748 2905 vicissitudine

139 2930 201 2970 se
229 2910 565 2966 moventium
588 2922 724 2963 :non
742 2903 1080 2985 celebramus
1107 2919 1327 2970 annum,
1345 2905 1434 2985 qui
1455 2903 1640 2985 mundi
1663 2905 1747 2957 vi-

142 2997 256 3038 tam
285 2987 573 3035 consumat
595 2994 608 3029 :
630 2992 735 3030 non
759 2977 988 3030 colimus
1011 2989 1263 3044 agonem,
1288 2975 1376 3044 qui
1404 2989 1504 3029 nos
1523 2975 1590 3028 ad
1621 2989 1749 3029 coro

141 3054 454 3124 ruptionem
486 3047 664 3103 trahat
693 3062 708 3100 :
733 3061 837 3100 non
869 3045 1156 3100 adoramus
1185 3053 1524 3124 creaturam;
1555 3058 1749 3100 omnes

141 3115 346 3192 quippe
362 3135 452 3175 res
471 3129 968 3192 creat_:p_conservae
998 3124 1122 3192 sunt
1150 3131 1164 3166 :
1195 3129 1302 3192 non
1331 3115 1559 3192 colimus
1580 3126 1750 3169 mate-

140 3185 304 3255 riam,
333 3205 542 3260 qureex
569 3187 742 3260 nihilo
764 3185 901 3240 facta
917 3193 1001 3260 est
1022 3185 1410 3260 ;_htec_qnippe_
1440 3187 1578 3238 sicut
1598 3194 1750 3239 ortus

142 3255 364 3317 iuitiuni
389 3259 608 3324 habent,
634 3259 704 3310 ita
721 3255 1083 3323 corruptionis
1109 3255 1196 3308 ﬁni
1220 3255 1576 3322 subjicientur
1601 3273 1612 3309 :
1641 3271 1747 3309 non

140 3335 376 3388 colimus
399 3331 624 3392 exulum;
658 3341 779 3380 nam
804 3326 937 3380 sicut
967 3325 1143 3379 iunius
1172 3326 1438 3381 ﬁrmatum
1464 3324 1564 3378 fuit
1596 3344 1608 3378 :
1642 3341 1748 3378 non

142 3405 376 3458 colimus
403 3397 984 3466 ﬁrmamentum,'quod
1009 3396 1245 3466 crystalli
1274 3410 1424 3450 more
1447 3395 1608 3450 ﬁxum
1629 3404 1745 3450 est:

143 3490 250 3527 non
285 3473 512 3525 colimus
543 3469 740 3532 lucem,
769 3482 888 3535 qua:
917 3465 1079 3518 verbo
1109 3465 1242 3519 facta
1275 3476 1388 3529 est;
1417 3483 1518 3518 non
1545 3466 1746 3532 lunam,

143 3559 264 3612 quae
309 3541 476 3609 ﬁgura
520 3539 748 3612 quadam
805 3544 1062 3612 ornatur;
1095 3550 1203 3589 non
1250 3544 1445 3612 terram
1474 3577 1488 3600 ,
1518 3551 1639 3612 qua:
1681 3551 1748 3589 ex

143 3606 283 3683 aqua
317 3606 554 3664 citracta
586 3608 716 3669 fuit;
750 3623 856 3661 non
886 3607 1061 3683 ig_nem
1092 3646 1106 3668 ,
1140 3606 1414 3660 materiale
1445 3607 1640 3676 quippe
1666 3614 1752 3660 est

142 3676 510 3743 elementum;
543 3693 647 3732 non
678 3692 894 3746 aquam,
923 3676 1120 3729 ﬂuxam
1153 3686 1398 3729 naturam
1425 3693 1438 3726 :
1471 3691 1578 3728 non
1600 3683 1748 3746 tem-

142 3769 268 3823 pus,
298 3749 439 3823 quod
470 3765 575 3823 non
603 3756 730 3823 stat,
759 3747 852 3823 sed
874 3746 1114 3823 abscedit
1144 3762 1297 3823 :_non
1329 3746 1555 3799 colimus
1581 3745 1746 3810 diem,

143 3816 265 3894 qua:
295 3816 619 3875 drdinationi
647 3818 843 3894 servit;
869 3817 1047 3869 omnia
1086 3816 1284 3894 quippe
1321 3825 1561 3894 tempore
1587 3829 1748 3894 sene-

142 3887 305 3950 scunt
329 3932 343 3957 ,
370 3901 425 3944 et
469 3899 590 3958 post
618 3887 795 3940 omnia
838 3895 1050 3954 tempus
1093 3887 1264 3954 ipsum
1297 3887 1576 3958 senescit;
1611 3887 1751 3958 Deus

142 3956 336 4017 autem
355 3956 494 4014 unus
513 3958 665 4013 senio
692 3959 937 4024 superior
953 3967 1034 4012 est
1057 3975 1067 4008 :
1095 3959 1251 4026 idque
1277 3956 1616 4010 demonstrat
1635 3957 1751 4010 dies

142 4029 649 4088 consummationis.
678 4027 918 4082 Gentiles
957 4036 1105 4082 certe
1149 4037 1202 4081 et
1245 4027 1416 4081 Judmi
1471 4027 1750 4096 iniquitate

143 4104 344 4158 fratres
369 4109 510 4162 sunt,
546 4098 742 4152 diaboli
776 4099 1060 4160 manubire,
1093 4097 1294 4166 peccati
1321 4098 1516 4164 proles,
1549 4098 1751 4151 erroris

142 4173 388 4232 alumni,
427 4170 714 4238 impietatis
744 4169 956 4222 carcitas
983 4209 996 4229 ,
1031 4179 1206 4222 nauta;
1238 4170 1404 4222 duces
1441 4167 1505 4221 ad
1535 4167 1753 4292 lgehen-

143 4259 295 4292 nam-
325 4249 604 4292 serpentes
637 4239 945 4292 impietatis.
979 4239 1068 4292 ﬁlii
1097 4239 1506 4292 maledictioais.
1586 4237 1751 4292 ifesta

143 4259 295 4306 nam,
325 4237 604 4305 serpentes
637 4239 945 4306 impietatis,
979 4239 1068 4293 ﬁlii
1097 4239 1506 4293 maledictionis.
1535 4237 1594 4292 Hi
1617 4237 1751 4293 festa

144 4313 311 4382 impie
337 4312 632 4382 celebrent,
665 4310 784 4376 quia
828 4311 1069 4382 improbe
1115 4312 1353 4364 sentiunt
1383 4327 1396 4362 :
1429 4308 1478 4362 hi
1507 4323 1750 4382 errorem

145 4379 433 4445 honorent,
463 4381 536 4433 illi
571 4381 738 4448 legem
770 4381 1117 4443 conculcent,
1150 4390 1203 4432 et
1230 4382 1438 4450 utrique
1468 4394 1557 4433 res
1603 4379 1753 4433 nefa-

146 4457 259 4509 rias
287 4454 530 4513 discant;
565 4465 685 4503 nant
719 4462 903 4503 mutuo
929 4453 1296 4504 consentiunt.
1324 4450 1494 4504 Judazi
1520 4465 1548 4502 a
1575 4450 1752 4518 genti-

145 4526 286 4579 libus
313 4521 690 4584 idololatriam,
715 4521 937 4590 gentiles
966 4535 994 4571 a
1017 4520 1218 4574 Jttdmis
1242 4521 1620 4589 prophetarum
1641 4535 1749 4574 cae-

142 4597 242 4651 des
281 4594 623 4648 didicerunt:
657 4606 776 4644 nam
807 4591 975 4645 Judaei
1005 4591 1056 4643 in
1084 4592 1199 4658 lege
1226 4606 1440 4645 omnem
1471 4591 1748 4657 gentilium

144 4680 388 4722 errorem
417 4661 731 4718 exhibuere.
759 4660 951 4716 Verum
985 4661 1298 4731 indignaris,
1327 4678 1359 4712 ο
1384 4661 1589 4723 Ιιιάτρε,
1621 4663 1748 4716 dum

147 4737 265 4790 tunc
309 4734 505 4788 audis?
534 4731 716 4801 Cogita
744 4734 983 4786 actiones
1013 4743 1127 4786 tuas
1154 4774 1168 4796 ,
1201 4741 1254 4784 et
1300 4732 1751 4801 reprehensiones

149 4748 265 4790 tunc
309 4748 459 4788 auats
483 4748 504 4786 ῖ
534 4748 609 4789 ut
650 4748 716 4783 ita
744 4748 983 4786 aenones
1013 4748 1127 4786 tuas
1154 4774 1168 4796 ,
1201 4748 1254 4784 et
1300 4748 1748 4801 rcprcnensmncs

149 4821 216 4860 ne
239 4820 381 4874 agre
407 4803 567 4858 feras.
599 4748 848 4867 Iﬁbinam,
878 4817 1082 4874 quzeso,
1118 4802 1253 4856 idola
1279 4818 1385 4856 non
1402 4803 1668 4874 coluisti?
1691 4803 1748 4874 In

147 4871 366 4931 deserto
407 4874 629 4927 vitulum
659 4871 921 4934 conﬁasti,
959 4885 1077 4939 post
1111 4885 1367 4941 tropaeum
1398 4871 1750 4941 Beelphegori

149 4949 387 5002 initiatus
408 4959 490 5010 es,
517 4945 568 4998 in
597 4941 882 4998 Moabitide
908 4943 1256 4997 Thamatzum
1279 4943 1537 5010 adorasn,
1567 4945 1618 4996 in
1646 4944 1749 4998 Pa-

149 5017 352 5094 lmstiaa
378 5016 582 5094 Dagoni
612 5014 872 5094 sacriﬁcia
900 5015 1160 5094 obtplisti,
1190 5017 1240 5068 in
1258 5014 1539 5094 PlN-BlliCla.
1561 5016 1743 5094 Asta}:

148 5100 239 5142 ten
270 5083 502 5148 coluisti,
534 5088 584 5139 in
614 5085 922 5151 captivitate
951 5084 1278 5138 Chamozum
1305 5085 1563 5138 adorasti.
1594 5083 1752 5140 Dele-

148 5161 220 5212 cit
265 5157 439 5222 locus,
485 5155 580 5210 sed
629 5171 733 5208 non
765 5153 963 5209 defecit
1007 5156 1350 5209 detestandus
1398 5155 1590 5208 cultus.
1627 5155 1751 5209 Ideo

152 5229 282 5283 festa
308 5237 485 5281 vestra
516 5226 627 5281 odit
660 5226 933 5278 Dominus.
965 5226 1102 5278 Audi
1144 5227 1285 5280 enim
1315 5226 1628 5294 prophetam
1671 5225 1753 5278 di-

150 5307 360 5353 centetn
393 5315 405 5349 :
438 5295 560 5361 Odi,
595 5297 754 5363 rejeci
798 5297 926 5349 testa
967 5307 1164 5360 vestra,
1198 5306 1252 5351 et
1291 5310 1396 5349 non
1429 5297 1670 5350 delector
1698 5296 1750 5350 in

153 5368 533 5422 festivitatibus
576 5368 768 5423 vestris
801 5368 819 5436 (
846 5367 974 5420 1εαί.
1005 5368 1054 5420 1.
1085 5367 1208 5436 14).
1240 5367 1409 5420 Omne
1451 5368 1648 5435 quippe
1677 5366 1752 5421 le-

151 5449 294 5495 stum
327 5437 636 5490 Judaeorum
678 5439 852 5492 caedes
901 5437 1122 5490 inducit.
1158 5435 1289 5490 Dum
1316 5437 1612 5506 jejunares,
1646 5435 1753 5490 Na-

153 5511 370 5564 buthetn
404 5507 685 5578 lapidasti;
721 5507 845 5561 dum
876 5507 1007 5562 festa
1036 5508 1359 5578 celebrares,
1383 5507 1571 5560 Isaiam
1601 5521 1751 5562 serra

153 5578 407 5642 secuisti;
440 5577 565 5631 dum
595 5579 962 5633 celebritatem
1003 5592 1190 5647 ageres
1215 5620 1230 5641 ,
1261 5577 1547 5632 Jeremiam
1590 5578 1639 5631 in
1670 5579 1751 5632 la-

152 5665 270 5706 eum
300 5649 602 5718 cottjecisti.
632 5651 710 5702 Ad
730 5649 926 5717 judicia
956 5661 1009 5703 et
1043 5665 1246 5718 pugnas
1275 5649 1516 5717 improbe
1539 5649 1752 5717 jejuna-

154 5724 257 5779 sti:
290 5723 343 5776 in
374 5720 594 5791 crapula
635 5736 853 5775 versans
883 5736 1061 5776 arcam
1094 5720 1210 5776 llcli
1241 5731 1483 5792 tempore
1513 5721 1753 5791 prodidi-

1856 2693 1966 2756 sti,
1998 2700 2053 2748 et
2081 2691 2346 2747 Joannem
2391 2692 2568 2761 capite
2598 2695 2879 2748 truncasti.
2914 2696 2970 2752 Si
3001 2697 3091 2752 tali
3127 2699 3290 2754 modo
3336 2702 3465 2755 festa

1854 2762 2098 2833 celebras
2121 2777 2268 2833 ,Apar
2295 2771 2379 2817 est
2405 2771 2456 2818 te
2504 2763 2708 2833 lugere.
2740 2763 2851 2819 Nos
2884 2781 2970 2821 res
2994 2767 3204 2823 divinas
3231 2779 3286 2824 et
3310 2773 3470 2824 mira-

1856 2831 1994 2908 biles
2020 2831 2362 2908 celebramus
2384 2872 2397 2896 ,
2433 2831 2733 2908 martyrum
2762 2838 3058 2908 certamina
3084 2879 3112 2905 ,.
3136 2841 3471 2908 sepultorum

1854 2903 2132 2974 victorias,
2162 2903 2470 2974 eorumrqui
2495 2918 2600 2957 non
2632 2906 2861 2971 amplius
2890 2903 3142 2963 videntur
3170 2903 3325 2974 retia,
3354 2912 3471 2964 dis-

1854 2973 2151 3044 solutorum
2185 2973 2505 3044 medicinam
2536 2991 2550 3026 :
2581 2974 2633 3028 in
2657 2976 2844 3043 primis
2873 2975 3156 3033 Christiet
3185 2980 3278 3035 Dei
3309 2973 3472 3035 inira-

1853 3043 1994 3112 cula,
2021 3058 2142 3112 qua:
2171 3053 2390 3112 pr0pter
2410 3043 2643 3097 salutem
2670 3059 2844 3099 meam
2875 3047 3036 3102 homo
3063 3049 3230 3104 lactus
3259 3051 3428 3104 edidit
3458 3069 3471 3106 :

1854 3111 2051 3189 deinde
2078 3111 2204 3167 vero
2247 3111 2524 3167 servorum
2557 3113 2676 3180 ejus
2702 3129 3006 3189 aerumnas;
3039 3117 3299 3188 Stephani
3341 3121 3473 3189 lapi-

1854 3181 2012 3237 dibus
2065 3191 2308 3238 ornatam
2359 3197 2613 3236 coronam
2641 3224 2660 3259 ,Δ
2685 3184 2907 3259 gloriosi
2948 3181 3225 3244 Laurentii
3270 3181 3471 3259 tropaea

1853 3263 2042 3306 contra
2099 3261 2328 3307 mortem
2373 3261 2588 3318 erecta,
2637 3257 2805 3307 Anna».
2852 3257 3212 3318 virginitatem
3265 3257 3471 3315 nullum

1854 3337 2069 3414 passam
2113 3323 2542 3414 naufragium}?
2569 3323 2912 3414 Trinitatem.
2938 3323 3218 3414 'l‘rinitatis
3261 3345 3472 3414 pratco-

1857 3409 1980 3462 nem
2013 3394 2026 3446 ε
2055 3408 2089 3446 o
2129 3392 2385 3462 reliquias
2429 3392 2728 3447 dolentium
2771 3395 3134 3452 medicinam!
3169 3413 3202 3454 ο
3231 3392 3466 3456 cinerem

1857 3461 2080 3539 (autem
2109 3461 2660 3539 medicamentoruml
2693 3479 2725 3517 ο
2756 3464 2974 3539 domum
3007 3469 3123 3523 cazli
3164 3469 3469 3539 pulchritu-

1854 3533 2035 3588 dinem
2067 3533 2386 3587 imitantem.
2415 3533 2521 3586 Sed
2562 3541 2616 3588 et
2647 3536 2817 3603 ipsum
2849 3533 3202 3594 inanimatum
3234 3541 3472 3598 elemen-

1857 3613 1969 3656 tnm
2002 3618 2151 3658 mare
2180 3605 2298 3657 sine
2327 3603 2535 3673 loquela
2565 3606 2760 3658 clamat
2783 3606 2848 3658 ad
2880 3622 2993 3661 vos.
3026 3608 3316 3673 Postquam
3337 3627 3472 3666 cuu-

1855 3688 2048 3743 scrvos
2080 3674 2361 3742 redargui,
2394 3689 2495 3742 ego
2539 3688 2754 3743 quoque
2803 3677 3106 3743 prmdicabo
3154 3674 3464 3737 Dominum.

1855 3742 1971 3797 Non
2001 3759 2087 3818 me
2117 3754 2368 3818 premunt
2392 3742 2904 3818 (milicisvestig’ia,
2944 3763 3032 3802 me
3062 3748 3226 3818 pedes
3270 3751 3470 3807 Christi

1855 3815 2212 3886 sanctiﬁcant.
2255 3814 2465 3886 Moyses
2497 3829 2583 3886 me
2610 3814 2852 3886 discidit,
2885 3815 2973 3872 hic
3004 3814 3133 3872 vero
3158 3821 3470 3886 sanctiﬁca-

1855 3885 1971 3937 vit:
2000 3883 2190 3939 Jonam
2223 3885 2474 3938 absorbui
2501 3925 2517 3948 ,
2553 3884 2694 3939 hunc
2736 3885 3129 3953 perhorresco:
3175 3883 3329 3944 illum
3357 3891 3470 3947 Noe

1857 3953 2107 4009 ﬂuctibus
2135 3955 2398 4024 exagitati
2426 3995 2439 4018 ,
2464 3954 2566 4027 sed
2599 3971 2667 4008 ne
2713 3957 2983 4027 respicere
3025 3959 3242 4027 quidem
3296 3963 3470 4017 audeo

1857 4039 2000 4088 eum,
2032 4027 2121 4092 qui
2155 4041 2314 4079 manu
2344 4040 2438 4079 sua
2463 4025 2735 4079 hominem
2765 4025 3292 4084 formavitCPedibus
3319 4047 3469 4087 mare

1856 4097 2231 4167 sanctiticavit,
2264 4097 2452 4167 ca‘lum
2486 4095 2684 4167 throno
2713 4110 2810 4149 suo
2835 4097 3006 4167 gloria
3038 4099 3240 4166 aﬁecit,
3269 4111 3465 4158 terram

1857 4166 2462 4247 prasepiopegoravit,
2491 4164 2766 4247 infernum
2808 4164 2904 4236 pér
2931 4164 3262 4247 sepultttram
3312 4186 3481 4229 suam.

1859 4235 2197 4291 illuminavit.
2233 4235 2347 4290 Non
2392 4252 2509 4289 sum
2556 4235 2822 4305 ingratum
2871 4235 3080 4293 etiamsi
3112 4240 3466 4302 inaniinatum

1857 4307 1959 4360 sim
1993 4323 2007 4358 :
2053 4316 2108 4360 ut
2151 4307 2477 4362 elementum
2510 4321 2745 4376 agnosco
2789 4309 3134 4363 Conditorem
3165 4326 3178 4362 :
3211 4327 3315 4364 non
3345 4314 3468 4366 dico

1856 4393 1979 4452 cum
2002 4377 2222 4452 ludatis,
2255 4376 2355 4429 Hic
2376 4377 2660 4452 [tomomon
2691 4386 2762 4430 est
2786 4394 2817 4430 a
2843 4377 2952 4432 Deo
2981 4377 3179 4452 (Joanﬁ.
3209 4381 3262 4436 9.
3299 4383 3364 4435 16
3399 4387 3416 4452 )
3449 4401 3463 4448 ;

1857 4449 1951 4521 se_d
2001 4449 2086 4521 pie
2131 4446 2464 4521 clapto,_!lic
2507 4445 2650 4521 Deus
2698 4465 2858 4513 meus,
2893 4459 2940 4502 et
2989 4445 3295 4521 'gloriﬁcabo
3349 4445 3466 4507 eam

1857 4517 2059 4590 (Exod.
2094 4520 2178 4573 l5.
2206 4517 2283 4590 2).
2320 4517 2611 4590 Ostendam
2651 4529 2858 4574 naturze
2890 4517 3024 4573 mea}
3069 4517 3427 4590 proprietates
3451 4565 3465 4584 .

1857 4589 2176 4674 redarguam
2190 4588 2590 4674 homicidarum
2614 4590 3026 4674 Ianitnos',cjus
3050 4588 3139 4660 qui
3157 4588 3333 4674 .Supra
3365 4611 3468 4674 pte

1856 4659 2150 4714 ambulavit
2187 4660 2468 4728 imperium
2499 4659 2802 4729 publicabo.
2835 4661 2897 4714 lli
2921 4659 3167 4716 conservi
3191 4704 3206 4726 ,
3239 4659 3330 4718 ille
3363 4664 3468 4718 Do-

1858 4733 2072 4794 minus,
2102 4730 2454 4804 cujus_metu
2515 4729 2627 4804 hos
2669 4732 2950 4804 perturbor.
2998 4733 3267 4804 Dominus
3303 4749 3465 4804 supra

1857 4816 2007 4855 mare
2034 4816 2138 4854 non
2171 4800 2500 4859 madefactus
2523 4800 2850 4866 ambulabat,
2880 4802 2953 4854 illi
2983 4817 3112 4856 vero
3152 4800 3467 4871 navigantes

1857 4871 2211 4926 turbabantur
2245 4889 2258 4926 :
2293 4872 2453 4928 timor
2493 4872 2856 4939 periclitantes
2885 4873 2949 4925 ad
2993 4873 3335 4927 clamandum
3366 4877 3465 4930 imo

1857 4943 2013 5013 pulit,
2040 4942 2298 5011 benignus
2337 4951 2516 4996 autem
2569 4941 2840 5013 illiilidere
2862 4943 3022 5009 jussit
3048 4943 3254 5006 dicens,
3285 4943 3467 5010 Conﬂ-

1857 5011 1981 5075 dite,
2000 5028 2091 5082 ego
2115 5029 2248 5076 sum,
2280 5029 2343 5065 ne
2369 5012 2585 5064 linteatis
2617 5011 2808 5081 (Marc.
2833 5015 2884 5068 6.
2915 5013 3317 5082 50).Conlidile
3342 5015 3466 5073 ﬁdei

1856 5097 2109 5136 ancoram
2144 5083 2403 5140 habentes
2435 5101 2446 5134 :
2480 5097 2586 5154 non
2616 5084 2757 5136 enim
2805 5099 2901 5137 vos
2929 5083 3247 5140 idololatria:
3275 5101 3478 5154 scopu--

1859 5154 1943 5207 lus
1971 5154 2247 5206 absorbuit
2281 5167 2294 5206 :
2325 5152 2601 5218 conﬁdite,
2633 5167 2738 5207 non
2772 5169 2867 5208 vos
2900 5154 3152 5218 Judaicus
3183 5155 3339 5209 turbo
3369 5152 3465 5213 ah.-

1857 5223 2066 5278 sorbuit
2091 5239 2104 5286 ;
2133 5223 2409 5285 conﬁdite,
2443 5239 2554 5278 non
2586 5239 2678 5276 vos
2708 5225 2959 5279 haeretica
2992 5227 3227 5293 procella
3253 5226 3478 5280 demota

1857 5296 1952 5365 git.
1988 5295 2100 5365 Ego
2151 5295 2324 5349 Patris
2378 5293 2652 5358 Verbum,
2683 5295 2801 5348 sine
2851 5297 3113 5363 principio
3160 5303 3231 5355 ut,
3267 5295 3459 5360 Pater,

1861 5367 2082 5419 increati
2144 5366 2394 5433 principis
2440 5380 2660 5428 ramus,
2690 5365 2943 5419 mundani
2994 5367 3196 5433 pecoati
3243 5369 3458 5435 Agnus,

1860 5437 2070 5489 urbium
2097 5436 2353 5502 naufragii
2385 5436 2733 5503 gubernator,
2764 5436 3080 5490 orthodoxa:
3110 5438 3234 5491 ﬁdei
3262 5439 3471 5492 thesau-

1860 5522 1974 5572 rus,
1993 5507 2231 5578 martyrii
2250 5507 3006 5578 cerlaminumretnunerator.
3031 5506 3142 5578 Ego
3157 5524 3290 5574 sum,
3314 5509 3471 5560 nolite

1860 5582 2052 5630 timere.
2088 5576 2184 5630 Ubi
2215 5579 2358 5630 enim
2384 5579 2522 5629 Deus
2549 5576 2722 5640 adest,
2754 5577 3047 5646 periculum
3075 5576 3356 5648 depulsum
3382 5587 3466 5632 est

1863 5664 1958 5717 per
1985 5648 2209 5716 gratiam
2255 5649 2343 5702 Ι)ρὶ
2379 5666 2391 5701 :
2427 5649 2523 5716 ipsi
2569 5649 2738 5717 gloria
2784 5658 2839 5705 et
2867 5649 3155 5719 imperium
3187 5650 3240 5706 in
3269 5649 3461 5705 smeula

1864 5723 2204 5776 δωςυιυτυιιι.
2239 5721 2434 5776 Atncu.
