4042 6472
531 411 635 469 683

531 531 723 583 tionem
750 537 958 593 quoque
982 522 1213 575 divinam
1241 534 1307 572 ex
1333 531 1428 572 ore
1451 516 1567 593 ejus
1587 516 1904 584 accepimus,
1940 516 2096 593 insuf-

531 586 795 652 flaivionem
839 586 1167 662 spiritualem
1194 604 1376 662 ,uqna:
1414 586 1634 655 gratiam
1683 601 1894 638 onmem
1940 588 2096 639 mini-

526 667 745 722 strabat.
786 665 829 717 A
863 658 1085 716 Domino
1130 658 1355 710 ordinati
1407 670 1618 717 sumus,
1673 664 1730 707 ut
1781 666 2095 722 petestatem

531 737 819 790 habeamus
846 728 1143 786 dimittendi
1179 736 1425 795 peccata;
1470 734 1518 779 et
1557 725 1842 795 judicandi
1880 735 2094 792 peccata

527 804 829 858 facultatem
861 793 1194 868 accepimus,
1228 797 1327 868 hoc
1351 796 1493 848 dicto
1537 808 1631 847 nos
1677 794 1743 868 ad
1796 793 1846 846 id
1895 797 2093 868 consti-

526 883 705 928 tuente
738 889 750 924 :
785 864 1012 938 Quorum
1035 866 1319 920 remiscritis
1348 873 1596 938 peccatal
1620 864 1941 938 remittuntur
1984 866 2090 938 eis,

525 954 571 996 et
598 932 825 1013 quoruni
839 937 1160 1013 retinueritis,
1190 944 1380 1013 retenta
1401 943 1536 1013 funt.
1555 933 1768 1013 Talibus
1795 932 2093 1013 Servatoris

522 1002 681 1066 (liciis
705 1027 825 1064 cum
855 1008 1046 1078 gaudio
1069 1005 1318 1078 acceptis,
1339 1002 1486 1078 _talia_
1507 1004 1644 1078 nac_ti
1679 1017 1871 1078 sumus
1898 1003 2041 1078 dona
2075 1022 2087 1058 :

525 1099 627 1136 non
654 1081 793 1134 enim
825 1071 1126 1146 poteramus
1150 1088 1184 1146 a
1208 1074 1303 1146 tali
1338 1073 1562 1146 Domino
1594 1071 1712 1132 frui,
1741 1073 1856 1125 sine
1880 1071 2092 1146 divitia-

521 1166 636 1203 rum
665 1141 969 1202 accessione
992 1186 1006 1208 ,
1031 1159 1060 1197 a
1093 1144 1181 1196 tali
1207 1143 1428 1197 Domino
1451 1141 1672 1202 collata;
1703 1147 1754 1192 tu
1779 1157 1902 1194 vero
1945 1144 2090 1198 solus

523 1234 719 1289 pauper
735 1217 984 1289 mansisti
1006 1255 1036 1289 ._
1050 1216 1138 1289 qui
1170 1228 1273 1289 non
1298 1212 1506 1289 aderas.
1537 1211 1831 1289 Statimque
1859 1211 2089 1265 Thomas

521 1279 793 1356 respondit
842 1284 985 1337 illis:
1019 1279 1272 1356 vos_soli
1322 1279 1876 1356 Doininttm__vidistis;
1920 1297 2089 1356 egone

518 1348 662 1413 solus
693 1355 937 1421 indignus
966 1368 1084 1406 sum
1111 1352 1228 1419 ejus
1253 1349 1583 1421 conspectu?
1611 1348 1795 1421 Nonne
1834 1360 1890 1421 ut
1915 1352 2086 1404 vocati

515 1429 645 1480 estis
670 1468 682 1485 .
729 1434 784 1478 et
809 1418 914 1490 ego
955 1418 1172 1475 vocatus
1209 1420 1378 1490 sum?
1419 1428 1472 1472 et
1523 1426 1579 1471 ut
1623 1418 1864 1471 honorati
1916 1421 2083 1484 estis,

515 1511 612 1564 ego
661 1489 952 1548 honoratus
983 1507 1117 1564 sum
1171 1489 1237 1543 ab
1284 1490 1413 1543 illo?
1449 1502 1638 1542 nonne
1664 1558 1673 1564 ι
1700 1497 1769 1564 ut
1801 1490 2082 1564 vps_vidi-

515 1558 610 1620 slis
658 1566 804 1618 illum
852 1560 1164 1640 cruciﬁxum
1191 1599 1224 1640 ,_
1247 1573 1344 1627 ego
1378 1573 1590 1640 quoque
1617 1558 2082 1640 _\:idii_}i’obiscrtnt

517 1635 684 1688 tristia
712 1634 846 1694 vidi,
875 1632 996 1684 volo
1021 1631 1182 1683 etiam
1213 1630 1329 1680 lll'la
1359 1627 1586 1681 discere.
1617 1627 1684 1682 Ut
1711 1627 1813 1681 vidi
1857 1638 2082 1682 mortem

515 1704 748 1760 Christi.
798 1701 921 1754 volo
966 1713 1177 1767 quoque
1217 1698 1659 1751 resurreCtionem
1709 1699 1822 1764 ejus
1865 1700 2082 1766 conspi-

513 1788 654 1828 cere.
692 1770 809 1826 Nisi
834 1771 962 1823 enim
989 1769 1158 1820 videro
1181 1768 1234 1820 itt
1263 1768 1490 1820 manibus
1513 1768 1624 1833 ejus
1656 1767 1872 1832 ﬁxuram
1916 1769 2085 1821 clavo.

513 1860 656 1908 rum,
690 1851 735 1896 et
756 1843 951 1894 mittam
977 1839 1191 1908 digitum
1217 1853 1377 1890 meum
1423 1837 1476 1908 in
1521 1835 1686 1888 locum
1719 1836 1993 1908 clavorum,
2034 1847 2082 1891 et

513 1905 704 1964 mittam
735 1926 938 1963 manum
968 1905 1126 1961 meum
1148 1907 1201 1958 in
1228 1908 1360 1958 latus
1387 1906 1517 1972 ejus,
1545 1921 1644 1958 twn
1665 1906 1866 1957 credant
1896 1905 2077 1972 (Joan.

511 1982 598 2036 ΞΟ.
629 1981 699 2036 25
717 1984 757 2049 ).
784 1977 941 2032 Certe
966 1994 1061 2049 vos
1083 1993 1187 2030 non
1208 1973 1610 2049 credidissetisi
1641 1975 1738 2028 nisi
1764 1976 2030 2049 vidisse_tis
2062 1995 2077 2031 :

510 2052 586 2105 sic
607 2060 661 2105 et
680 2043 777 2119 ego
803 2048 905 2102 nisi
938 2047 1140 2119 videro,
1172 2043 1546 2119 no_n_credam.
1576 2044 1864 2119 Persevera
1888 2087 1902 2108 .
1936 2046 2079 2100 Tho-

510 2135 592 2173 ma
612 2159 630 2185 ,
659 2113 934 2189 persevera
961 2118 1011 2169 in
1042 2117 1139 2189 hac
1166 2113 1382 2184 pulchra
1412 2113 1777 2189 incredulitate
1806 2126 1892 2168 tua
1919 2131 1934 2179 ;
1960 2125 2077 2170 stus

508 2183 674 2243 diose'
711 2202 990 2258 persevera
1029 2226 1044 2250 ,
1098 2183 1270 2258 donec
1299 2194 1508 2258 _teneas
1564 2183 1704 2258 fidei
1736 2188 2024 2258 anchoram
2057 2201 2072 2249 ;

510 2253 872 2312 vehementius
903 2269 1187 2324 persevera
1215 2255 1266 2307 in
1299 2253 1398 2324 hoc
1425 2263 1516 2307 tuo
1558 2253 1857 2324 desiderio,
1903 2255 2075 2308 donec

508 2327 688 2382 videas
716 2342 836 2381 eum
864 2323 1023 2394 quem
1053 2324 1340 2378 desideras.
1375 2323 1912 2394 Amoeogitatiouum
1956 2334 2072 2378 tua-

507 2413 622 2452 rum
651 2391 1061 2457 dubitationem,
1087 2408 1206 2462 qua:
1235 2408 1448 2446 onmem
1492 2391 1876 2447 dubitationem
1921 2409 2070 2449 rese-

507 2477 636 2521 cet:
672 2466 832 2519 laudo
880 2466 1092 2519 modum
1143 2463 1288 2516 illum
1337 2463 1727 2516 contentiOsum
1774 2472 1829 2517 et
1871 2462 2072 2518 Christi

504 2546 770 2590 amantem
797 2574 814 2598 ,
846 2545 904 2588 ut
925 2537 1011 2598 qui
1040 2547 1251 2587 omnem
1279 2531 1648 2584 luereticorum
1675 2534 2070 2587 contentionem

503 2607 731 2660 auferat.
769 2603 846 2658 Ne
871 2603 1057 2657 credas
1082 2643 1096 2664 ,
1122 2602 1230 2671 jam
1249 2601 1426 2672 imagis
1454 2601 1612 2655 ﬁdem
1641 2617 1800 2667 neges
1820 2641 1836 2659 .
1879 2611 1934 2655 ut
1973 2619 2071 2672 ego

504 2676 726 2728 firmiter
759 2674 994 2727 credam.
1025 2672 1214 2736 Quzere
1243 2671 1522 2723 Dominum
1549 2711 1562 2730 ,
1594 2679 1646 2723 et
1677 2686 1801 2724 voca
1834 2671 2070 2739 prmsen-

503 2751 609 2798 tem
632 2786 646 2810 ,
686 2753 744 2796 ut
775 2752 825 2796 te
856 2751 1127 2809 qumreute
1152 2756 1214 2794 ac
1243 2749 1464 2792 vocante
1489 2781 1502 2801 ,
1532 2755 1629 2808 ego
1658 2739 2068 2808 Rcdcmptorem

502 2828 678 2868 meum
701 2813 1012 2881 amplectar.
1043 2812 1326 2881 Persevera
1354 2809 1494 2881 illum
1517 2825 1755 2881 qna-rere
1781 2812 1867 2877 qui
1897 2813 2026 2865 dixit
2050 2830 2064 2865 :

503 2884 756 2948 Qumrite,
795 2879 848 2934 vet
880 2880 1136 2933 invenietis
1183 2879 1412 2946 (Matth.
1444 2879 1495 2931 7.
1534 2879 1625 2948 7).
1669 2879 1743 2933 Ne
1781 2891 2067 2949 prmtereas

500 2954 812 3020 simpliciter
863 2951 1178 3016 esplorans,
1229 2949 1273 3001 si
1322 2962 1440 3020 non
1470 2949 1704 3020 reperias
1757 2953 2063 3004 thesaurum

500 3018 657 3091 quem
715 3023 958 3089 inquiris.
1015 3020 1302 3091 Persevera
1332 3018 1574 3091 pulsans
1609 3018 1836 3091 januam
1883 3023 2064 3088 cogni-

500 3086 693 3154 tionis,
720 3086 838 3158 quae
868 3091 997 3142 nulli
1031 3090 1099 3141 sit
1123 3086 1531 3158 contradictioni
1573 3088 1798 3141 obnoxia
1825 3130 1840 3151 ,
1893 3086 2066 3145 donec

498 3162 639 3214 illaut
685 3155 1001 3229 aperiatqui
1029 3158 1160 3210 dixit
1193 3172 1207 3208 :
1246 3155 1456 3229 Pulsate
1479 3196 1492 3217 ,
1545 3168 1590 3209 et
1616 3160 1866 3229 aperietur
1903 3162 2060 3214 vobis.

500 3226 750 3284 Libenter
801 3227 960 3282 audio
1010 3237 1060 3280 te
1109 3242 1249 3292 satpe
1299 3226 1561 3279 dicentem
1595 3245 1606 3279 :
1640 3226 1755 3279 Nisi
1804 3230 1973 3281 videro
2011 3233 2065 3283 in

495 3301 723 3352 manibus
752 3301 860 3367 ejus
885 3301 1100 3365 ﬁxuram
1125 3298 1394 3367 clavorum,
1422 3313 1518 3348 non
1537 3298 1756 3367 credam.
1780 3296 1855 3350 Te
1873 3302 2066 3366 quippe

497 3387 600 3422 non
628 3364 898 3430 credente,
930 3382 1028 3435 ego
1069 3366 1290 3436 credere
1323 3364 1484 3436 disco
1511 3383 1522 3418 :
1556 3375 1605 3418 te
1652 3366 1823 3433 ligone
1875 3364 2064 3436 linguae

497 3449 602 3492 tute
632 3454 755 3491 arva
786 3437 950 3491 divini
981 3437 1220 3504 corporis
1250 3435 1479 3488 fodiente
1506 3477 1520 3497 ,
1554 3450 1651 3502 ego
1684 3439 1904 3489 Iructum
1951 3435 2065 3493 sine

495 3508 676 3562 labore
698 3508 932 3575 decerpo
961 3517 1016 3560 et
1064 3507 1190 3558 ntihi
1245 3505 1545 3557 accumula.
1598 3504 1706 3557 Nisi
1750 3507 1932 3560 videro
1982 3509 2064 3561 his

493 3577 628 3632 meis
652 3579 823 3632 oculis
852 3577 1031 3636 sulcos
1060 3576 1111 3630 in
1141 3575 1340 3629 sanctis
1366 3575 1606 3626 manibus
1636 3575 1770 3641 ejus,
1803 3591 1932 3644 quos
1956 3580 2062 3631 sul-

492 3657 681 3702 caruut
706 3647 874 3714 impii,
905 3660 1189 3714 numquam
1217 3645 1406 3698 vestris
1429 3647 1809 3714 obtemperabo
1842 3648 2014 3702 verbis
2046 3667 2058 3702 :

498 3720 594 3772 nisi
629 3719 767 3770 lmnc
787 3713 964 3769 meum
993 3713 1214 3783 digitum
1245 3716 1450 3768 mittam
1483 3717 1531 3765 in
1583 3713 1840 3769 foramina
1889 3718 2063 3771 clavo-

495 3803 630 3843 rum.
648 3787 788 3841 hunc
805 3796 1037 3840 vestrum
1063 3791 1253 3837 bonum
1273 3785 1514 3836 nuntium
1535 3801 1636 3837 non
1659 3785 1913 3852 accipiam
1936 3789 2064 3843 :uisi

493 3867 702 3924 tangam
745 3856 843 3913 hac.
883 3870 1042 3907 manu
1088 3869 1203 3908 mea
1243 3855 1379 3906 latus
1407 3853 1574 3924 illud,
1615 3871 1718 3907 non
1760 3871 2064 3922 suspeetum

491 3922 896 3981 resurrectionis
919 3933 1106 3978 ιιιειειιι
1125 3965 1139 3988 ,
1171 3938 1272 3977 nan
1295 3922 1507 3976 credam
1538 3925 1840 3977 testimonio
1863 3938 2060 3982 vestro.

559 3995 616 4050 2.
645 3995 846 4066 Videbo
871 3995 1037 4048 oculis
1064 3995 1196 4047 meis
1224 4009 1307 4056 ea,
1334 4007 1572 4066 quaties
1600 3995 1896 4061 praedicatis
1919 3999 2063 4066 (nam

489 4081 616 4120 aure
654 4065 912 4119 certiores
957 4071 1081 4117 sunt
1121 4074 1282 4117 testes
1328 4061 1536 4132 oculi);
1573 4077 1624 4117 et
1669 4073 1791 4117 tunc
1830 4061 2062 4121 vesirum

489 4137 742 4204 recipiam
771 4134 992 4188 dictum.
1019 4133 1189 4204 Omne
1221 4133 1416 4200 quippe.
1449 4134 1666 4186 verbum
1692 4147 1723 4186 a
1754 4136 1914 4189 rebus
1937 4137 2064 4204 ipsis

486 4203 881 4268 conlirmatum,
905 4203 1136 4256 validum
1163 4212 1217 4256 et
1240 4206 1448 4274 lirmum
1474 4211 1582 4266 est;
1612 4204 1691 4255 sin
1727 4219 1902 4258 rerum
1927 4208 2065 4274 ipsa-

487 4290 604 4329 rum
635 4275 1035 4329 conlirniatione
1062 4275 1313 4342 privetur,
1339 4273 1565 4325 inaniter
1584 4287 1612 4324 a
1634 4274 1786 4327 labiis
1813 4276 1863 4328 in
1885 4273 2062 4331 aerem

490 4344 826 4399 dill‘unditur.
860 4343 1103 4396 Doctoris
1131 4342 1311 4414 nostri
1328 4342 1580 4395 miracula
1611 4345 1908 4398 hominibus
1930 4361 2064 4414 prae-

488 4415 763 4468 dicaturus
806 4427 922 4465 sum
951 4429 964 4465 :
991 4413 1257 4480 quomodo
1302 4411 1457 4478 igitur
1495 4426 1555 4464 ea
1591 4426 1706 4480 quin
1752 4429 1855 4466 non
1897 4411 2066 4468 oculis

488 4485 729 4551 percepi,
778 4483 952 4536 verbis
999 4481 1314 4550 proteram?
1360 4481 1626 4548 quomodo
1657 4481 1959 4551 incredulis
2003 4501 2064 4539 ea

486 4550 710 4606 credere
752 4552 1020 4611 suadebo,
1049 4552 1239 4620 quibus
1269 4551 1380 4618 ipse
1425 4565 1528 4602 non
1574 4550 1759 4621 adfui?
1799 4557 2064 4621 quomodo

485 4622 686 4677 indicis
730 4638 792 4675 ac
837 4621 1124 4691 gentilibus
1167 4621 1339 4674 dicam
1373 4637 1387 4673 :
1419 4620 1736 4673 Crttcillxutn
1783 4620 2062 4678 Dominunt

486 4707 662 4745 meum
695 4693 797 4745 vidi
824 4733 839 4756 ,
882 4691 1254 4744 resuscitatum
1299 4706 1402 4742 non
1433 4692 1575 4753 vidi,
1605 4691 1695 4743 sed
1732 4692 1798 4745 ab
1828 4694 1943 4746 aliis
1972 4711 2065 4747 au-

487 4760 633 4814 divi?
662 4760 858 4829 Ecquis
887 4760 1000 4813 htcc
1027 4761 1287 4813 dicentem
1322 4760 1746 4831 nonrirridebit?
1777 4764 1895 4830 quis
1929 4780 2063 4831 prte-

487 4831 820 4916 dieationctu.
855 4845 959 4916 nlon
1002 4830 1449 4916 respuetYOAliud
1478 4841 1559 4916 est
1588 4831 1851 4916 aludi‘vlisse
1873 4873 1887 4895 ,
1922 4830 2065 4916 aliqd

489 4901 692 4954 vidisse
716 4917 730 4954 :
757 4900 897 4952 aliud
943 4899 1102 4952 verba
1148 4899 1418 4967 percipere
1443 4939 1458 4963 ,
1491 4900 1632 4952 aliud
1667 4903 1844 4955 videre
1883 4915 1935 4955 et
1973 4899 2067 4956 ei-

489 4971 676 5038 periri.
708 4969 831 5022 llaec
859 4979 913 5021 et
951 4970 1140 5020 similia
1174 4986 1291 5021 cum
1320 4973 1639 5037 coapos-tolis
1676 4971 1878 5026 diceret
1918 4973 2062 5027 Tho-

489 5055 602 5110 mas
624 5081 639 5102 ,
672 5041 940 5108 ingressus
967 5049 1048 5090 cst
1078 5054 1282 5110 rursum
1313 5039 1465 5093 .lesus
1491 5041 1556 5094 ad
1587 5041 1871 5110 discipulos
1891 5044 2065 5110 januis

487 5109 704 5163 clausis.
746 5111 984 5174 lngressa
1014 5118 1096 5160 est
1123 5108 1291 5162 Janua
1324 5112 1444 5162 vita:
1475 5125 1568 5177 per
1593 5108 1801 5164 clausas
1827 5108 2016 5178 januas
2049 5132 2060 5166 :

488 5192 555 5247 eo
585 5180 740 5231 modo
769 5180 1038 5246 ingressus
1075 5192 1175 5240 εει,
1215 5195 1318 5246 quo
1362 5181 1504 5230 novit
1543 5179 1710 5247 ipsum
1758 5179 1926 5234 solmn
1972 5184 2063 5237 Dei

491 5246 744 5301 Verbum.
783 5247 930 5320 Sicut
957 5248 1098 5320 enim
1132 5263 1250 5300 cum
1293 5246 1601 5320 natusuest,
1634 5251 1946 5319 virginitatis
1979 5254 2062 5320 ja-

493 5331 625 5370 uuas
655 5332 757 5370 non
791 5318 958 5381 lat-sit,
987 5319 1063 5388 sic
1089 5321 1247 5370 etiam
1283 5320 1416 5370 intra
1447 5318 1661 5371 domum
1690 5318 1931 5388 repertus
1960 5318 2060 5388 est,

490 5399 542 5441 et
569 5389 800 5440 claustra
840 5402 944 5438 non
991 5387 1159 5458 fregit.
1195 5390 1273 5440 Ac
1301 5401 1484 5440 rur'Sus
1505 5429 1518 5450 ,
1549 5398 1605 5441 ut
1639 5387 1767 5443 exiit
1792 5407 1854 5444 ex
1884 5387 2064 5458 sepul-

488 5469 584 5529 cro
629 5458 811 5529 clauso
863 5463 914 5508 et
963 5456 1261 5525 obsignato,
1312 5458 1388 5511 sic
1435 5460 1706 5529 ingressus
1757 5472 1838 5514 est
1884 5456 2062 5529 januis

489 5527 706 5580 clausis.
755 5527 1028 5594 Ingressus
1056 5542 1119 5580 eo
1150 5538 1227 5580 cst
1258 5542 1419 5582 carne
1442 5568 1457 5594 ,
1493 5528 1579 5582 tibi
1606 5538 1718 5581 erat
1745 5527 2021 5584 divinitate
2045 5573 2060 5596 ,

487 5604 542 5671 ct
567 5597 888 5671 januasnon
920 5598 1148 5671 aperuit.
1186 5598 1358 5651 Voluit
1385 5599 1560 5661 enim,
1593 5606 1645 5652 ct
1678 5599 1802 5652 nihil
1836 5602 2061 5671 impedi-

489 5666 563 5717 vit
595 5682 607 5716 :
642 5665 826 5728 voluit,
860 5674 914 5718 et
945 5667 1120 5718 omnia
1151 5679 1536 5721 concurrerunt
1570 5687 1582 5721 :
1617 5671 1802 5735 voluit,
1833 5682 1884 5724 et
1909 5665 2064 5725 crea-

491 5743 605 5787 tura
651 5735 750 5801 ipsi
790 5737 1078 5805 obsequuta
1111 5747 1232 5789 est:
1266 5740 1516 5791 voluntati
1550 5739 1666 5803 ejus
1706 5741 1881 5793 omnia
1929 5757 2060 5795 con-

487 5814 792 5873 cttrrerunt,
842 5808 984 5874 quod
1032 5821 1157 5861 vere
1203 5806 1342 5861 Deus
1369 5818 1535 5863 esset.
1581 5807 1668 5863 Sic
1707 5822 1760 5864 ct
1790 5816 2061 5880 generatio

2000 397 2270 453 SI’URIA.

3681 400 3794 464 68‘

2205 517 2318 582 ejus
2347 528 2559 568 omnem
2599 522 2897 568 sermonem
2926 525 3163 585 superat,
3204 524 3259 571 et
3295 517 3471 571 exitus
3494 530 3558 572 es
3593 533 3796 576 moon-

2203 595 2381 666 mcnto
2405 591 2949 670 lmentem'omnenl
2979 587 3310 670 transcendit
3334 626 3364 650 ,.
3399 587 3793 670 ingressusque

2202 654 2423 726 ejnsgad
2457 653 2767 726 discipulos
2817 653 3626 726 ineffabilia,inenarrabilisque
3673 653 3789 715 e'st.

2199 723 2348 797 Quod
2380 723 2590 792 quidem
2621 723 2889 797 ingressus
2913 724 2982 797 sit
3006 725 3070 777 ad
3097 725 3407 797 discipulos.
3442 723 3789 797 hoc—quidem

2199 793 2418 845 edoctus
2446 807 2561 845 sum
2588 809 2602 844 ι
2629 793 2898 860 quomodo
2920 795 3190 861 ingressus
3210 796 3307 856 sit,
3334 793 3785 852 nondum—didici.

2196 863 2346 936 Quod
2380 879 2481 914 non
2516 863 2628 930 ipse
2660 864 2900 936 percepi,
2941 878 3039 916 nec
3077 865 3256 918 dicere
3284 866 3475 936 audeo.
3513 866 3645 920 Eum
3688 869 3789 936 qui

2199 933 2468 1000 ingressus
2494 941 2572 983 est
2603 932 2816 985 celebro
2838 972 2852 996 ,
2889 933 3159 1000 ingresSns
3187 935 3400 987 modum
3432 952 3536 988 non
3562 932 3790 992 curiose

2196 1000 2407 1073 iuqniro
2440 1019 2451 1052 :
2488 1001 2722 1073 praedico
2747 1003 3056 1073 mysterium
3078 1043 3093 1065 ,
3135 1019 3233 1056 nec
3273 1004 3481 1070 explico
3511 1007 3650 1073 quod
3687 1021 3791 1060 ex-

2197 1070 2376 1143 plicari
2425 1072 2598 1143 nequit
2637 1089 2648 1124 :
2681 1070 2886 1138 signum
2934 1071 3132 1143 editum
3178 1074 3452 1138 admiror,
3502 1070 3789 1143 quomodo

2197 1139 2387 1193 factum
2431 1141 2502 1193 sit
2544 1153 2646 1191 non
2689 1155 2871 1208 quacro
2905 1163 2916 1194 :
2949 1141 3015 1210 iis
3040 1156 3157 1208 qum
3187 1144 3385 1210 scripta
3415 1139 3535 1197 sunt
3562 1146 3736 1198 credo
3766 1186 3784 1210 ,

2194 1224 2289 1281 nec
2318 1210 2528 1262 curiose
2554 1210 2813 1281 exploro,
2845 1219 2898 1262 et
2942 1209 3166 1281 salutem
3195 1209 3514 1281 consequor.
3548 1209 3788 1268 Auditor

2191 1279 2385 1346 quippe
2428 1294 2544 1331 sum
2585 1279 2961 1331 miraculorum
2993 1280 3220 1345 Domini,
3257 1279 3574 1338 nou-autem
3609 1286 3659 1336 in
3691 1284 3785 1337 di-

2192 1348 2328 1420 vinis
2380 1349 2484 1400 illis
2531 1348 2928 1420 operationibus
2977 1361 3221 1420 versatus
3267 1367 3405 1403 sum.
3456 1353 3518 1406 Et
3561 1355 3604 1406 si
3651 1355 3783 1420 quis

2189 1415 2491 1470 Judarnrum
2540 1419 2733 1471 dixerit
2779 1419 2906 1469 mihi
2954 1434 2965 1468 :
3011 1418 3117 1472 Res
3165 1434 3379 1486 prorsus
3430 1415 3782 1478 incredibiles

2192 1489 2446 1554 praedicas
2476 1495 2528 1558 et
2574 1487 2966 1558 impossibiles;
2997 1490 3263 1556 quomodo
3309 1491 3480 1558 potuit
3527 1493 3781 1557 corporis

2191 1559 2358 1611 moles
2379 1557 2554 1626 januis
2581 1557 2775 1610 clausis
2797 1556 3036 1610 intrare?
3065 1557 3238 1611 dicam
3264 1556 3318 1611 ct
3344 1574 3444 1626 ego
3471 1561 3547 1613 illi
3577 1579 3588 1613 :
3615 1556 3778 1626 Quo-

2191 1628 2348 1679 modo
2380 1629 2548 1694 potuit
2578 1627 2913 1678 Habacucum
2945 1628 3164 1694 angelus
3191 1627 3458 1684 deducere
3504 1631 3552 1682 in
3593 1631 3776 1685 lacum

2189 1695 2478 1768 leonum,et
2499 1709 2703 1748 rursum
2721 1695 2850 1768 inde
2869 1697 3142 1768 reduratre,
3167 1707 3220 1752 et
3239 1699 3478 1765 apposita
3497 1701 3778 1768 signacula

2185 1767 2328 1837 salva
2358 1775 2412 1819 et
2433 1767 2630 1837 integra
2656 1766 2953 1837 relinquere
2981 1764 3142 1834 (Dan.
3171 1768 3221 1820 4.
3255 1764 3371 1836 52)ἳ
3400 1764 3598 1822 Servtis
3623 1770 3776 1837 quod

2187 1835 2350 1907 voluit
2375 1836 2567 1907 effecit,
2596 1845 2648 1887 et
2677 1835 2933 1907 Dominus
2964 1837 3285 1907 nonpotuit,
3322 1835 3381 1890 ut
3406 1839 3503 1890 sibi
3529 1835 3776 1907 placuit?

2183 1903 2636 1968 Quemadmodum
2683 1918 2807 1972 ergo
2852 1904 2977 1957 illud
3010 1903 3218 1959 volente
3266 1908 3372 1968 Deo
3413 1903 3607 1960 factum
3660 1918 3772 1970 est.

2183 1973 2252 2026 ita
2301 1985 2353 2028 et
2399 1975 2497 2029 hoc
2529 1975 2738 2043 voleute
2766 1975 2872 2027 Deo
2903 1973 3076 2028 Verbo
3099 2015 3112 2035 ,
3145 1977 3230 2042 qui
3263 1975 3422 2029 homo
3449 1977 3617 2031 factus
3639 1988 3727 2031 est
3755 2018 3771 2043 ,

2183 2043 2472 2115 perfectum
2507 2043 2636 2115 fuit.
2658 2041 2932 2115 Ingressus
2965 2055 3046 2097 est
3074 2041 3199 2112 ergo
3227 2045 3293 2098 ad
3319 2047 3610 2115 discipulos
3636 2041 3774 2101 suos

2181 2111 2458 2173 Servatur.
2494 2123 2551 2167 ut
2576 2114 2674 2165 sibi
2708 2113 2925 2180 placuit,
2958 2123 3011 2167 et
3035 2111 3179 2166 stetit
3210 2115 3260 2168 in
3292 2111 3488 2178 medio,
3515 2119 3774 2170 utnmnia-

2179 2183 2278 2237 bus
2325 2185 2436 2252 pari
2488 2183 2644 2236 modo
2691 2191 2992 2250 appareret,
3037 2191 3091 2236 et
3134 2185 3269 2238 dixit
3307 2187 3386 2238 eis
3417 2203 3432 2239 :
3468 2185 3583 2242 Paa:
3623 2188 3772 2241 vobis

2184 2252 2359 2322 (Joan.
2387 2253 2475 2308 20.
2506 2253 2617 2320 26).
2650 2252 2756 2322 Patr
2797 2252 2940 2322 enim
2980 2267 3118 2314 sunt,
3165 2263 3219 2306 et
3263 2269 3445 2322 pacein
3485 2255 3555 2310 do
3586 2257 3766 2312 vobis.

2177 2321 2328 2386 Quod
2370 2337 2507 2384 sunt,
2539 2323 2589 2375 id
2617 2322 2706 2375 do.
2736 2321 2842 2376 Pax
2871 2321 2986 2393 hate
3016 2338 3202 2378 omnes
3230 2321 3472 2378 inimicos
3508 2327 3768 2393 subjiciat

2177 2393 2273 2444 sub
2321 2393 2540 2459 pedibus
2583 2393 2773 2445 vestris
2803 2408 2815 2444 :
2844 2407 2941 2459 pax
2975 2391 3088 2444 baro
3131 2409 3318 2448 ontucs
3351 2391 3678 2462 principatus
3711 2406 3770 2450 et

2176 2473 2468 2529 potestates
2521 2462 2760 2516 subditas
2807 2462 2957 2531 vobis
3001 2461 3154 2514 l'aciet
3200 2480 3212 2514 :
3266 2479 3365 2531 pax
3406 2461 3533 2517 haec
3571 2478 3766 2520 contra

2177 2541 2340 2584 totum
2366 2534 2547 2584 orbem
2573 2540 2828 2597 tropaeum
2855 2530 3044 2602 eriget.
3085 2530 3413 2586 Gavisi’sunt
3441 2549 3568 2602 ergo
3597 2536 3767 2589 αἰδοῖά

2177 2602 2306 2669 puli,
2334 2616 2452 2654 cum
2488 2601 2692 2654 Domini
2733 2602 2812 2655 sui
2845 2601 3012 2653 forma
3040 2609 3094 2654 ct
3134 2617 3261 2655 voce
3293 2604 3484 2656 iterum
3513 2601 3766 2658 frueren-

2177 2681 2279 2732 tur.
2314 2684 2364 2724 et
2397 2671 2653 2724 Thomam
2681 2672 2871 2724 cubitis
2899 2671 3179 2738 pulsabant
3204 2689 3217 2734 ;
3248 2671 3346 2740 ipsi
3369 2674 3538 2725 oculis
3561 2688 3765 2728 annue-

2173 2740 2320 2805 bant,
2359 2755 2422 2794 ac
2456 2742 2834 2807 propemodum
2890 2741 3295 2808 superciliorum
3337 2754 3465 2795 nutu
3506 2743 3764 2798 dicebant

2173 2810 2245 2862 illi
2274 2828 2287 2863 :
2319 2811 2508 2863 Annon
2540 2811 2771 2863 diximus
2803 2812 2889 2863 tibi
2905 2825 3128 2880 inuper,’
3175 2809 3402 2864 Vidimus
3441 2813 3713 2865 Dominum
3740 2855 3756 2880 ,

2170 2893 2220 2933 et
2250 2896 2352 2949 non
2381 2880 2649 2933 credidiin
2685 2880 2872 2932 nobis?
2903 2879 3040 2934 Ecce
3069 2879 3220 2934 adeSt
3249 2882 3360 2949 ipse
3391 2879 3755 2948 desideratus,

2172 2949 2287 3016 ipso
2314 2948 2491 3002 fruere
2523 2960 2577 3001 ut
2602 2952 2700 3011 vis,
2733 2951 2995 3002 delectare
3029 2959 3082 3002 ut
3114 2948 3387 3004 desideras
3420 2970 3431 3003 :
3459 2954 3657 3007 accede
3686 2955 3756 3007 ad

2169 3036 2312 3082 eum,
2346 3017 2433 3088 qui
2469 3031 2683 3087 propter
2713 3022 2932 3072 salutem
2966 3029 3105 3071 tuam
3132 3020 3198 3073 ad
3226 3035 3322 3073 nos
3349 3022 3621 3088 ingressus
3646 3029 3754 3088 est,

2168 3099 2220 3143 et
2247 3091 2429 3156 accipe
2451 3091 2802 3157 quaestionum
2835 3089 3178 3142 solutionem.
3211 3089 3327 3158 lpse
3359 3106 3486 3144 vero
3512 3091 3756 3147 Thomas

2169 3159 2342 3213 stabat
2386 3160 2550 3212 oculis
2593 3161 3025 3225 circuniSpieiens
3054 3159 3228 3214 omnia
3259 3159 3556 3214 Servatoris
3583 3177 3758 3216 men»

2170 3228 2283 3292 bra,
2310 3239 2363 3280 et
2381 3229 2583 3297 singula
2608 3243 2816 3282 curiose
2843 3229 3144 3294 explorans,
3165 3244 3231 3281 an
3255 3245 3378 3284 \ere
3399 3233 3484 3298 qui
3510 3245 3759 3286 mortuus

2170 3309 2300 3360 erat,
2331 3300 2673 3351 reSUscitatns
2702 3300 2928 3351 :ideswt.
2954 3298 3087 3361 Quid
3110 3313 3235 3365 ergo
3251 3299 3385 3352 dixit
3413 3301 3460 3353 ei
3493 3302 3581 3353 ille
3604 3303 3758 3356 solus

2172 3369 2339 3420 bonus
2360 3410 2374 3431 ,
2407 3369 2552 3421 Solus
2582 3368 2881 3420 misericors
2911 3377 2960 3418 et
2991 3367 3247 3436 benignus
3269 3410 3280 3429 .
3318 3369 3418 3434 Qui
3447 3373 3550 3422 vult
3579 3388 3758 3424 omnes

2170 3438 2392 3489 homines
2435 3440 2599 3489 salvos
2645 3437 2773 3502 ﬁeri,
2813 3446 2857 3489 et
2895 3437 2962 3489 ad
3002 3441 3306 3506 agnitionem
3339 3441 3557 3492 veritatis
3587 3443 3760 3493 venire

2173 3509 2246 3577 (l.
2278 3506 2407 3577 Tim.
2441 3508 2494 3559 2.
2524 3509 2615 3574 4)?
2643 3507 2787 3576 lttfer
2811 3507 3020 3576 digitum
3052 3517 3194 3559 tuum
3215 3509 3332 3572 ltuc,
3360 3520 3403 3560 et
3434 3511 3543 3562 vide
3571 3526 3758 3564 manus

2169 3575 2322 3632 meas.
2354 3575 2398 3629 Ο
2425 3575 2760 3644 benignitatis
2787 3575 2998 3630 culmen
3022 3578 3344 3646 immensum
3371 3579 3382 3630 l
3414 3594 3445 3632 ο
3475 3580 3756 3646 indulgeu-

2169 3647 2254 3700 tia:
2301 3649 2693 3700 interminaan
2729 3646 2971 3714 pelagus!
3019 3644 3130 3699 Non
3179 3650 3507 3715 exapertavit
3548 3644 3756 3703 aditum

2168 3717 2408 3784 discipuli
2431 3756 2444 3774 ,
2477 3732 2579 3768 non
2610 3717 2934 3782 exspectavit
2963 3716 3134 3769 donec
3171 3719 3394 3785 supplex
3434 3719 3754 3781 accederet,

2168 3801 2230 3840 ac
2277 3795 2481 3854 peteret
2522 3797 2578 3838 ut
2619 3797 2854 3853 optatum
2892 3799 3302 3853 assequeretur.
3347 3803 3518 3854 neque
3559 3790 3638 3842 vel
3685 3790 3756 3842 ad

2170 3857 2329 3910 breve
2361 3867 2567 3921 tempus
2613 3855 2852 3915 distulit;
2898 3856 2989 3906 sed
3039 3859 3151 3922 ipse
3192 3871 3426 3923 pt'atseus
3456 3867 3755 3912 amatorem

2169 3926 2234 3996 ad
2273 3925 2635 3996 desideratum
2674 3925 2720 3976 vi
2762 3925 3037 3990 coinpulit,
3068 3927 3202 3996 ipse
3233 3941 3361 3996 voce
3389 3941 3482 3979 sua
3528 3929 3756 3996 digitum

2168 3995 2520 4050 desiderantis
2575 3995 2639 4047 ad
2693 3997 3008 4066 se_traxit,
3065 3995 3178 4062 ip~e
3243 3994 3514 4050 Dominica
3576 3994 3756 4066 lingua

2169 4067 2415 4137 servilem
2459 4080 2672 4117 manum
2713 4063 2779 4116 ad
2808 4079 2877 4137 _s_e
2923 4066 3213 4133 pertraxit,
3242 4066 3426 4137 dicens
3456 4067 3530 4120 illi
3562 4087 3575 4120 :
3607 4063 3761 4137 hifer

2169 4136 2377 4202 digitum
2402 4144 2542 4187 tuum
2563 4137 2680 4198 huc,
2700 4143 2746 4185 et
2773 4135 2883 4185 vide
2907 4150 3085 4186 manus
3109 4150 3264 4189 meas.
3285 4135 3510 4201 PrOpter
3533 4149 3584 4190 te
3609 4135 3757 4192 enim

2171 4215 2222 4259 te
2263 4206 2390 4269 adii,
2440 4216 2656 4273 propter
2700 4213 2752 4256 te
2793 4218 3000 4256 rursum
3035 4206 3135 4257 huc
3163 4205 3389 4270 accessi,
3419 4209 3559 4260 unde
3591 4224 3754 4261 nuut-s

2169 4290 2326 4342 quam
2369 4279 2662 4345 secundum
2709 4273 3035 4345 divinitatem
3054 4273 3357 4345 tabfueram
3393 4292 3405 4327 :
3438 4286 3655 4345 propter
3704 4289 3760 4331 te

2171 4358 2358 4397 manus
2393 4343 2551 4397 hasce
2590 4344 2752 4396 clavis
2791 4343 3129 4411 conligendas
3156 4346 3364 4412 porrexi
3386 4387 3399 4406 .
3431 4354 3485 4400 ut
3518 4343 3608 4400 tibi
3639 4350 3762 4403 sine

2171 4415 2406 4486 periculo
2434 4426 2524 4486 tuo
2545 4415 2766 4486 salutem
2785 4427 3050 4486 parerent.
3077 4414 3288 4468 Accede
3306 4416 3370 4468 ad
3395 4431 3480 4470 me
3502 4431 3755 4486 oorpore,

2170 4484 2378 4555 spiritu,
2432 4483 2566 4545 lide,
2615 4492 2669 4537 et
2711 4483 2854 4536 clare
2895 4484 3040 4555 disce
3070 4500 3188 4551 qua:
3217 4486 3423 4539 discere
3458 4483 3754 4555 cupiebas:

2173 4570 2267 4622 pm
2297 4554 2461 4606 lubito
2490 4563 2579 4607 tuo
2608 4565 2867 4617 scrutare,
2901 4553 3065 4616 disce,
3098 4565 3251 4622 tange
3285 4571 3297 4605 :
3323 4559 3470 4624 quasi
3502 4553 3676 4611 infans
3706 4562 3758 4610 in

2172 4624 2412 4676 manibus
2443 4625 2575 4694 meis
2601 4625 2792 4694 scripta
2827 4624 2940 4690 lege
2970 4624 3279 4677 voinntariae
3320 4626 3585 4694 passionis
3623 4644 3760 4682 mea:

2171 4695 2407 4746 vulnera.
2439 4692 2627 4747 Omnia
2672 4693 2760 4746 tibi
2789 4694 3026 4746 membra
3063 4693 3126 4746 ad
3159 4692 3502 4748 scrutandum
3541 4697 3713 4752 oll‘ero
3743 4717 3757 4751 :

2173 4779 2274 4815 non
2321 4763 2577 4817 erubesco
2621 4765 2860 4831 Corporis
2896 4765 3090 4818 livores
3110 4805 3123 4823 ,
3165 4779 3264 4818 nec
3293 4765 3468 4819 carnis
3495 4771 3718 4822 vulnera
3744 4809 3758 4832 ,

2170 4850 2287 4901 quae
2329 4845 2542 4902 propter
2587 4836 2800 4885 vulnera
2852 4847 3024 4886 vestra
3073 4836 3256 4903 excepi
3289 4853 3302 4888 :
3333 4850 3437 4889 non
3483 4838 3762 4892 abscondo

2170 4905 2348 4971 gloria:
2390 4905 2729 4970 victoriaeque
2779 4919 2910 4956 mea:
2956 4913 3191 4972 tropaea:
3224 4905 3396 4972 palam
3432 4909 3670 4974 prodeo,
3705 4917 3762 4962 et

2170 4977 2311 5026 omni
2357 4987 2614 5027 creatura:
2659 4974 2743 5026 illa
2793 4975 2964 5041 palam
2997 4977 3151 5027 facio.
3188 4974 3329 5028 Vidit
3366 4977 3451 5029 illa
3494 4979 3608 5041 Sol;
3639 4980 3761 5031 idco

2171 5050 2390 5098 secessit
2412 5053 2465 5097 et
2487 5045 2626 5097 diem
2657 5044 2707 5096 in
2741 5053 2950 5097 noctem
2976 5048 3200 5098 mutavit
3227 5064 3240 5100 :
3270 5047 3398 5099 vidit
3429 5056 3604 5112 terra;
3639 5047 3762 5101 ideo

2172 5115 2304 5186 fuga:
2353 5115 2525 5167 locum
2572 5115 2814 5186 quasivit
2855 5113 3016 5168 :harc
3060 5119 3236 5169 sciunt
3278 5129 3483 5184 petraz;
3532 5117 3764 5186 ideoque

2170 5185 2347 5239 scissa:
2377 5193 2520 5246 sunt,
2550 5193 2602 5235 et
2632 5185 2891 5237 scissione
2922 5186 3221 5253 passionem
3263 5202 3432 5239 meam
3466 5185 3719 5240 luxerunt
3747 5208 3758 5242 :

2172 5254 2282 5326 haec
2308 5254 2480 5306 sciunt
2507 5255 2730 5319 mortui;
2763 5269 2883 5307 nam
2921 5264 3197 5323 propterea
3235 5271 3300 5310 ex
3337 5257 3596 5324 sepulcris
3636 5273 3762 5326 pro-

2168 5325 2316 5396 diere
2361 5333 2636 5396 currentes
2676 5342 2689 5378 :
2729 5327 2842 5378 btec
2872 5326 3017 5378 novit
3061 5328 3232 5380 velum
3277 5329 3494 5396 templi;
3528 5325 3762 5396 ideoque

2169 5394 2447 5448 discissum
2494 5393 2798 5447 Judaeorum
2849 5397 3135 5462 perniciem
3184 5398 3329 5449 luxit.
3389 5393 3529 5450 'l’ide
3577 5393 3761 5450 atauus

2170 5480 2324 5529 meas,
2355 5475 2413 5517 ut
2441 5465 2646 5517 voluisti
2685 5481 2696 5515 :
2735 5465 2954 5533 digitum
2987 5475 3134 5518 tuum
3165 5467 3390 5521 immitte
3416 5467 3468 5521 in
3497 5469 3759 5535 profunda

2172 5536 2439 5602 plagarum
2471 5549 2732 5588 mearum.
2771 5536 2858 5588 \‘is
2897 5551 3107 5604 quoque
3138 5538 3272 5591 latus
3299 5553 3475 5592 meum
3514 5539 3763 5591 conside-

2167 5619 2287 5679 rare
2321 5621 2334 5657 :
2367 5620 2491 5679 ecce
2539 5605 2663 5658 illud
2713 5606 2956 5679 expando
2990 5608 3102 5679 tibi.
3158 5608 3293 5660 lnt’er
3345 5622 3560 5679 manum
3615 5618 3760 5661 tuam

2170 5675 2313 5728 illam
2345 5676 2605 5728 curiosam
2628 5714 2642 5739 ,
2678 5686 2730 5728 et
2762 5675 2911 5728 mitte
2942 5677 2991 5727 in
3034 5678 3169 5731 latus
3197 5694 3372 5731 meum
3409 5696 3421 5730 :
3454 5677 3609 5745 tange
3635 5695 3760 5732 cor-

2172 5759 2271 5812 pus
2300 5760 2473 5798 meum
2495 5785 2510 5804 ,
2543 5746 2681 5814 quod
2713 5746 2828 5798 sine
2855 5747 3060 5800 semine
3093 5748 3226 5800 virili
3256 5751 3602 5800 constitutum
3632 5759 3713 5801 est
3748 5765 3760 5800 :

2175 5825 2330 5882 tange
2352 5829 2545 5883 corpus
2572 5830 2746 5869 meum
2774 5829 3091 5886 conceptum
3126 5834 3192 5874 ex
3231 5818 3391 5872 Maria
3426 5817 3642 5889 Virgine
3665 5859 3679 5885 ,
3705 5829 3758 5872 et
