4042 6446
143 376 245 434 685

148 489 351 555 virgine
381 494 634 542 manente
664 506 675 539 :
708 495 863 555 tange
884 501 1076 555 corpus
1097 501 1276 540 meum
1302 526 1314 548 ,
1344 485 1484 554 quod
1513 484 1752 553 ejusdem

146 569 321 614 tecum
349 561 570 630 generis
596 567 678 611 est
699 575 710 609 τ
735 570 891 627 tange
916 572 1110 630 corpus
1139 571 1333 630 meum,
1370 556 1509 623 quod
1545 571 1754 624 passum

146 642 217 679 t‘sl
247 620 554 682 secundum
577 643 752 682 meum
776 620 1104 697 pr'opositum
1128 635 1182 681 et
1204 620 1532 681 voluntatem
1545 620 1569 674 ’τ
1599 639 1754 697 tatge

145 714 345 767 corpus
381 715 583 761 meum,
617 699 758 764 quod
789 706 1055 752 mortuum
1083 705 1165 751 est
1197 711 1291 763 pro
1321 698 1492 761 vobis,
1520 696 1613 751 sed
1647 714 1752 749 non

145 770 466 837 absorptum
509 778 592 823 est
636 784 666 822 a
712 771 901 822 mortis
941 768 1325 836 corruptione:
1356 774 1513 836 tange
1558 782 1756 836 corpus

145 857 351 901 nicum,
380 839 520 908 quod
543 839 878 893 tremendum
902 848 982 894 est
1005 838 1337 906 incorporeis
1368 838 1753 906 potestatibus:

145 921 304 990 tange
333 925 534 990 corpus
567 923 746 990 meum
769 951 782 973 ,
811 909 954 990 quod
984 908 1385 990 formidandum
1428 918 1512 989 est
1539 908 1755 990 'Clreru-

143 978 308 1044 binis,
337 989 398 1034 ut
421 981 784 1034 venerandum
811 979 1151 1048 Serapltinis;
1179 987 1232 1034 et
1257 980 1584 1048 experientia
1607 978 1754 1033 disce

143 1052 268 1118 quid
308 1052 362 1104 in
399 1065 484 1104 nte
522 1051 588 1104 sit
633 1051 932 1120 palpabile,
967 1050 1090 1120 quid
1134 1065 1237 1103 non
1279 1049 1541 1119 palpabile
1566 1092 1579 1112 ,
1630 1049 1752 1117 quid

144 1122 409 1191 passibile
434 1163 447 1182 ,
479 1121 606 1187 quid
643 1121 967 1190 itnpassibile
991 1163 1006 1185 ,
1039 1121 1164 1186 quid
1205 1121 1426 1191 mortale
1449 1161 1463 1184 ,
1503 1120 1627 1189 quid
1659 1121 1726 1172 itn

143 1190 404 1254 mortale,
422 1191 546 1261 quid
563 1199 830 1245 mortuum
846 1206 942 1260 pro
960 1199 1012 1244 te
1033 1192 1120 1252 sit,
1141 1190 1266 1258 qttid
1287 1192 1534 1244 interitus
1559 1206 1622 1244 ex
1633 1205 1752 1261 pere

145 1259 592 1331 tuanseritpqnid
619 1261 716 1315 sub
741 1259 937 1330 digitos
961 1261 1120 1315 cadat
1148 1271 1287 1324 tuos,
1320 1261 1446 1329 quid
1476 1277 1580 1314 non
1599 1259 1756 1314 cadat

142 1333 246 1386 sub
278 1347 502 1386 ttzanllllt
533 1344 676 1385 tuam
707 1350 720 1384 :
755 1331 818 1384 Et
847 1333 953 1385 noli
977 1347 1084 1385 esse
1115 1333 1429 1391 incredulus.
1462 1332 1548 1384 sed
1566 1331 1751 1399 ﬁdelis.

214 1405 268 1457 5.
310 1402 538 1459 Audivi.
586 1401 816 1464 Thonta,
870 1419 975 1456 non
1027 1416 1263 1464 pra-scus
1308 1412 1366 1455 ut
1418 1401 1598 1462 homo.
1658 1401 1752 1454 sed

144 1487 396 1544 pra-setis
428 1484 483 1526 ut
514 1473 658 1527 Detts
679 1513 691 1530 .
727 1488 845 1540 quae
878 1472 1130 1526 fratribus
1162 1475 1264 1526 tuis
1297 1474 1529 1527 dixeris:
1554 1472 1755 1544 deinde

144 1542 302 1598 vobis
337 1544 555 1598 aderam
583 1584 596 1605 ,
637 1558 665 1596 ιι
713 1545 862 1597 vobis
891 1553 1169 1610 separatus
1202 1544 1550 1597 lmmanitate.
1584 1542 1676 1594 γῆς
1705 1544 1753 1594 in

145 1616 474 1668 memoriam
501 1629 750 1668 revocent
782 1614 871 1667 tibi
910 1614 1068 1667 verba
1103 1629 1219 1682 qum
1251 1630 1420 1682 nt-pcr
1452 1613 1757 1682 protulisti?

147 1687 348 1738 Annon
395 1685 608 1749 dixisti,
656 1684 769 1738 Nisi
802 1684 972 1738 videro
1008 1686 1058 1736 in
1108 1685 1340 1736 manibus
1384 1685 1494 1754 ejus
1533 1685 1754 1750 ﬁxuram

144 1757 412 1808 tinearum
435 1797 449 1818 ,
483 1764 528 1808 ct
559 1757 754 1807 mittam
800 1770 1003 1807 manum
1037 1771 1195 1807 meum
1227 1756 1278 1806 in
1309 1754 1442 1808 intus
1471 1753 1584 1824 ejus
1605 1795 1618 1819 ,
1652 1769 1754 1806 non

143 1826 398 1880 credam?
426 1826 618 1879 Annon
662 1825 778 1879 ha'c
826 1826 984 1879 verba
1035 1835 1356 1893 pepererunt
1402 1825 1758 1893 cogitationes

146 1897 297 1950 tum?
328 1911 507 1949 annon
536 1893 651 1949 haec
680 1895 839 1951 verba
875 1905 1157 1948 mattarnnt
1177 1911 1240 1951 ex
1277 1895 1429 1950 labiis
1455 1896 1597 1949 tuis?
1628 1893 1757 1949 Pro-

147 1978 269 2035 pter
301 1966 418 2020 ba-c
440 1981 651 2020 rursum
681 1968 822 2028 veni,
846 1966 965 2032 quia
997 1965 1207 2020 dubitas
1230 1984 1243 2020 :
1267 1967 1506 2021 secundo
1529 1966 1753 2031 accessi,

144 2037 271 2108 quia
326 2037 377 2091 id
421 2035 784 2091 desiderabas.
830 2036 904 2090 Ne
935 2045 984 2091 te
1015 2036 1212 2106 pudeat
1251 2051 1314 2091 ea
1346 2038 1590 2100 discere,
1635 2051 1757 2106 qua:

146 2109 461 2170 desideras;
507 2123 574 2162 ne
613 2109 908 2161 reverearis
941 2121 1004 2161 ea
1026 2149 1038 2167 .
1079 2122 1199 2177 qua:
1242 2108 1394 2177 cupis
1424 2112 1642 2163 curiose
1671 2108 1755 2160 in-

145 2180 400 2246 quirere,
437 2193 504 2232 ne
533 2192 750 2249 recuses
794 2177 1018 2249 digitum
1051 2187 1196 2232 tuum
1247 2177 1444 2232 inferre
1471 2181 1520 2232 in
1565 2190 1758 2232 manus

149 2265 324 2304 meas.
361 2249 589 2318 Digitum
618 2247 886 2302 curiosum
929 2247 1132 2315 feram,
1181 2257 1238 2302 ιιι
1274 2249 1452 2304 clavos
1494 2249 1759 2304 toleravi:

148 2321 386 2373 amantis
412 2318 774 2372 curiositatem
802 2319 1098 2382 sustinebo.
1127 2329 1186 2373 ιιι
1205 2319 1433 2374 sustinui
1463 2321 1756 2376 odientium

148 2406 238 2444 me
287 2391 538 2459 iniuriam
579 2390 887 2460 crucilisus.
933 2389 1046 2443 Non
1093 2389 1396 2460 indignatus
1439 2406 1591 2456 sum,
1635 2405 1757 2446 cum

148 2458 357 2515 inimici
393 2462 443 2514 in
470 2475 553 2531 me
575 2458 1055 2524 debaccharcntur,
1081 2472 1132 2514 et
1149 2458 1392 2516 amanter
1411 2477 1440 2515 a
1466 2469 1516 2515 te
1539 2469 1758 2531 rogatus

150 2548 261 2585 non
303 2531 506 2586 feram?
539 2529 679 2585 lnfcr
720 2531 940 2601 digitum
973 2540 1120 2586 tuum
1165 2532 1301 2595 huc,
1340 2541 1395 2586 et
1421 2532 1541 2586 vide
1567 2529 1760 2586 manus

151 2617 304 2656 meas
332 2602 640 2655 vulneratus
668 2616 768 2670 pro
796 2601 945 2656 vobis
970 2642 982 2665 ,
1029 2613 1084 2656 ut
1125 2603 1423 2656 animarum
1458 2612 1757 2658 vestrarum

151 2673 354 2727 livores
381 2684 670 2727 curentur:
699 2672 819 2727 vide
845 2687 1034 2727 manus
1060 2688 1228 2739 meas,
1253 2682 1306 2728 et
1339 2685 1512 2729 tecum
1546 2686 1756 2742 reputa,

152 2760 282 2818 num
312 2745 399 2798 ille
428 2746 540 2814 ipse
561 2743 682 2812 sim,
709 2744 796 2818 qui
823 2743 1008 2802 volens
1030 2745 1316 2802 crueitixus
1335 2759 1479 2813 sum,
1504 2761 1568 2800 an
1592 2745 1756 2802 alius:

153 2814 276 2873 vide
309 2833 505 2889 manus
539 2814 872 2889 measfquas
901 2819 1117 2889 permisi
1148 2818 1353 2874 Judaici
1388 2819 1586 2872 furoris
1617 2834 1762 2889 sym-

154 2889 274 2942 bola
307 2888 483 2944 ferre:
511 2898 564 2940 ut
585 2889 799 2957 quando
818 2888 986 2944 Iudici
1016 2904 1111 2958 pro
1133 2903 1282 2945 more
1303 2904 1401 2944 suo
1423 2888 1762 2957 impudenter

155 2974 213 3014 se
240 2969 433 3029 gerent
462 2959 514 3014 in
541 2960 628 3013 die
654 2959 831 3027 iudicii
864 2975 925 3014 ac
946 2960 1125 3015 dicent
1157 2959 1286 3014 tnihi
1314 2979 1327 3015 :
1351 2961 1460 3015 Nos
1486 2975 1593 3014 non
1616 2959 1761 3015 cruci

155 3030 428 3085 al'liximus
460 3040 543 3096 te,
578 3029 830 3097 Domine;
865 3031 1094 3087 inimicis
1129 3045 1318 3085 manus
1347 3032 1626 3086 ostendam
1660 3033 1761 3087 hac

159 3102 355 3166 forma,
381 3110 435 3156 et
467 3102 517 3154 in
551 3100 805 3173 pudorem
833 3101 1116 3173 conjiciam
1148 3117 1475 3173 synagogatn
1501 3102 1645 3156 illam
1672 3103 1761 3156 ltei

156 3173 463 3241 inimicam,
511 3181 569 3224 ttt
613 3171 828 3227 videant
873 3172 1041 3226 Jnda-i
1093 3171 1763 3241 In'quem'trans/ixerunt

157 3240 342 3314 (Joan.
379 3242 466 3297 l9.
496 3241 611 3314 37),
645 3251 706 3314 et
731 3253 1006 3312 gementes
1037 3240 1284 3298 adorent.
1331 3243 1399 3298 Ut
1431 3245 1605 3312 tetigit
1633 3259 1762 3314 ergo

154 3313 397 3368 Thomas
447 3313 655 3368 Domini
704 3329 894 3371 manus
942 3324 994 3367 ct
1045 3315 1288 3368 divimnn
1338 3315 1511 3377 latus,
1569 3313 1764 3368 timore

156 3385 320 3438 simul
370 3396 422 3438 et
471 3383 665 3455 gaudio
709 3383 952 3447 all'cctns,
997 3401 1060 3438 ex
1105 3385 1181 3439 rei
1224 3399 1380 3454 quam
1421 3383 1766 3440 desiderabat

155 3454 490 3524 spectaculo,
522 3454 588 3508 ad
614 3455 893 3508 Dominum
916 3455 1296 3516 celebratultnn
1327 3458 1508 3509 Statim
1531 3456 1762 3520 linguam

157 3536 336 3578 tttm'el
370 3527 608 3580 clamans
628 3567 641 3587 ,
680 3524 926 3579 Dominus
954 3541 1092 3579 meus
1113 3567 1126 3589 ,
1160 3537 1206 3579 el
1245 3527 1378 3579 Deus
1407 3543 1566 3578 meus.
1601 3528 1679 3580 'l'n
1705 3541 1765 3581 es

159 3597 420 3650 Dominus
449 3605 501 3650 et
529 3597 687 3661 Deus,
717 3605 773 3650 ut
801 3596 961 3649 homo
989 3605 1043 3652 et
1073 3598 1345 3650 hominum
1373 3611 1561 3650 amans
1586 3614 1598 3650 :
1622 3608 1675 3651 tu
1706 3612 1766 3652 es

156 3681 331 3722 novus
359 3675 412 3722 et
443 3666 737 3736 stupendus
768 3676 971 3720 natura:
1002 3667 1279 3722 medicus:
1308 3669 1358 3720 in
1406 3668 1609 3720 morbis
1657 3682 1764 3722 non

157 3738 303 3792 ferro
333 3738 502 3792 uteris
530 3735 596 3791 ad
623 3738 938 3802 secandum,
968 3753 1074 3791 non
1108 3738 1282 3807 ignem
1313 3737 1626 3793 vulneribus
1662 3739 1763 3792 ad.

158 3824 348 3862 nim-es
370 3850 382 3871 ,
419 3823 520 3862 non
555 3807 736 3862 herbis
769 3810 935 3863 uteris
964 3808 1030 3879 ad
1075 3805 1391 3864 medicinam
1414 3850 1428 3872 ,
1478 3824 1582 3862 non
1631 3809 1764 3879 liga-

158 3880 398 3933 tninibns
444 3881 544 3933 sub
589 3889 862 3948 aspectum
905 3878 1221 3934 cadentibus
1267 3879 1476 3934 inlirma
1521 3878 1764 3934 membra

157 3951 370 4020 alligas.
395 3948 670 4019 Ligamina
695 3950 1076 4004 misericordia:
1100 3951 1262 4005 habes
1285 3950 1590 4010 invisibilia,
1617 3951 1767 4017 queis

156 4037 217 4075 ea
246 4025 369 4090 qttze
401 4021 660 4076 dissoluta
687 4030 809 4074 sunt
839 4022 1161 4090 COIISll'lttng
1185 4040 1198 4075 :
1221 4020 1466 4075 medendi
1502 4022 1764 4075 rationem

161 4091 331 4145 habes
363 4090 502 4145 ferro
529 4091 849 4157 acutiorem,
882 4093 1101 4146 verlmm
1132 4092 1297 4145 habes
1326 4092 1445 4159 igne
1471 4090 1764 4157 efﬁcacius,

159 4171 350 4216 ιιιιιιιιιι
382 4161 547 4216 habes
576 4161 868 4230 pharmace
898 4162 1279 4217 elﬂcaciorem.
1307 4161 1374 4216 Ut
1399 4159 1624 4215 Creator
1650 4163 1767 4218 sine

161 4233 348 4286 labore
378 4232 647 4301 opilicium
672 4240 820 4286 tuum
849 4233 1172 4302 sanetilicas,
1205 4243 1262 4285 ut
1291 4232 1485 4301 ligulas
1513 4231 1631 4286 sine
1662 4235 1766 4287 ulla

160 4304 541 4371 tlel’atigat.one
564 4306 814 4372 ﬁgmenta
840 4314 926 4358 tua
951 4305 1320 4358 transformas.
1342 4303 1589 4356 Dominus
1606 4320 1763 4369 meus,

160 4387 206 4426 et
237 4372 376 4427 Deus
404 4389 563 4429 meus.
600 4373 644 4429 Τ
650 4391 680 4427 ιι
711 4374 912 4442 lepram
948 4389 1043 4443 pro
1083 4375 1357 4428 voluntate
1395 4382 1483 4427 tua
1531 4378 1766 4441 curasti,

163 4457 216 4498 tn
247 4445 471 4499 claudos
501 4456 782 4499 currentes
811 4445 1120 4507 exhibuisti.
1158 4455 1210 4499 tu
1245 4444 1770 4516 paralyticosilectos

163 4525 378 4582 portare
416 4530 544 4571 suos
589 4516 813 4571 effecisti
840 4557 855 4580 ,
901 4524 954 4569 tu
993 4531 1167 4571 crocos
1209 4518 1278 4570 ab
1319 4526 1438 4569 ortu
1484 4515 1770 4584 caliginem

160 4586 441 4656 deponere
465 4587 692 4655 iussisti,
723 4595 776 4640 tu
807 4586 1082 4641 dmmoncs
1110 4588 1177 4641 ab
1206 4585 1431 4656 Opificiis
1465 4588 1769 4656 tuisexpu-

164 4602 229 4641 ne
253 4602 441 4642 ioncre
465 4602 692 4655 jltSStsu,
723 4602 776 4640 tu
807 4602 1082 4641 ammoncs
1110 4602 1177 4641 an
1206 4602 1431 4656 opmcns
1465 4602 1570 4640 tots
1598 4602 1769 4655 cxptt-

164 4602 291 4722 lisii,
323 4667 378 4711 tu
402 4658 470 4712 ab
497 4657 726 4711 inimicis
758 4658 862 4711 tuis
889 4659 1076 4712 volens
1104 4668 1292 4726 enptus
1317 4667 1485 4718 es.-tu
1512 4671 1542 4710 a
1569 4655 1770 4714 Judseis

164 4738 359 4799 sponte
386 4727 565 4782 omnia
585 4739 811 4799 propter
838 4744 924 4783 me
951 4742 1138 4797 passus
1178 4742 1257 4783 es.
1304 4726 1560 4782 Dominus
1589 4745 1729 4783 meus
1751 4769 1768 4795 ,

161 4797 207 4853 et
235 4798 374 4853 Deus
403 4815 561 4852 meus.
582 4797 661 4854 Tu
681 4813 740 4853 es
759 4799 897 4853 Deus
917 4808 970 4854 et
997 4799 1252 4853 Dominus
1281 4812 1454 4862 meus,
1484 4807 1538 4851 tu
1566 4807 1623 4852 et
1644 4808 1770 4854 ante

163 4869 359 4925 satcula
382 4880 436 4924 et
454 4884 643 4924 recens
663 4885 742 4933 es,
769 4878 824 4924 tu
845 4869 1078 4925 caelestis
1097 4878 1152 4923 et
1178 4879 1445 4934 terrenus,
1469 4877 1524 4922 ιιι
1551 4870 1772 4924 visibilis

161 4950 215 4995 et
243 4941 550 5005 invisibilis,
573 4949 626 4994 tu
644 4941 761 4995 sine
783 4943 960 5008 specie
980 4949 1034 4994 et
1056 4954 1176 4994 mea
1203 4941 1384 5008 specie
1408 4938 1682 5007 praeditus,
1714 4950 1768 4995 tu

163 5013 276 5066 sine
301 5011 471 5065 forma
490 5023 545 5066 et
563 5013 614 5064 in
640 5012 738 5066 hac
759 5009 952 5078 forma,
975 5020 1028 5064 tu
1053 5025 1179 5065 vere
1200 5012 1337 5064 Deus
1352 5019 1407 5064 et
1425 5025 1550 5064 vere
1577 5009 1768 5076 homo;

165 5090 219 5135 ιιι
250 5084 303 5136 in
333 5091 488 5136 utero
519 5081 770 5152 Virginis,
800 5092 855 5135 ct
886 5083 936 5135 in
964 5081 1083 5135 sinu
1108 5081 1308 5152 Patris;
1339 5091 1395 5136 tu
1421 5081 1471 5134 in
1495 5082 1628 5134 cado
1648 5096 1753 5139 cur.

166 5152 344 5214 Patre.
370 5164 426 5208 et
450 5153 501 5208 in
528 5151 689 5208 erucc
714 5161 934 5224 propter
953 5167 1080 5224 nos;
1108 5162 1162 5206 tu
1190 5151 1240 5204 in
1267 5153 1416 5224 regio
1436 5153 1630 5206 throno
1649 5161 1773 5207 ante

167 5225 382 5289 sa-cula,
418 5233 472 5277 tn
504 5225 648 5293 ligno
677 5233 732 5278 et
761 5222 934 5277 clavis'
956 5222 1149 5277 afﬁxus
1179 5222 1474 5278 secundum
1514 5238 1768 5288 carnem;

168 5305 217 5345 ιιι
246 5294 543 5349 secundum
573 5296 819 5364 Spiritum
854 5294 1221 5363 impassibilis,
1249 5303 1302 5348 et
1325 5293 1620 5348 secundum
1649 5309 1772 5348 car-

169 5382 288 5419 nem
346 5365 651 5435 passihilis;
707 5376 761 5418 tu
816 5365 1135 5419 immortalis
1186 5374 1243 5417 nt
1299 5365 1773 5419 consubstantialis

169 5437 332 5495 l’atri.
367 5446 421 5490 et
445 5436 688 5491 mortalis
719 5446 775 5490 ut
803 5435 1277 5490 consubstantialis
1299 5435 1482 5496 nobis;
1517 5444 1570 5489 tu
1605 5437 1654 5488 in
1683 5450 1770 5490 se-

169 5509 356 5574 pulcro
392 5515 448 5561 et
485 5507 642 5562 simul
693 5521 850 5574 supra
891 5507 1260 5568 Cherubinos;
1307 5515 1361 5560 tu
1406 5506 1458 5559 in
1505 5518 1676 5560 morte
1717 5516 1775 5561 ut

167 5579 286 5632 fons
313 5579 436 5631 Vitze
461 5618 475 5640 ,
516 5588 569 5631 et
610 5578 768 5632 simul
793 5593 913 5631 eum
947 5577 1173 5631 mortuis
1203 5587 1539 5630 mortuorutn
1572 5576 1770 5631 libera-

168 5660 282 5714 tor;
311 5660 365 5702 ιιι
396 5657 638 5702 mortuus
662 5648 960 5710 triduanus,
986 5658 1038 5701 et
1058 5647 1300 5702 Genitori
1325 5656 1416 5701 tuo
1437 5656 1769 5702 coazternus:

170 5730 222 5798 ιιι
252 5720 500 5788 corporis
521 5720 593 5772 tui
619 5720 876 5799 templum
907 5719 1270 5799 resuscitasti;
1303 5730 1358 5771 tu
1383 5734 1480 5799 per
1499 5719 1772 5799 propriam

171 5795 422 5845 virtutem
473 5791 812 5843 resurrexisi
857 5801 1037 5857 utpote
1070 5790 1238 5853 Dens;
1292 5800 1345 5843 tu
1396 5789 1674 5843 nobiscum
1722 5791 1772 5843 in

175 5877 351 5927 ante,
385 5860 472 5931 qui
504 5871 628 5914 ante
654 5863 829 5914 υιιιιιειι
865 5861 1057 5913 sa‘enlzt
1083 5876 1203 5915 Cttztt
1236 5862 1392 5916 Patre
1423 5859 1566 5914 fuisti
1595 5877 1606 5914 :
1635 5871 1687 5916 tu
1723 5862 1773 5914 in

491 5978 758 6038 PATnttL.
808 5978 896 6039 ‘3'-
978 5977 1132 6039 ΗΧ.

1196 370 1259 425 ΙΝ
1299 368 1621 426 SANCTUM
1667 366 2070 424 APOSTOHJM
2113 369 2423 424 'l‘ll0.\l.\.\l.

3366 326 3470 418 eis
3490 381 3498 388 -

1869 483 2015 539 cadis
2037 498 2273 548 sursum,
2298 495 2352 537 et
2381 485 2432 538 in
2462 494 2601 538 terra
2624 483 2899 548 deorsum,
2929 483 3041 549 ipse
3072 495 3286 536 onmem
3314 494 3467 535 crea-

1869 566 2042 610 turam
2093 555 2434 623 conspiciens
2488 555 2674 609 Deus:
2708 563 2759 607 ιιι
2811 553 3009 624 ubique
3052 567 3146 617 es,
3192 562 3246 607 tu
3288 552 3469 607 omnia

1870 626 2099 694 imples:
2127 633 2179 679 tu
2208 640 2234 676 a
2267 639 2353 678 me
2379 625 2595 688 teneris,
2637 625 2725 692 qui
2752 627 2930 694 omnia
2962 625 3159 694 pugillo
3185 634 3356 680 tenes.
3391 624 3468 680 'l'e

1867 695 2143 764 corporeis
2171 696 2342 748 oculis
2379 695 2538 750 video
2567 712 2579 748 :
2605 704 2658 748 te
2699 693 2823 749 lidei
2873 693 3054 750 oculis
3071 697 3385 764 conspicio:
3414 698 3466 752 in

1867 777 1919 820 te
1948 781 2214 836 cognosco
2247 765 2320 830 id,
2349 765 2490 834 quod
2520 765 2623 820 mei
2655 765 2832 820 simile
2860 775 2982 822 est:
3012 765 3066 820 in
3097 776 3145 819 te
3175 765 3297 819 novi
3327 766 3466 820 inel-

1868 835 2079 891 l'abilctn
2129 836 2299 890 Patris
2351 835 2683 892 divinitatem
2717 853 2732 890 :
2767 852 2928 889 utmm
2979 846 3032 891 te
3085 837 3363 889 Dominum
3416 847 3466 894 et

1869 907 2036 962 Deum
2067 906 2329 960 confiteor
2352 925 2364 960 :
2392 917 2443 962 te
2467 905 2610 960 aliud
2635 917 2687 960 et
2710 907 2852 960 aliud
2878 921 2997 960 (‘Sse
3017 906 3204 970 didici,
3232 920 3338 959 non
3367 921 3467 963 au-

1866 987 1972 1033 tem
2001 978 2162 1031 alium
2193 985 2246 1031 et
2271 977 2452 1031 alium.
2481 976 2598 1032 Non
2625 977 2807 1031 divido
2834 985 2884 1031 te
2917 976 3326 1037 indivisibilem.
3362 994 3467 1032 non

1865 1064 2058 1114 separo
2087 1056 2137 1102 te
2169 1049 2576 1115 inseparabilem
2604 1088 2618 1110 ,
2665 1064 2772 1102 non
2805 1062 2932 1115 seco
2961 1057 3012 1102 te
3040 1048 3128 1116 qui
3156 1049 3327 1103 secari
3362 1065 3467 1102 non

1869 1128 2040 1187 potos.
2070 1117 2222 1184 Quod
2254 1117 2408 1172 video
2431 1160 2446 1181 ,
2491 1117 2632 1188 quod
2663 1126 2823 1172 teneo
2845 1160 2859 1182 ,
2901 1118 3044 1187 quod
3076 1117 3339 1188 intelligo,
3375 1134 3469 1186 per

1864 1205 2021 1242 unam
2052 1204 2237 1244 vocem
2266 1188 2512 1256 exprimo
2537 1208 2550 1244 :
2577 1188 2825 1243 Dominus
2858 1205 3030 1257 meus,
3067 1198 3112 1243 et
3143 1188 3279 1244 Deus
3301 1204 3465 1244 meus.

1867 1258 1944 1312 Tn
1975 1261 2117 1313 enim
2150 1274 2215 1314 ex
2249 1258 2576 1329 indulgentia
2627 1268 2713 1313 tua
2745 1259 2980 1313 animant
3009 1258 3242 1314 eduxisti
3287 1274 3466 1314 meam

1864 1346 1926 1382 ex
1959 1329 2223 1395 profundo
2251 1329 2665 1394 incredulitatis,
2695 1338 2750 1383 ιιι
2775 1330 3018 1398 captivos
3050 1330 3300 1386 homines
3331 1329 3465 1384 libr-

1865 1401 2014 1462 rasti,
2049 1411 2101 1453 ιιι
2134 1408 2412 1469 peccatmn
2439 1401 2492 1454 in
2519 1415 2683 1455 carne
2704 1408 2793 1454 tua
2819 1400 3150 1469 impeccabili
3176 1401 3463 1464 damnasti,

1867 1480 1918 1522 tn
1947 1471 2216 1524 ili-bolum
2246 1485 2366 1525 cum
2395 1471 2606 1524 voluisti
2634 1471 2980 1532 conculcasti,
3011 1470 3173 1536 ignita
3199 1470 3314 1540 eius
3339 1487 3465 1525 con-

1865 1541 2062 1610 fregisti
2089 1542 2190 1596 tela
2224 1543 2433 1606 utnnia;
2465 1552 2518 1595 tu
2553 1552 2782 1595 mortem
2811 1542 2862 1594 in
2893 1551 3066 1595 ntorte
3090 1552 3176 1596 tua
3199 1541 3463 1605 occidisti,

1864 1619 1917 1664 tn
1948 1628 2041 1679 per
2071 1613 2527 1678 incorruptionem
2554 1625 2695 1664 tuam
2727 1613 3126 1680 corruptionem
3153 1612 3465 1676 eliminasti,

1867 1691 1920 1735 tu
1973 1698 2069 1748 per
2115 1684 2572 1738 resurrectionem
2617 1692 2760 1736 tuam
2815 1684 3267 1744 resurrectionem
3313 1684 3468 1737 nobis

1865 1755 2168 1816 reum-asti,
2221 1763 2274 1806 tn
2327 1754 2632 1807 triduanum
2686 1765 2833 1806 tmnn
2875 1754 3181 1818 sepulcrum
3227 1769 3466 1812 TBaUI'I'C-

1864 1824 2059 1876 ctionis
2102 1839 2130 1876 a
2177 1825 2401 1878 mortuis
2446 1839 2762 1892 sponsorem
2799 1825 2848 1877 itt
2897 1832 3040 1878 ιρι-ιιι
3084 1825 3366 1893 reliquisti,
3410 1835 3466 1878 ιιι

1867 1895 2112 1947 homines
2138 1894 2384 1949 ca-lcstes
2411 1895 2668 1960 δῦθι-ἰεῦ,
2705 1905 2756 1948 ιιι
2790 1905 2985 1949 terram
3017 1896 3151 1949 ca-lo
3175 1896 3461 1961 jucundio-

1866 1980 1978 2018 rem
2007 1964 2304 2029 reddidisti,
2336 1977 2390 2020 tu
2424 1966 2639 2021 tandem
2667 1966 2848 2020 onmia
2897 1965 3121 2019 meliora
3163 1964 3363 2032 fecisn,
3413 1977 3465 2021 tu

1869 2035 2007 2088 Deus
2039 2051 2161 2090 cum
2186 2050 2357 2097 ess-cs,
2388 2036 2549 2090 homo
2578 2037 2750 2090 faetus
2777 2051 2858 2100 es,
2888 2047 2943 2089 ut
2968 2038 3237 2090 hominem
3261 2036 3467 2092 laceres

1867 2107 2066 2163 Deum.
2103 2105 2351 2160 Dominus
2390 2117 2610 2169 meus,et
2643 2105 2784 2160 Deus
2812 2123 2968 2159 mens.
3005 2107 3145 2160 Dicit
3175 2107 3252 2162 illi
3285 2108 3465 2162 Domi.

1866 2190 1988 2241 nus,
2023 2176 2157 2243 Quia
2201 2177 2370 2230 vidisti
2414 2193 2512 2237 me.
2548 2177 2808 2232 credidisti
2837 2175 3014 2244 (Joan.
3054 2177 3146 2232 20.
3182 2178 3293 2245 l5).
3326 2179 3468 2235 Cave

1866 2261 1934 2301 ne
1977 2262 2064 2302 me
2104 2262 2317 2302 rursum
2370 2249 2420 2301 in
2470 2263 2637 2304 carne
2679 2262 2745 2302 eo
2771 2248 3133 2312 ascendente,
3170 2250 3312 2304 unde
3351 2250 3470 2305 sine

1863 2332 2029 2373 carne
2072 2316 2460 2373 descenderant
2486 2359 2501 2382 ,
2545 2318 2934 2374 incredulitatis
2971 2321 3151 2375 verbis
3190 2321 3388 2386 utaris,
3415 2329 3471 2375 et

1866 2388 2014 2461 dicas
2048 2406 2061 2442 :
2093 2388 2205 2444 Nisi
2249 2404 2464 2444 rursum
2495 2390 2692 2461 videro;
2724 2390 2775 2443 in
2817 2391 3066 2445 manibus
3094 2391 3212 2461 ejus
3243 2393 3468 2446 llxuram

1864 2459 2184 2521 clavorum,
2235 2476 2339 2512 non
2389 2460 2628 2516 credam.
2671 2458 2852 2515 Semel
2901 2458 3138 2516 credere
3170 2465 3469 2530 recusasti,

1864 2530 2035 2585 semel
2060 2530 2300 2602 tetigisti,
2327 2530 2493 2585 semel
2518 2531 2789 2585 credidisti
2809 2551 2822 2596 -,
2849 2533 3076 2601 pratdiea
3095 2531 3310 2588 demttm
3328 2535 3469 2602 quod

1865 2602 2166 2672 accepisti,
2198 2601 2346 2672 Beati
2379 2603 2521 2656 enim
2565 2603 2654 2672 qui
2699 2619 2788 2657 me
2830 2602 3111 2668 viderunt,
3143 2613 3196 2659 et
3224 2601 3471 2658 credide-

1866 2680 2022 2733 runt;
2054 2679 2135 2726 ter
2155 2671 2297 2725 beati
2322 2673 2409 2740 qtti
2439 2689 2547 2726 non
2581 2671 2667 2728 me
2698 2674 2983 2739 viderunt,
3016 2684 3066 2729 et
3098 2674 3464 2730 crediderunt.

1869 2741 1996 2801 llatc
2021 2743 2316 2812 beatitudo,
2351 2744 2564 2808 fratres.
2596 2745 2649 2803 in
2682 2761 2783 2803 nos
2811 2745 3038 2808 transit.
3067 2747 3157 2818 qui
3191 2760 3296 2803 non
3329 2745 3468 2802 vidi-

1867 2833 1988 2871 mus
2034 2833 2194 2884 cum,
2239 2827 2292 2872 et
2337 2820 2664 2873 credidimus
2711 2819 2761 2872 in
2813 2820 3006 2889 ipsmn.
3042 2819 3191 2875 Beati
3238 2836 3472 2889 namque

1867 2897 2015 2952 sunt,
2054 2889 2145 2958 qtti
2191 2889 2296 2945 [ide
2337 2889 2518 2945 vident
2550 2891 2871 2945 invisibilcin
2899 2908 2912 2945 :
2939 2890 3078 2945 beati
3123 2906 3238 2958 vos,
3283 2892 3375 2956 qui
3421 2894 3472 2944 ia

1867 2958 2521 3032 celebritatibussingulis
2547 2960 2738 3016 videtis
2765 2977 2908 3032 eum,
2935 2963 3023 3032 qui
3045 2962 3218 3018 oculis
3243 2961 3472 3028 ell'ertis,

1867 3043 1965 3085 ore
2003 3031 2422 3098 complcetimini
2445 3075 2458 3095 ,
2491 3030 2743 3087 dentibus
2781 3030 2972 3098 editis,
3006 3047 3104 3088 nec
3134 3033 3468 3088 consumitis.

1867 3101 2201 3174 0_stupenda
2225 3103 2508 3174 mysteria!
2534 3117 2567 3174 o
2591 3103 2866 3159 tremenda
2890 3105 3176 3174 mysteria!
3199 3101 3476 3172 Qui-sedet

1869 3169 1934 3225 ad
1975 3169 2260 3225 dexteram
2282 3169 2512 3242 'l’atris,‘
2537 3173 2588 3227 in
2630 3169 2970 3241 peccatorum
3002 3169 3242 3230 dextera'
3266 3174 3481 3229 invenib

1873 3251 2068 3306 ttn';'et
2099 3244 2188 3312 qui
2220 3243 2519 3314 ali-angelis
2549 3243 2877 3308 celebratur,
2911 3261 2938 3298 ιι
2969 3242 3203 3314 sordidis
3229 3243 3478 3299 manibus

1872 3311 2129 3386 tenetur,
2163 3321 2216 3386 e_t
2255 3311 2307 3386 id
2339 3311 2556 3378 tolerat;
2606 3315 2805 3383 patitur
2835 3325 2890 3368 ut
2922 3313 3122 3386 indigni
3144 3315 3287 3371 servi
3313 3330 3374 3371 se
3402 3315 3478 3370 le-

1871 3392 2009 3456 rant.
2039 3382 2152 3437 Non
2185 3383 2317 3456 fugit
2343 3397 2415 3439 no
2448 3391 2586 3456 trum
2608 3382 2950 3453 peccatorum
2978 3382 3190 3456 manus,
3216 3401 3320 3440 non
3346 3387 3479 3456 fugit

1871 3453 2155 3526 danniatos
2198 3454 2395 3523 digitos
2416 3496 2437 3526 ,7
2479 3455 2691 3526 liglinos
2722 3471 2827 3510 non
2858 3459 3086 3512 conterit
3117 3455 3305 3526 Opilcx
3332 3453 3477 3523 “sed

1871 3524 1988 3597 ipse
2032 3524 2374 3597 hortatur‘et
2405 3525 2580 3597 dicit:
2604 3525 2862 3597 Accipite,
2907 3524 3201 3582 conteditei:
3227 3528 3477 3596 accipite,

1871 3591 2021 3649 bibite
2042 3593 2255 3663 (Matth.
2279 3591 2370 3649 26.
2394 3595 2514 3665 26).
2535 3591 2739 3653 Inferte
2753 3591 2941 3653 manus
2962 3609 3192 3665 vestras,
3214 3609 3264 3653 et
3285 3591 3479 3654 mittito

1875 3665 1925 3718 in
1979 3665 2118 3720 latus
2158 3679 2374 3732 meum,
2423 3678 2477 3720 ct
2526 3669 2782 3722 membris
2830 3683 3019 3724 omnes
3051 3670 3187 3724 meis
3217 3667 3475 3725 l‘ruimini.

1871 3735 2261 3807 Quodcumque
2287 3736 2590 3792 membrum
2621 3738 2962 3807 acceperitis,
2992 3739 3046 3795 in
3069 3755 3135 3795 eo
3161 3755 3278 3795 sunt
3311 3749 3476 3807 totus,

1873 3807 1960 3882 qui
1985 3823 2013 3861 a
2038 3806 2243 3860 Thoma
2276 3816 2450 3863 tactus
2469 3807 2569 3882 fui.
2596 3806 2929 3882 decedamus
2958 3810 3118 3880 igitur
3139 3826 3326 3882 omnes
3346 3806 3481 3882 pure

1871 3876 1940 3931 ad
1970 3893 2160 3946 purum
2189 3894 2201 3930 :
2228 3887 2280 3932 et
2314 3894 2435 3932 cum
2466 3879 2751 3934 Dominunt
2796 3876 3041 3936 nostrain
3071 3876 3474 3947 acerperin'tus,

1875 3965 1941 4002 ne
1972 3947 2155 4002 subito
2194 3951 2547 4015 contemptim
2590 3949 2737 4004 illunt
2783 3952 3080 4019 adeamus,
3124 3947 3219 4007 sed
3251 3953 3479 4008 seorsint

1874 4019 2212 4092 recedentes,
2245 4021 2344 4074 soli
2368 4020 2985 4092 solumltcdcmptorem
3008 4023 3085 4078 sic
3106 4022 3479 4092 alloquamur:

1876 4076 2124 4156 Homine,
2154 4076 2259 4143 non
2291 4106 2480 4145 sumus
2509 4091 2678 4161 digni,
2715 4076 2983 4150 ut'intr-es
3002 4076 3478 4150 subtectitmnani-

1876 4176 2084 4235 marum
2137 4169 2442 4235 nostrarum
2492 4161 2707 4235 (Hattlt.
2745 4165 2799 4235 8.
2832 4164 2911 4229 8).
2942 4164 3050 4221 Sed
3086 4165 3210 4235 quia
3242 4174 3295 4219 tu
3341 4167 3420 4220 vis
3449 4181 3481 4220 a

1877 4233 2033 4286 nobis
2052 4231 2236 4306 teneri
2263 4274 2279 4299 ,
2321 4244 2374 4289 et
2424 4243 2607 4306 utpote
2639 4233 2905 4306 benignus
2933 4237 2985 4291 in
3014 4231 3171 4291 nobis
3201 4235 3442 4291 habitare
3464 4276 3480 4301 ,

1876 4318 1997 4377 eum
2021 4301 2236 4377 ‘liducia
2282 4301 2592 4377 accedimus
2631 4301 2875 4362 dicentes
2902 4325 2914 4361 :
2940 4307 2995 4362 Si
3041 4306 3168 4377 quid
3203 4307 3433 4376 jusseris
3457 4347 3475 4370 ,

1880 4372 2126 4446 Domine,
2149 4374 2257 4446 oris
2281 4375 2449 4429 nostri
2468 4375 2662 4441 jannas
2681 4379 3008 4445 aperiemus,
3031 4372 3166 4446 quas
3188 4372 3243 4432 tu
3264 4379 3481 4432 creasti.

1877 4442 2049 4516 lntras
2077 4445 2219 4497 enim
2243 4459 2365 4498 cum
2386 4442 2736 4516 benignitate,
2758 4450 2831 4503 uti
2854 4448 3031 4513 soles;
3051 4442 3226 4504 intras
3246 4457 3300 4502 ct
3321 4447 3485 4504 solvis

1876 4515 2216 4584 iniquitatmn
2268 4516 2476 4570 vincula
2499 4515 2533 4581 ;“
2563 4519 2732 4571 intras
2767 4526 2821 4573 et
2866 4519 3138 4574 illuminas
3169 4519 3481 4574 tenebrosus

1876 4586 2232 4656 ergitatioues
2259 4597 2492 4656 nostras.
2524 4587 2832 4656 Ciedimus,
2866 4589 3113 4656 Domine,
3145 4599 3196 4645 te
3228 4591 3278 4644 id
3307 4588 3478 4644 factu-

1879 4655 1996 4711 rum
2029 4670 2181 4733 _esse.
2235 4655 2420 4725 Neque
2465 4659 2608 4712 enim
2665 4655 3009 4733 meretricem
3060 4655 3183 4715 cum
3231 4661 3486 4733 lacrymis

1876 4727 2223 4800 accedentem
2245 4739 2525 4800 aversatus
2545 4743 2626 4796 es,
2646 4743 2747 4785 nec
2770 4731 3110 4800 publicanum
3134 4727 3485 4800 pmttitet'ttetn

1879 4798 2119 4874 repulisti
2146 4837 2160 4861 ,
2197 4814 2297 4853 nec
2329 4799 2595 4870 latretietn
2637 4798 2861 4869 regnum
2909 4813 3057 4857 tuum
3104 4798 3488 4874 agnoscentem

1878 4868 2151 4944 abjeci:ti_._
2173 4884 2273 4944 nec
2307 4868 2758 4944 persequutorum
2791 4868 3227 4942 pamitentenfin
3256 4874 3484 4944 pristino

1879 4949 2019 4994 Statu
2057 4939 2354 5015 reliquisti;
2403 4939 2495 5015 sed
2532 4942 2631 4996 bos
2659 4939 2856 4999 omnes
2900 4959 2998 5015 per
3029 4939 3403 5014 paenitentiam
3434 4953 3489 4998 te

1877 5010 2286 5078 Convenientes,
2313 5011 2362 5063 itt
2388 5012 2684 5066 amicorum
2710 5010 2922 5069 tuorum
2947 5010 3117 5070 choro
3136 5015 3486 5071 constituisti.

1879 5082 2012 5136 Cum
2044 5081 2135 5134 tali
2164 5081 2475 5151 precatione
2501 5093 2556 5136 et
2581 5086 2917 5151 puroanimo
2946 5085 3183 5141 ca-lestia
3210 5097 3488 5140 sumamus

1882 5152 2170 5226 ttty'steria,
2217 5161 2276 5207 et
2324 5168 2422 5206 nos
2455 5163 2752 5226 temperata
2785 5157 2894 5209 vita
2929 5158 3491 5226 Inuniamus,neque

1880 5223 2110 5296 prodeat
2153 5237 2336 5296 sermo
2373 5225 2544 5293 turpis
2588 5242 2682 5293 per
2711 5226 2850 5278 viam
2899 5243 3003 5296 qua
3051 5228 3214 5282 intrat
3241 5223 3458 5281 Cbristu

1885 5294 2142 5347 Dominus
2171 5301 2226 5347 et
2259 5294 2402 5348 Deus
2432 5305 2635 5350 uoster.
2666 5297 2780 5351 lloe
2807 5294 2933 5350 vitai
2966 5298 3274 5351 institutum
3313 5308 3369 5352 et
3395 5311 3491 5350 vos

1883 5365 2098 5429 ineatis,
2121 5365 2211 5432 qui
2238 5380 2426 5419 recens
2450 5365 2736 5421 illuminati
2760 5369 2920 5422 estis:
2941 5368 3268 5424 reveremini
3292 5368 3461 5422 dolori

1881 5443 2132 5508 expertes
2159 5435 2379 5504 piscina!
2425 5447 2610 5505 partus
2636 5481 2649 5502 ,
2684 5454 2859 5508 neque
2889 5439 3102 5508 violetis
3132 5441 3344 5493 divinos
3375 5439 3492 5505 ejus

1883 5505 2060 5571 lctus,
2104 5521 2171 5560 ne
2213 5518 2401 5578 contra
2452 5524 2544 5559 vos
2593 5511 2708 5564 lucc
2750 5505 3026 5578 proferat:
3058 5507 3224 5578 Filios
3263 5509 3414 5578 genui
3445 5518 3492 5560 et

1882 5567 2136 5640 exaltari;
2157 5577 2258 5642 ipsi
2278 5588 2447 5631 autem
2471 5567 2765 5645 sprtveruni
2788 5578 3043 5649 me(lsai.
3073 5582 3125 5635 1.
3154 5576 3210 5647 2)
3263 5567 3491 5634 Nonnus

1883 5659 2062 5702 vestra
2099 5649 2299 5716 scripta
2345 5660 2466 5702 sunt
2503 5651 2551 5702 in
2585 5652 2763 5717 ca-Iis;
2807 5666 2873 5705 ne
2907 5651 3103 5706 iterum
3136 5665 3231 5704 vos
3259 5651 3310 5704 itt
3343 5649 3488 5702 voln-

1887 5730 2091 5788 plnlnttt
2123 5735 2282 5776 emno
2317 5722 2604 5788 volutctis,
2638 5739 2705 5776 ne
2736 5723 3015 5790 apostolus
3050 5722 3260 5776 Domini
3293 5717 3491 5774 Paulus

1889 5792 2040 5845 vobis
2084 5792 2377 5860 exprobret
2413 5793 2652 5846 clamans
2679 5809 2690 5846 :
2717 5792 3010 5848 Currebatis
3051 5793 3212 5859 lteris;
3253 5790 3364 5860 quis
3406 5803 3492 5844 vos

1888 5863 2143 5932 ilitpf’tlil‘ii
2162 5859 2270 5916 non
2299 5861 2499 5917 obedire
2523 5864 2716 5916 rcritnti
2743 5863 2888 5934 (Gul.
2912 5866 2964 5920 5.
2988 5864 3078 5934 7)?
3105 5859 3339 5919 Exuistis
3360 5872 3491 5918 ean-

3029 5963 3108 6027 t3
