4042 6472
600 400 698 454 707

596 526 701 562 non
725 503 920 573 incepit
952 543 967 563 .
1014 518 1182 572 neque
1208 504 1465 566 accessit,
1518 517 1689 572 neque
1731 502 2033 555 imminutus
2075 515 2157 557 υμι

596 582 803 637 honor,
849 574 984 626 absit
1025 592 1041 645 ς
1086 574 1177 628 sed
1221 574 1475 628 naturalis
1517 584 1596 626 est
1642 583 1696 626 et
1714 587 1847 645 fere
1891 573 2152 645 proprius.

597 647 764 700 linum
797 641 1267 713 namtpte‘regntun
1303 656 1384 698 est
1411 645 1580 697 Patris
1618 653 1671 695 et
1714 641 1824 694 Filii
1853 655 1903 695 et
1929 643 2156 707 Spiritus

592 717 756 780 sancti
780 756 795 780 ,
817 717 953 768 sicut
974 730 1074 766 una
1103 716 1393 768 substantia
1426 724 1478 767 et
1501 728 1598 766 una
1621 713 1931 765 dominatio.
1956 716 2154 774 Quam-

591 778 789 839 obrem
827 799 927 837 una
986 783 1296 838 adorationc
1338 786 1570 838 colanms
1615 799 1768 835 unam
1819 783 2159 853 trinmhypo.

591 857 808 910 Stasinm
833 855 1196 918 divinitatem,
1239 856 1352 909 sine
1379 854 1635 923 principio
1658 894 1671 916 ,
1717 854 2004 907 inereatam
2035 894 2050 918 ,
2081 855 2158 906 in-

592 927 948 988 terminatam,
967 926 1082 978 sine
1103 927 1458 978 successione.
1485 923 1663 990 Neque
1693 925 1832 976 enim
1863 923 2018 976 Pater
2046 941 2156 976 mn-

590 1013 749 1065 quam
780 997 1150 1050 cessabiteSse
1177 996 1333 1065 Pater
1359 1037 1372 1058 ,
1425 1010 1596 1062 neque
1643 993 1804 1046 Filius
1849 1009 1965 1048 esse
1996 994 2158 1047 Filius

590 1062 645 1120 et
686 1065 834 1131 ltex,
877 1080 1047 1133 neque
1089 1062 1316 1132 Spiritus
1359 1076 1573 1118 sanctus
1616 1065 1846 1118 eossaliit
1889 1079 2006 1118 esse
2059 1065 2153 1127 id,

588 1137 729 1204 qttod
756 1146 838 1190 est
877 1137 1165 1203 hypOstasi.
1207 1135 1343 1188 Nihil
1383 1134 1524 1187 enim
1567 1138 1616 1187 in
1663 1134 1918 1188 'l'rinitate
1956 1135 2158 1190 minue-

591 1216 719 1270 tur;
769 1221 872 1260 non
909 1205 1025 1258 linis
1054 1206 1155 1258 erit
1197 1205 1507 1257 :ctrrnitatis
1531 1246 1543 1266 ,
1597 1214 1686 1256 aut
1730 1205 2114 1260 communionis
2138 1247 2154 1271 ,

588 1286 677 1329 aut
707 1276 872 1345 regni.
915 1273 1093 1340 Neque
1117 1276 1257 1329 enim
1291 1274 1450 1327 Filius
1484 1275 1571 1327 Dei
1602 1314 1618 1338 ,
1650 1273 1768 1342 quia
1811 1285 2023 1341 pr0pter
2059 1291 2155 1328 nos

590 1347 756 1400 factus
799 1354 882 1398 est
909 1345 1068 1398 homo
1100 1389 1114 1412 ,
1138 1357 1190 1400 et
1219 1345 1575 1398 adversarium
1605 1357 1838 1414 nostrum
1878 1354 2154 1414 tyrannum

589 1416 783 1470 devicit
808 1455 824 1479 ,
870 1424 1027 1482 atque
1074 1417 1128 1469 in
1167 1431 1326 1469 carne
1367 1424 1564 1468 tantam
1603 1413 1668 1468 de
1695 1413 1910 1467 inimico
1931 1413 2043 1480 ejus
2074 1431 2148 1468 re«

590 1486 816 1554 portavit
840 1485 1152 1550 victoriam;
1196 1486 1314 1539 ideo
1345 1485 1454 1538 ltex
1493 1493 1707 1538 vocatus
1735 1494 1846 1548 est;
1894 1485 1985 1538 sed
2034 1487 2153 1553 quia

592 1556 728 1609 lleus
747 1565 828 1610 est
848 1571 1060 1625 semper
1083 1568 1136 1610 et
1171 1555 1423 1610 Dominus
1441 1595 1456 1618 ,
1500 1555 1618 1609 ideo
1643 1563 1696 1608 et
1727 1554 1847 1625 llex,
1866 1565 1948 1608 est
1972 1595 1984 1616 ,
2020 1563 2077 1608 nt
2103 1565 2157 1609 et

587 1626 806 1680 Genitor
834 1626 947 1695 ejus
969 1624 989 1678 7:
1017 1642 1154 1680 nunc
1182 1640 1307 1678 vero
1340 1625 1444 1678 ltex
1476 1634 1558 1677 est
1585 1665 1599 1685 ,
1655 1640 1772 1677 cum
1803 1624 1851 1676 id
1886 1625 2028 1692 prius
2057 1627 2152 1678 hac

589 1697 831 1765 buisset,
884 1706 936 1750 et
973 1697 1023 1748 in
1066 1706 1400 1765 perpetuum.
1458 1695 1533 1748 Ne
1584 1695 1918 1765 blasphemes
1969 1706 2151 1749 contra

585 1764 780 1820 Chrisu
809 1781 1024 1833 regnum
1050 1763 1124 1828 ,‘o
1157 1763 1401 1819 hairetice
1429 1807 1444 1828 ,
1493 1775 1546 1818 ut
1575 1780 1639 1818 ne
1667 1763 1972 1818 Genitorem
1995 1767 2150 1818 etiam

589 1836 894 1890 inhonores.
937 1837 990 1890 Si
1019 1836 1186 1890 fidelis
1206 1851 1264 1889 es
1283 1877 1298 1902 ,
1325 1836 1549 1890 lideliter
1575 1834 1766 1888 accede
1789 1833 1853 1886 ad
1883 1833 2150 1888 Christum

585 1922 767 1960 verum
794 1907 955 1960 Deum
986 1918 1222 1960 nostrum
1245 1947 1259 1972 ,
1284 1915 1336 1958 et
1364 1921 1468 1959 non
1499 1905 1647 1974 quasi
1679 1903 2029 1958 velamentum
2062 1923 2155 1959 ne-

583 1978 764 2045 quitiae
797 1976 994 2031 habens
1023 1976 1340 2030 libertatem.
1382 1975 1436 2030 Si
1466 1989 1653 2028 servus
1680 1989 1770 2036 es,
1809 1989 1927 2026 cmn
1953 1986 2152 2030 tremo-

587 2062 643 2101 re
685 2046 905 2099 Dotnino
932 2046 1173 2101 subditus
1197 2055 1314 2099 esto
1347 2065 1359 2099 :
1393 2061 1510 2098 nam
1537 2046 1858 2113 disceptator
1887 2061 1988 2097 non
2021 2047 2154 2100 bene

584 2117 846 2179 affectus,
910 2117 1004 2170 sed
1060 2117 1227 2183 palam
1300 2117 1541 2169 inimicus
1590 2126 1687 2166 est.
1756 2115 2020 2182 Scriptum
2073 2125 2154 2170 est

586 2190 726 2241 enim
753 2204 766 2239 :
796 2187 893 2252 Qui
918 2204 1016 2240 non
1040 2189 1252 2239 honorat
1280 2185 1471 2238 Filium
1496 2227 1511 2249 ,
1551 2201 1648 2238 non
1679 2186 1890 2238 honorat
1928 2185 2149 2252 Putrem,

584 2259 667 2324 qui
707 2257 837 2310 misit
873 2273 983 2308 eum
1014 2257 1030 2324 (
1063 2257 1216 2309 Joan.
1246 2258 1299 2312 5.
1327 2258 1397 2310 25
1426 2260 1465 2324 ).

654 2328 708 2381 5.
749 2325 854 2380 Nos
905 2336 1079 2380 autem
1110 2368 1123 2390 ,
1165 2327 1387 2391 dilecti,
1442 2342 1506 2380 eo
1536 2334 1865 2380 revertamur
1892 2325 2027 2379 unde
2067 2326 2150 2379 di-

581 2399 747 2466 gressi
769 2413 954 2454 sumus
980 2438 997 2461 ,
1029 2399 1317 2452 clamantes
1346 2438 1358 2460 ,
1391 2395 1686 2451 Benedictus
1710 2398 1793 2462 qui
1825 2397 1952 2448 venit
1978 2397 2028 2448 in
2055 2414 2149 2449 no-

581 2469 714 2522 mine
737 2468 941 2522 Domini
969 2508 984 2530 ,
1029 2477 1209 2535 pastor
1229 2469 1315 2522 ille
1341 2467 1510 2520 bonus
1537 2508 1550 2528 ,
1595 2477 1648 2520 ut
1678 2479 1894 2534 poneret
1922 2467 2148 2519 animam

582 2554 731 2593 suam
765 2553 860 2608 pro
884 2537 1071 2592 ovibus
1098 2540 1241 2603 suis;
1294 2549 1350 2591 ut
1385 2538 1522 2591 sicut
1551 2537 1584 2590 ii
1615 2578 1630 2599 ,
1675 2538 1777 2608 qui
1805 2537 1957 2600 lupos
1993 2537 2149 2608 Voviua

581 2624 743 2664 carne
767 2607 1040 2662 vescentes
1067 2619 1325 2661 venantur
1350 2648 1366 2673 ,
1403 2609 1543 2674 ipsos
1569 2621 1668 2660 ove
1694 2607 1866 2659 oblata
1889 2607 2100 2673 capiunt
2135 2625 2148 2661 :

580 2682 659 2734 sic
679 2679 1037 2748 spiritualibus
1055 2679 1348 2731 animarum
1370 2677 1794 2730 interfectoribus
1823 2676 1999 2748 iuris)
2031 2693 2149 2730 sese

581 2760 636 2803 nt
667 2745 934 2804 hominem
956 2747 1182 2802 otierens
1210 2748 1464 2816 Princeps
1492 2756 1756 2815 pastorum
1783 2787 1796 2806 ,
1833 2745 2146 2816 venabulum

580 2821 834 2890 objiceret
853 2858 868 2884 ,
895 2819 958 2874 iis
981 2819 1067 2887 qui
1090 2819 1199 2887 jam
1227 2814 1640 2890 olitniadainum
1671 2817 2016 2890 venabantur.
2047 2814 2146 2869 Be-

579 2886 805 2944 nedictus
857 2891 942 2956 qui
981 2886 1110 2942 venit
1147 2890 1200 2942 in
1239 2889 1437 2941 nomine
1479 2886 1679 2938 Domini
1713 2929 1728 2950 ,
1779 2889 1916 2940 Dens
1965 2896 2147 2939 contra

576 2962 843 3015 diabolum
875 3000 889 3023 ,
945 2975 1049 3012 non
1097 2970 1278 3026 aperte
1309 2974 1402 3027 per
1443 2958 1754 3011 invisibilem
1790 2966 2096 3024 potestatem
2130 2997 2143 3017 ,

577 3032 673 3086 sed
703 3047 794 3100 per
825 3030 1182 3100 inﬁrmitatem
1209 3030 1383 3100 carinis
1408 3037 1525 3100 .Hut
1574 3027 1819 3100 alligaret
1840 3042 1958 3080 eum
1990 3068 2003 3086 .
2059 3027 2145 3100 qui

577 3097 761 3156 contra
784 3115 878 3155 nes
906 3099 1056 3152 fortis
1090 3110 1226 3153 erat.
1279 3099 1574 3150 Benedictus
1598 3099 1682 3166 qui
1713 3098 1842 3149 venit
1866 3100 1918 3149 in
1948 3097 2146 3149 nomine

579 3171 784 3224 Domini
809 3211 824 3235 ,
857 3170 966 3223 ltex
985 3179 1166 3222 contra
1191 3179 1466 3238 tyrannum
1489 3209 1503 3231 ,
1552 3184 1653 3220 non
1686 3183 1780 3237 per
1806 3168 2144 3233 omnipoten-

578 3253 682 3295 tum
716 3250 1027 3307 potestatem
1077 3248 1132 3293 et
1177 3237 1486 3308 sapientiam
1516 3279 1530 3298 ,
1575 3237 1666 3290 sed
1702 3254 1792 3304 per
1840 3238 2010 3308 crucis
2043 3277 2058 3300 ,
2090 3248 2149 3290 nt

577 3312 897 3381 putabatur,
923 3309 1197 3381 stultitiam
1224 3307 1250 3373 ,ί
1275 3321 1330 3381 ut
1373 3309 1643 3381 prudentis
1675 3309 1738 3381 Διιι
1775 3307 2006 3381 nequitia
2035 3321 2150 3381 ser-

577 3377 750 3449 pentis
771 3380 938 3450 spolia
969 3380 1242 3448 diriperet.
1277 3377 1574 3450 Benedictus
1601 3377 1839 3450 qnivt'nit
1872 3379 1921 3428 in
1951 3377 2149 3428 nomine

580 3448 821 3514 Domini,
879 3466 1034 3503 verax
1067 3459 1248 3502 contra
1282 3448 1590 3502 mendacem
1627 3489 1641 3510 ,
1690 3449 1938 3500 Servator
1964 3459 2146 3500 contra

577 3524 929 3591 perniciosum
957 3561 970 3583 ,
1021 3520 1269 3586 Princeps
1297 3523 1440 3587 pacis
1464 3528 1643 3591 contra
1676 3532 2005 3591 pugnacem,
2053 3518 2147 3591 ho-

577 3586 776 3645 ininum
832 3602 1038 3644 amator
1092 3602 1272 3643 contra
1301 3586 1605 3641 hominum
1655 3601 1884 3640 osorem.
1924 3586 2142 3639 Benedi-

575 3673 684 3715 ctus
741 3663 826 3728 qui
885 3661 1010 3713 venit
1082 3661 1134 3712 in
1197 3659 1396 3713 nomine
1463 3658 1709 3719 Domini,
1759 3671 1924 3725 penes
1995 3660 2146 3724 cujus

575 3733 852 3786 arbitrium
907 3742 984 3784 est
1028 3745 1239 3783 servare
1299 3740 1560 3783 errantem
1622 3729 1888 3781 hominem
1921 3766 1935 3789 ,
1993 3742 2146 3780 erro-

576 3818 686 3856 rem
713 3803 947 3859 Solvere.
977 3815 1069 3852 eos
1090 3843 1103 3864 ,
1135 3801 1221 3868 qui
1247 3801 1295 3852 in
1325 3801 1554 3854 tenebris
1598 3807 1751 3852 erant
1793 3838 1809 3860 ,
1859 3798 1976 3850 lure
2025 3814 2144 3864 per-

575 3873 792 3927 fundere
822 3914 836 3935 .
877 3871 1137 3924 idolorum
1177 3870 1435 3925 fallaciam
1471 3869 1648 3923 delere
1677 3908 1691 3930 ,
1733 3872 2017 3921 salutarem
2055 3868 2145 3920 Dei

574 3944 928 4009 cognitionem
999 3942 1335 3994 introducere
1370 3981 1384 4004 ,
1442 3939 1695 3992 mundum
1762 3938 2094 4009 sanctilieare
2129 3978 2143 4000 ,

574 4006 956 4067 exsecrandum
983 4021 1035 4064 et
1062 4012 1269 4063 inanem
1297 4012 1494 4063 cultmn
1524 4010 1815 4062 eliminare.
1847 4006 2146 4060 Benedictus

574 4083 659 4152 qui
685 4085 814 4135 venit
842 4083 892 4134 in
920 4083 1118 4152 nomine
1153 4080 1373 4144 Domini,
1405 4095 1540 4152 unus
1569 4080 1882 4152 promnl‘tis.
1917 4089 1971 4131 ut
1996 4089 2147 4131 eruat

573 4149 740 4222 genus
772 4152 1054 4222 lmtnantnn
1088 4151 1153 4222 de
1181 4166 1336 4203 manu
1361 4149 1631 4222 fortiorum
1665 4151 1756 4222 illo
1778 4190 1793 4211 ,
1843 4164 2065 4222 egenum
2092 4159 2145 4222 et

579 4218 860 4292 pauperem
887 4237 917 4292 a
949 4221 1318 4292 diripientibns
1348 4236 1504 4292 Cum,
1538 4218 1834 4292 Benedictus
1882 4221 1967 4292 qui
2016 4220 2145 4271 venit

577 4289 628 4345 in
652 4289 847 4345 nemine
877 4291 1094 4350 Domini.
1124 4304 1179 4344 ut
1199 4290 1439 4343 infundat
1461 4290 1637 4341 vinum
1659 4303 1712 4343 et
1731 4291 1902 4342 oleum
1926 4289 1976 4342 in
2001 4305 2144 4352 eum,

578 4365 666 4432 qui
690 4361 871 4416 incidit
917 4362 968 4414 in
1017 4362 1287 4424 latrones,
1342 4371 1396 4412 et
1419 4361 1506 4427 qui
1533 4359 1812 4428 despectus
1833 4358 1947 4411 fuit.
1989 4357 2146 4410 Bene-

2060 389 2323 447 Sl’UlllA.

1670 4508 3074 4701 mani—ﬁs“

3747 391 3853 450 τηε

2263 506 2424 558 dictus
2471 506 2554 571 qui
2604 504 2731 556 venit
2779 503 2832 555 in
2883 503 3082 555 nomine
3128 500 3336 556 Domini
3363 547 3379 566 ,
3429 514 3482 556 ut
3526 516 3706 562 servet
3751 525 3848 562 nos

2265 590 2358 643 per
2413 577 2686 640 seipsum,
2739 575 2874 646 sicut
2917 573 2996 646 ait
3050 573 3312 646 propheta
3344 614 3379 646 ,ί
3420 573 3542 629 Non
3594 577 3800 646 legatus
3831 621 3845 645 ,

2263 642 2613 716 nanianqelns,
2659 645 2746 697 sed
2773 645 2878 716 ipse
2906 642 3152 716 Dominus
3193 645 3402 716 saluauit
3444 661 3528 699 eos
3557 642 3708 716 (lani.
3754 642 3846 704 (i3;

2263 716 2340 776 9).
2374 715 2494 769 Ideo
2537 724 2590 767 et
2637 731 2731 766 nos
2778 714 3136 767 benedieimus
3186 724 3277 786 te,_
3307 714 3677 786 l)omine,_qui
3721 733 3846 772 cum

2265 787 2417 838 l'xtv‘e
2446 794 2496 840 et
2533 785 2729 851 Spiritu
2756 794 2942 838 sancto
2968 795 3090 838 ante
3119 784 3312 838 srecnla
3353 795 3402 839 et
3437 787 3488 839 in
3515 784 3708 842 sa'cula
3739 805 3846 844 sa:-

2262 859 2498 908 t-nlorum
2530 855 2838 909 beurdictus
2866 870 2924 909 es
2957 871 2969 904 :
2998 867 3119 908 ante
3146 857 3336 907 smcula
3365 864 3422 910 et
3450 871 3617 927 usque
3638 858 3708 912 ad
3749 859 3849 913 hoc

2264 937 2469 991 tmnpns
2510 929 2880 991 incorporeus;
2926 941 3062 978 nunc
3091 934 3266 978 autem
3297 935 3349 977 et
3385 927 3433 978 in
3473 929 3690 991 saecula,
3725 945 3847 982 eum

2262 996 2458 1054 divina.
2506 996 2817 1049 immutabili
2862 1004 2914 1047 et
2959 996 3256 1047 illiil\'i\litlil
3311 997 3671 1053 incarnatione
3732 1011 3844 1052 tua.

2265 1066 2482 1136 Reliqua
2526 1068 2814 1136 videanms.
2867 1065 3000 1132 Quid
3043 1066 3166 1116 dicit
3214 1065 3421 1119 divinus
3473 1072 3850 1135 evangelista?

2263 1136 2388 1189 Cum
2405 1135 2646 1190 intrasset
2669 1135 2915 1189 Dominus
2941 1136 2990 1187 in
3019 1136 3276 1202 templum,
3300 1149 3609 1192 accesserunt
3633 1141 3706 1191 ad
3730 1157 3845 1192 eum

2261 1209 2379 1260 cwci
2409 1219 2454 1260 et
2487 1208 2672 1267 claudi,
2691 1219 2750 1276 iet
2777 1208 2966 1259 curavit
2997 1223 3098 1258 eos.
3140 1203 3367 1259 Vitlentes
3393 1219 3554 1260 autem
3587 1212 3847 1276 princires

2258 1279 2574 1330 sacerdotum
2603 1288 2647 1331 et
2675 1275 2922 1330 Phariswi
2949 1277 3193 1346 miracula
3229 1292 3339 1340 qua!
3376 1277 3608 1344 faciebat,
3642 1290 3690 1331 et
3718 1297 3847 1346 pun-

2258 1363 2340 1400 ros
2361 1349 2632 1400 clamantes
2660 1358 2704 1398 et
2732 1347 2968 1410 dicentes,
3001 1345 3246 1398 Hosamta
3272 1348 3378 1410 ﬁlio
3411 1347 3591 1413 David,
3626 1345 3840 1403 benedi-

2258 1427 2367 1470 ctus
2393 1420 2479 1478 qui
2501 1419 2627 1470 venit
2654 1417 2704 1468 in
2739 1419 2936 1470 nomine
2977 1415 3178 1468 Domini
3212 1416 3424 1482 (Matth.
3470 1417 3558 1471 21.
3597 1421 3681 1473 Η.
3725 1421 3842 1487 15),

2258 1488 2370 1552 ejus
2396 1488 2647 1540 honorem
2675 1503 2778 1539 non
2810 1488 3065 1540 tulerunt.
3089 1487 3264 1552 Quare
3288 1489 3600 1542 accedentes
3625 1490 3692 1543 ad
3719 1506 3844 1543 enni

2257 1558 2521 1622 dicebant,
2554 1555 2676 1610 Non
2696 1558 2844 1610 audis
2868 1558 2994 1627 quid,
3014 1557 3066 1609 lti
3091 1557 3260 1608 dicunt
3291 1556 3430 1622 (Ibid
3478 1577 3524 1613 υ.
3565 1560 3692 1624 16)ἶ’
3723 1560 3843 1615 Non

2256 1643 2394 1700 trgre
2425 1628 2529 1681 fers
2556 1629 2697 1700 quod
2721 1626 2888 1700 gloria
2917 1626 3164 1700 al'liciaris
3196 1628 3456 1700 Itt__Deus?
3488 1646 3589 1681 non
3619 1630 3844 1700 indgnc

2258 1699 2381 1757 fers.
2415 1714 2532 1752 cum
2581 1699 2733 1754 audis
2778 1699 2844 1750 ab
2876 1697 2958 1750 his
2989 1697 3356 1749 iuuet-entihns
3397 1712 3457 1751 ea
3497 1715 3614 1766 qua:
3663 1697 3841 1754 solum

2261 1770 2420 1820 lleuni
2449 1769 2675 1823 decent?
2702 1784 2876 1820 annon
2921 1770 3058 1820 Deus
3090 1767 3197 1830 jam
3230 1768 3356 1820 olim
3399 1784 3490 1834 per
3521 1769 3839 1836 prophetam

2255 1837 2558 1899 declaravit,
2592 1837 2815 1891 Gloriam
2855 1854 3016 1890 meum
3057 1837 3202 1889 alteri
3240 1853 3340 1890 non
3386 1840 3512 1890 dabo
3541 1837 3698 1904 (lsai.
3749 1840 3839 1894 42.

2256 1906 2310 1975 8)
2330 1910 2351 1960 ?
2373 1918 2444 1972 et,
2476 1910 2738 1974 Quomodo
2760 1907 2995 1961 tuJionto
3023 1923 3134 1959 cum
3163 1908 3248 1965 sis,
3276 1909 3403 1976 facis
3433 1910 3644 1976 teipsum
3673 1909 3842 1963 Deum

2257 1977 2431 2043 (Joan.
2459 1981 2544 2032 10.
2569 1979 2657 2048 55)
2676 1979 2698 2032 ?
2719 1978 2821 2030 Sed
2849 1979 2971 2044 quid
2994 1977 3056 2048 ad
3089 1978 3534 2048 lia-cilonganitnis
3567 1981 3673 2040 ille,
3702 1983 3843 2032 ntul-

2257 2059 2339 2101 tns
2371 2050 2418 2102 in
2448 2047 2828 2108 miserieordia,
2857 2057 2909 2100 et
2940 2047 3119 2099 tardus
3157 2047 3222 2099 ad
3253 2047 3419 2100 iram?
3458 2047 3722 2104 Furentes
3757 2060 3837 2104 lo-

2256 2120 2405 2180 lerat,
2440 2121 2568 2171 iram
2612 2119 2763 2173 sedat
2791 2119 3093 2171 excusando
3141 2132 3218 2177 se,
3259 2118 3561 2186 Scripturas
3599 2119 3839 2176 vicissim

2254 2191 2490 2256 opponit.
2525 2190 2822 2242 testimonia
2858 2187 3058 2253 profert
3088 2197 3402 2253 opportuna,
3437 2204 3607 2254 neque
3635 2191 3840 2244 desinit

2255 2259 2598 2328 interrogare,
2652 2259 2875 2326 ideoque
2915 2259 2987 2308 ait
3015 2276 3028 2311 :
3057 2257 3348 2328 Numquam
3385 2268 3438 2310 et
3481 2275 3573 2312 \os
3611 2260 3840 2314 audistis

2252 2345 2338 2382 me
2366 2327 2792 2397 perprtqihelam
2825 2329 3086 2381 dicentem
3125 2346 3136 2379 :
3168 2327 3314 2380 Tunc
3340 2330 3673 2396 cognoscetis
3711 2346 3835 2398 quia

2254 2415 2354 2466 ego
2383 2415 2614 2467 przcsens
2656 2399 2883 2466 loquor?
2936 2413 3033 2451 nec
3066 2413 3292 2459 rursum,
3329 2398 3407 2450 lia:
3448 2415 3531 2450 ore
3559 2400 3837 2468 infantium

2251 2481 2297 2522 et
2323 2472 2607 2522 lactentium
2654 2469 2903 2536 net-fecisti
2933 2468 3133 2520 laudem
3183 2479 3384 2535 propter
3426 2469 3654 2522 inimicos
3699 2483 3834 2527 tuos.

2253 2551 2304 2592 ut
2334 2541 2561 2593 destruas
2587 2541 2840 2592 inimicum
2877 2550 2920 2589 et
2954 2538 3162 2589 ultorem
3197 2538 3374 2602 (Jonn.
3423 2539 3474 2592 8.
3513 2538 3641 2607 28)?
3673 2538 3834 2593 Tales

2254 2613 2382 2663 estis
2417 2625 2526 2670 vos,
2557 2612 2643 2676 qui
2676 2609 2843 2677 legem
2886 2609 3172 2671 attenditis,
3218 2619 3269 2659 et
3314 2611 3599 2675 prophetas
3638 2611 3832 2678 legitis.

2251 2691 2305 2732 et
2335 2697 2417 2734 me
2458 2682 2506 2733 in
2541 2680 2653 2748 lege
2696 2680 3035 2748 praidicatum
3065 2678 3352 2743 despicitis.
3399 2678 3654 2731 Videmini
3687 2698 3837 2731 nam-

2251 2767 2353 2818 qne
2386 2747 2838 2817 pietatis’obtentn
2876 2747 2965 2800 Dei
3004 2749 3222 2815 gloriam
3263 2748 3565 2806 vindicare:
3611 2767 3717 2801 non
3753 2753 3835 2802 in-

2253 2817 2546 2889 telligenles
2577 2835 2718 2884 enm,
2741 2819 2827 2887 qni
2853 2836 2934 2869 me
2955 2818 3198 2889 despicit,
3230 2817 3438 2870 Patrem
3466 2821 3624 2872 etiam
3651 2819 3835 2888 despi-

2249 2887 2391 2943 cere'.
2430 2890 2540 2957 Ego
2564 2890 2703 2942 enim
2730 2908 2756 2939 a
2791 2889 2896 2942 Deo
2923 2887 3089 2952 exivi,
3132 2898 3185 2940 et
3227 2889 3341 2940 veni
3374 2891 3420 2938 in
3453 2890 3706 2941 mundum
3737 2887 3832 2943 {et

2248 2962 2412 3029 gloria
2449 2976 2561 3012 mea
2590 2969 2670 3014 est
2698 2959 2861 3027 gloria
2904 2958 3072 3012 Patris
3101 2960 3223 3009 mei.
3254 2957 3340 3011 Sic
3370 2959 3624 3029 confutati
3652 2975 3681 3010 a
3705 2961 3833 3013 Ser-

2249 3027 2431 3083 iatore
2477 3042 2658 3082 nostro
2706 3032 2812 3081 Deo
2854 3028 3019 3081 insani
3071 3029 3163 3083 illi.
3212 3027 3574 3082 contradici-re
3615 3030 3831 3097 quidem

2247 3109 2544 3164 cessarunt,
2577 3116 2604 3151 a
2650 3101 2868 3152 veritate
2911 3097 3195 3160 refrenati;
3241 3099 3330 3150 sed
3379 3101 3619 3150 insanum
3667 3101 3828 3153 alium

2250 3169 2558 3224 inducenlcs
2598 3172 2907 3235 cogitatum,
2960 3170 3237 3220 consilium
3294 3169 3523 3221 inierunt
3577 3170 3832 3221 adversus

2249 3256 2391 3292 eum.
2426 3241 2531 3292 Nos
2562 3256 2685 3293 vero
2734 3240 3016 3302 psallamns
3051 3257 3062 3290 :
3095 3237 3311 3305 Magnus
3355 3237 3599 3290 Donnnns
3641 3252 3829 3297 noster,

2250 3322 2294 3362 et
2327 3327 2506 3376 nntgntt
2534 3311 2686 3361 virtus
2717 3311 2845 3376 ejus,
2878 3318 2921 3359 et
2950 3310 3209 3374 sapientia:
3237 3309 3372 3358 illius
3403 3325 3503 3360 non
3538 3319 3609 3359 est
3648 3326 3798 3360 mune

2250 3327 2294 3362 ει
2327 3327 2404 3360 "Nl
2443 3327 2506 3361 ηιι
2534 3327 2686 3361 virtus
2717 3327 2845 3376 ejus,
2878 3327 2920 3359 ει
2950 3327 3209 3374 sapientia:
3237 3327 3372 3358 ιιιιαδ
3403 3327 3503 3360 "Oli
3538 3327 3609 3359 εει
3648 3327 3798 3360 nume

2250 3398 2335 3432 rus
2364 3327 2530 3449 (ﬁant.
2569 3380 2681 3431 146.
2717 3381 2792 3442 ὅ).
2829 3378 2951 3431 Πιυο
2981 3378 3172 3446 quippe
3216 3381 3389 3429 omnia
3426 3382 3560 3449 facta
3601 3389 3746 3442 Sunt,
3780 3389 3832 3430 ut

2249 3452 2336 3516 qui
2364 3447 2494 3503 tollit
2542 3462 2812 3517 peccatum
2862 3448 3038 3499 mundi
3085 3454 3264 3515 Agnus
3302 3457 3353 3499 et
3399 3447 3564 3500 Filius
3608 3450 3699 3501 llei
3740 3464 3829 3502 κο-

2250 3521 2474 3573 luntarie
2509 3536 2599 3585 pro
2628 3518 2780 3573 nobis
2818 3518 2883 3570 ad
2929 3518 3212 3570 salutarem
3255 3518 3554 3583 passionem
3598 3519 3829 3575 veniret.

2248 3602 2301 3644 et
2335 3593 2382 3642 in
2419 3591 2664 3656 praetorio
2695 3597 3089 3655 agnosceretur,
3142 3595 3195 3638 et
3235 3595 3289 3639 nt
3329 3590 3416 3655 qni
3469 3589 3834 3656 despiciebant

2249 3678 2402 3721 cum,
2455 3660 2540 3728 qni
2597 3659 2807 3711 Vivilieo
2846 3659 3100 3725 sanguine
3140 3671 3235 3708 suo
3281 3658 3533 3710 mundum
3584 3660 3830 3719 redemit,

2249 3735 2612 3784 Consentirent
2640 3731 2782 3782 circa
2833 3728 3037 3795 triginta
3072 3737 3370 3794 argenteos,
3409 3739 3462 3779 ct
3502 3732 3694 3795 pa~cha
3741 3745 3832 3796 pro

2254 3803 2404 3853 nobis
2430 3799 2793 3852 immolari-tur
2815 3796 3053 3849 Christus
3083 3813 3095 3849 :
3128 3807 3175 3847 ut
3202 3797 3287 3864 qui
3318 3800 3547 3862 pretioso
3574 3799 3690 3864 ejus
3715 3816 3834 3850 san-

2248 3870 2407 3940 gnine
2432 3870 2630 3938 aspersi
2660 3881 2804 3932 sunt,
2829 3883 3050 3940 qntnjum
3081 3867 3216 3940 labia
3249 3867 3413 3940 instar
3445 3867 3684 3920 liminum
3709 3880 3832 3921 sunt

2249 3937 2540 4008 obsignata,
2589 3938 2867 4005 perniciosi
2911 3937 3052 3989 illius
3084 3937 3186 3989 tela
3230 3937 3478 4008 ell‘ngiant
3505 3954 3517 3999 ;
3553 3949 3605 3990 et
3636 3939 3716 3991 sic
3747 3940 3831 4001 qui

2249 4006 2410 4063 t-arne
2455 4023 2637 4077 passus
2680 4019 2761 4062 est
2807 4007 3048 4059 Christus
3093 4015 3145 4058 et
3200 4006 3474 4077 triduanus
3520 4010 3830 4069 resurrexit,

2248 4096 2367 4132 cum
2401 4075 2554 4133 Patre
2579 4089 2632 4132 et
2662 4079 2862 4146 Spiritu
2893 4088 3077 4128 sancto
3105 4075 3213 4142 pari
3242 4091 3361 4128 cum
3395 4077 3597 4129 honore
3635 4087 3689 4128 et
3715 4079 3828 4145 glo-

2252 4154 2324 4204 ria
2369 4151 2434 4205 ab
2479 4151 2621 4202 omni
2661 4158 2901 4201 creatura
2945 4147 3272 4209 honoretur;
3307 4147 3425 4213 quia
3461 4148 3556 4214 ipsi
3588 4146 3830 4200 ﬂectetur

2250 4237 2406 4274 onmc
2422 4235 2557 4288 genu
2580 4219 2891 4279 carlestium,
2915 4217 3251 4288 terrestrium
3276 4228 3328 4268 et
3352 4217 3700 4288 inter-norum,
3727 4218 3830 4283 glo-

2251 4293 2381 4344 riam
2412 4285 2509 4359 ipsi
2539 4290 2883 4342 referendum
2911 4287 2962 4340 in
2993 4285 3183 4338 szccula
3207 4285 3542 4339 smeulorum.
3568 4287 3763 4340 Amen.

3317 4467 3650 4478 “~—

3074 4470 3818 4522 EE

1955 4773 2016 4829 IN
2054 4774 2458 4842 SEQUENTES

1415 4915 1514 4974 DE
1557 4914 1822 4975 BEATA
1869 4913 2199 4973 VIRGINE
2243 4913 2495 4971 MMUA
2542 4912 3017 4973 OItATlONES.

660 5059 904 5128 Ejusdem
939 5057 1118 5111 farina:
1139 5067 1260 5109 sunt
1287 5067 1566 5128 sequentes
1587 5055 1652 5109 de
1676 5056 1734 5108 Β.
1759 5053 1822 5128 γ,
1854 5053 2012 5128 Maria
2037 5068 2153 5128 ser-

587 5124 794 5196 mones,
832 5131 919 5199 qui
946 5129 1064 5197 jure
1094 5129 1145 5180 in
1180 5127 1411 5179 tenebris
1440 5126 1736 5190 latuissent,
1766 5125 1864 5177 nisi
1898 5125 2018 5176 illos
2055 5124 2153 5176 Sa—

2264 5053 2415 5104 vilins
2465 5057 2803 5122 pulilicasset.
2853 5056 3116 5109 Fortassis
3167 5072 3290 5109 vero
3335 5072 3398 5110 ex
3453 5058 3642 5113 eodem
3698 5061 3835 5114 fante

2264 5126 2426 5176 eodei.
2454 5142 2552 5192 que
2577 5137 2792 5179 auctore
2827 5127 3105 5193 prodeunt.

1559 5348 1619 5391 IN
1666 5349 1716 5391 S.
1768 5345 2074 5390 VIRGINEM
2122 5343 2198 5385 ΕΤ
2243 5344 2561 5389 DEIPABAII
2605 5347 2880 5390 ΜΔῙΠΑΠ.

1980 5475 2438 5502 -ᾼ-

662 5588 857 5642 Omnes
912 5585 1123 5653 quidem
1183 5583 1552 5636 memorabiles
1606 5583 1936 5653 celebritates
1994 5583 2161 5635 admi-

595 5659 772 5713 randae
826 5651 970 5715 sunt,
1017 5665 1068 5709 et
1122 5656 1392 5706 stellarum
1441 5651 1706 5720 splendori
1755 5655 2159 5722 comparabiles.

1124 5723 1376 5792 positione
1402 5737 1494 5775 sua
1537 5725 1588 5775 in
1635 5725 1764 5777 czelu
1797 5725 1911 5776 ιιχω
1941 5737 2083 5786 sunt,
2113 5734 2163 5776 et

597 5811 661 5850 ex
694 5801 862 5866 posito
894 5807 1027 5851 inter
1058 5795 1290 5863 singulas
1319 5793 1592 5847 intervallo
1623 5794 2044 5862 spectabiliores,
2077 5805 2158 5847 lt)-

598 5727 726 5784 Nam
756 5728 888 5780 sicut
918 5727 1084 5780 stella:

2267 5592 2480 5648 tumque
2524 5591 2680 5637 terra:
2727 5584 2907 5637 orbem
2955 5583 3255 5647 illustrant;
3287 5593 3442 5652 atque
3473 5584 3660 5638 eadem
3693 5584 3829 5638 stella

2265 5655 2400 5722 apud
2447 5653 2600 5706 Indus
2647 5655 2873 5715 videtur,
2907 5665 2959 5708 et
3003 5653 3214 5724 Scythis
3259 5670 3360 5706 non
3405 5656 3740 5717 occultator;
3783 5652 3828 5704 in

2266 5726 2567 5778 continente
2598 5725 2840 5792 splendet
2870 5734 2922 5777 et
2974 5740 3118 5777 mare
3148 5725 3426 5783 illuminat.
3456 5735 3509 5778 et
3535 5727 3834 5793 navigantes

2267 5797 2522 5861 gubernat
2552 5812 2563 5858 ;
2601 5797 2893 5863 harumque
2938 5796 3207 5849 stellarum
3255 5795 3467 5848 nomina
3497 5796 3565 5848 ob
3597 5797 3824 5850 multituo
