4042 6424
187 357 302 413 713

185 472 578 529 intemeratam
614 467 826 523 vulvam
852 462 1085 540 servavit
1113 472 1170 515 ut
1199 462 1359 540 Deus.
1375 460 1564 540 “Opera
1595 460 1792 540 quippe

188 544 290 596 Dei
327 558 436 595 non
485 553 686 594 natura:
715 551 896 592 rerum
922 535 1183 595 serviunt,
1230 531 1322 584 sed
1375 531 1466 584 Dei
1502 530 1655 583 Verbi
1683 530 1796 597 jus-

181 629 317 668 anm
353 622 668 682 sequuntur.
697 605 1166 682 Aliquandoeuim
1212 603 1348 655 Deus
1378 601 1671 682 secundum
1701 615 1795 653 na-

186 694 380 737 turam
407 671 574 743 c'reat,
609 689 664 732 ut
694 671 897 732 natura:
923 676 1165 730 ordinem
1195 685 1490 743 cognoscas
1514 688 1528 734 ;
1555 671 1797 739 aliquan-

183 756 262 808 do
287 763 473 808 autem
506 741 700 821 praeter
733 757 978 821 naturam
1017 753 1184 821 creat,
1219 753 1276 796 ut
1319 741 1496 821 discas
1521 742 1794 810 operantis

184 813 521 894 potentiam:
550 820 734 894 Neque
777 819 920 870 enim
975 815 1153 894 omnia
1201 813 1492 866 secundum
1549 822 1792 892 naturam

190 883 363 960 fiunt,
380 910 447 947 ne
465 883 660 946 natura
681 890 819 942 Deus
844 903 962 942 esse
976 888 1180 939 dicatur
1210 901 1222 935 :
1258 897 1430 960 neque
1452 883 1630 960 omnia
1656 897 1792 950 prae-

185 976 279 1020 tcr
325 953 592 1026 naturam,
639 977 706 1014 ne
745 967 998 1028 putentur
1027 965 1241 1028 natur-5e
1272 953 1645 1028 c0iifusionem
1673 967 1795 1005 esse

182 1051 280 1098 ea,
315 1052 440 1104 qua:
470 1024 663 1101 przeier
689 1024 932 1083 naturam
963 1025 1129 1104 lium?
1153 1024 1413 1078 Efformat
1439 1024 1576 1076 Deus
1601 1037 1794 1076 secun-

182 1098 350 1156 dum'
381 1098 657 1164 naturam,
701 1109 754 1152 et
797 1106 944 1153 c'reat
973 1098 1130 1151 etiam
1175 1104 1369 1165 pr:eter
1407 1101 1690 1165 naturain,
1739 1102 1796 1145 ut

183 1177 377 1230 discas
411 1183 652 1228 naturam
675 1171 881 1224 ancillae
916 1183 1086 1232 more,
1119 1164 1188 1220 et
1217 1164 1511 1219 secundum
1547 1173 1789 1216 naturam

187 1248 430 1309 moveri,
463 1256 517 1298 et
550 1252 742 1312 pra-ter
775 1253 1016 1294 naturam
1057 1251 1296 1298 currere,
1330 1236 1420 1288 Dei
1459 1235 1666 1303 jussqu
1697 1234 1795 1286 iiii-

211 1320 458 1369 ιιιειιιυιιι.

211 1335 240 1367 ιι
267 1335 379 1368 ‘lllt'
446 1356 458 1367 .

188 1335 202 1384 '
249 1335 325 1439 ι’5.
493 1399 619 1438 vero
653 1392 730 1447 tu,
758 1382 848 1452 qui
901 1372 1792 1452 quaesti0iieni__inovcs,quomodo

184 1457 447 1511 Christus
477 1473 545 1510 ex
574 1444 882 1508 intemerata
920 1444 1089 1504 'vulva
1146 1448 1411 1517 prodiens,
1476 1444 1793 1513 virginitatis

189 1528 539 1597 signaculum
569 1541 672 1597 non
704 1523 920 1597 delevit,
945 1523 1304 1597 quomodoex
1336 1517 1569 1597 virgineo
1589 1517 1795 1593 Adazno

189 1586 350 1665 virgo
379 1597 486 1650 Eva
517 1594 747 1664 prodiit?
779 1586 915 1647 Nam
949 1586 1173 1665 Deipara
1226 1587 1386 1665 Maria
1415 1630 1427 1652 ,
1458 1601 1576 1665 qua;
1622 1586 1792 1665 virum

191 1657 310 1722 noti
338 1657 580 1730 noverat,
599 1669 769 1718 virum
803 1657 1266 1734 peperitr;iprimus
1295 1658 1454 1734 homo
1482 1658 1670 1734 Adam,
1704 1657 1790 1734 qui

193 1740 481 1793 mulierem
519 1727 623 1789 non
652 1727 891 1796 noverat,
922 1727 1197 1785 mulierem
1229 1730 1566 1798 germinavit.
1596 1729 1662 1778 At
1692 1727 1793 1779 vir-

190 1812 380 1880 ginem
411 1807 805 1880 gignere,licet
852 1818 938 1858 res
980 1803 1237 1871 stupenda
1267 1803 1355 1880 sit,
1387 1798 1583 1867 aliquid
1615 1807 1790 1880 tamen

195 1867 710 1941 Fatimiisvliabet,'in
739 1884 995 1946 quantum
1020 1867 1224 1932 venter,
1250 1871 1509 1946 vul_va,e_t
1540 1867 1793 1921 naturalis

196 1951 493 2003 infantibus
519 1952 601 2000 via
616 1938 732 2016 ’Ῑςιιιι
758 1938 1040 2000 'efformata
1065 1952 1185 2016 est;
1214 1943 1304 2016 sed
1339 1942 1388 1993 in
1419 1938 1624 1992 Adamn
1675 1948 1792 1990 stu-

237 2021 375 2075 enda
405 2020 585 2074 Omnia
616 2014 758 2073 sunt.
816 2016 945 2084 Quis
992 2014 1132 2084 enim
1181 2014 1311 2065 vidit
1339 2020 1582 2084 exposta
1611 2018 1791 2062 natum

237 2039 375 2075 ettaa
405 2039 585 2074 Olllﬂla
616 2039 758 2073 δυιιι.
816 2039 945 2084 υυιδ
992 2039 1132 2069 Cllllll
1183 2039 1311 2065 Vluu.
1339 2039 1405 2064 cx
1435 2039 1582 2064 υυδιιι
1611 2039 1791 2062 untur"

197 2039 511 2145 liomiaem?
541 2090 877 2158 quandonam
908 2097 1054 2158 costa
1087 2083 1313 2158 fructum
1347 2081 1503 2133 tulit?
1532 2079 1791 2158 somnum

197 2163 424 2215 immisit
467 2150 606 2213 Dens
649 2159 874 2222 Adamo,
910 2173 976 2209 ne
1002 2157 1068 2208 de
1097 2155 1304 2208 sublata
1358 2162 1504 2204 costa
1561 2150 1789 2215 doleret,

195 2248 387 2286 verum
415 2233 530 2300 ejus
561 2230 768 2282 vincula
818 2227 1116 2300 consepivit
1150 2243 1161 2278 :
1198 2225 1403 2300 vincula
1433 2222 1630 2300 quippe
1669 2233 1793 2300 sunt

197 2314 405 2356 natura:
428 2290 644 2363 fuervi.
673 2300 839 2367 Cujus
869 2298 945 2351 rei
975 2290 1123 2350 testis
1150 2306 1232 2348 0.“.
1264 2294 1445 2346 Daniel
1474 2292 1657 2345 dicens
1685 2309 1695 2341 :
1729 2290 1794 2343 Et

196 2375 299 2426 vidi
317 2374 556 2425 visionem
584 2381 627 2423 et
649 2371 826 2428 recidi,
847 2379 891 2421 et
919 2368 1116 2422 vincula
1146 2367 1428 2418 luniborum
1460 2379 1683 2415 meorum
1712 2379 1792 2415 so-

196 2445 307 2497 luta
337 2453 453 2496 sunt
477 2446 493 2511 (
518 2441 648 2494 Dan.
680 2442 764 2494 lO.
790 2440 845 2495 9.
879 2451 922 2492 et
950 2440 999 2492 5.
1034 2439 1124 2506 6).
1155 2438 1367 2511 Costam
1400 2449 1527 2502 ergo
1554 2434 1667 2502 lege
1695 2448 1791 2511 ua-

197 2523 334 2568 tura:
365 2504 665 2575 firmatam,
696 2527 982 2564 nervorum
1016 2504 1239 2561 vinculis
1269 2520 1587 2565 connexum,
1612 2504 1788 2575 carui:

198 2585 297 2638 bus
323 2574 658 2643 contextam,
676 2583 826 2636 venis
855 2581 1217 2649 conjunctam,
1243 2577 1509 2646 quomodo
1539 2574 1790 2649 abstulit?

195 2659 470 2724 quomodo
495 2654 727 2707 avulsit?
757 2646 1025 2724 quomodo
1060 2649 1276 2724 sublata
1317 2658 1476 2724 costa.
1497 2646 1662 2698 Adam
1710 2648 1790 2724 ιιι-
1813 2674 1824 2682 -

195 2718 424 2778 colurnis
476 2725 704 2778 mansit?
753 2722 1072 2790 Quomodo?
1122 2720 1220 2784 Qui
1267 2719 1425 2770 Stil\'il
1468 2719 1579 2784 ipse
1610 2718 1788 2790 novit;

195 2797 284 2864 qui
313 2797 472 2850 solvit
492 2795 603 2862 ipse
623 2789 908 2863 colligavit.
936 2792 1146 2846 Etenim
1169 2791 1212 2844 si
1236 2790 1630 2864 aliusligasset,
1657 2789 1793 2864 alius

195 2860 466 2929 solvisset,
495 2860 615 2918 hinc
639 2860 862 2935 quasue
883 2865 1115 2935 oriretur
1139 2879 1150 2914 :
1177 2861 1270 2912 sed
1300 2864 1342 2913 si
1374 2860 1437 2920 is,
1463 2860 1549 2926 qui
1573 2862 1791 2935 concin-

196 2927 586 3003 navcrat,ipse
642 2927 832 2998 solvit;
864 2937 905 2987 si
939 2935 1003 2994 is,
1030 2933 1118 3001 qui
1149 2942 1352 3003 costam
1398 2947 1467 3003 es
1512 2941 1651 2982 terra
1683 2927 1789 3003 for-

195 3018 456 3069 maverat,
495 2999 708 3059 'costam
739 3005 957 3059 abstulit
990 3023 1004 3058 :
1035 2999 1148 3070 ipse
1177 3002 1323 3055 solus
1349 2999 1494 3053 novit
1523 3001 1792 3068 quomodo

193 3079 435 3140 solverit,
456 3077 546 3147 qui
567 3076 714 3130 solus
732 3077 877 3147 novit
895 3073 1164 3144 quomodo
1186 3072 1549 3147 membrorum
1580 3071 1792 3147 hamum

196 3149 338 3200 niani
370 3143 749 3216 composuerit.
786 3146 854 3202 Ut
882 3161 1009 3214 ergo
1038 3158 1156 3216 post
1184 3145 1678 3216 sublatamcostam
1714 3143 1794 3194 lll-

193 3221 423 3272 colurnis
447 3214 641 3271 mansit
668 3217 857 3280 Adam,
887 3219 965 3270 sic
995 3224 1113 3285 post
1139 3215 1350 3268 infantis
1381 3214 1582 3285 exitum
1614 3216 1790 3264 incor-

195 3302 350 3362 rupta
376 3291 566 3342 mansit
595 3287 975 3362 Virgo..Neqiie
995 3284 1136 3362 enim
1162 3293 1282 3354 post
1303 3284 1564 3337 sublatam
1585 3291 1789 3336 costam

193 3357 475 3413 harmonia
497 3357 856 3413 membrorum
876 3359 1064 3411 Adami
1089 3357 1213 3409 laesa
1236 3365 1339 3420 est,
1366 3370 1540 3423 neque
1562 3363 1792 3406 exeunte

195 3431 400 3484 infante
431 3431 746 3499 virginitatis
775 3429 1106 3497 signaculum
1135 3435 1450 3499 temeratum
1475 3436 1574 3499 est.
1597 3425 1791 3499 Quem-

193 3501 486 3554 admodum
515 3496 670 3555 'euim
698 3496 842 3568 apud
869 3515 966 3552 nos
996 3500 1039 3552 si
1089 3499 1207 3567 quis
1237 3498 1468 3568 alienum
1514 3496 1789 3568 iviueulum

196 3571 410 3625 solvere
442 3570 602 3634 velit,
634 3566 804 3639 ipsum
850 3571 1075 3622 destruit
1102 3566 1155 3621 et
1184 3566 1545 3639 abscindito!)
1573 3567 1787 3639 imperi-

197 3642 361 3704 tiam;
393 3643 481 3711 qui
509 3636 856 3709 veroligavit,
888 3639 1003 3693 sine
1032 3640 1213 3711 labore
1243 3638 1429 3711 solvit;
1457 3636 1789 3711 barmOniam

193 3708 714 3781 quippe'liganiinis
734 3713 879 3764 novit
906 3728 918 3763 :
951 3712 1026 3781 sic
1048 3710 1200 3781 iUeus
1234 3708 1322 3777 qui
1350 3721 1545 3775 corpus
1576 3708 1793 3781 concin-

195 3777 378 3848 nav'it,
412 3777 732 3838 constrinxit
767 3792 819 3833 et
861 3779 1105 3849 perfecit,
1147 3790 1200 3832 et
1247 3792 1532 3832 nervmum
1580 3777 1790 3830 vincula

196 3861 443 3916 noverat,
468 3863 523 3906 et
547 3853 812 3920 quomodo
839 3860 1042 3905 costam
1071 3866 1190 3904 cum
1213 3861 1358 3902 costa
1386 3849 1709 3920 copulasset,
1739 3857 1792 3900 et

195 3924 477 3977 articulum
508 3917 890 3977 et'membrum
918 3963 931 3984 ,
961 3931 1016 3975 et
1063 3937 1126 3974 ex
1167 3921 1230 3973 iis
1277 3935 1394 3987 qua:
1446 3917 1793 3987 colligaverat

196 3995 327 4047 scite
353 4004 409 4048 et
437 3994 706 4062 sapienter
750 4004 952 4046 costam
1002 3992 1238 4052 abstulit,
1270 4005 1368 4044 nec
1400 3990 1661 4062 Adanrum
1695 3989 1794 4062 im-

197 4065 408 4118 minuit.
458 4058 704 4132 Seipsum
735 4065 1034 4117 ell'ormavit
1091 4063 1392 4130 unigenitus
1423 4058 1710 4132 DeiFilius
1742 4061 1791 4112 in

199 4133 438 4202 Virgine,
471 4152 644 4202 neque
670 4133 1003 4188 ell’orniando
1025 4134 1380 4201 virginitatem
1407 4131 1585 4192 solvit,
1621 4146 1792 4199 neque

199 4221 292 4272 per
319 4207 527 4258 vulvam
559 4207 742 4258 exiens
774 4207 984 4257 vulvam
1027 4205 1286 4271 eorrupit.
1324 4203 1415 4256 Dic
1440 4217 1604 4271 ergo,
1640 4216 1672 4253 ο
1700 4217 1790 4252 so-

201 4278 373 4344 phista
405 4288 460 4330 et
490 4277 718 4337 erudite,
745 4276 881 4339 Quid
915 4273 1123 4328 facilius
1163 4283 1264 4332 est.
1291 4275 1546 4342 virginem
1581 4287 1788 4344 parere,

197 4342 247 4399 et
274 4355 393 4414 post
417 4357 623 4414 partum
653 4347 909 4413 virginem
933 4359 1169 4408 manere,
1201 4353 1291 4396 aut
1310 4345 1513 4411 virgam
1538 4342 1605 4396 ad
1630 4343 1790 4414 vitam

197 4413 398 4481 vocari,
419 4413 482 4471 et
509 4433 572 4471 ex
604 4417 823 4470 animali
850 4431 1062 4470 rursum
1095 4418 1292 4483 virgam
1325 4415 1480 4468 fieri?
1509 4413 1790 4481 QuOmodo

265 4561 758 4570 *ἡ*
793 4559 1054 4568 ——_—_————
1501 4555 1711 4564 .————.—_—
1733 4555 2573 4563 ————--———————.————.——-v—-—
2597 4555 2808 4564 u___
3333 4557 3444 4566 __.---

210 4557 1934 4611 ψ..
2164 4566 2410 4601 _I___II.____I
2413 4566 2702 4603 -.~——_—l
2706 4555 3444 4605 ﬂ

1501 4555 1711 4564 .-———.——-
1733 4555 2573 4563 ————--———————.————.——-._--
2597 4555 2808 4564 .—

1223 347 1287 403 ΙΝ
1327 345 1802 402 PRODITIONEM
1847 343 2309 410 SERVATORIS,
2353 342 2508 399 ETC.
3423 349 3522 403 7η

1907 460 2049 528 virga
2078 459 2278 530 Moysis
2310 458 2362 512 in
2387 459 2674 530 draconem
2692 465 2902 530 mutata
2933 456 3070 530 fuit!
3096 466 3378 530 quomodo
3409 460 3525 514 ina-

1905 527 2180 583 uiniatum'
2202 531 2437 582 animam
2464 528 2709 595 accepit?
2735 527 3010 596 quomodo
3037 527 3125 582 res
3149 528 3445 582 immobilis
3474 533 3524 586 in

1905 610 2046 655 terra
2071 601 2276 669 repsit?
2297 599 2570 670 quomodo
2595 613 2804 652 rursum
2829 613 2892 651 ex
2922 608 3174 670 serpente
3200 603 3351 668 virga
3389 599 3525 653 facta

1903 668 2170 740 cst,qua:
2209 668 2358 725 suam
2407 670 2622 739 agnovit
2669 668 2951 740 naturam?
2998 669 3153 740 Modo
3200 685 3441 740 namque
3460 685 3529 724 ex

1903 743 2048 810 virga
2067 737 2257 808 draco,
2279 737 2516 794 modoex
2537 739 2932 809 draconevirga
2957 737 3146 793 effecta
3175 751 3276 795 est.
3305 737 3373 795 Ut
3398 756 3530 808 ergo

1905 813 2048 880 virga
2069 812 2284 882 Moysis,
2305 831 2336 861 o
2363 812 2542 882 homo,
2564 810 2859 882 secundum
2880 819 3122 882 naturam
3146 811 3315 880 virga,
3337 824 3531 882 srcun-

1904 883 2032 936 dum
2054 880 2409 937 medumniam
2451 881 2617 934 draco
2657 881 2751 934 fuit
2775 898 2788 934 :
2813 881 2890 933 sic
2925 890 2978 934 et
3022 880 3184 933 Maria
3213 881 3523 934 secundum

1906 964 2147 1006 naturam
2173 953 2342 1020 virgo,
2367 953 2658 1006 secundum
2678 951 3032 1005 meonemiani
3054 961 3224 1005 mater
3249 952 3387 1005 facta
3416 963 3529 1012 est,

1907 1032 1966 1075 ut
1987 1023 2360 1077 Chaldazorum
2386 1023 2520 1090 magi
2544 1023 2847 1082 crederent,
2871 1020 3345 1088 quemadmodum,
3371 1032 3432 1074 ut
3463 1026 3535 1073 tia

1907 1103 2079 1146 meret
2105 1094 2388 1164 Egyptus.
2420 1095 2563 1162 virga
2595 1093 2647 1146 in
2677 1094 2966 1145 draconem
2995 1105 3196 1146 mutata
3225 1104 3326 1164 est.
3352 1095 3434 1144 An
3471 1102 3530 1144 tu

1905 1165 2042 1218 nolis
2068 1163 2338 1233 Virginem
2361 1180 2620 1233 apparere
2642 1164 2707 1216 ad
2731 1163 2907 1215 mundi
2936 1164 3158 1214 salutem
3178 1165 3201 1216 ’ἶ
3245 1163 3444 1232 Utique
3469 1164 3526 1214 in

1905 1246 2060 1287 terra:
2111 1237 2341 1288 motibus
2393 1234 2529 1287 muri
2579 1234 2898 1286 scinduntur
2924 1240 2979 1286 et
3007 1233 3436 1302 conjunguntur,
3468 1245 3525 1286 et

1906 1303 2120 1359 Christo
2152 1318 2403 1359 nascente
2433 1321 2535 1356 non
2569 1305 2841 1374 aperietur
2869 1304 3043 1359 vulva.
3075 1316 3130 1358 et
3152 1320 3336 1358 rursus
3359 1306 3485 1357 elati
3512 1335 3520 1340 -

1905 1375 2060 1428 detur
2079 1377 2102 1415 9
2134 1377 2190 1430 In
2217 1385 2371 1428 terrm
2395 1377 2628 1428 motibus
2651 1377 2720 1426 ita
2749 1374 3066 1427 scinduntur
3094 1375 3252 1437 muri,
3284 1385 3339 1427 ut
3367 1391 3522 1427 inor-

1908 1447 1973 1499 lis
1999 1447 2291 1514 perieulum
2326 1447 2592 1507 inferant;
2628 1455 2681 1497 et
2715 1446 2780 1498 ita
2809 1445 2988 1497 denuo
3015 1447 3330 1514 junguntur.
3365 1457 3413 1498 ut
3443 1460 3518 1500 ne

1904 1518 2185 1585 vestigium
2219 1517 2432 1584 quidem
2464 1517 2737 1569 scissinnis
2778 1528 2989 1568 maneat
3019 1532 3033 1569 :
3061 1525 3116 1568 et
3152 1520 3201 1568 in
3235 1527 3384 1583 partu
3419 1517 3513 1570 illo

1904 1588 2213 1655 incorrupto
2238 1588 2405 1640 nolles
2429 1587 2638 1639 vulvam
2669 1587 2807 1639 illam
2827 1586 2958 1638 solvi
2985 1587 3035 1637 in
3061 1587 3318 1640 honorem
3340 1588 3510 1640 infan-

1907 1660 1994 1722 tis,
2026 1671 2076 1711 et
2103 1660 2280 1711 denuo
2305 1658 2452 1726 jiingi
2483 1668 2535 1709 et
2566 1659 2824 1724 copulari,
2845 1672 2909 1709 ac
2940 1657 3258 1723 virginitatis
3283 1656 3505 1710 formam

1905 1731 2144 1796 recipere
2203 1744 2297 1798 per
2346 1730 2594 1780 virtutem
2650 1727 3106 1795 oiierantis2Nec
3157 1727 3284 1780 mihi
3337 1728 3503 1788 dicas,

1905 1799 2058 1854 Unde
2090 1800 2329 1852 substitit
2356 1814 2481 1852 caro
2511 1809 2562 1851 et
2599 1799 2816 1867 sanguis
2849 1814 2954 1850 non
2987 1798 3229 1866 subjecto
3248 1799 3507 1867 semine?

1901 1870 2034 1924 Nam
2067 1886 2130 1924 ex
2163 1871 2247 1936 iis,
2274 1887 2391 1938 qua:
2425 1868 2561 1936 apud
2611 1862 2724 1922 ιιοέ
2754 1869 2906 1930 fiunt,
2943 1862 3227 1937 possumus
3248 1862 3329 1930 id,
3359 1870 3503 1938 quod

1902 1955 2061 2009 supra
2091 1956 2188 1994 nos
2218 1952 2322 2004 est,
2355 1939 2620 1993 edisci‘re.
2649 1941 2711 1992 Et
2739 1954 2907 1993 evoca
2940 1939 3068 1992 mihi
3097 1942 3162 1991 ad
3194 1942 3503 2008 exemplum

1903 2014 2157 2081 pictores,
2211 2014 2300 2081 qui
2357 2025 2499 2077 smpe
2552 2011 2783 2078 plantas,
2817 2009 3060 2081 arbores,
3110 2019 3280 2077 prata,
3312 2011 3504 2064 fluvios

1901 2080 2240 2152 depingunt;
2272 2093 2326 2135 et
2375 2097 2494 2133 cuin
2548 2089 2789 2152 naturain
2849 2080 2948 2132 sibi
2997 2081 3347 2149 Opitulantem
3397 2099 3502 2136 non

1905 2139 2119 2217 habe-iii,
2142 2139 2254 2207 arte
2280 2163 2542 2205 conantur
2586 2167 2679 2220 per
2716 2139 2956 2205 colorum
2995 2139 3281 2204 niixtiones
3323 2169 3502 2206 rerum

1903 2227 2160 2296 imagines
2207 2225 2420 2277 otlerre.
2453 2223 2886 2296 Fluviumeuim
2919 2231 3326 2296 repraesentant,
3374 2223 3503 2277 nihil

1900 2311 1927 2347 a
1971 2292 2246 2350 ﬂnminum
2295 2298 2446 2348 alveo
2506 2295 2725 2347 mutu:iti
2761 2293 3078 2358 :lioniinem
3135 2292 3365 2355 faciunt,
3411 2311 3504 2346 iia-

1903 2377 2017 2422 tura
2052 2369 2278 2420 bumana
2313 2367 2438 2418 nihil
2473 2365 2574 2418 sibi
2606 2364 3004 2418 comniodante.
3037 2365 3500 2428 Quemadmodum

1901 2455 2028 2508 ergo
2053 2439 2282 2507 pictores
2309 2438 2546 2490 colorum
2582 2450 2679 2502 ope
2713 2435 3005 2508 hominem,
3028 2434 3251 2508 fontem,
3279 2434 3502 2489 fluvium

1899 2505 2212 2580 depingunt,
2247 2524 2366 2580 cum
2402 2508 2531 2560 nihil
2563 2524 2588 2557 a
2622 2511 2785 2568 fonte,
2811 2505 3082 2580 lluviqvel
3113 2506 3326 2560 homine
3348 2522 3504 2580 acce-

1903 2576 2116 2646 perint:
2147 2582 2225 2634 sic
2249 2593 2302 2636 et
2335 2579 2565 2648 Spiritus
2596 2586 2812 2631 sanctus
2843 2577 2892 2629 in
2919 2576 3146 2648 Virgine
3177 2593 3282 2648 non
3309 2578 3505 2631 colori-

1901 2653 2017 2707 bus.
2049 2654 2140 2703 sed
2202 2646 2480 2704 voluntate
2535 2649 2823 2700 animatum
2873 2647 3172 2701 efformavit
3201 2646 3496 2713 hominem,

1900 2724 2215 2791 nullumque
2247 2733 2516 2774 mutuatus
2542 2727 2626 2773 est
2650 2720 2717 2771 ab
2748 2718 2976 2771 humana
3006 2729 3194 2791 natura
3223 2734 3404 2791 semen
3435 2723 3498 2772 ad

1901 2798 2039 2847 alius
2063 2789 2525 2845 constitutionem.
2579 2791 2719 2843 Deus
2747 2800 2968 2858 accepto
2999 2790 3216 2856 pulvere
3246 2789 3313 2843 de
3355 2799 3497 2843 terra

1901 2881 2006 2917 non
2034 2866 2279 2917 humanis
2309 2863 2555 2915 manibus
2583 2863 2599 2928 (
2628 2861 2979 2928 incomposita
3008 2860 3205 2928 quippe
3231 2869 3312 2912 est
3333 2861 3503 2914 deita-

1901 2940 1967 2989 tis
2000 2947 2184 2989 natura
2211 2936 2228 3004 )
2260 2934 2519 2988 Adamqu
2575 2941 2631 2985 ut
2673 2933 2838 2984 voluit
2895 2930 3195 3004 efformavit
3230 2949 3243 2984 :
3273 2932 3502 2998 Spiritus

1901 3023 2030 3061 vero
2057 3001 2274 3060 sanctus
2298 3023 2402 3058 non
2435 3005 2709 3072 pulverem
2739 3004 2965 3070 accepit,
2992 3017 3096 3055 non
3128 3001 3358 3055 humana
3384 3004 3502 3071 lege

1901 3092 2083 3131 semen
2117 3077 2259 3143 injici
2289 3075 2579 3139 concessit,
2607 3075 2700 3127 sed
2743 3076 2917 3126 solum
2967 3073 3160 3138 illuxit,
3194 3089 3314 3126 ossa
3346 3089 3496 3128 eom-

1901 3149 2068 3216 pegit,
2089 3162 2281 3201 nervos
2318 3146 2573 3209 tetendit,
2600 3160 2787 3208 nares,
2809 3159 2986 3208 aures,
3012 3149 3217 3216 oculos,
3245 3145 3495 3212 linguam,

1901 3213 2108 3280 manus,
2137 3219 2331 3286 pedes,
2364 3218 2598 3270 animam
2622 3257 2636 3276 ,
2671 3225 2907 3269 mentem
2928 3255 2941 3276 ,
2975 3213 3377 3282 cngitationem,
3407 3216 3500 3270 νει-ἰ

1901 3291 2100 3343 tionem
2130 3290 2444 3349 constituit;
2476 3288 2578 3340 etsi
2614 3288 2661 3339 id
2698 3287 2931 3338 haeretici
2964 3286 3183 3337 minime
3218 3287 3401 3339 velint.
3435 3287 3502 3342 Ut

1898 3364 2039 3413 enim
2087 3360 2139 3424 ii,
2189 3361 2277 3428 qui
2334 3361 2383 3412 in
2431 3359 2648 3424 Speculo
2701 3357 3028 3428 respiciunt,
3087 3355 3368 3426 imaginem
3419 3360 3501 3412 sui

1900 3425 2394 3500 opposiiam'oculis
2425 3429 2625 3490 vident,
2657 3443 2718 3481 ex
2750 3425 2963 3500 informi
2995 3425 3214 3481 materia
3239 3439 3498 3496 paratam,

1902 3497 2185 3571 imaginem
2237 3516 2380 3568 saepe
2426 3500 2720 3560 ridentem,
2751 3497 2993 3571 flentem,
3025 3512 3372 3565 Commotam,
3414 3516 3506 3552 νει-

1902 3570 2357 3626 ι·ἰ‹›ς“ειι1)ριιιιιοιιι
2413 3571 2619 3625 modos.
2654 3585 2717 3622 ac
2768 3570 3002 3624 viventis
3054 3571 3240 3637 forma:
3289 3571 3503 3624 habitus

1901 3644 2198 3694 imitantem
2236 3660 2247 3693 :
2281 3643 2358 3695 sic
2388 3654 2444 3694 et
2487 3642 2717 3709 Spiritus
2749 3650 2967 3693 sanctus
3008 3641 3059 3692 in
3093 3655 3227 3708 puro
3257 3643 3501 3707 speculo,

1904 3712 2247 3765 iunuaculato
2299 3727 2492 3779 nempe
2556 3711 2788 3779 Virginis
2841 3725 3068 3778 corpore
3125 3712 3316 3773 illuxit,
3379 3729 3504 3780 per-

1903 3786 2203 3850 fectumque
2246 3786 2448 3837 creavit
2493 3784 2786 3843 hominem,
2830 3797 2935 3833 non
2971 3784 3086 3850 lege
3132 3791 3368 3847 naturm,
3397 3800 3501 3836 non

1909 3866 2170 3922 tempore,
2203 3868 2306 3906 non
2338 3854 2574 3906 humano
2599 3853 2805 3905 semine
2832 3867 2975 3912 usus,
3008 3853 3101 3906 sed
3125 3854 3242 3906 solo
3262 3864 3504 3920 aspectu,

1901 3941 1961 3978 ac
1991 3924 2250 3992 Spirituali
2302 3935 2593 3993 sanctaque
2636 3926 2853 3984 virtute,
2885 3922 3157 3991 Virginem
3191 3924 3257 3976 ad
3287 3933 3499 3990 partum

1905 3997 2092 4060 movit,
2137 3994 2500 4064 ineffabilique
2532 3995 2692 4048 modo
2725 3993 2984 4047 infantem
3019 3995 3070 4047 in
3105 3995 3189 4046 illa
3222 4002 3502 4049 contexuit

1909 4073 1964 4119 ut
1995 4067 2375 4120 vestimentum
2408 4107 2421 4125 ,
2451 4067 2515 4118 ad
2546 4067 2773 4118 salutem
2808 4066 3105 4118 hominum.
3141 4065 3264 4118 lla-e
3292 4065 3509 4132 quidem

1903 4139 1972 4189 ita
2019 4152 2078 4190 se
2127 4137 2347 4191 habent.
2408 4137 2513 4188 Nos
2545 4137 2736 4191 autem
2771 4152 2867 4203 pro
2922 4136 3028 4188 illis
3073 4152 3191 4204 qua:
3250 4135 3506 4201 diximus,

1899 4209 2122 4277 gloriam
2158 4209 2266 4262 [leo
2291 4248 2306 4271 ,
2337 4209 2423 4274 qui
2462 4219 2680 4275 propter
2708 4222 2806 4259 nos
2839 4206 3000 4259 homo
3031 4207 3202 4260 factus
3229 4215 3333 4271 est,
3362 4205 3499 4259 refe-

1902 4294 2082 4332 ramus
2108 4295 2122 4333 :
2146 4281 2270 4346 quia
2319 4279 2416 4344 ipsi
2464 4279 2656 4346 gloria,
2687 4293 2896 4332 necnon
2930 4278 3073 4330 Patri
3095 4286 3148 4333 et
3175 4289 3362 4330 sancto
3390 4278 3510 4344 Spi-

1901 4352 2022 4403 ritui
2045 4391 2059 4414 ,
2093 4350 2142 4402 in
2171 4352 2367 4403 sweula
2398 4349 2740 4403 swculorum.
2773 4352 2965 4402 Amen.

1413 4674 1853 4782 MOJV'I
1879 4673 2250 4779 TUM

1295 4881 1403 4944 AD
1433 4881 1850 4943 HOMILIAM
1894 4881 2401 4956 SEQUENTEM.

265 5032 382 5087 Non
421 5040 504 5086 est
543 5031 684 5101 quod
731 5032 921 5085 lectori
966 5031 1275 5100 probemus,
1325 5037 1396 5101 et
1465 5025 1796 5095 argumentis

195 5098 647 5164 demonstremus,
676 5102 812 5156 hanc
836 5098 1108 5155 homiliam
1150 5098 1372 5169 perinde
1402 5107 1563 5166 atque
1592 5111 1797 5162 praece-

194 5177 384 5229 dentes
413 5186 692 5226 Sermones
721 5173 1115 5241 supposititiam
1160 5185 1303 5224 esse.
1358 5169 1473 5237 Ipsa
1508 5182 1603 5241 res
1617 5183 1712 5236 per
1739 5181 1800 5241 se

195 5249 410 5299 clamat.
435 5242 658 5299 Ubinam
677 5237 1096 5314 Clir'ysostomus
1115 5245 1184 5295 ita
1210 5241 1453 5302 balbutit,
1475 5251 1531 5292 ut
1554 5237 1641 5292 hic
1661 5238 1798 5307 quis-

1903 5026 2270 5100 quistaudem
2300 5028 2368 5100 sit
2404 5027 2721 5084 Graaeulus.9
2769 5031 2923 5098 cujus
2967 5033 3283 5100 opusculum
3317 5051 3421 5089 non
3459 5038 3509 5093 iu

1907 5099 2177 5222 pgbdlicum
2210 5099 2600 5163 emisissemus,
2634 5101 2734 5154 nisi
2768 5099 3128 5173 Savilius'jani
3177 5105 3317 5159 inter
3347 5107 3502 5161 dubia

1907 5185 1938 5223 e
1980 5187 1992 5222 Ι
2037 5179 2183 5223 isset.

203 5369 3505 5391 Mm

908 5473 971 5515 IN
1017 5469 1456 5514 PBODlTlONEM
1501 5464 1916 5517 SERVATORIS,
1967 5465 2046 5506 ET
2090 5465 2154 5507 IN
2192 5464 2518 5508 LOTIONBM
2560 5467 2805 5512 PEDUM.

1659 5609 1918 5630 --.—

269 5711 320 5763 l.
352 5709 558 5762 Vellem
600 5709 772 5761 crucis
798 5708 1192 5777 speculationes
1225 5710 1276 5761 in
1305 5709 1464 5762 finem
1497 5706 1787 5771 deducere,

199 5797 302 5836 non
326 5779 478 5850 quasi
505 5794 662 5832 sensa
693 5791 1028 5848 assequutus.
1063 5780 1156 5834 sed
1187 5789 1244 5832 ut
1273 5795 1335 5832 ea
1362 5796 1456 5848 pro
1485 5779 1618 5850 virili
1637 5779 1788 5850 fide-

207 5848 654 5914 libus‘exponam.
699 5850 810 5903 Non
852 5851 1003 5905 deest
1029 5854 1226 5921 quippe
1272 5866 1451 5906 sermo
1494 5849 1562 5904 ad
1617 5848 1797 5904 divina

1906 5706 2122 5778 eloquia
2155 5707 2510 5778 explicanda;
2547 5724 2735 5764 verum
2773 5707 2916 5763 dicta
2949 5710 3250 5764 commetiri
3285 5720 3498 5777 nportet

1905 5777 2030 5832 cum
2064 5779 2299 5832 humana
2335 5777 2614 5843 facultate,
2656 5796 2760 5833 non
2805 5781 2962 5850 quasi
3006 5784 3120 5850 ipsa
3156 5781 3392 5833 sufficiat
3429 5783 3496 5835 ad

1905 5851 2493 5920 coinprehensionem,
2544 5850 2635 5905 sed
2681 5855 2836 5920 quasi
2879 5851 2985 5903 Deo
3032 5852 3338 5924 prmbente;
3390 5869 3496 5908 non
