4042 6520
623 572 808 613 omnes
835 553 1122 623 frunmini:
1151 549 1344 604 vitulus
1371 545 1588 623 grandis
1615 551 1695 623 cst
1722 554 1928 623 ,nemo
1950 542 2193 623 esttriens

622 610 798 684 acii.
845 621 1099 679 Fruimini
1146 633 1333 673 omnes
1371 610 1717 684 benignitatis
1761 611 1979 666 divitiis.
2025 610 2194 664 Nemo

625 683 796 767 lugeat
820 694 887 752 ob
915 699 1323 767 paupertatem;
1378 683 1760 767 pr_os_lat‘ettitn
1796 696 2016 767 regnum
2047 695 2192 767 com:

628 751 784 819 mimo
817 783 830 816 :
877 751 1034 832 nemo
1059 762 1239 832 lapsus
1265 751 1396 812 suos
1419 756 1651 832 defleat;
1709 766 1827 832 nam
1857 767 1919 804 ex
1945 751 2194 832 sepulcro

623 844 732 890 orta
754 841 834 887 est
854 831 1003 886 venia
1034 847 1048 882 :
1071 822 1246 883 nullus
1269 836 1491 882 mortem
1516 825 1716 886 timeat;
1742 822 1982 876 liberavit
2000 822 2196 888 quippe

621 918 717 957 nos
764 917 908 956 mors
949 899 1284 960 Servaloris;
1329 912 1358 949 a
1410 905 1580 948 morte
1618 903 1802 958 captus
1837 901 2058 944 mortem
2104 905 2194 942 ex-

619 973 842 1035 itinxit;
881 970 1144 1025 infernum
1173 965 1464 1034 castigavit,
1491 964 1577 1032 qui
1604 965 1652 1016 in
1684 961 2194 1035 infernum_descen-

621 1041 696 1098 dit
723 1057 736 1103 ;
768 1031 1008 1096 amarum
1037 1037 1267 1093 reddidit
1293 1031 1413 1090 cum
1441 1075 1454 1094 ,
1499 1031 1618 1103 cum
1649 1039 1914 1103 gustasset
1941 1031 2008 1083 de
2034 1042 2196 1081 carne

621 1099 784 1179 ipsius
812 1128 824 1163 :
850 1111 1005 1176 idque
1026 1110 1149 1179 olim
1172 1102 1742 1179 clamatis_(lixit_l_s_:tias
1765 1119 1778 1152 :
1799 1099 2037 1179 Infernae
2053 1113 2198 1150 ama-

620 1167 706 1245 r'us
727 1184 888 1250 factus
911 1167 983 1233 est
1003 1177 1156 1250 (Inui.
1179 1175 1262 1230 l9.
1288 1174 1364 1243 9).
1394 1173 1527 1228 Cum
1553 1173 1642 1250 tibi
1664 1171 1902 1250 _occurrit
1931 1167 2061 1221 infra
2100 1182 2194 1234 po-

625 1242 766 1313 Sito',
818 1242 1030 1302 amarus
1071 1246 1237 1299 factus
1264 1252 1376 1308 est;
1409 1258 1530 1295 nam
1560 1242 1799 1295 sublatus
1825 1248 1907 1292 est
1936 1256 1948 1290 :
1981 1250 2196 1291 amarus

2100 423 2366 481 SPURIA.

3779 422 3886 480 νει

2299 541 2468 594 factus
2493 547 2545 594 et
2571 541 2752 594 illusus
2778 548 2879 591 est.
2909 537 3112 608 Corpus
3139 540 3379 607 accepit,
3411 548 3462 594 et
3489 540 3654 596 Deum
3684 557 3883 610 appre-

2302 610 2487 681 hendit
2507 628 2532 681 γε
2563 610 2765 681 accepit
2794 618 2992 681 terram
3018 649 3047 681 ,ί
3074 621 3136 681 _et
3165 610 3352 681 cadum
3385 610 3587 681 invenit
3611 629 3623 664 :
3673 612 3884 681 accepit

2298 680 2349 732 id
2380 680 2519 748 quod
2561 679 2808 742 videbat,
2861 687 2914 732 et
2948 679 3134 733 incidit
3161 681 3210 732 in
3242 680 3292 733 id
3323 679 3464 748 quod
3493 695 3599 743 non
3643 679 3882 736 videbit.

2303 748 2402 804 Ubi
2427 760 2530 813 est,
2562 765 2700 820 inter:
2725 789 2738 807 .
2783 749 3202 820 stiutulus‘mus?
3246 749 3366 813 ubi,
3411 751 3629 820 inferne.
3669 753 3885 805 victoria

2299 830 2385 872 tua
2415 821 2509 890 (1.
2544 819 2660 890 Cor.
2695 820 2779 871 15.
2809 818 2876 872 55
2899 818 2961 886 )?
2990 817 3245 890 Christus
3262 817 3496 873 surrexit
3519 861 3533 887 ,
3579 830 3632 874 et
3662 831 3717 874 tu
3745 821 3856 890 deji

2297 889 2437 944 ceris
2471 889 2756 943 :Christns
2798 889 3068 953 surrexit,
3117 898 3172 944 et
3216 889 3487 944 daemones
3533 892 3660 958 lapsi
3709 889 3881 945 sunt:

2299 960 2532 1012 surrexit
2557 960 2798 1012 Christus
2823 967 2875 1011 et
2895 957 3124 1025 gaudent
3147 961 3321 1027 angeli
3349 979 3362 1014 ε
3388 957 3618 1014 surrexit
3637 960 3887 1016 Christus

2300 1035 2353 1081 et
2383 1029 2564 1081 nullus
2595 1037 2835 1083 mortuus
2866 1039 3043 1081 manet
3073 1029 3122 1081 in
3152 1030 3421 1096 sepulcro.
3463 1030 3710 1085 Christus
3738 1035 3887 1086 enim

2299 1111 2584 1165 resurgens
2609 1113 2672 1150 ex
2707 1096 2928 1150 mortuis
2953 1138 2968 1162 ,
3005 1097 3251 1164 primitiae
3278 1100 3654 1154 dormientium
3704 1100 3880 1154 factus

2300 1177 2380 1221 est
2415 1167 2556 1234 :ipsi
2596 1167 2764 1237 gloria
2794 1175 2849 1220 et
2893 1167 3172 1236 imperium
3205 1169 3256 1222 in
3298 1170 3494 1226 smcula
3539 1173 3882 1226 saeculorum.

2300 1239 2491 1291 Amen.

1685 1403 1698 1421 I
2002 1442 2066 1486 IN
2113 1441 2375 1486 PASCEA.
2423 1441 2466 1484 Ῑ.

695 1581 890 1636 Pascha
920 1589 1183 1634 terrenum
1207 1574 1475 1629 celebrant
1499 1571 1687 1636 Judaei,
1716 1572 1801 1637 qui
1826 1571 2034 1625 caeleste
2057 1572 2185 1623 Pas-

622 1654 717 1706 cha
752 1658 1008 1719 negarunt
1041 1665 1053 1699 :
1088 1661 1184 1700 nos
1216 1660 1340 1699 vero
1366 1645 1453 1719 qui
1480 1643 1689 1719 caeleste
1719 1639 2187 1719 Paselta_celclira-

622 1736 739 1776 inus
762 1762 776 1783 ,
819 1709 1090 1778 terrenum
1120 1709 1570 1781 exsuperavimus.
1613 1711 1678 1764 Et
1716 1712 1855 1780 quod
1885 1710 1956 1783 illi
1989 1709 2188 1783 Pascha

625 1779 901 1857 perficiunt
919 1829 933 1851 ,
967 1779 1640 1857 salutisiprimogenitorum
1663 1821 1677 1844 ,
1705 1779 1790 1857 qui
1816 1780 1951 1857 apud
1978 1779 2191 1857 .ludmns

624 1849 794 1920 Erant,
821 1849 1123 1938 symbolum
1151 1849 1277 1916 fuit,
1310 1849 1659 1938 quandocntn
1689 1849 2189 1938 (Egyptiortgtmpni-

622 1921 902 1997 tnogeuitis
949 1926 1254 1980 Judaeorum
1311 1921 1657 1997 primogenita
1709 1937 1811 1973 non
1882 1921 2186 1997 perierunt,

622 1990 740 2065 qtae
767 2013 856 2063 per
882 1997 1190 2067 sanguinem
1224 1990 1481 2061 paschalis
1511 1991 1734 2067 v_ietim:_e
1759 1990 2049 2067 symbolice
2066 2005 2190 2067 βριζ-

622 2059 740 2121 vata
767 2059 911 2120 'sunt
940 2083 952 2120 :
981 2059 1187 2118 Pascha
1221 2059 1347 2116 vero
1389 2077 1419 2115 a
1465 2061 1615 2113 nobis
1641 2059 1966 2112 celebratum
2003 2059 2188 2112 salutis

625 2138 988 2190 universorum
1017 2133 1287 2186 hominmn
1316 2146 1472 2186 causa
1499 2139 1578 2184 est
1597 2169 1611 2194 ,
1645 2128 1943 2196 incipiendo
1968 2143 1995 2180 a
2021 2129 2192 2195 primo

627 2207 836 2258 homine
855 2246 869 2269 ,
897 2207 984 2273 qui
1017 2205 1067 2258 in
1099 2203 1342 2256 onmibns
1371 2210 1610 2254 servatur
1633 2208 1688 2251 et
1716 2199 2027 2278 vivifieatur.
2060 2197 2190 2252 Par-

626 2286 705 2328 tes
733 2268 1286 2342 autem'perl'ectorutn
1310 2313 1325 2336 ,
1355 2279 1416 2342 et
1437 2279 1774 2342 temporanca
1807 2268 1890 2342 illa
1919 2308 1933 2332 ,
1967 2276 2190 2320 a-tcruo-

627 2361 741 2402 rum
775 2337 1029 2413 imagines
1069 2354 1120 2396 et
1155 2343 1291 2415 l_ypi,
1344 2341 1487 2415 prius
1518 2339 1811 2415 eacogitata
1845 2337 2092 2415 fuerant,
2137 2346 2193 2389 ut

627 2408 905 2468 veritatem
935 2429 1074 2465 nunc
1104 2408 1360 2464 orientem
1391 2408 1763 2462 adnmbrarent
1792 2425 1802 2458 :
1836 2408 2059 2460 veritate
2090 2422 2186 2458 au-

631 2494 736 2536 tem
771 2492 1030 2551 prmsente
1053 2523 1066 2546 ,
1102 2491 1254 2555 typus
1287 2478 1508 2548 tempori
1538 2476 1690 2555 cedat
1719 2485 1959 2555 Oportet;
2010 2487 2064 2530 ut
2093 2475 2188 2554 ad-

629 2546 876 2606 veniente
908 2567 1030 2620 rege
1057 2593 1070 2614 ,
1123 2546 1294 2603 nullus
1317 2591 1329 2612 ,
1381 2546 1504 2617 rege
1544 2547 1770 2620 _v_'_ivente
1802 2546 1986 2620 relicto
2011 2587 2023 2607 ,
2073 2546 2190 2613 ejus

628 2622 909 2690 imaginem
959 2615 1676 2690 adoraredignatur._Hinc
1718 2631 1843 2690 vero
1883 2615 2053 2690 palam
2111 2622 2193 2668 est

626 2685 878 2764 «ιηβῆιυπι
925 2685 1518 2764 typus_cedat_veritat_i
1545 2725 1559 2748 ,
1601 2687 1739 2764 quod
1781 2695 1934 2755 typus
1977 2685 2190 2764 brevem

625 2756 856 2813 eclebret
888 2756 1045 2813 vitam
1072 2760 1408 2813 Judaicorum
1440 2756 1907 2824 primogenitorum
1933 2797 1948 2820 ,
2001 2756 2193 2807 veritas

629 2839 802 2882 autem
851 2840 1156 2897 perpetuam
1206 2827 1752 2897 hominutnomniuni
1801 2827 1978 2879 vitam.
2006 2824 2193 2897 ‘Neqne

627 2901 768 2951 enim
800 2895 1045 2967 magn—um
1086 2908 1164 2952 est
1194 2906 1418 2967 mortem
1449 2895 1513 2949 ad
1544 2895 1699 2948 breve
1729 2905 1932 2967 tempus
1963 2895 2192 2962 effugere

629 2985 770 3028 (:llill,
804 2966 900 3033 qui
922 2968 1074 3035 paulo
1105 2975 1222 3036 post
1249 2966 1531 3036 moriturus
1561 2975 1661 3029 est,
1696 2966 1786 3036 sed
1814 2981 2056 3029 magnum
2086 2967 2191 3021 uti-

628 3053 732 3099 one
761 3046 840 3091 est
872 3048 1093 3090 mortem
1111 3035 1330 3090 omnino
1356 3035 1603 3104 effugere;
1637 3035 1775 3104 quod
1803 3036 1955 3088 nobis
1981 3037 2191 3088 contin—

629 3109 698 3173 git
729 3149 740 3167 ,
787 3109 978 3174 quibus
1019 3107 1217 3159 Pascha
1249 3103 1546 3174 immolatus
1585 3114 1667 3157 est
1707 3103 1967 3159 Christus.
2018 3104 2191 3172 Ipsum

633 3176 746 3230 festi
779 3173 969 3230 nomen
994 3191 1233 3245 magnam
1264 3173 1475 3242 pra'fert
1503 3175 1891 3245 excellentiam,
1924 3176 1967 3228 si
1999 3189 2190 3228 secun-

629 3246 751 3305 dum
782 3250 855 3300 rei
887 3244 1158 3300 veritatem
1183 3246 1488 3312 explicetur.
1521 3245 1720 3298 Pascha
1747 3244 1887 3298 enim
1914 3246 2191 3300 transitum

630 3316 925 3384 significat,
957 3316 1104 3384 quod
1125 3315 1465 3369 Hebraeorum
1495 3314 1683 3368 domos
1711 3316 2070 3380 pertransierit
2100 3329 2193 3367 ex-

636 3383 944 3440 terminator
975 3383 1081 3450 ille,
1113 3386 1202 3455 qui
1233 3386 1574 3455 primogenita
1608 3383 1949 3451 percutiebat.
1994 3383 2193 3437 Trans-

631 3455 736 3508 ilus
757 3471 913 3524 porro
928 3454 1351 3510 exterminaloris
1367 3454 1502 3521 apud
1528 3468 1622 3506 nos
1645 3468 1798 3506 verus
1825 3466 1924 3524 est,
1951 3455 2070 3520 quia
2098 3469 2194 3508 nos

633 3522 854 3590 intactos
885 3527 1181 3594 pertransit,
1215 3524 1279 3578 ad
1308 3527 1464 3577 vitam
1509 3533 1760 3576 aeternam
1789 3538 1817 3575 a
1845 3522 2054 3577 Christo
2079 3540 2194 3579 sus-

631 3596 841 3648 citatos.
873 3597 958 3650 Sic
991 3603 1151 3649 totum
1176 3593 1391 3647 Pascha:
1412 3604 1774 3664 argumentum
1804 3594 2062 3660 speculari
2086 3597 2194 3664 spi-

633 3665 890 3720 ritualiter
919 3674 1159 3734 oportet,
1211 3673 1267 3734 et
1289 3662 1592 3734 apostolicis
1620 3664 2042 3734 enat-rationibus
2071 3662 2190 3720 cre-

629 3735 776 3789 dere.
826 3732 1019 3788 Fidelis
1051 3750 1205 3801 porro
1240 3732 1505 3787 desiderat
1538 3740 1697 3785 tomtn
1723 3732 1903 3800 figurae
1932 3735 2190 3789 rationem

633 3806 925 3872 intelligere
946 3845 960 3870 ,
1009 3805 1272 3872 quomodo
1304 3815 1492 3867 nempe
1522 3817 1579 3854 se
1610 3801 1801 3872 habeat
1839 3818 1960 3872 erga
1993 3805 2188 3859 verita-

634 3888 758 3938 tem,
787 3871 966 3945 a’tque,
998 3871 1052 3927 ut
1077 3875 1144 3928 ita
1173 3872 1364 3939 dicant,
1397 3871 1682 3945 spiritualia
1709 3885 1802 3945 sna
1832 3871 1926 3939 per
1954 3875 2037 3927 illa
2066 3876 2191 3929 olim

631 3941 885 4011 corporea
910 3945 1162 4012 speculari
1186 3961 1200 4007 ;
1232 3953 1286 3998 ut
1317 3941 1500 4011 lcgalia
1526 3941 1700 3996 omnia
1729 3943 1793 3996 ab
1818 3957 1875 3997 se
1904 3945 2191 3998 secundum

632 4015 897 4070 Christum
927 4023 1104 4068 mente
1137 4016 1520 4082 percipiantur,
1564 4019 1618 4082 et
1644 4026 1736 4079 per
1761 4014 2051 4081 spiritualia
2077 4016 2190 4069 cla-

631 4084 741 4138 rius
764 4085 1055 4150 corporalia
1088 4081 1471 4151 intelligantur,
1503 4093 1557 4136 et
1586 4081 1862 4136 invisibilia
1899 4085 2193 4144 visibilibus

632 4156 777 4220 quasi
809 4153 1030 4224 depicta
1075 4166 1380 4220 appareant.
1428 4154 1587 4221 lgitur
1618 4153 1756 4206 Deus
1787 4153 2044 4224 decimam
2074 4155 2188 4224 pla-

630 4239 747 4290 gam
779 4223 1044 4296 Aigyptiis»
1070 4224 1367 4296 indicturus
1379 4225 1409 4296 _(
1434 4233 1571 4296 erat_
1585 4231 1762 4296 autem
1793 4223 1878 4296 illa
1908 4240 2048 4278 mors
2076 4223 2189 4296 pri-

629 4293 1009 4361 mogenittirutn
1038 4294 1087 4361 ),
1130 4294 1290 4361 Moysi
1338 4294 1471 4349 dixit
1511 4293 1734 4349 :Menst's
1784 4293 1864 4347 hic
1916 4296 2052 4348 vobis
2080 4293 2190 4352 ἐι-ξι

628 4364 823 4416 initium
855 4365 1094 4417 mensium
1125 4362 1318 4430 (Exod.
1353 4363 1438 4419 ‘12.
1471 4362 1505 4414 2
1530 4362 1568 4430 );
1602 4364 1800 4432 primus
1831 4373 1912 4417 est
1950 4366 2098 4420 vobis
2136 4369 2188 4422 in

628 4434 898 4488 mensibus
923 4435 1064 4487 anni.
1095 4436 1168 4486 Ac
1191 4435 1439 4502 deinceps
1465 4433 1710 4502 praecepit
1744 4435 2056 4488 sacrificium
2093 4436 2192 4492 Pa-

630 4502 847 4574 schalis,
891 4511 944 4555 et
973 4503 1243 4572 sanguinis
1275 4505 1572 4557 unctionem
1606 4506 1655 4556 in
1681 4504 1894 4572 jauuis;
1936 4513 2094 4574 atque
2124 4524 2187 4562 ex

631 4572 727 4625 hac
757 4574 1001 4626 nnctione
1032 4574 1495 4642 primogenitorum
1526 4574 1748 4627 salutem
1796 4572 2058 4640 pollicitus
2084 4588 2185 4633 est.

629 4643 761 4708 Quid
802 4643 898 4696 sibi
927 4643 1048 4713 _vult
1079 4643 1204 4697 illud
1230 4686 1242 4706 ,
1291 4644 1333 4696 si
1375 4645 1550 4697 statim
1581 4643 1645 4695 ad
1673 4643 1913 4713 veritatis
1943 4649 2185 4713 specula-

631 4714 824 4764 tionem
858 4711 1133 4776 referatur,
1163 4713 1300 4781 quod
1325 4722 1529 4782 tempus
1561 4712 1686 4766 illud
1711 4714 1832 4766 anni
1859 4711 2066 4769 initi—um
2093 4717 2188 4772 de-

630 4783 861 4852 finiatur.
894 4796 997 4848 quo
1022 4782 1211 4849 paScha
1237 4783 1392 4836 ﬁebat
1419 4798 1478 4836 ac
1510 4785 1975 4852 primogenitorum
2003 4788 2188 4842 salus?

628 4851 760 4915 Quia
807 4852 958 4904 nobis
986 4854 1140 4904 etiam
1173 4854 1281 4906 veri
1322 4854 1589 4908 Paschatis
1618 4851 1929 4908 sacrificium
1971 4865 2052 4910 est
2083 4860 2184 4911 ini-

630 4922 755 4994 tium
783 4922 901 4994 vice
933 4931 1161 4994 aeternas.
1196 4924 1377 4994 Annus
1402 4924 1593 4992 quippe
1634 4934 1715 4976 est
1751 4927 1927 4978 szeculi
1959 4928 2180 4994 symbo-

630 4992 768 5063 lam,
800 4990 917 5056 quia
948 4991 1199 5063 circulum
1221 4990 1505 5063 decurrens
1531 4990 1584 5046 in
1616 4995 1845 5061 scipsum
1874 4990 2084 5063 semper
2105 5014 2187 5052 re-

627 5060 886 5132 volvitur,
907 5068 970 5132 _et
999 5061 1049 5112 in
1079 5062 1230 5132 nullo
1248 5062 1467 5127 quiescit
1495 5063 1615 5116 fine.
1651 5060 1820 5131 Atque
1849 5060 2003 5132 pater
2025 5066 2184 5122 futuri

626 5131 800 5204 smculi
832 5130 1040 5204 oblatus
1071 5140 1150 5183 est
1177 5129 1413 5184 Christus
1443 5147 1534 5199 pro
1564 5135 1714 5187 nobis
1736 5129 1795 5187 in
1827 5129 2140 5190 sacrificium
2167 5178 2182 5204 ,

625 5214 686 5274 ac
714 5201 943 5274 priorem
976 5202 1411 5274 vitam_nostrami
1429 5204 1576 5274 quasi
1603 5205 1798 5274 nullius
1830 5207 2085 5274 temporis
2110 5201 2186 5262 fa;

623 5271 800 5330 ciens,
849 5269 1064 5322 alterius
1103 5270 1223 5322 vitae
1252 5269 1562 5340 principium
1600 5273 1687 5329 dat
1722 5273 1870 5328 nobis
1907 5269 2001 5342 per
2039 5278 2183 5331 lava-

625 5354 773 5393 crum
796 5342 1228 5406 regenerationis,
1261 5344 1549 5395 seeuudum
1573 5343 1969 5408 similitudinem
1999 5348 2184 5402 mortis

625 5416 678 5463 et
722 5410 1126 5482 resurrectionis
1161 5425 1287 5463 sure.
1331 5411 1510 5480 Itaque
1538 5415 1770 5482 quisquis
1809 5415 2009 5468 Pascha
2041 5419 2186 5472 novit

626 5489 837 5544 propter
867 5493 924 5531 se
955 5477 1296 5555 immolatum,
1331 5477 1700 5555 hocsibi‘vita:
1726 5486 2035 5553 principium
2063 5502 2186 5555 sup-

625 5557 782 5614 ponat
808 5588 821 5612 ,
854 5561 884 5600 a
914 5561 1018 5622 quo
1046 5551 1340 5622 immolatus
1364 5567 1457 5619 pro
1488 5553 1601 5622 ipso
1632 5563 1712 5607 est
1728 5551 1993 5609 Christus.
2036 5551 2184 5612 Tunc

625 5627 796 5694 autem
828 5633 921 5684 pro
953 5619 1064 5696 ipso
1094 5620 1412 5696 immolatur,
1444 5619 1651 5691 quando
1676 5627 1895 5696 gratiam
1924 5629 2180 5696 agnoscit,

626 5698 678 5739 et
711 5688 862 5740 vitam
898 5689 1155 5764 penistud
1186 5688 1502 5764 sacrificium
1541 5688 1741 5763 portatu
1775 5688 2038 5764 intelligit.
2093 5688 2183 5753 His

619 5771 783 5831 porro
812 5751 1032 5840 cognitis
1057 5801 1070 5822 ,
1104 5775 1251 5838 nova;
1285 5763 1404 5814 vitae
1436 5751 1637 5840 initium
1669 5751 1910 5834 accipére
1939 5751 2139 5840 satagat

627 5840 798 5897 neque
839 5831 904 5885 ad
947 5839 1172 5886 veterem
1204 5831 1362 5886 vitam
1399 5833 1533 5888 ultra
1575 5831 1838 5906 recurrat,
1882 5840 2029 5910 cujus
2051 5831 2179 5897 finis

2299 1568 2531 1623 advenit.
2581 1567 2712 1622 Nam
2741 1609 2753 1631 ,
2809 1567 2909 1632 Qui
2951 1570 3134 1621 mortui
3180 1583 3353 1621 sumus
3396 1579 3639 1636 peccato,
3675 1570 3886 1634 inquit,

2295 1638 2543 1708 quomodo
2573 1637 2739 1690 adhuc
2782 1640 2997 1710 vivemus
3041 1638 3093 1690 in
3124 1637 3214 1710 illo
3261 1638 3280 1708 (
3307 1638 3455 1710 Rom.
3485 1640 3539 1710 6.
3567 1641 3602 1694 ‘2
3628 1643 3644 1710 )
3671 1641 3694 1692 ?
3725 1641 3887 1694 Prin-

2295 1707 2490 1776 c.pium
2539 1723 2682 1778 ergo
2752 1708 2874 1778 anni
2921 1707 3029 1778 tale
3071 1708 3371 1778 symbolum
3424 1707 3634 1764 habeta
3666 1711 3887 1764 Decima

2294 1789 2468 1832 autem
2518 1777 2606 1831 die
2661 1777 2858 1831 mensis
2911 1777 3061 1843 jubet
3114 1779 3349 1848 singulas
3394 1779 3584 1833 domos
3641 1781 3893 1848 singulos

2260 1863 2456 1918 -agnos
2509 1856 2861 1918 sumere,_et
2905 1855 2982 1900 tot
3021 1861 3141 1918 esse
3171 1847 3220 1900 in
3252 1848 3412 1901 domo
3439 1850 3526 1917 qui
3555 1847 3838 1904 cometlant
3865 1891 3882 1915 ,

2297 1916 2352 1970 ut
2386 1929 2551 1970 t0tum
2599 1916 2903 1988 comedant,
2937 1926 2990 1969 et
3034 1917 3163 1970 nihil
3195 1919 3428 1987 supersit
3460 1916 3487 1971 7:
3539 1920 3775 1988 itemque
3829 1931 3890 1974 ut

2295 2003 2460 2050 agnus
2506 1987 2812 2040 imtuoletnr
2852 1987 3054 2039 decima
3111 1998 3294 2056 quarta
3343 1988 3429 2041 die
3482 1988 3548 2042 ad
3581 1987 3892 2057 vesperam.

2298 2057 2458 2125 Igitur
2500 2058 2731 2124 quinque
2761 2057 2947 2111 diebus
2975 2057 3127 2110 simul
3181 2066 3266 2110 est
3315 2058 3526 2111 victima
3561 2061 3891 2118 immolanda

2295 2142 2412 2179 Cum
2464 2127 2526 2179 iis
2548 2169 2561 2184 ,
2614 2128 2702 2193 qui
2731 2142 2824 2194 per
2847 2127 2989 2178 illam
3023 2127 3266 2180 servandi
3297 2139 3418 2181 sunt
3446 2144 3458 2190 ;
3515 2129 3658 2182 finita
3705 2141 3890 2183 autem

2296 2198 2476 2263 quinta
2538 2196 2622 2250 die
2675 2195 2846 2250 hostia
2912 2196 3255 2257 immolatur.
3331 2212 3477 2251 mors
3555 2202 3890 2266 pertransit;

2300 2267 2387 2331 qui
2443 2282 2568 2320 vero
2636 2278 2897 2326 servatur,
2948 2276 3202 2333 perpetua
3250 2268 3367 2320 luce
3422 2268 3648 2327 fruitur.
3725 2283 3890 2325 noctu

2299 2334 2503 2405 lucente
2550 2336 2689 2398 luna,
2721 2345 2773 2388 et
2813 2337 2925 2389 sole
2975 2337 3150 2388 lunam
3192 2338 3492 2405 excipiente
3550 2357 3562 2391 :
3609 2340 3710 2392 hoc
3741 2342 3890 2396 enim

2298 2404 2365 2456 ita
2416 2406 2471 2456 fit
2525 2406 2576 2457 in
2626 2405 2833 2458 decima
2859 2416 3042 2474 quarta
3093 2414 3143 2459 et
3201 2404 3354 2474 plena
3390 2407 3532 2464 luna.
3588 2407 3715 2462 Htec
3758 2425 3892 2463 vero

2295 2475 2525 2546 quinque
2546 2476 2794 2543 temporis
2812 2477 2975 2543 Spatia
3003 2484 3166 2528 totum
3193 2477 3371 2530 mundi
3397 2485 3602 2546 tempus
3625 2479 3891 2533 denotant

2297 2544 2346 2596 in
2383 2546 2613 2613 quinque
2645 2556 2822 2616 partes
2851 2546 3188 2616 distributum
3222 2563 3234 2603 :
3280 2548 3347 2599 ab
3378 2544 3543 2602 Adam
3576 2563 3770 2616 nempe
3803 2566 3894 2604 us-

2297 2628 2400 2680 que
2430 2617 2498 2670 ad
2521 2617 2650 2672 Noe.
2685 2629 2713 2666 a
2747 2615 2855 2669 Noe
2883 2629 3047 2683 uSque
3072 2615 3139 2668 ad
3170 2616 3458 2680 Abraham,
3492 2618 3557 2671 ab
3580 2615 3892 2673 Ahraltamo

2299 2697 2466 2756 usque
2515 2683 2579 2738 atl
2617 2684 2865 2753 Moysen,
2918 2686 3171 2756 a_Moyse
3211 2701 3401 2756 usque
3447 2687 3513 2740 ad
3573 2687 3890 2756 Christum,

2296 2755 2477 2820 quinta
2503 2769 2620 2820 pars
2647 2770 2674 2806 a
2697 2756 2886 2808 Christi
2921 2754 3170 2808 adventu.
3193 2755 3308 2821 Quo
3338 2767 3573 2824 tempore
3600 2760 3770 2812 cuivis
3795 2754 3894 2814 ho;

2298 2824 2424 2895 mini
2442 2826 2706 2895 proposita
2738 2835 2851 2878 erat
2872 2827 3014 2878 salus
3046 2841 3138 2893 per
3157 2826 3368 2879 beatum
3393 2828 3517 2880 illud
3541 2830 3888 2895 Sacrificium;

2295 2894 2388 2945 sed
2421 2894 2651 2967 nondum
2682 2895 3071 2967 perficiebatur.
3108 2897 3159 2967 In
3182 2897 3371 2967 quinto
3410 2909 3586 2951 autem
3626 2894 3891 2967 temporis

2296 2965 2467 3036 Spatio
2504 2979 2687 3016 verum
2723 2965 2919 3018 Pascha
2962 2965 3369 3030 immolabatur,
3405 2978 3454 3020 cl
3502 2971 3586 3035 qui
3623 2985 3718 3036 per
3743 2965 3891 3024 illud

2295 3034 2520 3108 salutem
2548 3037 3372 3108 consequebatur_primogettitus
3406 3034 3587 3101 homo,
3614 3034 3664 3092 in
3692 3055 3891 3108 perpe-

2298 3109 2438 3155 tuam
2475 3104 2645 3156 lucem
2677 3105 2854 3157 exibat
2901 3104 3128 3174 (Matth.
3169 3105 3258 3159 ‘20.
3292 3108 3342 3160 l.
3375 3109 3521 3175 sqq).
3564 3104 3718 3175 Quod
3760 3104 3894 3165 vero

2297 3187 2400 3244 non
2436 3174 2485 3226 in
2516 3175 2626 3244 ipsa
2658 3189 2900 3244 vestiera,
2935 3175 3026 3228 sed
3058 3176 3121 3229 ad
3152 3174 3424 3244 vesperam
3456 3174 3658 3232 Pascha
3694 3181 3891 3236 immo-

2296 3241 2515 3316 laretur,
2547 3243 2875 3316 significabat
2899 3259 3002 3298 non
3033 3246 3084 3298 in
3115 3241 3354 3316 ipsoi'fine
3379 3250 3656 3312 praesentis
3678 3253 3886 3316 saacnli,

2296 3313 2400 3389 sed
2433 3313 2497 3366 ad
2548 3313 2704 3389 finem
2745 3329 3021 3389 passurum
3051 3330 3182 3389 _esse
3218 3315 3509 3389 Christum.
3545 3319 3785 3389 Tempus
3814 3313 3890 3378 ita

2297 3380 2522 3460 divisum
2564 3380 2806 3460 callibuit
2848 3385 3136 3451 parabola,
3168 3387 3376 3460 quteﬂin‘
3418 3398 3594 3460 partes
3647 3380 3890 3460 quinque

2296 3450 2438 3505 diem
2466 3451 2766 3523 distribuit,
2795 3450 3088 3508 et’vocalos
3119 3450 3237 3509 esse
3277 3450 3497 3510 dicit-ad
3529 3450 3744 3513 vineam
3775 3450 3815 3523 ,’
3836 3464 3888 3516 id

2297 3531 2410 3585 est,
2448 3522 2752 3596 adjustitia:
2780 3525 3141 3596 Operationem
3167 3525 3341 3596 Latios
3363 3528 3501 3581 circa
3531 3531 3760 3596 primam
3779 3522 3890 3586 ho-

2297 3606 2407 3662 ram
2435 3634 2450 3657 ,
2482 3592 2614 3644 alios
2661 3594 2800 3646 circa
2845 3595 3054 3647 tertiam
3081 3636 3093 3656 ,
3136 3594 3269 3649 alios
3299 3596 3438 3651 circa
3468 3592 3675 3652 seittam
3698 3642 3712 3662 ,
3747 3601 3889 3656 alios

2295 3661 2431 3714 circa
2457 3677 2669 3723 nonam,
2690 3672 2989 3729 postremos
3014 3665 3152 3718 circa
3170 3666 3524 3722 undecimam.
3550 3669 3716 3722 Erant
3737 3674 3887 3726 enim

2295 3729 2378 3783 lue
2408 3731 2631 3810 diversae
2650 3736 2973 3810 vocationes,
2997 3745 3050 3787 et
3068 3734 3290 3788 diversa
3302 3736 3720 3810 _justificationes
3743 3758 3757 3803 ;
3779 3744 3883 3794 alia
3905 3789 3918 3810 ε

2298 3809 2536 3879 tempore
2565 3803 2809 3879 _Atlami,
2858 3804 2959 3855 alia
3000 3812 3252 3879 tempore
3300 3805 3431 3870 Noe,
3483 3809 3586 3861 alia
3639 3819 3887 3879 tempore

2294 3870 2600 3946 Abrahami,
2621 3874 2721 3926 alia
2744 3883 2846 3946 tem
2856 3888 2979 3946 pore
2997 3870 3192 3946 Moysis
3211 3892 3224 3939 ;
3251 3884 3511 3942 postrema
3527 3887 3582 3932 et
3599 3870 3885 3946 perfectis.

2294 3941 2423 4000 sima
2449 3941 2499 4016 in
2523 3942 2747 4016 adventu
2764 3941 2979 4008 Christi,
2998 3941 3210 4016 quando
3232 3941 3435 4000 merces
3459 3941 3682 4016 operum
3713 3952 3888 4011 reddi-

2297 4021 2382 4065 tur
2404 4015 2572 4079 primo
2591 4013 2675 4079 iis,
2694 4016 2781 4083 qui
2811 4015 3061 4080 postremi
3084 4025 3235 4068 erant
3259 4013 3549 4070 secundum
3577 4019 3886 4078 Scrvatoris

2295 4084 2596 4159 parabolam
2627 4102 2643 4159 ἓ
2672 4085 2793 4159 quia
2839 4098 2938 4138 nos
2968 4085 3134 4159 _primi
3163 4086 3216 4138 in
3247 4085 3562 4159 baptismate
3594 4106 3885 4159 regenera-

2296 4154 2494 4206 tionem
2535 4154 2824 4221 accipimus
2848 4195 2860 4216 ,
2892 4153 3082 4228 quibus
3123 4153 3425 4228 immolatus
3459 4168 3542 4212 est
3584 4153 3880 4228 Ch'ristus,

2291 4239 2396 4293 quo
2438 4233 2674 4292 tempore
2705 4226 3029 4286 resurrexit,
3069 4235 3123 4279 et
3150 4226 3403 4293 Spiritum
3446 4238 3692 4283 sanctum
3723 4226 3883 4288 nobis

2293 4294 2358 4347 ad
2387 4294 2788 4348 renovationem
2817 4295 3122 4367 insufflavit.
3157 4296 3283 4351 Haec
3312 4299 3488 4367 itaque
3514 4311 3703 4367 quarta
3734 4303 3882 4358 deci.

2291 4379 2375 4443 nia
2403 4374 2483 4419 est
2508 4367 2729 4433 mystice
2747 4365 3110 4443 considerata,
3139 4377 3192 4420 et
3219 4368 3324 4443 tale
3352 4365 3437 4422 est
3463 4365 3708 4424 sacrificii
3741 4387 3881 4443 sym-

2291 4434 2468 4508 bolum
2491 4477 2506 4500 ,
2541 4444 2593 4508 et
2618 4451 2719 4508 nox
2745 4436 2830 4488 illa
2859 4435 3029 4490 lucida
3066 4446 3223 4505 atqttc
3251 4438 3365 4492 dies
3401 4455 3519 4508 qua:
3549 4434 3876 4498 sacrificium

2291 4505 2504 4576 excipit.
2537 4505 2686 4570 Quod
2711 4518 2886 4558 autem
2930 4508 3137 4560 victima
3188 4517 3293 4561 tota
3327 4509 3376 4560 in
3417 4505 3638 4576 singulis
3667 4513 3878 4569 aedibus

2291 4575 2662 4628 comederetur
2681 4617 2694 4640 ,
2725 4590 2893 4644 neque
2923 4591 3111 4630 carnes
3141 4576 3281 4631 foras
3319 4577 3634 4634 efferrentur
3657 4622 3672 4645 ,
3708 4583 3761 4635 id
3798 4587 3876 4639 si-

2290 4645 2502 4714 gniﬁcat
2532 4660 2686 4698 unam
2714 4656 2913 4699 tantum
2941 4661 3057 4700 esse
3087 4647 3301 4701 domum
3325 4650 3549 4703 salutem
3580 4651 3630 4703 in
3654 4651 3877 4708 Christo

2291 4715 2572 4769 habentem
2596 4757 2609 4778 ,
2644 4731 2833 4787 nempe
2863 4716 3153 4770 Ecclesiatn
3178 4733 3273 4787 per
3303 4728 3470 4772 totum
3499 4721 3685 4774 orbem
3710 4725 3872 4778 diffu-

2290 4800 2403 4839 sam
2429 4825 2442 4846 ,
2472 4801 2590 4854 qua:
2619 4786 2745 4839 olim
2777 4786 2944 4839 aliena
2976 4803 3005 4839 a
3037 4787 3144 4841 Deo
3181 4786 3331 4853 erat,
3374 4805 3514 4842 nunc
3544 4801 3722 4844 autem
3757 4796 3874 4849 sola

2290 4855 2357 4928 ad
2405 4855 2567 4928 Deum
2614 4856 2825 4928 proprie
2864 4859 3125 4926 pertinet,
3157 4859 3276 4925 quia
3323 4860 3554 4928 suscepit
3593 4876 3688 4914 eos
3718 4867 3810 4928 qui
3842 4883 3873 4918 a

2292 4925 2513 4979 Domino
2533 4924 2656 4978 Jesu
2677 4926 2820 4979 missi
2845 4924 3016 4991 erant;
3042 4924 3494 4995 quemadmodum
3510 4931 3701 4984 donius
3727 4924 3874 4990 illius

2290 4995 2474 5049 Rahab
2500 4995 2624 5048 olim
2653 4995 2968 5066 meretricis,
3001 5013 3119 5066 qua:
3141 4999 3552 5065 cxploratoresa
3579 5000 3708 5054 Jesu
3737 5008 3875 5059 mis-

2289 5080 2378 5120 sos
2406 5066 2631 5132 excepit,
2657 5065 2870 5119 Jericho
2901 5065 3192 5127 devastata.
3226 5079 3434 5122 servata
3463 5071 3572 5123 sola
3607 5070 3724 5124 fuit.
3764 5074 3871 5128 Ita-

2288 5151 2389 5204 que
2419 5136 2514 5189 etsi
2541 5137 2716 5203 plures
2742 5137 2850 5188 sint
2877 5135 3216 5191 Hebraeorum
3247 5137 3457 5204 domus,
3483 5140 3638 5194 unius
3664 5151 3872 5200 tantum

2289 5207 2390 5259 vim
2412 5205 2623 5269 habent,
2651 5215 2772 5259 utet
2791 5206 3015 5261 diversa:
3043 5221 3135 5274 per
3163 5207 3320 5260 urbes
3337 5219 3389 5261 et
3412 5211 3553 5263 vicos
3585 5211 3868 5278 Ecclesiae,

2288 5292 2404 5346 quae
2445 5278 2621 5346 plures
2652 5291 2873 5328 numero
2917 5287 3076 5338 sunt,
3123 5293 3225 5330 una
3263 5288 3387 5332 sunt
3424 5279 3681 5335 Ecclesia.
3716 5281 3871 5339 Unus

2288 5345 2443 5417 enim
2470 5347 2520 5398 in
2564 5345 2664 5417 illis
2709 5347 2952 5417 Christus
2992 5348 3185 5415 ubique
3215 5360 3330 5413 est,
3375 5349 3640 5416 perfectus
3671 5351 3786 5417 ipse
3817 5365 3873 5410 et

2289 5416 2562 5471 intlivisus.
2592 5414 2714 5469 Ideo
2744 5416 2970 5483 perfecta
2999 5414 3115 5470 erat
3155 5419 3203 5469 in
3233 5414 3453 5486 singulis
3480 5414 3872 5478 :rdibus'victi-

2287 5502 2368 5540 ma
2395 5528 2410 5552 ,
2441 5500 2538 5538 nec
2575 5486 2639 5538 ad
2679 5486 2916 5540 diversas
2950 5487 3301 5540 dividebatur.
3341 5489 3471 5542 Dicit
3495 5491 3636 5543 enim
3670 5491 3871 5549 Paulus

2288 5573 2384 5611 nos
2404 5569 2589 5610 omnes
2619 5572 2779 5609 unum
2806 5571 2925 5609 esse
2954 5561 3002 5610 in
3032 5558 3267 5614 Chrism.
3292 5560 3412 5625 quia
3445 5558 3588 5613 Unus
3617 5560 3870 5618 Dominus

2288 5638 2358 5681 cst
2385 5670 2399 5691 ,
2443 5637 2488 5680 et
2518 5643 2618 5678 una
2647 5628 2773 5693 ﬁdes
2809 5625 3035 5749 ςΕρΙιεδ.
3067 5628 3116 5680 4.
3147 5627 3234 5694 5).
3269 5628 3526 5684 Unionem
3555 5646 3680 5699 ergo
3715 5632 3866 5688 illam

2288 5700 2512 5749 victima:
2553 5696 2812 5749 intlivisibi
2843 5713 2923 5749 em
2965 5698 3046 5749 lex
3079 5698 3126 5749 itt
3161 5698 3368 5749 Christo
3399 5702 3509 5749 fore
3555 5705 3866 5749 necessario

2288 5700 2512 5752 victima:
2553 5696 2923 5750 indivisibilem
2965 5698 3046 5751 lex
3079 5698 3126 5749 in
3161 5698 3368 5752 Christo
3399 5702 3509 5754 fore
3555 5696 3869 5756 necessario

2289 5767 2655 5839 pnefigurabat
2679 5808 2692 5832 ,
2728 5783 2934 5839 necnon
2966 5768 3216 5839 Ecclesiae
3249 5772 3521 5823 unitatem.
3555 5770 3609 5823 In
3646 5773 3867 5827 Christo

2288 5837 2466 5911 utique
2507 5847 2559 5894 ct
2589 5837 2644 5896 in
2687 5837 2950 5894 sacrificio
2984 5838 3182 5892 Christi
3223 5839 3446 5896 salutem
3477 5840 3776 5904 habemus;
3809 5853 3868 5900 ct
