4042 6428
214 355 323 409 715

208 469 396 526 omnia
421 509 437 536 ,
482 481 608 538 qua:
643 473 767 519 ante
799 459 1270 538 adventumfncre
1295 500 1310 520 ,
1342 466 1391 511 et
1425 456 1805 538 adadvcptnm

210 525 517 612 praeparata
539 536 702 612 fuisse
741 532 985 588 novimus
1013 547 1028 611 ξ
1061 537 1114 584 et
1143 529 1243 584 hoc
1263 543 1441 612 tinum
1565 525 1714 612 initio
1739 527 1806 609 ad

209 596 445 664 salutem
473 608 568 662 toti
596 606 828 659 humano
846 601 1027 671 generi
1063 599 1391 671 propositum
1421 596 1587 671 fuisse
1608 637 1622 659 ,
1655 598 1806 671 quasi

207 689 340 735 ante
368 679 557 733 oculos
587 687 780 741 nempe
803 665 1079 741 Christum
1106 665 1203 741 pro
1228 669 1480 722 omnibus
1518 665 1804 741 immolari.

206 749 366 805 Hanc
397 761 560 818 porro
588 737 816 798 salutem
836 737 1540 818 tini_Ecclesi:eco_mpetere
1558 737 1765 818 scimus
1789 779 1805 803 ,

207 807 600 888 neminemque
636 825 792 888 extra
835 810 1130 888 Ecclesiam
1176 816 1231 861 et
1274 807 1432 861 fidem
1487 807 1807 888 catholicam

203 903 375 958 posse
417 876 739 941 vel'Christi
781 883 865 958 vel
900 879 1102 958 salutis
1141 892 1261 932 esse
1304 886 1642 958 .ccns‘ct-tem.
1684 876 1810 958 [hee

203 946 336 1012 cum
377 959 652 1018 sciamus,
676 968 782 1007 non
815 953 866 1006 in
900 951 1159 1018 legalibus
1180 987 1194 1010 ,
1226 948 1319 1000 sed
1351 947 1400 1001 in
1429 946 1648 1000 Christo
1686 947 1808 1018 uni-

202 1028 356 1084 versi
397 1025 546 1082 orbis
586 1017 810 1078 salutem
862 1017 1048 1090 perlici
1087 1020 1372 1083 novimus,
1419 1031 1594 1090 neque
1644 1017 1808 1070 ullam

204 1113 363 1166 spem
398 1097 575 1164 impiis
601 1088 896 1166 lia-resimis
925 1090 1276 1159 relinquimus
1294 1088 1434 1166 ,_scd
1462 1103 1492 1141 a
1521 1101 1618 1166 spe
1649 1102 1810 1166 pror-

203 1157 307 1223 siis
333 1167 457 1222 illas
477 1157 848 1228 excludimns,
882 1169 938 1215 ut
975 1157 1094 1228 quae
1133 1173 1232 1212 nec
1261 1157 1812 1228 minimami’babmnt

204 1253 336 1292 cum
366 1237 583 1292 Christo
608 1227 1073 1294 communionem;
1097 1229 1192 1282 sed
1220 1230 1415 1282 frustra
1439 1243 1498 1282 se
1519 1227 1588 1281 de
1623 1228 1810 1282 Serva-

209 1309 350 1362 toris
376 1307 595 1361 nomine
615 1304 878 1371 jactitent,
899 1314 953 1355 ut
982 1300 1101 1354 illos
1125 1300 1392 1371 decipiant
1412 1307 1463 1352 et
1480 1297 1693 1364 laedant,
1717 1299 1807 1367 qtti

207 1379 296 1432 vel
329 1377 530 1431 nomini
549 1369 631 1430 vel
652 1373 845 1443 speciei
876 1372 1052 1442 potius
1079 1369 1360 1443 attendere
1372 1377 1618 1443 possunt,
1648 1384 1808 1437 quam

206 1447 446 1502 veritati.
471 1445 639 1500 Nemo
659 1439 819 1512 igitur
846 1439 1027 1512 vetera
1049 1439 1312 1512 aChristo
1331 1439 1620 1508 disiungat;
1649 1454 1809 1495 nemo

205 1517 518 1588 quempiam
557 1509 796 1588 veterum
825 1513 943 1567 sine
969 1510 1185 1588 Christo
1213 1509 1440 1588 salutem
1460 1524 1590 1588 esse
1617 1524 1814 1588 consc-

206 1579 438 1656 quutn'm
466 1587 785 1656 suspicetur;
818 1597 975 1637 nemo
1000 1581 1140 1645 illos,
1170 1581 1260 1656 qui
1291 1593 1432 1656 nunc
1455 1579 1585 1632 falsa
1610 1579 1809 1656 docent

206 1648 268 1711 et
313 1648 599 1712 veritatem
637 1655 858 1718 vitiant,
901 1648 1576 1719 vanasquc'Ecclesiarutn
1605 1648 1807 1705 formas

209 1735 408 1796 parant
435 1734 583 1780 extra
604 1725 973 1796 veritatemet
997 1718 1197 1776 alienas
1221 1719 1514 1796 aChristc,
1546 1718 1806 1774 Christia-

208 1790 313 1851 nos
327 1807 503 1861 vocet,
534 1795 616 1851 vel
645 1794 1076 1849 communionem
1105 1807 1229 1848 cum
1262 1792 1365 1845 illis
1393 1790 1605 1861 habeat;
1631 1805 1806 1860 neque

206 1872 357 1921 enim
387 1860 515 1921 licet
546 1884 559 1918 :
582 1864 835 1936 quoniam
870 1879 975 1919 non
994 1861 1221 1936 effertur
1248 1875 1312 1917 ex
1340 1874 1490 1936 sacra
1512 1860 1674 1936 domo
1695 1863 1806 1917 vic-

208 1938 363 2003 tima,
403 1951 578 2004 neque
599 1931 690 1991 'ad
733 1934 1167 2004 communionem
1203 1933 1471 2004 extraneis
1515 1931 1801 2000 profertur.

205 2004 316 2061 Sed
345 2006 412 2062 ad
441 2003 647 2060 Dumini
669 2005 892 2076 gloriam
914 2003 1308 2076 przefiguratum
1341 2003 1581 2076 videmus
1606 2017 1802 2076 agnum

205 2089 331 2132 esse
372 2075 624 2132 debuisse
669 2073 962 2145 perfectum
986 2112 1003 2137 ,
1063 2075 1356 2145 masculum
1381 2112 1394 2134 ,
1421 2073 1746 2145 anniculum
1785 2090 1803 2127 °.

203 2146 524 2214 perfectum,
545 2141 683 2214 quia'
701 2145 945 2200 Christus
978 2144 1121 2199 omni
1146 2157 1363 2212 prorsus
1383 2141 1578 2198 virtute
1599 2144 1800 2214 instru-

201 2213 324 2270 ctus
343 2225 448 2284 est,
466 2223 521 2272 et
544 2213 691 2270 omni
717 2216 878 2269 modo
899 2216 1286 2277 immaculatus,
1311 2222 1471 2282 atque
1494 2227 1523 2266 a
1543 2213 1802 2284 principio

200 2286 272 2340 ad
296 2282 454 2342 finem
469 2287 612 2341 nulla
631 2301 824 2354 expers
843 2295 928 2339 est
947 2286 1172 2352 justitia,
1197 2295 1254 2337 ut
1280 2285 1392 2354 ipse
1417 2283 1491 2336 ait
1520 2301 1534 2336 :
1563 2282 1800 2354 Siqem'm

201 2371 299 2410 nos
321 2358 461 2411 decet
489 2352 1192 2428 implere'iomnartjnstitiam
1223 2352 1442 2428 (Matth.
1470 2354 1523 2408 ὅ.
1555 2352 1682 2428 l5).
1717 2354 1800 2409 ld-

199 2428 346 2483 circo
377 2425 570 2482 omnes
598 2426 830 2480 victima:
851 2425 1213 2480 offerebantur
1239 2425 1490 2494 perfecta:
1521 2425 1798 2494 etimma-

199 2497 430 2568 culataz,
459 2500 584 2568 quia
619 2512 808 2551 omnes
835 2495 1086 2568 infigura
1121 2495 1318 2550 Christi
1362 2493 1794 2568 immolabantur.

197 2564 520 2637 Sacerdotes
542 2581 754 2637 quoque
783 2564 1049 2635 perfectos
1078 2581 1199 2622 esse
1223 2576 1277 2620 ct
1304 2579 1531 2637 corpot'e
1561 2564 1796 2637 integros

194 2635 355 2707 jussit
385 2638 522 2693 Deus
541 2633 574 2703 ,“
588 2633 707 2707 quia
737 2633 926 2692 omnes
951 2637 1115 2707 ﬁgura
1143 2646 1296 2692 erant
1323 2638 1432 2707 veri
1463 2633 1790 2690 Sacerdotis.

196 2706 466 2762 Masculus
503 2706 622 2763 erat
662 2723 830 2778 agnus
854 2748 867 2766 .
899 2706 1019 2776 quia
1050 2707 1138 2761 hic
1177 2721 1337 2778 sexus
1374 2706 1480 2778 dux
1519 2713 1648 2778 est”:
1679 2721 1792 2762 mas

197 2777 340 2848 enim
368 2781 651 2848 corporale
669 2775 827 2831 habet
859 2775 1138 2845 imperium
1182 2776 1233 2829 in
1266 2776 1540 2848 feminam.
1591 2775 1788 2834 Natura

194 2847 338 2901 enim
371 2859 424 2903 et
460 2845 686 2904 veritate
714 2848 958 2902 Christus
999 2849 1106 2901 dux
1136 2857 1218 2900 est
1251 2856 1304 2899 et
1331 2845 1464 2916 Rex:
1497 2855 1680 2914 utpote
1701 2848 1789 2916 qui

193 2918 264 2971 sit
288 2918 521 2973 caelestis
546 2918 740 2982 homo,
772 2917 924 2971 nobis
968 2918 1285 2984 conjunctus
1315 2927 1370 2968 ιιι
1404 2915 1567 2970 frater
1592 2915 1786 2970 secun-

193 2988 321 3040 dum
343 2988 616 3046 carnalem
650 2999 918 3044 naturam.
953 2989 1221 3056 imperans
1245 2995 1422 3056 autem
1447 2995 1504 3039 ut
1521 2987 1789 3042 Dominus

191 3058 485 3114 secundum
508 3060 838 3127 spiritualem
860 3054 1217 3112 divinitatem.
1245 3054 1475 3126 Ideoque
1498 3059 1610 3125 ipse
1624 3071 1789 3125 Spon-

191 3143 284 3205 sns
312 3137 560 3205 estnnus
583 3170 598 3193 ,
639 3130 779 3205 quod
809 3142 1003 3205 spons:t
1036 3129 1099 3182 sit
1147 3137 1253 3205 tota
1302 3131 1530 3181 humana
1572 3137 1784 3181 natura.

190 3197 374 3282 Neque
401 3197 1051 3282 Joann_es:prophetarun_i
1092 3197 1354 3279 maximus
1398 3211 1628 3282 sponsiliis
1665 3206 1781 3282 est,

192 3281 252 3324 ut
290 3267 408 3338 ipse
447 3271 521 3324 ait
551 3269 618 3324 de
657 3267 965 3324 Christo-et
1004 3270 1070 3321 de
1104 3268 1434 3338 semetipso;
1461 3267 1528 3320 de
1569 3267 1784 3323 Christo

189 3336 426 3409 quidem.
583 3341 729 3394 liabet
752 3356 1013 3420 sponsam,
1043 3354 1268 3420 sponsus
1280 3348 1390 3420 ac.
1400 3336 1472 3420 de
1494 3338 1783 3419 semetipso

189 3408 393 3472 autem.
424 3411 629 3465 Amicus
647 3427 763 3465 vero
783 3410 977 3481 sponsi,
998 3408 1082 3479 qui
1104 3418 1203 3463 stat
1221 3417 1269 3461 et
1287 3408 1428 3461 audit
1455 3424 1623 3462 vocem
1648 3410 1778 3478 ejus,

1509 340 1575 394 lN
1613 337 1874 396 PASCHA
1920 337 1959 394 Ι.
2006 338 2093 395 ΕΤ
2128 337 2194 394 ll.

3415 349 3521 406 726

1916 458 2102 525 gaudio
2123 457 2311 533 gaudet
2340 467 2733 533 praptervccem
2756 458 2955 533 sponsi;
2971 457 3085 533 Iloq
3099 442 3518 533 igiturgmtdiitm

1921 543 2098 602 meum
2130 529 2391 602 impletum
2435 531 2560 602 est_(
2581 527 2749 602 Joan.
2784 527 2842 582 3.
2878 527 3252 602 297).”Néque
3274 527 3518 602 ’προδιοιὶ

1917 597 2099 664 sponsi
2152 607 2277 652 sunt
2335 596 2628 662 Ecclesite;
2680 596 3344 656 etiamsi'sintilitudineni
3395 618 3520 658 cum

1915 663 2130 740 Christo
2205 669 2537 740 sectmdmm
2563 669 2790 740 gratiam
2838 671 3176 740 hareeperiut
3205 712 3220 734 ,
3243 681 3297 727 ct
3321 670 3520 736 Christi

1917 737 2007 811 filii
2041 748 2256 811 propter
2280 737 2478 811 σιμ-ἰ)ιί
2507 737 2774 811 Spiritum
2794 738 2966 794 effecti
2997 737 3124 793 sint.
3155 741 3261 796 Sed
3288 743 3413 811 quid
3443 746 3519 804 ait

1916 807 2103 859 beatus
2129 808 2366 885 Paulus?
2397 807 2830 885 ρρδροηιζὶ-εηρη
2870 825 2964 885 vos
2995 811 3094 885 uni
3125 811 3231 885 viro
3270 807 3519 885 virginem

1915 886 2106 947 castam
2137 879 2370 932 exhibere
2397 879 2596 932 Christo
2628 879 2718 947 (2.
2752 877 2869 932 Cor.
2907 880 2990 934 11-
3026 879 3062 932 2
3085 881 3121 946 ).
3161 882 3272 936 Dux
3302 877 3430 947 ergo
3465 896 3522 939 et

1915 946 2221 1019 dominator
2243 958 2296 1019 ct
2318 965 2410 1002 rex
2438 959 2521 1002 est
2548 946 2805 1019 Dominus
2825 989 2838 1012 ,
2881 965 2989 1002 non
3018 951 3178 1006 modo
3221 953 3343 1019 quia
3365 946 3515 1010 Deus

1914 1026 2031 1089 erat
2048 1017 2098 1070 in
2115 1018 2437 1084 hominibus,
2456 1020 2548 1073 sed
2568 1017 2728 1073 etiam
2748 1020 3040 1074 secundum
3060 1017 3516 1089 pmexsistetiteni

1915 1085 2271 1158 divinitatem,
2294 1091 2414 1156 quia
2437 1098 2625 1143 natura
2646 1089 2762 1144 {lex
2797 1102 2878 1144 est
2905 1085 3081 1144 omnis
3102 1101 3387 1158 creatum;
3412 1111 3517 1148 non

1915 1157 2058 1226 quod
2087 1175 2151 1213 ex
2179 1161 2350 1283 fratia
2381 1175 2602 1227 regnum
2647 1161 2914 1226 acceperit
2943 1202 2958 1226 ,
2987 1161 3081 1215 sed
3120 1163 3262 1230 quod
3292 1157 3426 1218 illud
3465 1166 3518 1219 in

1917 1230 2141 1283 veritate
2197 1230 2374 1283 tabeat
2431 1246 2528 1283 per
2569 1233 2972 1283 uenerationem
3020 1248 3047 1283 a
3097 1232 3276 1283 Patre.
3323 1235 3517 1283 Adhuc

1917 1230 2141 1300 veritate
2181 1230 2374 1284 habeat
2431 1246 2528 1300 per
2569 1233 2972 1293 generationem
3020 1248 3047 1284 a
3097 1232 3276 1288 Patre.
3323 1235 3517 1291 Adhuc

1915 1299 2076 1352 etiam
2104 1301 2384 1355 anniculus
2413 1299 2530 1354 erat
2557 1316 2725 1370 agnus
2749 1320 2762 1355 :
2791 1303 2931 1370 quod
2959 1303 3295 1369 significabat
3327 1305 3512 1359 Domi-

1915 1384 2058 1443 num
2089 1386 2286 1443 novum
2317 1371 2367 1443 in
2398 1379 2548 1443 terra
2573 1386 2696 1443 esse
2717 1413 2732 1437 ,
2765 1373 2854 1440 qui
2904 1371 3038 1426 nihil
3079 1375 3415 1443 antiquitatis
3463 1377 3514 1431 in

1918 1439 2226 1514 hominibus
2244 1440 2494 1514 haberet.
2526 1441 2581 1497 Si
2612 1444 2732 1510 quis
2761 1439 2892 1512 ergo
2919 1439 3226 1514 simplicem
3243 1446 3512 1501 hominem

1914 1509 2058 1583 dicat
2100 1513 2384 1583 Dominum
2411 1553 2424 1576 ,
2466 1522 2522 1567 et
2564 1509 2642 1568 sic
2693 1509 2899 1568 natura
2939 1509 3138 1568 nostra}
3185 1524 3347 1583 ponat
3396 1532 3517 1572 esse

1913 1581 2219 1654 Christum;
2252 1582 2338 1638 hic
2361 1598 2530 1653 agnus
2563 1599 2668 1639 non
2700 1593 2783 1641 est
2813 1583 3081 1651 perfectus
3108 1581 3283 1654 neque
3325 1588 3511 1640 imma-

1913 1651 2153 1723 culatns;
2209 1651 2642 1723 nullus'qnippc
2713 1658 2874 1708 homo
2939 1662 3029 1710 est
3093 1651 3513 1720 immaculatus;

1913 1721 2004 1797 hic
2027 1738 2197 1797 agnus
2241 1739 2344 1797 non
2374 1721 2475 1780 est
2508 1721 2824 1780 masculus:
2877 1726 3055 1780 nullus
3104 1726 3303 1797 quippe
3351 1729 3515 1782 homo

1914 1793 2198 1862 imperium
2256 1795 2416 1851 habet
2481 1797 2723 1850 naturale
2779 1804 2836 1850 et
2897 1793 3323 1852 universum—in
3382 1813 3514 1854 con-

1910 1879 2138 1933 genercs
2155 1866 2253 1920 sibi
2275 1866 2539 1920 homines.
2561 1871 2636 1920 Ac
2659 1869 2748 1936 qui
2777 1865 3059 1920 Dominum
3079 1867 3222 1920 inter
3237 1879 3514 1924 creaturas

1913 1945 2178 1998 numerat.
2202 1937 2438 2005 dicitque
2468 1936 2613 1990 illum
2643 1951 2740 2005 per
2761 1936 2984 2005 gratiam
3009 1938 3262 1992 deitatem
3288 1938 3510 2005 habere,

1912 2023 2017 2060 non
2048 2023 2252 2074 veram,
2286 2021 2461 2132 necum
2493 2007 2579 2060 hic
2604 2009 2897 2061 masculam
2933 2007 3091 2062 habet
3119 2007 3386 2063 victimam
3412 2025 3510 2080 pro

1912 2091 1968 2130 se
1990 2079 2336 2132 immolatam.
2415 2094 2483 2132 on
2514 2080 2657 2132 enim
2701 2078 2846 2132 novit
2871 2092 2993 2132 eum
3019 2119 3034 2132 .
3063 2078 3153 2132 oui
3179 2086 3365 2132 natura
3395 2080 3508 2132 ιιυι

1910 2091 1968 2130 se
1990 2079 2336 2132 immolatam.
2369 2078 2483 2132 Non
2514 2080 2657 2132 enim
2701 2078 2846 2132 novit
2871 2092 2993 2134 eum
3019 2119 3034 2143 ,
3063 2078 3153 2148 qui
3179 2086 3365 2134 natura
3395 2078 3508 2134 ιιυι

1908 2157 2010 2207 est.
2039 2148 2131 2204 sed
2160 2149 2225 2203 ad
2254 2150 2435 2212 alium,
2472 2149 2560 2215 qui
2593 2164 2690 2204 nec
2717 2159 2902 2202 natura
2934 2163 3034 2203 nec
3067 2165 3192 2202 vere
3223 2149 3315 2204 rex
3339 2151 3427 2213 sit,
3452 2165 3511 2205 se

1907 2220 2197 2290 convertit.
2229 2219 2334 2274 Sed
2361 2230 2414 2273 et
2443 2220 2488 2274 si
2516 2218 2636 2290 quis
2659 2234 2722 2272 ex
2753 2217 2983 2272 huma’na
3013 2227 3278 2274 vetustate
3305 2219 3507 2290 aliquid

1909 2289 1960 2343 iii
1980 2290 2247 2346 Christum
2271 2289 2497 2351 derivat,
2527 2288 2606 2342 vel
2636 2290 2806 2356 ipsam
2827 2291 3028 2353 peccati
3057 2304 3308 2358 capacem
3325 2288 3506 2345 dicere

1905 2362 2068 2414 audet
2093 2401 2108 2422 ,
2153 2361 2236 2414 vel
2280 2361 2412 2425 legis
2459 2360 2703 2415 servituti
2737 2359 3036 2428 subjectum
3066 2400 3081 2425 ,
3121 2369 3214 2413 aut
3253 2361 3411 2414 morti
3440 2377 3508 2415 ex

1906 2432 2228 2486 necessitate
2275 2430 2616 2498 subjectum;
2671 2429 2758 2483 hic
2807 2429 3119 2483 anniculum
3175 2444 3280 2484 non
3339 2429 3503 2484 habet

1904 2517 2100 2570 agnum
2125 2541 2141 2567 ,
2175 2515 2348 2569 neque
2397 2502 2691 2554 novitatem
2727 2499 2870 2570 illam
2918 2500 3124 2562 sensit,
3155 2515 3276 2568 qnze
3323 2511 3406 2554 est
3454 2517 3506 2556 in

1901 2569 2139 2626 Christo.
2184 2571 2371 2625 Restat
2397 2579 2454 2623 nt
2473 2580 2526 2624 et
2553 2571 2674 2639 agni
2697 2579 2752 2623 et
2781 2569 2925 2641 haedi
2960 2570 3268 2641 symbolum
3302 2570 3504 2623 intelli-

1901 2652 2072 2710 gatur.
2110 2642 2207 2696 Est
2232 2642 2391 2712 igitur
2413 2655 2602 2712 agnus,
2631 2639 2925 2712 secundum
2956 2639 3169 2712 Isaiam,
3195 2651 3506 2712 mansuetu-

1901 2709 2043 2767 dinis
2068 2709 2266 2766 Christi
2293 2711 2594 2780 symbolum
2625 2728 2639 2764 :
2671 2725 2791 2765 nam
2809 2709 3074 2765 Sicntoris
3100 2710 3169 2762 ad
3199 2709 3504 2780 occisionem

1899 2783 2080 2836 ductus
2109 2793 2202 2845 est,
2231 2791 2277 2852 et
2297 2777 2426 2835 εἷται
2442 2798 2604 2852 agnus
2626 2797 2799 2834 coram
2822 2780 3058 2852 tondente
3080 2795 3135 2833 se
3149 2789 3318 2852 mutus
3342 2777 3498 2845 (Isai.

1899 2854 1988 2908 55.
2023 2853 2101 2919 7).
2135 2851 2336 2906 Haedus
2357 2849 2491 2906 vero
2511 2853 2804 2905 secundum
2835 2849 3028 2918 legem,
3055 2857 3138 2904 est
3165 2850 3377 2919 victima
3402 2865 3499 2917 pro

1969 2917 2119 2978 cca‘to
2145 2941 2158 2977 :
2185 2921 2425 2984 "tedam,
2459 2921 2651 2990 inquit,
2679 2917 2924 2988 θεωρῶ
2954 2935 3048 2988 pro
3078 2929 3281 2987 peccato
3312 2917 3497 2990 (Leuit.

1969 2938 2119 2978 ccato
2145 2941 2158 2977 :
2185 2938 2425 2984 utetiam,
2459 2938 2651 2990 inquit,
2679 2938 2924 2988 excaprts
2954 2938 3048 2988 pro
3078 2938 3281 2987 peccato
3312 2938 3497 2984 (bam.

1896 2938 1964 3048 Et?
1984 2995 2016 3048 6
2021 2994 2068 3063 ).
2101 2992 2322 3046 Oblatus
2351 3007 2480 3060 ergo
2518 3003 2829 3046 mansuetus
2857 3001 2912 3044 ut
2941 2991 3056 3043 ovis
3080 3029 3095 3054 ,
3127 2990 3277 3058 quasi
3311 2988 3499 3063 litedus

1896 3079 1996 3134 pro
2021 3059 2265 3134 peccato
2291 3059 2602 3134 immolatus
2633 3070 2718 3114 est
2743 3103 2756 3126 ,
2782 3075 2851 3134 ac
2900 3075 2996 3134 per
3032 3059 3496 3114 mansuetudinem

1894 3130 2047 3189 suam
2073 3149 2195 3188 sese
2220 3133 2406 3186 obtulit
2437 3132 2503 3184 ad
2529 3133 2756 3184 salutem
2781 3130 3080 3200 hominum,
3111 3145 3269 3200 quam
3298 3144 3495 3183 consc-

1892 3206 1982 3276 qui
2003 3219 2283 3274 precemur
2307 3201 2573 3276 perlidetu
2597 3213 2648 3254 et
2679 3201 3021 3255 dilectionem
3043 3199 3385 3276 .lesttChristi
3407 3202 3497 3276 qui

1894 3269 2083 3346 passus
2111 3284 2194 3346 est
2215 3269 2504 3346 pro'nobis,
2523 3287 2789 3346 perquem
2802 3280 2991 3346 etcum
3019 3284 3127 3346 quo
3149 3269 3290 3324 Patri
3305 3269 3494 3346 gloria,

1892 3339 2102 3416 unaque
2142 3339 2361 3414 Spiritui
2389 3352 2575 3398 sancto
2617 3339 2670 3395 in
2697 3341 2893 3397 srccula
2920 3339 3260 3395 saeculorum.
3302 3342 3494 3395 Amen.

1439 3607 1503 3651 ιι(
1547 3607 1843 3652 εηοτωι
1889 3608 2157 3653 PASCHA.
2204 3606 2277 3648 Π.

261 3737 484 3810 legales
511 3735 691 3806 figura:
709 3735 1065 3810 rationabiles
1080 3740 1135 3788 et
1154 3732 1363 3810 veritati
1393 3741 1776 3810 consentapete

189 3805 472 3880 apparent,
503 3805 562 3860 ut
588 3806 730 3880 quod
747 3819 923 3880 agnus
937 3806 1016 3880 _sit_
1055 3805 1442 3880 immaculatus,
1471 3819 1629 3873 quam
1654 3805 1788 3880 Ras-

189 3873 308 3937 ch'a:
361 3873 634 3932 victimam
683 3877 766 3932 lex
784 3873 1128 3939 adhibebat;
1177 3874 1319 3944 quod
1375 3873 1446 3927 sit
1490 3875 1782 3944 masculus,

190 3949 332 4019 quod
361 3946 662 4019 anniculus,
697 3948 834 4019 quod
875 3946 1080 4019 decima
1109 3943 1312 3998 mensis
1337 3954 1546 4013 captus,
1579 3943 1787 4019 decima

191 4015 384 4090 quarta
405 4018 472 4090 ad
504 4015 782 4090 vesperam
802 4017 1130 4090 immoletnr,
1157 4025 1319 4084 atque
1343 4024 1402 4068 ιιι
1430 4029 1550 4068 cum
1580 4015 1785 4090 Pascha

191 4085 587 4153 celebrabatur,
618 4087 669 4141 id
700 4089 907 4141 initium
950 4087 1212 4140 mensium
1257 4093 1616 4153 reputaretur.
1661 4085 1786 4142 Haec

190 4163 388 4229 quippe
415 4159 594 4217 omnia
622 4159 672 4211 in
700 4157 915 4229 Christo
955 4168 1009 4211 et
1065 4157 1116 4210 in
1146 4154 1342 4209 Christi
1377 4157 1624 4229 passione
1651 4171 1785 4211 con-

191 4227 356 4292 stant.
373 4242 428 4284 et
449 4244 572 4284 vera
597 4228 1000 4297 necessariaque
1017 4236 1143 4280 sunt
1162 4241 1177 4290 ;
1199 4227 1493 4297 secundum
1525 4242 1583 4280 se
1605 4238 1782 4282 autem

192 4301 430 4382 sect-sim.
446 4307 677 4382 sumpta,
701 4297 897 4381 nullam
919 4295 1688 4382 ‘possuntJtabci-etationem.“
1703 4297 1783 4352 llli

190 4385 322 4440 vero
342 4371 430 4440 qui
458 4366 728 4425 Christum
761 4366 1043 4440 ignorant,
1076 4367 1221 4440 nullo
1267 4366 1427 4420 modo
1455 4367 1569 4440 hsce
1593 4367 1782 4440 defen-

190 4439 322 4495 dere
353 4437 579 4511 possint,
612 4437 1007 4511 nequc’doccre
1031 4452 1128 4491 cur
1157 4437 1242 4511 illa
1271 4438 1587 4504 praeceperit
1611 4437 1780 4494 Deus:

193 4508 368 4580 neque
395 4513 507 4565 ullo
551 4508 804 4581 explicari
847 4509 1009 4562 modo
1059 4508 1244 4581 possit,
1282 4522 1379 4560 cur
1419 4511 1635 4581 victima
1688 4524 1784 4579 pro

192 4579 364 4635 salute
405 4579 882 4652 primogenitorum
915 4580 1276 4652 praecipiatur,
1305 4591 1400 4652 cur
1450 4579 1632 4652 unctio
1658 4595 1784 4634 san-

190 4652 366 4720 guinis
394 4648 445 4705 i'n
480 4648 713 4715 foribus;
755 4649 913 4720 quam
943 4651 1048 4703 vim
1081 4648 1274 4720 haheat
1301 4648 1366 4700 ad
1393 4649 1620 4704 salutem
1669 4653 1784 4719 pri-

193 4718 585 4792 inogenitorum
633 4718 968 4792 victimarum
1014 4718 1294 4792 mactatio;
1337 4732 1432 4771 cur
1469 4718 1781 4792 necessaria

191 4793 253 4862 sit
286 4789 561 4862 sanguinis
589 4792 767 4862 unctio
796 4791 860 4844 ad
890 4791 1098 4862 signum
1125 4789 1431 4842 domorum.
1469 4789 1607 4844 Dens
1635 4793 1778 4847 enim

192 4860 584 4932 ahsquefsignis
614 4860 962 4932 Hebraeorum
992 4860 1181 4912 domos
1219 4867 1472 4921 noverat;
1499 4867 1560 4932 ut
1586 4863 1778 4917 mirum

190 4933 259 4985 sit
280 4929 409 4987 illud
440 4929 680 4988 {Videbo
697 4931 992 5001 sanguinem
1013 4939 1058 4983 et
1087 4929 1656 5001 protegontvosfood.
1690 4933 1778 4987 12.

193 5002 303 5074 15).
332 5003 432 5069 Qui
464 5014 641 5074 autem
672 4999 806 5055 lure
833 5002 898 5053 ad
932 5001 1210 5074 veritatem
1256 4999 1540 5074 deduxerit
1567 5017 1775 5074 ,Uquam

190 5068 525 5128 rationabilis
556 5074 663 5126 sint
695 5080 969 5140 agnoscet,
996 5079 1051 5124 nt
1080 5073 1130 5123 in
1164 5084 1321 5139 supra
1350 5068 1507 5124 dictis
1534 5068 1652 5126 aliis
1684 5087 1777 5127 os-

192 5147 479 5198 tendimus.
511 5142 644 5198 Cum
673 5144 815 5196 enim
862 5142 1196 5195 immaculata
1235 5140 1440 5192 victima
1489 5156 1584 5198 pro
1625 5144 1778 5198 nobis

190 5216 407 5278 patitur,
440 5228 585 5268 mors
611 5228 638 5266 a
687 5215 859 5280 primo
903 5212 1118 5265 homine
1161 5210 1383 5280 inducta
1422 5210 1668 5274 solvitur.
1695 5223 1778 5269 -et

190 5285 581 5354 primogenilus
611 5279 773 5336 homo
799 5323 813 5347 ,
841 5284 930 5352 qui
960 5279 1471 5354 in_nobis_omttil_itts
1499 5291 1603 5344 est,
1634 5282 1778 5354 salu-

189 5349 292 5408 tem
321 5349 546 5418 obtinet,
566 5349 962 5408 resurrectione
1013 5351 1223 5404 Domini
1261 5349 1577 5404 vivificatns.
1624 5352 1776 5408 Juste

189 5439 421 5493 namque
449 5427 580 5489 vita,
613 5438 734 5492 qu;c
769 5424 928 5476 solvit
973 5431 1344 5493 peceatumret
1399 5432 1650 5493 mogtem,
1695 5425 1771 5480 si-

185 5491 346 5563 gnum
377 5494 612 5548 salutare
636 5491 696 5548 se
722 5491 1162 5561 participantibus
1202 5492 1451 5563 efficitur.
1486 5491 1552 5544 Et
1577 5493 1644 5546 ad
1673 5495 1772 5548 hoc

186 5559 486 5637 respiciens
511 5564 656 5619 Deus
675 5605 691 5628 ,
716 5559 894 5637 servat
917 5559 1010 5616 eos
1039 5563 1126 5633 qui
1163 5559 1251 5614 illo
1275 5576 1388 5637 per
1435 5563 1596 5616 fidem
1627 5565 1770 5637 uncti

185 5633 328 5700 sunt,
353 5636 445 5706 qui
476 5633 580 5690 non
623 5636 728 5689 alio
772 5635 931 5688 modo
972 5643 1193 5706 possunt
1233 5633 1469 5706 eﬂ'ugere
1515 5636 1768 5706 angelum

183 5703 387 5773 justum
409 5706 696 5770 vindicem,
725 5706 826 5758 nisi
855 5721 949 5773 per
979 5705 1289 5772 sanguinem
1315 5703 1527 5771 benigni
1562 5705 1769 5760 Domini

175 5785 282 5846 pro
310 5776 463 5832 nobis
488 5776 736 5832 ell‘usum.
772 5773 954 5832 Videu'
980 5783 1234 5846 quantam
1262 5777 1365 5828 vim
1409 5773 1570 5829 habet
1601 5776 1767 5846 figura

1897 3748 2019 3789 cum
2044 3732 2271 3788 veritate
2292 3728 2675 3784 considerata?
2712 3728 2895 3799 itaque
2919 3729 2964 3784 si
3009 3730 3131 3800 quis
3167 3729 3386 3785 Iudaeus
3421 3730 3496 3784 di-

1899 3819 2025 3860 cere
2051 3805 2246 3857 audeat
2272 3819 2285 3857 :
2314 3801 2422 3856 Cur
2449 3801 2614 3854 Filius
2645 3814 2834 3870 passus
2879 3810 2963 3854 est
3007 3811 3064 3854 ut
3093 3800 3326 3855 mundus
3376 3817 3494 3856 ser-

1893 3885 2130 3938 varetur,
2154 3887 2216 3927 ac
2247 3873 2290 3926 si
2333 3887 2438 3926 non
2480 3871 2619 3924 alius
2644 3877 2791 3927 esset
2814 3869 3065 3926 servandi
3094 3870 3323 3926 modus?
3348 3871 3494 3925 dica-

1897 3953 1984 4000 tur
2010 3946 2058 4000 ei
2090 3960 2104 3996 :
2153 3944 2262 3998 Cur
2289 3942 2490 3996 Pascha
2526 3941 2857 3995 immolatum
2885 3949 2969 3995 est
3008 3939 3076 3994 ad
3105 3941 3334 3996 salutem
3384 3941 3491 4011 pri-

1893 4016 2286 4087 mOgenitorum
2300 4012 2629 4087 ludazorum,
2651 4028 2715 4067 ac
2742 4011 2794 4087 si
2814 4027 2920 4064 non
2950 4011 3058 4087 alio
3099 4011 3260 4087 modo
3286 4012 3489 4087 servari

1892 4080 2151 4154 possent?
2182 4085 2248 4140 Et
2277 4084 2369 4138 ille
2405 4084 2532 4151 quid
2565 4082 2889 4154 reSpondeat
2915 4098 3019 4135 non
3047 4080 3262 4140 habebit
3290 4082 3492 4154 (neque

1891 4152 2035 4210 enim
2064 4156 2206 4210 Deus
2233 4153 2500 4209 sacrificio
2522 4167 2660 4222 opus
2687 4152 2888 4217 habuit,
2922 4167 3096 4221 neque
3119 4153 3274 4222 signo
3305 4162 3364 4206 ιιι
3388 4153 3489 4207 (ιο.

1891 4240 2010 4281 mos
2037 4228 2445 4296 cognosceret);
2481 4225 2636 4296 nobis
2669 4237 2914 4296 vero_res
2947 4222 3060 4292 ipsa
3089 4221 3480 4296 patrocinatur,

1889 4304 1944 4350 et
1968 4291 2209 4351 sanctam
2240 4291 2402 4351 ﬁdem
2452 4291 2758 4348 testimonio
2791 4291 3004 4357 firmat,
3055 4291 3179 4348 cum
3234 4293 3488 4362 iniquitas

1891 4375 2075 4422 nostra
2106 4368 2158 4420 in
2179 4365 2375 4421 Christi
2404 4365 2608 4434 justitia
2633 4364 2882 4424 solvitur.
2911 4379 3039 4434 qu.e_
3056 4364 3165 4434 alio
3186 4363 3354 4434 modo
3379 4379 3486 4418 non

1894 4437 2200 4492 solveretur
2248 4432 2508 4507 (tenebrze
2537 4449 2769 4507 namque
2794 4449 2824 4507 a_
2875 4432 2992 4507 luce
3012 4432 3406 4507 dissipantur);
3432 4443 3489 4488 ct

1889 4522 2010 4561 cum
2040 4522 2188 4562 mors
2218 4503 2398 4561 nostra
2430 4521 2526 4574 per
2557 4505 2752 4560 Christi
2778 4505 2939 4559 vitam
2967 4503 3203 4574 fugatur,
3232 4515 3291 4559 ut
3309 4503 3488 4560 a'luce

1889 4577 2146 4632 tenebrae.
2178 4577 2339 4632 Sacra
2389 4577 2552 4644 igitur
2581 4584 2709 4646 erat
2728 4575 2816 4630 illa
2844 4589 3059 4645 quoque
3089 4575 3328 4640 victima,
3357 4575 3483 4646 quia

1887 4663 2032 4704 vera:
2067 4649 2297 4703 victima:
2337 4655 2494 4718 typus
2520 4655 2654 4700 erat.
2685 4645 2820 4718 liae
2864 4655 3042 4718 autem
3072 4660 3231 4718 sacra
3263 4645 3486 4718 omnino

1887 4727 1992 4784 est,
2021 4727 2207 4788 utpote
2237 4715 2528 4788 verm—qna:
2561 4731 2665 4788 per
2683 4716 3037 4785 ignorantiam
3069 4716 3359 4788 impiorum
3388 4715 3486 4770 ho-

1887 4786 2092 4842 minum
2119 4790 2278 4842 morti
2301 4798 2356 4842 et
2385 4787 2499 4841 neci
2534 4786 2724 4841 tradita
2756 4795 2872 4850 est;
2897 4802 2962 4840 ex
2993 4787 3273 4842 voluntate
3301 4799 3484 4841 autent

1887 4860 1978 4915 Dei
2007 4861 2058 4914 in
2085 4875 2292 4913 sacram
2319 4858 2546 4912 hostiam
2575 4867 2794 4925 accepta
2821 4868 2933 4922 est;
2959 4868 3012 4912 et
3037 4872 3104 4911 ex
3137 4858 3280 4912 illius
3319 4857 3486 4926 placi-

1887 4937 1941 4981 to
1987 4931 2128 4984 Patri
2179 4930 2380 4983 oblatio
2430 4927 2567 4982 facta
2609 4937 2712 4981 est.
2770 4927 3014 4981 Tradidit
3055 4929 3222 4992 enim,
3287 4930 3480 4996 inquit.

1887 4998 2046 5054 Pater
2069 5001 2262 5054 Filium
2289 5015 2387 5067 pro
2414 5000 2603 5060 nobis;
2636 5007 2691 5051 et
2724 4997 2920 5051 Obtulit
2967 4999 3293 5066 semetipsum
3334 4998 3474 5050 νειμ-ἰ

1883 5067 2130 5124 Christus
2151 5083 2250 5138 pro
2265 5070 2525 5133 Ecclesia,
2557 5069 2862 5121 oblationem
2884 5080 2930 5122 et
2951 5069 3259 5135 sacriﬁcium
3277 5068 3332 5122 in
3353 5069 3482 5122 odo-

1882 5141 2280 5220 rcnrsuavitatis
2313 5141 2527 5220 (Ep/tes.
2555 5139 2608 5193 5.
2636 5139 2716 5209 2).
2750 5142 2924 5220 atque
2961 5140 3067 5194 illis
3096 5139 3336 5220 quidem,
3382 5141 3478 5220 qui

1881 5210 2153 5264 Christum
2201 5226 2260 5264 se
2298 5207 2573 5266 occisuros
2604 5207 2927 5278 sperabant,
2973 5207 3333 5278 pertticiosttm
3378 5207 3479 5264 fuit

1882 5281 2167 5334 consilium
2195 5297 2208 5344 ;
2243 5282 2306 5334 iis
2331 5296 2480 5346 vero,
2509 5281 2598 5349 qui
2625 5280 2852 5332 salutem
2881 5294 2976 5346 per
3004 5288 3231 5335 mortem
3263 5279 3475 5334 Domini

1881 5361 2149 5419 quan-unt,
2179 5353 2426 5405 salutaris
2456 5361 2538 5405 est
2578 5350 2731 5403 ﬁdes.
2765 5349 2876 5403 llos
2925 5350 3056 5404 ultio
3084 5361 3138 5404 et
3168 5366 3315 5405 tuom
3351 5365 3473 5419 pcr-

1883 5424 2093 5483 transit,
2123 5423 2245 5492 quia
2276 5431 2380 5474 nan
2418 5423 2484 5474 ad
2535 5422 2829 5492 perniciem
2859 5435 2890 5474 a
2912 5433 3110 5492 Amorte
3140 5421 3465 5492 detinentur,

1879 5490 2172 5547 secundum
2205 5491 2255 5544 id
2284 5533 2299 5556 ,
2346 5493 2486 5560 quod
2519 5507 2547 5542 a
2578 5490 2866 5545 Servatore
2891 5490 3091 5544 dictum
3122 5499 3205 5545 est
3233 5509 3247 5544 :
3281 5490 3476 5560 Siquis

1879 5579 2160 5615 sermonem
2177 5578 2340 5615 meum
2370 5562 2654 5624 servaverit,
2683 5573 2894 5614 mortem
2917 5578 3018 5614 non
3046 5562 3227 5614 videbit
3244 5564 3294 5615 in
3316 5573 3473 5617 teter-

1879 5650 2002 5686 ttttm
2037 5632 2216 5704 (Joan.
2246 5634 2298 5686 8.
2330 5633 2443 5700 51).
2477 5633 2580 5686 Per
2609 5635 2923 5704 sanguinein
2971 5633 3114 5685 enim
3165 5647 3269 5704 pro?
3314 5635 3469 5686 nobis

1879 5704 2075 5768 fusum,
2119 5704 2375 5772 Spiritum
2424 5713 2667 5756 sanctum
2708 5703 3002 5772 accipimus
3039 5719 3051 5753 :
3100 5703 3364 5773 siquidem
3419 5704 3471 5761 in

1878 5793 2039 5831 unum
2071 5784 2431 5831 convenerant
2472 5775 2687 5846 sanguis
2717 5783 2770 5829 et
2794 5775 3033 5844 spiritus,
3065 5782 3121 5828 ut
3148 5789 3242 5843 per
3267 5787 3464 5842 conge-
