4042 6496
578 366 680 419 ῚΞΊ

583 493 763 535 nerem
785 475 939 530 nobis
960 471 1266 542 sanguinem
1287 484 1389 521 non
1416 483 1765 536 congenercm
1791 466 1940 544 nobis
1971 465 2140 544 Spiri:

582 558 691 600 tum
714 555 948 600 sanctum
973 536 1214 609 accipere
1244 553 1522 606 posmmus
1546 579 1561 600 ,
1594 553 1652 589 ac
1694 551 1786 606 per
1816 536 1956 589 illum
1986 536 2141 609 morti

585 630 874 680 ingressum
905 604 1254 680 claudamusf
1281 609 1482 680 Duplex
1521 604 1704 658 autem
1743 614 1836 680 e_st_
1874 604 2024 680 nrorii
2058 605 2140 655 in-

581 673 822 752 gréssus:
851 691 906 734 et
943 681 1063 732 ideo
1093 679 1290 752 dupleit
1333 673 1560 752 cl‘lieitur
1601 674 1867 752 sanguipis
1887 673 2139 752 sigillum.

582 741 645 804 In
676 751 888 808 duobus,
923 750 1108 818 inquit,
1142 741 1362 815 postibus
1391 756 1435 796 et
1457 747 1509 797 in
1528 741 1912 818 liininetEafod.
1953 741 2030 792 1'2.
2061 742 2138 818 _'l).

584 825 743 874 Intrat
786 807 925 872 enini
980 807 1398 886 per-peccatum
1448 828 1630 886 mors,
1668 807 2143 886 i_it'ait_t_1piistiilus

582 891 753 958 (Itoni.
779 890 830 943 5.
867 880 1286 958 12).'Pecca_tum
1321 883 1633 958 vero,aliud
1678 882 1729 934 in
1762 881 1932 958 nobis
1954 880 2010 930 lit
2051 894 2144 958 per

583 950 1030 1026 passionem,quai
1060 955 1246 1028 dupch
1277 964 1388 1008 cst:
1414 954 1511 1028 alia
1539 966 1726 1028 nempe
1751 950 1994 1002 mollities
2021 950 2132 1028 ani-

584 1022 651 1080 ini
700 1029 748 1080 in
781 1027 1124 1086 debilitatem,
1154 1024 1251 1075 alia
1283 1022 1520 1088 asperior
1546 1022 1595 1072 in
1637 1022 1890 1073 feritatem
1935 1022 2138 1084 vergit:

579 1098 717 1149 aliud
749 1112 838 1162 per
859 1095 1209 1150 ratiocinium.
1229 1106 1348 1162 cum
1377 1106 1477 1142 non
1501 1105 1626 1162 sana
1647 1099 1902 1162 necrecta
1922 1088 2136 1153 cogitat.

583 1166 646 1217 Et
670 1158 975 1233 cst-quidem
1001 1161 1331 1214 ratiocinium
1351 1164 1525 1227 ,quasi
1551 1160 1729 1219 limen,
1749 1158 1795 1210 iu
1818 1168 1916 1214 est.
1949 1171 2138 1233 super-

586 1227 853 1297 liminare,
889 1247 1044 1297 supra
1103 1241 1384 1293 liliumque
1409 1241 1645 1296 postem;
1695 1242 1820 1297 nam
1858 1241 2004 1295 quasr
2036 1227 2140 1279 dux

584 1312 686 1370 est,
715 1312 764 1356 et
797 1295 979 1354 natura
1023 1301 1264 1367 supcsior
1307 1295 1496 1370 passio
1524 1309 1695 1370 autem
1741 1295 1925 1370 rcl‘erri
1971 1304 2141 1362 potest

578 1373 641 1422 ad
670 1367 857 1438 postes
887 1413 899 1433 ,
947 1387 1063 1438 qua:
1103 1370 1379 1422 ratiocinio
1419 1367 1728 1438 subjicitur,
1769 1367 1904 1418 sicut
1961 1373 2138 1438 postes

579 1434 1068 1507 siiperliiniiiai'i'bus
1107 1448 1228 1490 sunt
1267 1436 1515 1507 subjecti.
1579 1437 1829 1502 Quantam
1854 1443 1993 1507 (sunt
2033 1434 2137 1487 illa:

582 1505 848 1577 p-SsiOues
899 1526 1015 1577 qua:
1064 1508 1125 1560 ad
1177 1509 1448 1577 mollitiem
1489 1506 1787 1577 deducunt?
1843 1505 2006 1577 Gula,
2063 1513 2136 1555 te-

582 1575 830 1631 inulentia
865 1621 877 1640 ,
917 1575 989 1631 _et
1046 1576 1474 1643 concupiscentia
1543 1575 1842 1628 libidinosa.
1912 1575 2134 1638 Quinam

579 1658 701 1699 sunt
739 1649 912 1714 asperi
951 1647 1166 1699 allectus
1207 1645 1364 1697 animi
1397 1646 1418 1697 ?
1461 1645 1571 1706 Ira,
1616 1644 1915 1714 arrogantia
1950 1682 1964 1703 ,
2005 1657 2136 1710 quas

584 1727 637 1768 ιιι
705 1713 998 1770 cliniinaret
1053 1715 1244 1769 Paulus
1299 1715 1556 1767 dicebat:
1619 1713 1733 1765 Non
1780 1714 1829 1764 in
1893 1728 2139 1764 comessa-

581 1788 793 1838 tionibas
842 1798 885 1838 et
935 1785 1268 1848 ebrietatibus,
1312 1801 1408 1835 non
1448 1784 1499 1834 in
1544 1783 1787 1834 cubilibus
1834 1793 1877 1835 et
1916 1783 2137 1840 impudi-

584 1857 731 1916 riliis,
776 1873 872 1908 non
923 1857 970 1907 in
1012 1855 1321 1905 contentione
1358 1862 1402 1904 et
1441 1855 1788 1914 (entitlntione;
1829 1851 1916 1904 sed
1968 1850 2137 1902 indui—

581 1924 702 1977 mini
769 1925 1034 1976 Dominum
1105 1933 1328 1975 nostrunt
1388 1922 1560 1975 Jesum
1616 1921 1870 1974 Christum
1938 1921 2130 1988 (Ilont.

586 1995 668 2044 13.
714 1995 797 2046 15.
844 1995 964 2059 14).
1036 1993 1235 2045 Similis
1282 1999 1364 2045 est
1405 2006 1531 2059 ergo
1575 1992 1753 2043 unctio
1806 1990 2132 2052 indumento,

579 2063 788 2116 uuaudo
852 2061 1044 2116 Christi
1111 2064 1342 2130 passioni
1422 2062 1732 2114 conformati
1776 2102 1791 2125 ,
1857 2062 2136 2113 sanctitate

577 2131 770 2183 lihristi
803 2133 1097 2196 amicimur,
1124 2148 1293 2199 neque
1321 2133 1369 2182 in
1399 2131 1696 2198 voluptates
1726 2131 1988 2192 dissoluti,
2037 2146 2133 2181 ne-

577 2215 678 2265 que
707 2201 755 2251 iu
787 2203 890 2254 iras
921 2202 1241 2268 exasperati.
1275 2201 1414 2252 Bona
1445 2201 1566 2253 item
1595 2211 1674 2252 est
1702 2201 1991 2253 ratiociniis
2031 2216 2132 2252 ιιιι-

578 2270 683 2319 ctio
707 2279 757 2322 et
789 2272 968 2330 vestis,
1000 2270 1252 2338 sapientia
1290 2285 1390 2320 non
1423 2270 1670 2332 carnalis,
1701 2269 1791 2321 sed
1824 2284 1882 2321 ea
1911 2285 2027 2337 qua:
2053 2285 2134 2322 se-

579 2339 805 2390 cumlmn
836 2339 1099 2393 Christum
1130 2351 1205 2392 est
1231 2357 1243 2398 ;
1280 2343 1349 2390 ita
1374 2348 1427 2391 ut
1448 2339 1586 2391 circa
1609 2339 1874 2390 carnalem
1899 2340 2130 2390 animum

580 2409 978 2472 niortilicemur,
1021 2423 1082 2462 ac
1109 2410 1151 2462 si
1180 2409 1287 2476 jam
1315 2409 1502 2459 mortui
1532 2409 1718 2468 simus,
1760 2423 2011 2461 ornemur
2037 2423 2132 2458 au-

581 2485 683 2545 tein
734 2479 985 2545 Spirituali
1033 2489 1242 2531 ornatu.
1283 2479 1370 2530 Sic
1420 2476 1559 2529 enim
1605 2492 1773 2544 neque
1817 2491 1909 2542 per
1953 2478 2134 2530 brnlos

578 2544 815 2604 alii-ctus,
860 2563 1029 2612 neque
1067 2563 1156 2614 per
1201 2549 1395 2598 insulsa
1436 2546 1705 2597 ratiocinia
1739 2557 2007 2610 pecvalum
2037 2560 2132 2598 nos

581 2615 817 2676 invadet,
855 2631 1022 2682 neque
1053 2617 1204 2669 nobis
1228 2630 1370 2668 mors
1399 2614 1775 2667 dominabitur.
1823 2615 2134 2681 llujusmodi

578 2698 708 2734 sane
733 2693 813 2754 est
840 2685 1100 2737 unctionis
1128 2685 1456 2754 mysterium.
1507 2684 1628 2734 Post
1657 2685 1955 2737 unctionem
1989 2685 2136 2736 adest

580 2753 854 2814 eoiuestio,
902 2770 1018 2820 qua:
1065 2753 1298 2806 divinum
1343 2767 1534 2819 corpus
1577 2754 1628 2805 in
1684 2755 1834 2805 nobis
1875 2756 2028 2818 locat,
2083 2763 2135 2806 et

581 2823 889 2876 commiscet
915 2824 978 2875 ad
1013 2825 1280 2875 unionem.
1305 2823 1589 2884 (.‘omedent,
1623 2823 1809 2889 inquit,
1836 2839 2011 2874 carnes
2039 2822 2131 2873 hac

581 2901 880 2961 tractans-sas
907 2891 1009 2960 igni
1031 2893 1218 2961 (Exod.
1254 2891 1336 2945 1‘2.
1370 2892 1442 2955 8).
1473 2891 1603 2961 Nox,
1635 2905 1862 2961 praesens
1885 2893 2131 2943 sa'culntn

580 2969 678 3011 est.
715 2958 833 3011 Nox
862 2958 1110 3027 praecessit
1157 2962 1330 3025 (Rom.
1365 2962 1446 3013 15.
1479 2959 1590 3026 12),
1634 2961 1707 3012 ait
1731 2960 1937 3014 Paulus.
1967 2962 2131 3026 lgiiita

582 3031 819 3099 est_sacri
861 3033 1098 3096 corporis
1133 3031 1499 3099 participatio;
1543 3031 1642 3082 hoc
1669 3040 1766 3092 cst,
1797 3045 1890 3097 per
1914 3032 2130 3098 ignitum

581 3111 640 3168 ac
667 3096 873 3150 fervens
899 3096 1148 3152 studium;
1198 3101 1414 3165 Spiritu,
1442 3099 1636 3166 inquit,
1688 3096 1950 3168 ﬂtrventes
1973 3099 2129 3167 (Ibid.

586 3166 665 3238 1‘2.
687 3168 770 3234 ll)
793 3183 805 3227 ;
830 3178 901 3228 et,
933 3169 1105 3237 Ignem
1136 3171 1243 3220 veni
1271 3169 1458 3219 mittere
1482 3170 1533 3238 in
1564 3166 1763 3238 terram,
1793 3182 1837 3219 et
1857 3166 2130 3238 quidrolo,

581 3236 749 3302 sijant
779 3236 1015 3290 accensus
1049 3249 1116 3291 est
1159 3239 1304 3306 (Luc.
1341 3238 1422 3289 12.
1457 3237 1578 3304 .19)?
1611 3237 1674 3290 Ut
1698 3236 1874 3290 autem
1903 3240 2054 3306 ignis,
2087 3241 2129 3290 si

582 3305 645 3374 de
697 3309 1019 3360 comestioue
1071 3305 1306 3360 carnium
1355 3307 1710 3374 intelligatur,
1764 3305 1976 3361 fervens
2017 3318 2131 3359 stu-

581 3373 724 3423 dium
757 3377 946 3428 indicat
980 3395 991 3426 :
1026 3378 1101 3428 sic
1129 3387 1182 3430 et
1207 3391 1388 3445 azyma
1420 3373 1830 3445 simplicitatem,
1872 3387 1925 3429 et
1956 3377 2134 3429 herbae

582 3457 774 3492 amara:
804 3459 1065 3497 arrumnas
1093 3444 1490 3513 subsequcnlcs.
1545 3444 1672 3497 Ν-ιιῐι
1702 3445 1909 3513 Azyma,
1945 3448 2130 3510 inquit,

581 3525 691 3559 cum
731 3513 890 3564 herbis
925 3516 1105 3566 amaris
1141 3515 1394 3567 comedent
1425 3512 1612 3581 (Exod.
1638 3513 1723 3569 12.
1753 3512 1826 3581 8).
1858 3516 2133 3581 Simplices

585 3581 687 3630 sint
721 3598 911 3644 mores,
961 3599 1056 3636 nec
1095 3584 1272 3646 fucati,
1312 3585 1472 3634 veteri
1512 3599 1656 3635 more
1683 3599 1742 3635 ac
1771 3586 1995 3636 versutia
2024 3585 2130 3636 fcr-

586 3651 743 3700 menti
779 3653 942 3704 instar
970 3654 1203 3718 deposita
1233 3699 1245 3716 ,
1291 3667 1531 3719 novoque
1571 3667 1630 3704 ac
1660 3653 1882 3721 simplici
1915 3663 2132 3721 accepto

585 3733 747 3774 more.
773 3737 874 3786 quo
905 3721 1232 3775 ferincntalio
1263 3721 1368 3773 ﬁat.
1397 3722 1523 3772 Nam
1561 3724 1651 3785 ait,
1687 3719 1882 3775 Pascha
1912 3719 2133 3776 nostrum

583 3787 863 3842 immolatus
896 3803 964 3843 est
996 3791 1247 3845 Christus:
1277 3789 1452 3859 Itaque
1480 3789 1756 3862 epulenmr,
1799 3810 1895 3844 non
1937 3794 1986 3844 in
2027 3797 2132 3862 fer-

588 3868 746 3930 mento
792 3862 956 3921 reteri,
1011 3877 1164 3928 neque
1197 3864 1246 3914 in
1279 3866 1516 3930 fermento
1545 3861 1748 3912 malitia:
1778 3873 1821 3912 et
1857 3861 2086 3929 nequitia:
2116 3877 2133 3915 :

584 3925 671 4001 sed
698 3929 746 4001 in
787 3931 975 3998 azymis
1011 3925 1308 3983 sinceritatis
1335 3939 1378 3982 et
1403 3931 1622 4001 veritatis
1644 3931 1717 3996 (1.
1744 3930 1856 3982 Cor.
1888 3925 1937 3984 5.
1973 3930 2023 3983 7.
2053 3932 2128 4001 8).

587 3997 803 4048 Acerlre
830 3997 949 4049 sunt
983 4000 1348 4054 tribulationes
1373 4015 1386 4062 ;
1436 3999 1537 4051 Sed
1564 4011 1610 4051 et
1632 4001 1684 4050 in
1707 3997 2129 4065 tribulationibus,

584 4065 769 4130 inquit.
817 4067 1111 4135 giarianinr,
1155 4080 1360 4122 serentes
1409 4070 1525 4135 quia
1567 4069 1818 4121 tribulatio
1841 4072 2133 4136 patientiam

583 4145 834 4200 operatur,
885 4141 1120 4204 patientia
1151 4157 1263 4192 vero
1296 4138 1657 4206 probationem,
1703 4140 1926 4204 probatio
1967 4152 2132 4194 autent

581 4219 740 4278 spent,
793 4223 903 4278 spes
947 4225 1058 4260 vero
1107 4226 1206 4261 non
1248 4207 1506 4277 confundit
1550 4207 1719 4276 (llam.
1769 4210 1822 4262 5.
1854 4211 1997 4278 5-5).
2030 4209 2132 4263 Per

585 4273 774 4349 inultas
802 4277 1156 4349 tribulationes
1216 4273 1778 4349 oportetnos‘intrare
1824 4280 1875 4330 in
1926 4273 2133 4349 regnum

584 4341 838 4415 (Ach-11.
869 4345 977 4413 ‘21).
1004 4348 1178 4413 Itaque
1211 4341 1599 4398 tribulatiOnem
1629 4348 1950 4400 admittimus
1979 4341 2130 4415 quasi

585 4411 820 4484 delicias,
857 4411 1067 4484 promer
1095 4411 1240 4483 Spem
1267 4425 1321 4466 et
1348 4430 1583 4484 regnum,
1637 4431 1761 4482 quin
1797 4432 1859 4468 ex
1902 4432 1960 4469 ea
2002 4411 2131 4484 pro-

587 4482 822 4552 veniunt.
878 4483 1027 4536 Vetat
1058 4482 1374 4552 praeceptmu
1406 4483 1682 4536 comedi-re
1710 4485 1899 4538 crndas
1924 4482 2130 4541 carnes.

587 4549 696 4601 lloc
735 4566 858 4604 vero
899 4553 982 4616 iis,
1015 4549 1100 4620 qui
1132 4549 1476 4620 Corporaliter
1501 4553 1722 4604 audiunt
1755 4564 1942 4620 praeter
1969 4558 2131 4609 ratio-

584 4633 704 4670 ncui
744 4634 863 4674 esse
890 4622 1132 4692 videtur,
1181 4638 1299 4677 cum
1342 4621 1463 4675 illud
1495 4622 1766 4688 prohibeat
1794 4625 1928 4675 Deus
1950 4666 1961 4688 ,
1993 4627 2130 4692 quod

585 4703 849 4756 nunquam
882 4690 1013 4745 forte
1043 4692 1233 4746 factum
1265 4701 1380 4752 est;
1425 4707 1579 4743 nemo
1610 4693 1748 4744 enim
1773 4693 1984 4746 crudam
2011 4690 2131 4747 car-

586 4771 705 4808 nem
735 4762 962 4813 comedit
999 4783 1010 4815 ς
1042 4763 1176 4830 apud
1216 4776 1313 4814 nos
1357 4771 1531 4813 autem
1581 4761 1628 4812 id
1676 4763 1860 4814 rationi
1906 4766 2132 4818 maxime

585 4840 876 4881 consonum
906 4840 1006 4892 est,
1037 4847 1102 4885 ne
1126 4833 1326 4884 scilicet
1354 4830 1701 4896 perfunctorie
1728 4833 2039 4886 accedamus
2067 4836 2130 4887 ad

589 4897 1038 4969 participationem
1101 4901 1263 4952 divini
1320 4901 1553 4965 corporis
1605 4921 1616 4953 :
1662 4917 1761 4953 non
1817 4905 2132 4969 participant

588 4965 726 5016 enim
769 4968 855 5032 qui
904 4968 1252 5038 perfunctorie
1298 4969 1420 5020 illud
1469 4976 1711 5028 trai'tant,
1757 4965 1850 5022 nec
1878 4987 1969 5038 per
1997 4965 2128 5026 bona

589 5047 744 5100 opera
789 5052 846 5088 se
885 5037 948 5090 ad
997 5039 1152 5090 talem
1212 5039 1737 5092 conimuuicatiimcm
1793 5037 2126 5094 concinnant.

591 5101 759 5178 fides,
789 5107 1108 5178 inquit._rsine
1136 5108 1364 5178 aperibus
1390 5118 1579 5178 mortua
1603 5118 1668 5160 est
1709 5107 1905 5175 (Iacob.
1935 5109 1986 5164 ‘2.
2016 5111 2126 5178 20).

591 5172 808 5243 ideoque
838 5172 1082 5242 segnibus
1105 5172 1174 5230 ac
1197 5176 1573 5243 negligentibus
1595 5172 1940 5230 immittuntur
1970 5172 2135 5232 tribu-

588 5240 810 5313 la;iones
836 5240 1152 5312 advipsorum
1200 5240 1494 5298 utilitatem.
1531 5256 1583 5296 ut
1614 5247 1684 5298 ait
1714 5248 1900 5299 Paulus
1927 5249 1944 5313 (
1974 5249 2127 5302 llebr.

597 5312 676 5363 1‘3.
708 5313 810 5379 10).
849 5325 899 5365 ut
928 5316 1216 5367 sanctitatis
1244 5317 1358 5381 ejus
1387 5317 1664 5382 participes
1691 5318 1812 5366 sint.
1843 5312 2128 5385 Segoitiem

589 5397 712 5454 vero
732 5385 866 5454 circa
893 5385 1178 5448 Spiritualia
1209 5400 1364 5453 opera
1394 5385 1528 5451 parit
1552 5401 1697 5436 antur
1720 5387 1996 5454 voluptatis
2016 5403 2131 5441 car-

591 5452 740 5501 nalis.
775 5452 1100 5525 Quapropter
1126 5456 1226 5506 alio
1249 5452 1492 5522 sviiibiilo
1523 5454 1570 5504 id
1598 5452 1894 5525 signiﬁcans
1926 5458 2132 5525 legisla-

593 5531 690 5581 tor,
741 5521 980 5586 prohibet
1022 5524 1071 5573 in
1117 5539 1248 5590 aqua
1284 5521 1497 5576 coetum
1540 5524 1862 5589 coinedere':
1896 5521 2014 5578 nam
2064 5528 2128 5580 ad

589 5593 923 5643 COtltestiunis
972 5592 1305 5658 voluptatein,
1352 5595 1426 5645 sic
1472 5604 1678 5646 Coctum
1723 5605 1932 5660 paratur
1965 5618 1978 5648 ;
2010 5611 2128 5650 cum

591 5661 853 5725 voluptate
879 5670 1054 5713 autem
1082 5661 1310 5716 divinam
1339 5678 1513 5717 escam
1544 5665 1821 5719 comedere
1846 5681 1950 5719 non
1972 5669 2092 5721 licet
2116 5684 2129 5720 :

594 5743 695 5781 non
746 5731 883 5783 enim
916 5733 1106 5785 carnali
1142 5733 1297 5788 modo
1335 5734 1583 5788 miscetur
1619 5736 1782 5788 virtus
1828 5738 2129 5804 spiritualis.

2033 348 2296 404 Sl'UltlA.

3723 358 3825 416 τρε

2255 461 2330 515 Ne
2363 464 2519 535 igitur
2549 476 2743 535 eoquas
2773 478 2976 535 sacram
3007 478 3244 526 carnem,
3277 464 3481 535 inquit,
3514 467 3660 522 illam
3699 485 3820 526 sua-

2253 535 2403 585 vibus
2429 531 2728 606 admiscens
2751 547 2765 594 ;
2785 533 2902 606 __sei|
2940 535 3041 606 igni
3071 543 3218 585 cocta
3249 531 3448 606 tantum
3468 531 3815 606 Vroiiiodstnr,

2254 618 2375 655 cum
2431 604 2634 654 intento
2677 601 2852 653 studio
2893 618 2918 652 τι
2963 603 3228 668 voluptate
3253 603 3447 660 alieno.
3478 609 3647 660 Amor
3666 601 3820 663 vola;

2259 672 2416 738 piatis
2459 682 2535 724 est
2579 686 2606 721 a
2653 671 2742 722 Dei
2794 686 2973 722 amore
3020 673 3242 732 alienus.
3295 683 3350 726 ut
3394 677 3468 728 ait
3498 675 3694 732 Paulus
3726 697 3739 731 :
3767 688 3822 734 et

2258 741 2480 806 Quorum
2527 740 2646 792 deus
2671 750 2965 810 rventerﬂest
3012 739 3273 808 (Philipp.
3307 744 3360 798 5.
3394 745 3479 810 19)
3505 786 3520 806 ,
3567 745 3634 802 iis
3681 747 3820 802 Dens

2253 811 2364 875 ipse
2395 827 2497 862 non
2529 820 2609 860 est
2651 809 2796 861 deus.
2847 808 3022 874 Neque
3072 811 3137 872 ii,
3191 813 3279 877 qui
3326 808 3711 869 Eucliaristiam
3764 819 3816 870 in

2250 881 2388 954 lania
2419 879 2662 954 convivia
2695 881 3049 954 transferunt,
3095 883 3297 954 accepti
3346 894 3468 935 sunt
3513 885 3651 953 apud
3676 885 3820 954 Apo-

2249 949 2465 1009 stolam,
2515 948 2640 1001 dum
2689 950 3113 1001 communionem
3142 949 3281 1002 illam
3308 948 3739 1008 sanetilicantcni
3763 956 3815 1008 in

2249 1020 2831 1088 occasionem,vertunt
2872 1017 3000 1088 largi
3047 1027 3097 1070 et
3144 1017 3270 1088 iauti
3311 1023 3412 1074 cibi
3455 1032 3506 1074 et
3539 1033 3692 1088 potus
3723 1039 3816 1076 su-

2250 1087 2447 1140 mendi.
2493 1087 2692 1150 Quibus
2732 1086 2855 1137 dicit
2890 1085 3102 1148 Paulus,
3137 1087 3251 1140 Non
3282 1100 3352 1142 est
3379 1085 3700 1144 Doininirani
3729 1109 3820 1144 ae-

2249 1173 2364 1208 nam
2389 1157 2690 1230 manducare
2718 1171 2736 1208 :
2771 1152 3133 1230 Unusquisque
3149 1159 3277 1210 enim
3300 1175 3446 1230 suam
3467 1177 3658 1214 caenam
3685 1178 3817 1230 pra:-

2247 1235 2400 1278 sumtt
2423 1230 2488 1276 ad
2520 1225 2943 1295 manducandum,
2983 1236 3026 1295 et
3066 1227 3194 1278 alius
3224 1229 3421 1295 quidem
3448 1233 3632 1294 esurit,
3683 1225 3818 1286 alius

2246 1305 2410 1347 autem
2439 1295 2602 1347 ebrias
2626 1303 2714 1345 est.
2747 1291 2795 1345 Ν
2806 1294 3008 1361 nmquid
3035 1295 3208 1361 domos
3236 1291 3334 1350 non
3363 1299 3550 1351 habetis
3579 1291 3647 1352 ad
3668 1317 3815 1353 man-

2248 1364 2530 1415 ducandum
2558 1372 2603 1414 et
2630 1361 2890 1415 bibendam
2913 1360 3325 1418 ?aull‘.‘rclcsiam
3357 1367 3449 1420 Dei
3474 1370 3813 1432 contemnitis,

2247 1443 2293 1485 et
2318 1433 2621 1499 confunditis
2649 1449 2750 1489 eos.
2787 1433 2872 1501 qui
2901 1449 2996 1483 non
3025 1433 3240 1487 habent?
3286 1434 3420 1500 Quid
3450 1440 3612 1488 dicam
3635 1439 3770 1491 vobis
3792 1443 3818 1493 .’

2246 1504 2459 1574 {audebo
2505 1503 2629 1554 vos?
2678 1502 2742 1553 In
2773 1505 2865 1574 hoc
2909 1502 3184 1574 noniaudo
3231 1505 3302 1570 (1.
3329 1504 3444 1559 Cor.
3477 1508 3559 1560 11.
3591 1507 3663 1563 ΞΟ
3698 1510 3808 1574 25).

2248 1573 2376 1624 Dicit
2407 1581 2585 1624 autem
2609 1588 2671 1623 ex
2695 1571 2974 1639 negligenti
2998 1572 3087 1624 illo
3115 1574 3250 1626 circa
3273 1576 3447 1628 cibum
3480 1592 3686 1630 sacrum
3715 1571 3814 1631 usit

2247 1644 2562 1694 tentatioiies
2591 1642 2694 1693 illis
2720 1643 3023 1708 Contingerc
3045 1681 3059 1703 ,
3101 1643 3217 1709 Quia
3251 1661 3352 1696 non
3384 1658 3563 1699 sancte
3592 1649 3654 1698 ad
3686 1665 3810 1700 sau—

2246 1723 2384 1763 ctum
2427 1711 2704 1764 acu-dunt.
2740 1710 2880 1768 Ideo,
2918 1712 3104 1777 inquit,
3135 1713 3263 1764 inter
3291 1729 3375 1766 vos
3408 1726 3520 1766 sunt
3549 1717 3695 1768 multi
3731 1719 3813 1769 in-

2245 1782 2379 1846 ﬁrmi
2407 1791 2449 1833 et
2479 1780 2763 1839 imbecilles.
2788 1791 2832 1831 et
2863 1778 3114 1831 dormiunt
3141 1781 3302 1833 multi.
3341 1784 3489 1848 Quod
3519 1787 3561 1838 si
3589 1798 3813 1839 nosmet-

2244 1851 2377 1916 ipsos
2414 1852 2778 1920 judiairemus,
2808 1864 2904 1901 non
2927 1850 3094 1917 utique
3110 1850 3457 1917 judicaremnr
3486 1857 3561 1920 (l.
3582 1854 3696 1908 Cor.
3729 1859 3812 1910 11.

2243 1920 2311 1974 20
2345 1919 2455 1986 51).
2491 1919 2774 1986 lmpiclatis
2799 1921 2937 1972 enim
2969 1920 3173 1992 culpam
3198 1921 3464 1975 incurrunt
3493 1919 3544 1986 ii,
3575 1928 3664 1992 qui
3697 1941 3815 1978 cor-

2245 2005 2340 2056 pus
2367 2006 2518 2043 suum
2550 2005 2652 2043 non
2679 1997 2974 2057 przeparant
3001 1989 3064 2040 ad
3110 1989 3642 2047 communicationem
3689 2011 3813 2049 cor-

2247 2063 2386 2124 poris
2433 2060 2614 2127 ipsius,
2643 2058 2781 2123 qnod
2815 2059 2964 2109 nobis
2989 2057 3154 2129 dedit.
3185 2069 3238 2129 ut
3267 2076 3384 2113 cum
3416 2062 3503 2114 illo
3535 2065 3715 2129 mixti,
3747 2065 3812 2116 ad

2245 2130 2496 2195 Spiritum
2527 2127 3153 2199 sanctumrecipiendum
3185 2128 3327 2198 digni
3351 2130 3653 2199 judiccmur
3693 2127 3711 2184 :7
3735 2137 3812 2186 si-

2243 2200 2453 2266 quidem
2499 2199 2616 2251 ideo
2658 2198 2748 2250 Dei
2780 2197 3009 2267 Verbum
3050 2212 3108 2248 se
3145 2198 3196 2249 in
3245 2197 3441 2267 corpus
3485 2202 3727 2265 immisit,
3761 2216 3814 2257 ct

2243 2283 2367 2339 caro
2401 2269 2592 2320 factum
2624 2265 3013 2339 estsecnndum
3035 2265 3388 2339 evangelicam
3419 2286 3598 2324 Vocem
3629 2271 3808 2339 (Joan.

2243 2337 2292 2388 1.
2327 2339 2412 2402 Η.)
2434 2379 2446 2399 ,
2474 2348 2529 2388 ιιι
2558 2338 2677 2403 quia
2707 2335 2844 2388 illius
2867 2345 2922 2409 ut
2945 2334 3100 2409 vei-bi
3135 2334 3413 2409 participes
3433 2354 3553 2393 esse
3585 2334 3690 2394 non
3720 2358 3818 2409 po-

2243 2414 2491 2468 teramus,
2520 2408 2680 2477 ipsius
2715 2419 2874 2457 carne
2901 2403 3067 2477 induti
3097 2403 3377 2473 participes
3398 2422 3672 2474 essemus;
3701 2403 3813 2477 spi-

2244 2477 2415 2529 rituali
2448 2476 2594 2548 carui
2626 2475 3225 2548 nostraincopulantes,
3241 2486 3295 2530 et
3315 2477 3569 2544 Spiritum
3597 2475 3811 2548 spiritui

2243 2545 2697 2618 qttauttltlt_1ic_ct;
2747 2554 2802 2618 ut
2838 2544 3051 2618 Christo
3092 2544 3291 2618 simﬂes
3320 2562 3579 2618 essemus,
3615 2544 3810 2618 templa

2243 2614 2466 2679 Spiritus
2494 2615 2635 2672 facti,
2670 2622 2722 2664 ut
2744 2612 2814 2662 ait
2835 2614 3116 2680 Apostolus
3151 2631 3161 2666 :
3194 2614 3404 2682 Templa
3435 2616 3532 2669 Dei
3563 2612 3813 2678 estin-et

2246 2687 2456 2743 iterum,
2486 2682 2700 2736 Nescitis
2728 2686 2842 2757 quia
2873 2699 3083 2757 (ἔρημοι-α
3105 2694 3264 2736 vestra
3293 2685 3528 2757 templum
3549 2699 3664 2739 sunt
3689 2690 3813 2757 Spi-

2243 2755 2365 2806 ritus
2414 2755 2592 2816 sancti,
2639 2755 2721 2821 qui
2759 2753 2808 2802 in
2852 2753 2985 2804 vobis
3030 2763 3138 2816 est,
3188 2769 3332 2820 quem
3385 2755 3574 2808 habetis
3625 2775 3657 2808 a
3706 2753 3813 2811 Deo

2245 2824 2317 2886 (l.
2350 2823 2463 2874 (.‘or.
2494 2824 2541 2874 5.
2581 2825 2666 2874 lli.
2699 2833 2741 2873 et
2765 2823 2816 2873 6.
2851 2821 2969 2888 19)?
3004 2824 3077 2874 Ac
3109 2836 3201 2888 per
3231 2826 3664 2878 commixtioneni
3689 2844 3809 2880 eum

2241 2892 2436 2958 Spiritu
2481 2905 2681 2950 sancio,
2733 2890 3025 2961 adeorpus
3053 2891 3206 2942 etiam
3233 2891 3426 2945 Christi
3458 2896 3808 2961 pertinemus,

2243 2974 2298 3014 ut
2331 2962 2443 3014 11.-rc
2488 2961 2756 3013 foveamus
2807 2959 3343 3029 in_sanctilicalionc,
3389 2959 3680 3029 faveamus,
3726 2959 3807 3018 in-

2227 3047 2419 3099 quam,
2476 3039 2530 3080 nt
2581 3029 2814 3082 membra
2866 3027 3081 3101 Christi.
3135 3028 3372 3101 Nescitis.
3428 3033 3518 3093 ait,
3567 3027 3808 3101 quoniam

2240 3097 2459 3152 membra
2506 3109 2701 3174 vestra,
2733 3099 2952 3174 membra
3001 3109 3114 3150 sunt
3163 3097 3391 3174 Christi?
3444 3097 3812 3174 Tollensergo

2241 3170 2459 3222 membra
2518 3168 2740 3225 Christi,
2807 3167 2986 3234 faciant
3042 3169 3259 3220 membra
3304 3172 3612 3224 meretricis?
3661 3167 3811 3228 Ἀὸἓίι

2242 3241 2318 3306 (Ι.
2346 3239 2461 3290 (.‘or.
2487 3239 2536 3290 6.
2565 3239 2673 3302 15).
2702 3237 2846 3290 Sacri
2878 3251 3004 3306 ergo
3033 3237 3136 3290 cibi
3162 3251 3466 3305 apparatum
3496 3242 3572 3294 sic
3605 3252 3658 3295 et
3687 3260 3809 3298 cum

2243 3305 2433 3360 talibus
2459 3307 2712 3375 symbolis
2735 3307 2816 3358 lex
2844 3305 3135 3368 ordinavit,
3165 3309 3230 3375 ad
3263 3310 3539 3362 utilitatem
3569 3323 3809 3369 unstram

2244 3378 2465 3445 pratvias
2490 3374 3359 3450 liguras‘tuncdisponens.gaput
3392 3389 3579 3443 autent,
3617 3382 3808 3450 inquit,

2242 3444 2353 3497 cum
2385 3448 2589 3517 pedibus
2614 3457 2657 3496 et
2688 3444 2932 3517 intestinis
2959 3444 3146 3517 (Ereti.
3177 3446 3256 3517 12.
3286 3448 3339 3513 9)
3361 3464 3390 3517 ;_
3422 3464 3518 3516 per
3545 3444 3704 3517 capui
3732 3444 3812 3507 in;

2241 3518 2426 3569 dii-aus
2458 3515 2657 3586 initium
2694 3514 2948 3586 adventus
2978 3515 3042 3566 ad
3073 3514 3344 3586 homines;
3381 3514 3465 3569 hic
3507 3514 3668 3586 porro
3694 3535 3811 3576 erat

2241 3587 2441 3655 primus
2473 3585 2735 3655 adventus
2768 3602 2779 3634 :
2817 3583 2975 3655 pedes
3005 3594 3176 3636 autem
3201 3583 3320 3638 linis
3343 3596 3460 3638 suat
3481 3583 3586 3648 ;'et
3621 3592 3704 3643 hic
3730 3604 3812 3646 est

2240 3653 2504 3709 Set-nudus
2549 3654 2824 3715 adventus,
2873 3653 2986 3706 sine
3030 3669 3134 3719 qiio
3173 3669 3267 3706 nec
3301 3657 3457 3721 priori
3483 3659 3810 3714 credendum

2240 3735 2424 3779 esset:
2459 3723 2543 3775 hic
2567 3725 2759 3790 quippe
2788 3737 2889 3773 non
2939 3722 3134 3784 omnia,
3175 3738 3291 3789 qua:
3341 3726 3648 3790 prophetico
3687 3741 3813 3783 sunt

2240 3795 2530 3854 enuntiata,
2562 3793 2810 3858 implevit.
2839 3791 3035 3845 Idcirco
3060 3799 3162 3843 non
3197 3793 3418 3845 credunt
3444 3794 3633 3858 Juda’i,
3667 3802 3812 3861 quad

2241 3878 2323 3926 ea,
2356 3877 2471 3935 (ιιιῑο
2507 3862 2571 3913 ad
2610 3862 2897 3929 gloriosum
2924 3861 3203 3935 adventum
3239 3873 3499 3935 Spectant,
3534 3869 3805 3935 completa

2243 3948 2345 3984 non
2378 3932 2517 3994 sint;
2569 3946 2736 4000 neque
2785 3939 2986 3998 putant,
3035 3932 3176 3983 illuni
3217 3933 3395 3999 quiita
3423 3932 3809 4000 a'dvenit,'e.~se

2239 4003 2526 4074 Christum.
2554 4000 2673 4052 Ideo
2699 3999 2810 4074 lucc
2837 4000 3192 4074 complectens
3216 4003 3307 4066 ait,
3327 4001 3489 4072 Caput
3519 3999 3810 4074 cum’pedi-

2241 4072 2364 4135 bus;
2411 4071 2511 4122 hoc
2561 4078 2660 4128 est,
2709 4069 2932 4138 primum
2985 4070 3266 4140 adventum
3307 4069 3426 4124 cum
3468 4069 3724 4140 secundo,
3757 4089 3816 4132 ιιι

2239 4152 2293 4195 et
2319 4156 2507 4208 agnum
2546 4156 2665 4192 cum
2708 4140 2990 4207 ignominia
3037 4139 3104 4192 ad
3151 4141 3471 4194 occisionem
3518 4139 3811 4201 adductum

2239 4213 2504 4281 reciperes
2538 4210 2834 4270 Dominum,
2880 4219 2933 4281 et
2963 4209 3315 4281 ltegeurcum
3342 4212 3505 4278 gloria
3536 4229 3810 4281 apparen-

2240 4292 2347 4333 tem
2387 4279 2593 4350 videres
2627 4296 2638 4329 :
2669 4295 2785 4350 quze
2828 4279 2983 4350 ambo
3027 4279 3270 4350 praedixit
3315 4281 3470 4334 Isaias
3499 4279 3760 4350 propheta
3797 4305 3808 4340 :

2241 4365 2411 4416 neque
2463 4348 2882 4415 redemptionem
2940 4347 3286 4416 Jerosolymte
3347 4347 3629 4417 exigeres;
3710 4357 3809 4409 sed

2239 4419 2412 4489 adhuc
2447 4429 2800 4489 exsiiertares,
2832 4427 2886 4489 ιιι
2913 4418 3105 4489 dicitur
3133 4435 3148 4489 :_
3189 4417 3354 4489 Veniet
3379 4436 3442 4472 ea:
3470 4420 3598 4473 Sion
3625 4425 3715 4489 qui
3741 4425 3807 4477 li-

2239 4488 2368 4540 beret
2387 4528 2402 4550 ,
2432 4499 2474 4538 et
2501 4495 2682 4538 avertet
2721 4487 2896 4553 impios
2933 4503 2963 4538 (ι
3002 4486 3159 4538 Jacob
3208 4487 3225 4554 (
3251 4487 3378 4540 Isai.
3408 4489 3496 4542 59.
3526 4491 3613 4544 21.
3638 4486 3806 4548 Ἡυηι.

2241 4559 2326 4610 11.
2357 4558 2469 4623 ‘26).
2499 4556 2611 4623 ipso
2638 4569 2878 4627 servante
2911 4555 3175 4610 residuum
3208 4558 3405 4624 populi,
3447 4561 3533 4627 qui
3564 4560 3630 4614 ad
3658 4563 3808 4618 illum

2238 4626 2626 4680 coavertendus
2671 4633 2770 4677 est.
2808 4623 2857 4676 lu
2889 4628 3059 4691 primo
3095 4623 3540 4681 aiitent’ailventu
3587 4642 3808 4687 contra~

2240 4698 2374 4749 rium
2401 4696 2590 4766 videas
2611 4694 2925 4766 contigisse;
2961 4695 3084 4746 illud
3117 4710 3327 4763 nempe,
3371 4695 3572 4766 Reliqui
3595 4700 3808 4756 dormint

2239 4783 2436 4827 meam,
2469 4764 2635 4816 dimisi
2671 4764 3009 4816 [nereditatem
3033 4779 3231 4826 nteant;
3278 4776 3328 4819 et
3356 4766 3481 4819 illud
3500 4764 3522 4832 ⁷,
3569 4768 3808 4824 Tradidit

2238 4836 2416 4905 impios
2439 4835 2803 4905 prorsepultura
2823 4835 2953 4905 ejus,
2980 4843 3026 4884 et
3047 4834 3219 4887 divites
3244 4850 3334 4905 pro
3356 4846 3513 4905 morte
3534 4836 3684 4905 (Isai.
3711 4843 3803 4895 57.

2238 4905 2311 4970 9).
2341 4902 2472 4974 Quin
2509 4903 2817 4974 ilicit‘ergo,
2842 4903 3000 4974 Caput
3027 4919 3139 4954 cum
3165 4904 3395 4974 pedibus,
3425 4904 3524 4960 hoc
3543 4902 3805 4974 prmana-

2241 4975 2329 5026 tiat
2355 4972 2557 5046 Judatis
2583 4991 2594 5024 :
2633 4972 2910 5046 lnglorium
2958 4973 3161 5046 Domini
3191 4973 3472 5046 adventum
3499 4993 3524 5026 a
3552 4972 3806 5046 glorioso

2239 5059 2304 5096 ne.
2333 5043 2608 5109 separetis,
2635 5053 2688 5094 ut
2717 5058 2782 5094 nc
2807 5041 3062 5095 increduli
3087 5042 3155 5094 ab
3177 5043 3292 5107 ejus
3318 5041 3689 5098 communione
3718 5063 3802 5100 su.

2239 5112 2508 5179 parcmini.
2542 5110 2647 5164 Sed
2671 5113 2816 5164 etiant
2857 5127 2968 5163 cum
2996 5113 3273 5174 intestinis,
3307 5113 3492 5181 inquit.
3523 5116 3658 5180 Quid
3699 5117 3803 5171 hoc

2238 5182 2356 5234 θειῖ
2382 5181 2454 5232 Ne
2483 5181 2999 5251 scaiulalizcminiile
3040 5182 3148 5251 ιιιο,
3192 5181 3332 5248 quod
3361 5185 3670 5251 apparebit,
3706 5187 3801 5239 sed

2238 5251 2537 5302 absi-oudita
2566 5250 2724 5302 cziim
2753 5250 3010 5317 dispicitc.
3055 5248 3130 5303 Ne
3163 5248 3572 5305 hontincni’csse
3597 5293 3610 5314 ,
3660 5248 3804 5309 Sicut

2239 5334 2331 5371 vos
2359 5323 2484 5372 estis
2504 5359 2517 5382 ,
2551 5321 2845 5372 existimate
2867 5361 2879 5380 ,
2913 5335 2973 5372 ex
3002 5336 3064 5371 eo
3087 5320 3223 5382 quod
3251 5320 3334 5373 ille
3363 5327 3652 5375 secundum
3681 5340 3802 5376 cor-

2241 5404 2336 5468 pus
2361 5394 2428 5441 sit
2460 5389 2649 5468 lii-mo;
2697 5389 2789 5440 scd
2821 5390 2963 5441 illum
2990 5390 3332 5468 spiripralitcr
3359 5394 3698 5468 ciignOscitc,
3749 5406 3802 5451 et

2240 5458 2290 5511 in
2321 5460 2431 5526 ipso
2472 5458 2679 5510 Patrem
2712 5461 3056 5525 cognoscetis.
3110 5459 3286 5511 Donec
3315 5461 3455 5511 enim
3483 5463 3622 5526 quod
3655 5466 3800 5517 intus

2238 5538 2317 5581 est
2345 5543 2449 5580 non
2474 5528 2711 5594 respicis,
2738 5544 2905 5595 neque
2932 5530 3297 5580 intestinorum
3314 5543 3533 5582 consnrs
3555 5546 3635 5596 es,
3668 5551 3801 5587 non-

2238 5600 2361 5650 dum
2393 5598 2662 5649 Christum
2693 5598 2896 5658 vidisti,
2932 5597 3198 5668 hominem
3235 5599 3378 5650 illum
3419 5615 3538 5654 esse
3571 5616 3795 5668 putans.

2240 5685 2340 5721 non
2371 5668 2552 5720 Deum.
2587 5667 2718 5720 Dicit
2748 5678 2919 5719 autem
2947 5669 3054 5728 ille,
3093 5666 3188 5732 Qui
3235 5668 3355 5719 vidit
3395 5685 3505 5733 me,
3540 5666 3659 5723 vidit
3697 5674 3791 5725 l’a-

2242 5749 2362 5792 trem
2393 5737 2661 5808 (Joan.l~1.
2687 5736 2761 5808 9).
2787 5737 3232 5793 Considerandum
3261 5748 3434 5792 autem
3456 5751 3556 5806 est,
3581 5743 3704 5811 quid
3728 5746 3799 5796 sit
