4042 6494
564 339 681 399 ’739

578 457 706 525 inde
734 456 1141 525 namque-primi
1175 455 1395 510 fallacia
1418 455 1617 525 ﬂuctus
1636 495 1648 516 ,
1674 454 1819 508 vituli
1853 462 1900 525 et
1929 458 2131 525 pisces,

574 524 702 580 ferae
723 535 776 580 et
794 523 936 586 aves,
958 523 1008 579 et
1026 525 1213 579 similia
1230 526 1405 579 omnia
1428 524 1673 579 animalia
1698 528 1834 578 inter
1853 524 1981 577 deos
2000 523 2134 575 rela-

574 608 624 649 ta
651 606 704 650 et
730 597 892 651 culta.
921 595 1052 648 Cum
1100 590 1272 648 autem
1308 596 1376 649 de
1403 596 1537 650 etelo
1566 595 1755 649 vindex
1798 596 1872 647 ira
1904 594 2131 648 revelata

571 667 762 731 fuerit,
786 676 839 720 et
866 664 1013 718 {uror
1043 680 1281 733 magnus
1304 680 1465 735 super
1500 680 1710 720 omnem
1736 674 1935 735 terram
1978 663 2136 717 fuerit

570 750 855 806 expansns,
878 744 1012 806 tunc
1040 735 1263 806 primum
1283 734 1957 806 superstitiosusidolorum
1978 748 2131 806 error

569 801 785 859 ittsanus
805 803 1100 871 dejicietttr.
1122 803 1186 857 In
1208 805 1457 869 omnibus,
1474 801 2131 873 iuquit,diis/Egypiiorunt

568 877 749 952 faciam
786 873 1055 952 uindictam
1076 890 1094 927 :
1120 889 1211 945 ego
1253 873 1498 952 Domina;
1546 871 1565 943 (
1593 872 1761 952 Exod.
1794 873 1877 926 12.
1909 871 1977 952 1⁵2
2001 873 2038 952 ).
2076 871 2128 924 lu

568 943 914 1015 primogenita
956 953 1133 1015 autem
1152 943 1336 997 omnia
1366 945 1588 1015 saevitur
1612 982 1627 1008 ,
1662 943 1782 1011 quia
1829 943 2127 1015 antiquiora

566 1012 807 1084 tempora
832 1014 931 1067 sibi
964 1014 1310 1084 vindicantes,
1332 1014 1735 1084 vetustissimam
1748 1012 1985 1065 omnium
2011 1025 2127 1064 ser-

568 1082 785 1139 vitutem
823 1084 978 1138 idolis
1027 1083 1364 1152 praestabant.
1411 1082 1713 1137 Tenebrosa
1760 1092 1817 1136 et
1869 1092 2123 1152 nocturna

561 1156 713 1223 plaga
736 1163 882 1209 erat:
905 1151 1035 1207 nam
1050 1154 1348 1216 tenebrosa,
1370 1153 1557 1216 tristia,
1578 1153 1801 1222 ingrata,
1819 1151 2124 1220 caliginosa,

564 1222 871 1287 inhumana,
897 1232 1053 1292 atque
1084 1224 1485 1277 teuehrosorum
1508 1237 1725 1290 operum
1748 1232 1802 1275 et
1826 1222 2124 1274 daemonum

567 1305 721 1349 erant
743 1293 963 1365 judicia.
1000 1292 1165 1365 Dabo,
1199 1292 1384 1359 inquit,
1416 1294 1646 1365 prodigia
1663 1294 1713 1345 in
1739 1293 1861 1365 curio
1889 1306 2123 1355 sursum,

560 1374 609 1418 et
637 1362 779 1434 signa
805 1365 859 1416 in
889 1373 1020 1434 terra
1050 1362 1281 1434 deorsum
1305 1402 1316 1416 .
1366 1363 1734 1434 sanguincutet
1764 1363 1939 1434 ignem
1954 1369 2000 1412 et
2038 1377 2122 1434 ea-

504 1430 515 1438 ’
562 1430 732 1502 ponent
762 1434 904 1503 fumi.
937 1432 1003 1485 Et
1032 1432 1108 1485 sol
1134 1430 1523 1503 converteturin
1550 1430 1813 1503 tenebras.
1839 1441 1881 1483 et
1922 1431 2041 1483 luna
2070 1432 2121 1482 in

560 1500 856 1575 sanguinem
886 1543 909 1575 ,_
933 1513 1205 1575 antequam
1217 1502 1408 1575 Avertat
1454 1501 1559 1575 dies
1604 1500 1809 1575 Domini
1836 1515 2051 1575 magna!
2075 1510 2121 1551 et

560 1567 853 1644 manifestus
890 1572 909 1644 (
934 1567 1071 1626 Joel'
1090 1569 1146 1625 2.
1292 1572 1351 1626 51
1379 1572 1419 1637 ).
1450 1570 1834 1644 Cur_uobis_lnec
1860 1567 1967 1644 dies
2008 1567 2119 1644 ρο-

562 1645 685 1697 mini
699 1638 730 1697 Ῥ
760 1643 829 1696 Et
845 1638 949 1696 ltdzc
978 1652 1050 1695 est
1086 1640 1317 1705 tenebris,
1355 1655 1400 1693 et
1422 1640 1654 1696 nonlux.
1688 1638 2121 1705 Quemadmodum

558 1715 688 1767 enim
708 1715 750 1766 si
771 1712 1103 1783 fugerit'eiria
1127 1712 1255 1781 facie
1287 1708 1462 1774 leonis,
1490 1718 1537 1762 et
1570 1711 1836 1783 occurrerit
1862 1710 1959 1783 ipsi
2000 1725 2117 1783 rur-

554 1800 661 1846 sus,
692 1794 737 1837 et
758 1779 998 1836 introierit
1030 1779 1230 1833 domum
1252 1821 1263 1840 ,
1289 1790 1334 1831 et
1358 1797 1511 1832 manu
1534 1797 1626 1833 sua
1659 1780 1864 1833 innixus
1890 1780 2041 1848 fuerit
2068 1779 2118 1831 in

556 1854 816 1921 parietem,
840 1862 884 1905 et
910 1850 1228 1903 momorderit
1249 1867 1359 1921 eunt
1383 1850 1583 1921 coluber
1614 1865 1633 1902 :
1652 1852 1735 1921 sic
1759 1850 1856 1921 erit
1877 1847 1983 1921 dies
2004 1847 2087 1921 Do
2102 1880 2115 1889 ο

558 1917 681 1975 inini
708 1926 919 1977 tenebrtc
940 1961 955 1985 ,
1009 1931 1054 1974 et
1081 1936 1178 1972 non
1206 1920 1296 1972 erit
1324 1918 1411 1971 tua:
1438 1919 1489 1970 in
1515 1919 1779 1989 enri(Amos
1825 1919 1878 1974 5.
1910 1917 2113 1989 18-20).

554 1990 780 2062 Sanguis
803 2007 933 2062 vero
962 1992 1011 2044 in
1055 1991 1258 2057 signum
1291 1990 1539 2057 signaculi
1568 1988 1758 2062 Christi
1793 2029 1808 2052 ,
1842 2005 2013 2041 meum
2038 1988 2117 2062 est

549 2058 880 2131 mysterium.
913 2060 1129 2131 Signum
1160 2069 1468 2131 autetn_u0n
1492 2068 1617 2114 tunc
1644 2058 1837 2131 veritas
1863 2068 1995 2131 erat.
2020 2058 2111 2112 sed

556 2127 748 2187 fotum
795 2127 1032 2184 veritatis
1068 2130 1292 2198 signum.
1323 2128 1591 2197 Quotquot
1625 2130 1767 2182 enim
1808 2127 2004 2181 habent
2036 2131 2112 2182 si-

550 2217 711 2269 gnum
739 2202 1007 2271 sanguinis
1039 2199 1397 2271 inanimalius
1422 2238 1435 2257 .
1486 2209 1538 2271 ut
1570 2213 1598 2251 a
1629 2198 1744 2265 lege
1779 2199 1830 2250 in
1869 2198 2113 2271 domibus

550 2268 780 2340 imprimi
826 2268 881 2325 et
927 2272 1048 2339 ungi
1086 2268 1291 2340 jussum
1337 2277 1485 2327 erat.
1518 2268 1613 2340 hos
1658 2283 1843 2340 otnnes
1890 2268 2111 2340 exitiosa

550 2338 701 2411 plaga
732 2338 1042 2411 pra-terihit.
1075 2338 1140 2391 In
1169 2338 1346 2408 quibus
1366 2379 1377 2397 .
1414 2338 1581 2411 inquit
1610 2377 1625 2399 ,
1656 2338 1881 2411 domibus
1902 2338 2108 2406 sangui-

550 2408 663 2464 ne»;
689 2408 880 2474 uidebo,
906 2424 1070 2479 tegam
1090 2425 1193 2473 vos,
1223 2418 1269 2461 et
1306 2424 1404 2460 non
1435 2408 1525 2461 erit
1552 2408 1778 2479 in_vobis
1823 2408 1974 2479 plaga
2000 2423 2114 2477 qua:

547 2498 633 2535 uos
661 2490 860 2546 atterat,
890 2476 1003 2533 cuin
1038 2478 1311 2548 percutiant
1339 2479 1392 2530 in
1420 2487 1551 2548 terra
1568 2476 1639 2530 1E
1646 2479 1785 2546 gypti
1805 2477 1994 2547 (Exod.
2023 2479 2108 2531 12.

546 2552 657 2622 15).
681 2550 903 2621 Sanguis
931 2547 1057 2619 ergo
1086 2558 1139 2601 ttt
1165 2549 1372 2622 signum
1393 2547 1457 2622 ad
1484 2550 1775 2622 custodiant
1813 2568 1826 2601 :
1860 2548 1910 2599 in
1942 2547 2112 2622 donti-

545 2617 643 2675 bus
672 2617 846 2677 autem
874 2662 889 2684 ,
923 2630 977 2673 ut
999 2617 1063 2672 'in
1092 2619 1387 2671 animabus.
1428 2619 1616 2670 Anima
1661 2618 1799 2670 enim
1826 2632 1889 2670 ex
1928 2617 2111 2671 divino

553 2694 750 2759 Spiritu
782 2700 834 2745 et
862 2706 924 2745 ex
960 2688 1062 2743 ﬁde
1104 2702 1311 2759 sacrum
1363 2686 1420 2759 lit
1451 2687 1829 2759 habitaculum.
1881 2687 1989 2739 lloc
2031 2698 2106 2740 te-

549 2756 745 2829 guntur
773 2763 805 2815 ii
837 2801 851 2825 ,
885 2761 969 2825 qui
998 2759 1239 2813 credunt.
1275 2756 1475 2811 Pascha
1508 2773 1601 2826 per
1628 2758 1929 2810 universum
1959 2772 2110 2810 mun-

545 2834 671 2885 dum
704 2832 807 2885 tale
831 2830 1137 2901 mysterium
1165 2836 1264 2883 est.

610 2904 661 2957 5.
694 2901 827 2955 Audi
864 2896 1035 2953 ﬁumen
1068 2914 1162 2952 nos
1197 2912 1300 2967 pro.
1323 2896 1456 2951 virili
1488 2906 1667 2951 nostra
1698 2904 1845 2964 parte
1869 2896 2102 2952 divinam

541 2973 889 3026 initiationcm
908 2969 1170 3037 sigillalim
1189 2970 1532 3037 explicanles.
1558 2967 1663 3019 lies
1680 2968 1819 3020 enim
1841 2969 2107 3035 quomodo

538 3057 665 3097 vere
687 3056 744 3095 se
775 3040 964 3093 habeat
984 3080 997 3101 ,
1032 3042 1167 3092 Deus
1190 3037 1418 3092 Verbum
1448 3038 1622 3098 novit,
1652 3037 1739 3104 qui
1770 3037 1823 3090 iu
1852 3051 1912 3091 se
1932 3048 1985 3091 et
2013 3042 2107 3107 per

540 3127 599 3165 sc
627 3126 833 3164 sacrum
861 3109 1059 3163 Pascha
1086 3108 1387 3161 adornavit:
1420 3108 1569 3160 nobis
1591 3121 1714 3160 vero
1736 3115 1913 3175 utpote
1936 3108 2103 3163 homi-

538 3182 693 3237 nibus
719 3179 867 3234 venia
912 3177 1083 3231 danda
1106 3218 1119 3235 ,
1157 3181 1200 3231 si
1246 3192 1346 3231 ι.οη
1378 3178 1554 3230 omnia
1582 3190 1944 3245 assequamur,
1973 3189 2026 3233 et
2060 3180 2104 3234 si

538 3252 791 3304 labantur.
825 3250 1067 3301 Dicamus
1099 3257 1270 3300 tamen
1292 3287 1307 3310 ,
1338 3248 1509 3315 priora
1550 3258 1895 3301 resumentes.
1924 3248 2105 3303 Primo

534 3321 746 3381 dicitur,
775 3318 969 3373 Mensis
1009 3317 1098 3369 ille
1126 3325 1207 3369 est
1232 3319 1433 3369 initium
1464 3317 1746 3369 mensium.
1774 3316 1881 3370 Cur
1906 3320 2106 3373 mensis

534 3391 755 3444 Pascha:
785 3391 985 3457 primus
1010 3396 1091 3457 est
1121 3387 1377 3439 mensium
1402 3384 1564 3439 anni?
1594 3388 1833 3439 Arcanos
1858 3385 2105 3441 Hebrum-

536 3476 651 3512 rum
683 3456 858 3512 sermo
884 3466 996 3517 est,
1030 3456 1129 3508 hoc
1155 3470 1273 3509 esse
1303 3468 1509 3523 tempus
1536 3469 1640 3523 quo
1671 3464 1964 3522 temporqu
1997 3459 2103 3512 Do-

538 3531 710 3582 minus
736 3539 789 3581 et
829 3527 1050 3580 Creator
1080 3526 1214 3579 Deus
1258 3526 1562 3579 universum
1605 3526 1837 3577 creavit:
1866 3535 1919 3578 et
1963 3525 2105 3580 hunc

533 3613 653 3653 esse
684 3599 907 3666 primum
938 3595 1218 3651 creatiouis
1256 3595 1439 3648 liorem
1459 3634 1474 3658 ,
1503 3595 1703 3666 mundi
1751 3595 2098 3666 pulchritudi-

537 3664 699 3731 nem,
728 3667 938 3735 quando
966 3665 1250 3735 fulgentem
1297 3675 1457 3735 totam
1501 3664 1781 3732 imaginem
1831 3665 1881 3717 itt
1928 3677 2103 3721 mente

532 3734 756 3792 Creator
782 3734 1283 3797 concinne'inoveri
1329 3734 1491 3796 vidit,
1523 3742 1577 3787 et
1619 3734 1793 3786 ornari
1836 3744 1983 3788 recto
2011 3737 2103 3788 illo

533 3809 784 3861 caelorum
808 3806 1018 3869 ordine,
1053 3814 1421 3871 tempestatum
1449 3804 1588 3856 bono
1617 3802 1823 3868 ordine,
1853 3803 1983 3857 solis
2013 3820 2094 3858 rc-

531 3888 618 3930 cto
646 3892 799 3930 cursu
821 3917 835 3939 ,
870 3874 1000 3928 lucis
1037 3873 1267 3927 nondum
1305 3874 1594 3927 imminuta:
1621 3874 1859 3933 oriente.
1902 3884 1957 3925 et
1992 3874 2100 3940 jam

533 3956 771 4001 ornatam
818 3947 1079 3999 fructuum
1110 3954 1226 3997 ortu
1250 3985 1265 4007 ,
1316 3945 1613 4012 plantarum
1658 3942 2098 4007 l'ructiﬁcotione,

531 4018 780 4071 arborum
818 4016 1045 4069 ﬂoribus
1091 4013 1518 4074 recurrentibus,
1552 4028 1768 4081 gregum
1802 4014 2051 4079 partubus
2084 4032 2101 4068 :

530 4085 743 4155 quando
768 4084 923 4155 ﬂoret
950 4084 1316 4153 germinatque
1344 4086 1587 4155 universa
1617 4091 1775 4155 terra,
1807 4091 1862 4137 et
1899 4082 2100 4138 ﬂoren-

532 4152 613 4211 tes
638 4156 855 4209 arbores
885 4152 1118 4215 fructus,
1158 4168 1289 4221 quos
1336 4153 1666 4221 parturiunt,
1707 4152 1814 4219 jam
1854 4155 2102 4222 paritura:

530 4235 655 4281 sunt
684 4244 696 4279 :
729 4225 940 4293 quando
964 4224 1086 4292 juga
1112 4237 1175 4276 ex
1206 4234 1382 4293 aratro
1410 4223 1572 4276 solvit
1596 4222 1847 4293 agricola,
1873 4232 1927 4277 et
1956 4226 2103 4290 quie-

528 4309 636 4350 tem
658 4291 947 4349 dat—currui
975 4291 1338 4362 mugientium,
1364 4307 1426 4346 ac
1454 4302 1730 4362 postquam
1756 4291 1963 4347 divinos
1988 4294 2101 4347 fru-

529 4377 649 4421 ctus
679 4367 728 4418 in
761 4375 896 4419 terra
924 4360 1085 4432 jecit,‘
1106 4364 1346 4417 ca-lcstes
1372 4362 1568 4430 excipit
1593 4360 1766 4415 fontes
1790 4370 1843 4415 et
1871 4364 2098 4418 imbres:

526 4436 740 4504 quando
781 4443 958 4504 pastor
1002 4434 1083 4486 lac
1127 4432 1551 4504 candidutnujam
1603 4432 1801 4497 mulget
1832 4448 1859 4504 :7
1891 4436 2102 4498 quando

530 4501 647 4575 apis
674 4506 854 4559 dulces
884 4503 1032 4575 favos
1061 4511 1114 4556 et
1160 4517 1336 4556 eeram
1370 4501 1615 4575 ell‘ormat
1644 4518 1657 4553 :
1690 4503 1902 4575 quando
1945 4515 2101 4559 nauta

530 4572 682 4631 l:i:tus
712 4589 857 4627 mare
898 4573 1006 4642 jam
1052 4583 1254 4627 tentare
1281 4572 1471 4635 audet,
1516 4581 1570 4625 et
1612 4586 1794 4626 amore
1824 4574 1954 4626 lucri
2001 4575 2098 4628 ilu-

527 4656 707 4698 ctuum
752 4644 979 4713 pericula
1024 4644 1275 4695 audacter
1318 4644 1469 4695 adit:
1524 4643 1771 4711 illamque
1822 4644 1929 4710 jam
1983 4645 2102 4697 uni-

526 4712 800 4769 versorum
829 4714 1246 4773 consonantiam,
1277 4722 1329 4765 et
1355 4712 1548 4764 bellum
1570 4727 1805 4764 omnium
1837 4713 2098 4781 ordinem,

527 4795 705 4851 atque,
724 4784 869 4837 utita
898 4782 1069 4835 dicam
1090 4821 1105 4845 ,
1138 4782 1571 4851 beneplacitumL
1602 4782 1915 4851 principium
1945 4799 2063 4838 esse
2083 4824 2099 4848 ,

526 4855 737 4909 dulcem
777 4866 968 4919 nempe
999 4852 1138 4905 veris
1164 4852 1504 4917 voluptatem.
1532 4850 1647 4919 Ego
1672 4850 1799 4905 vero
1830 4854 1913 4907 his
1950 4853 2102 4908 dictis

528 4939 634 4979 non
666 4924 877 4976 diilicile
904 4920 1243 4985 crediderim,
1271 4921 1364 4974 sed
1390 4935 1597 4987 Opinor,
1632 4923 1736 4975 imo
1764 4937 1891 4977 vero
1919 4924 2098 4989 credo,

526 5010 624 5064 per
650 4991 1215 5064 Paschespiritualem
1242 4990 1629 5064 solemnitatem
1661 4993 1997 5064 principium,
2022 5009 2103 5047 ca-

528 5060 621 5131 put
645 5078 707 5115 ac
732 5062 880 5131 quasi
907 5063 1095 5114 ducem
1126 5060 1301 5131 omnis
1331 5061 1580 5124 temporis
1608 5062 1848 5131 intelligi,
1877 5074 1931 5117 et
1964 5064 2103 5118 hunc

525 5130 645 5189 esse
675 5130 893 5187 PaSchm
920 5145 1177 5193 mensem,
1207 5130 1258 5181 in
1289 5144 1396 5197 quo
1423 5144 1667 5198 magnttm
1697 5130 1822 5185 illud
1849 5146 2101 5186 consum-

526 5213 701 5261 matur
744 5210 799 5255 et
837 5200 1134 5255 celebratur
1169 5200 1518 5269 mysterium;
1572 5210 1627 5252 ut
1672 5201 1804 5254 sicut
1852 5202 2103 5255 Dominus

525 5274 763 5328 omnium
795 5269 1201 5337 intelligibiliunt
1240 5280 1295 5323 ct
1332 5269 1671 5323 invisibiliqu
1716 5272 2099 5340 printogenitus

528 5352 611 5396 est
638 5343 705 5395 ah
730 5343 913 5402 initio;
946 5355 1023 5393 sic
1052 5349 1106 5393 et
1134 5340 1217 5393 hic
1245 5341 1441 5393 mensis
1464 5381 1479 5404 ,
1511 5341 1598 5407 qui
1629 5354 1778 5393 sacra
1811 5340 2103 5394 honoratur

529 5412 822 5466 initiatione
843 5452 857 5476 ,
908 5412 1109 5477 primus
1153 5419 1297 5463 esset
1326 5410 1375 5461 in
1418 5425 1559 5463 anno
1579 5449 1592 5472 ,
1639 5420 1691 5462 et
1719 5412 1896 5463 omnis
1921 5412 2100 5465 sreculi

527 5483 865 5553 principium.
895 5484 1080 5553 Aunus
1108 5488 1284 5553 autem
1313 5478 1397 5533 hic
1421 5489 1523 5543 est,
1552 5495 1707 5553 quem
1736 5480 1914 5532 divina
1953 5481 2099 5553 Seri-

530 5547 680 5619 iitura
708 5547 903 5605 Clamat
931 5567 943 5601 :
982 5547 1267 5603 Prtedicttrc
1290 5567 1475 5601 annum
1506 5547 1706 5619 Dotuini
1744 5551 2102 5617 acceptabilem

530 5618 678 5687 (Luc.
706 5623 760 5674 4.
791 5622 898 5688 19).
930 5622 1107 5688 Agnus
1132 5630 1215 5674 est
1242 5621 1447 5671 victima
1480 5636 1648 5672 sacra.
1683 5618 1796 5687 Ipse
1824 5622 1962 5672 enim
1982 5663 1996 5685 ,
2022 5621 2101 5675 in-

530 5696 665 5762 quit,
695 5691 836 5745 Sicut
854 5690 954 5743 ovis
981 5689 1047 5741 ad
1074 5689 1366 5743 occisionem
1396 5690 1573 5743 ductus
1594 5700 1683 5762 est,
1712 5699 1758 5762 et
1784 5689 1909 5762 sicut
1937 5708 2100 5760 agnus

530 5760 698 5815 (oram
730 5766 960 5815 tondente
997 5776 1047 5812 se
1094 5772 1255 5813 mutus
1300 5762 1451 5831 (Act.
1481 5765 1531 5816 8.
1563 5760 1674 5832 32).
1724 5760 1786 5813 Et
1816 5760 2046 5815 Joannes
2084 5779 2098 5816 :

2019 337 2279 395 SPUnla.

3731 342 3839 399 τευ

2255 455 2578 525 ζζτιϊιαψςᾱεδ
2611 451 2735 519 Dei,
2775 455 2860 522 qui
2898 454 3025 507 tollit
3054 465 3315 521 peccatum
3354 458 3527 509 mundi
3561 455 3739 525 (Joan.
3781 460 3831 507 1.

2244 520 2358 591 29).
2390 520 2687 578 Perfectum
2732 520 2910 577 autem
2945 520 3138 592 qtnerit
3174 540 3366 593 agnum
3404 538 3458 579 et
3484 520 3789 581 anniculam
3815 571 3835 592 ,

2245 594 2535 661 perlectum
2559 604 2613 647 ut
2640 595 2689 647 in
2724 604 2862 647 terra
2897 594 3137 663 habetur.
3175 599 3358 648 Annus
3388 598 3643 664 temporis
3669 614 3827 654 men-

2243 677 2420 716 soram
2450 665 2501 716 in
2532 673 2668 716 terra
2698 664 2795 717 sibi
2826 664 3021 728 sumit,
3052 679 3223 719 annus
3265 665 3317 718 in
3348 680 3407 719 se
3436 666 3746 731 revolvitur,
3777 679 3835 722 et

2244 733 2328 785 illa
2384 732 2713 788 revolutione
2772 733 3203 787 immensurabile
3259 734 3509 789 smculunt
3565 738 3830 791 imitatur.

2240 804 2684 887 .Supniturlautent
2702 802 2906 887 decima
2932 804 3153 887 mensis.
3184 803 3347 887 idque.
3362 804 3649 887 admodum
3675 822 3833 887 sym-

2242 871 2413 945 bolice
2442 890 2456 927 :
2490 873 2570 926 lex
2600 873 2740 945 enim
2789 872 2959 945 distat
2995 874 3073 945 abi
3110 871 3405 942 evangelio.
3440 875 3595 943 Legis
3626 871 3835 945 quippe

2242 944 2561 1010 praecipuum
2590 941 2780 1009 dogma
2809 952 2891 995 est
2930 942 3212 1009 decalogus
3238 941 3264 995 :7
3284 954 3399 1009 post
3430 941 3613 998 decem
3643 941 3830 1000 animi)

2241 1009 2369 1079 legis
2408 1009 2672 1081 praecepta
2719 1021 2844 1065 tunc
2884 1027 3051 1081 agnus
3081 1015 3336 1082 mysticus
3380 1014 3449 1068 de
3490 1016 3624 1067 ea-lo
3656 1020 3828 1069 venit.

2240 1082 2493 1156 Servatur
2517 1092 2691 1156 autem
2734 1098 2829 1150 per
2857 1082 3498 1156 quosdanrintermedios
3532 1084 3680 1156 dies,
3717 1100 3832 1156 quo

2237 1150 2535 1204 subindicat
2565 1152 2838 1217 Scriptura
2869 1163 3077 1222 iempus
3126 1153 3254 1205 illud
3305 1167 3468 1219 itaque
3502 1154 3577 1206 ad-
3616 1150 3830 1222 passio-

2235 1234 2378 1281 nem,
2409 1222 2618 1288 quando
2645 1220 3061 1289 comprehensus
3082 1223 3333 1275 Servatur
3363 1226 3411 1275 in
3440 1220 3823 1279 domuSunnni

2236 1291 2497 1358 pontificis
2524 1290 2769 1344 detentus
2796 1300 2895 1344 est.
2925 1291 3024 1356 Qui
3068 1301 3242 1345 autem
3288 1295 3575 1347 assumitur
3614 1296 3828 1349 vicinus

2234 1360 2299 1433 ad
2348 1361 2730 1433 comedendum
2780 1376 3009 1429 agnum,
3053 1377 3153 1433 ego
3199 1377 3335 1415 sttui.
3382 1363 3425 1416 A
3474 1374 3522 1416 te
3560 1366 3743 1433 enim,
3789 1384 3826 1415 u

2233 1426 2417 1494 Israel,
2441 1445 2604 1498 agnus
2635 1446 2737 1485 non
2765 1426 2950 1499 captus
2975 1440 3076 1483 est.
3093 1426 3371 1498 'Deinceps
3396 1448 3520 1485 vero
3548 1426 3827 1500 agnusad

2232 1514 2508 1567 veSperam
2542 1500 2864 1554 immolatur.
2901 1500 3029 1553 Nam
3069 1500 3135 1553 ad
3175 1500 3500 1554 occidentem
3531 1505 3702 1557 solem
3730 1521 3823 1557 sa.-

2230 1582 2322 1639 cier
2349 1571 2817 1639 aguusjuguhttur.
2848 1569 3080 1623 Mactant
3105 1580 3278 1622 autem
3310 1571 3454 1624 ilium
3479 1575 3649 1626 omnis
3676 1577 3824 1627 mul-

2232 1637 2402 1709 titudo
2451 1637 2731 1709 synagoga:
2790 1640 3035 1709 filiorum,
3068 1639 3245 1694 ISrael.
3304 1641 3609 1695 Incrednlus
3665 1645 3827 1698 enim

2230 1708 2388 1780 lsrael
2419 1724 2561 1780 reus
2614 1709 2782 1763 factus
2825 1720 2908 1780 est
2953 1708 3109 1777 hujus
3152 1712 3439 1763 venerandi
3488 1714 3766 1780 sanguinis
3802 1732 3825 1769 ι

2228 1793 2350 1849 nam
2381 1777 2519 1849 idem
2561 1780 2785 1846 populus
2811 1779 2935 1849 olim
2969 1780 3195 1840 occidit,
3232 1780 3476 1849 idemque
3514 1777 3651 1834 nunc
3703 1799 3829 1837 non

2226 1848 2413 1917 credit.
2444 1846 2566 1902 Ideo
2604 1848 2813 1917 divinus
2843 1847 3076 1917 Spiritus
3104 1858 3287 1902 eontra
3323 1846 3464 1915 ipsos
3495 1852 3821 1907 testiﬁcatur

2225 1926 2278 1991 et
2316 1916 2511 1991 clamat
2542 1934 2554 1970 :
2614 1916 2803 1991 Manus
2828 1931 3005 1971 vestra:
3033 1920 3195 1991 plena:
3232 1930 3349 1971 sunt
3375 1922 3621 1990 mugnine
3649 1922 3814 1991 (lsui.

2226 1988 2277 2060 i_.
2309 1986 2428 2060 15).Δ
2453 1987 2675 2055 Sanguis
2706 1997 2887 2060 autetn
2921 2003 3079 2056 supra
3121 1989 3279 2043 limen
3310 2000 3421 2049 est.
3466 1986 3616 2059 quasi
3647 1986 3817 2060 Supra

2225 2056 2554 2129 Ecclesiam;
2586 2066 2829 2129 etrsuper
2857 2057 2991 2129 duos
3023 2068 3201 2129 postes
3224 2099 3236 2121 ,
3271 2070 3328 2113 ut
3355 2056 3518 2127 super
3544 2061 3688 2115 duos
3716 2056 3820 2129 po-

2226 2127 2394 2201 pulos.
2426 2126 2536 2201 Non
2569 2128 2864 2201 enimsatis
2891 2127 3344 2201 habet__Servator.
3376 2146 3408 2184 o
3428 2126 3632 2193 'lsrael,
3660 2126 3819 2201 quod

2222 2196 2287 2249 ad
2325 2208 2374 2250 te
2405 2198 2631 2265 primum
2663 2199 2858 2251 missus
2885 2200 2992 2251 sit:
3027 2196 3147 2250 Non
3174 2202 3314 2253 enim
3344 2201 3523 2253 missus
3548 2196 3693 2263 sum,
3726 2204 3818 2255 in-

2220 2266 2363 2333 quit,
2396 2267 2461 2318 ad
2499 2283 2614 2328 vos,
2646 2267 2735 2321 sed
2759 2270 2824 2319 ad
2853 2283 2966 2321 oves
2998 2283 3110 2334 qua:
3134 2269 3387 2336 perierunt
3421 2270 3599 2323 domus
3638 2270 3815 2325 Israel

2222 2336 2428 2406 (Matth.
2458 2337 2678 2407 {5.24).
2710 2337 2821 2406 Ego
2842 2353 2966 2391 vero
2991 2347 3047 2391 ut
3066 2339 3285 2392 catellus
3305 2340 3369 2392 ad
3392 2340 3618 2393 alienam
3646 2358 3810 2396 tuen-

2220 2405 2331 2460 Sam
2374 2405 2691 2477 assidebam,
2723 2405 2843 2461 cum
2876 2407 3109 2461 nondum
3143 2422 3326 2473 panem
3359 2409 3638 2464 comedere
3679 2426 3810 2477 pos-

2219 2492 2330 2529 sem
2353 2517 2367 2539 ,
2397 2476 2490 2530 sed
2531 2477 2784 2550 cadentes
2823 2480 2986 2532 micas
3017 2478 3278 2545 parasitus
3304 2479 3625 2550 colligerem.
3665 2476 3815 2546 Quia

2218 2562 2347 2619 vero
2379 2557 2433 2599 tu
2471 2562 2663 2619 manna
2700 2547 2767 2600 de
2804 2550 2936 2619 (zelo
2979 2562 3085 2601 non
3125 2547 3448 2619 cognovisti,
3496 2551 3548 2603 in
3594 2566 3679 2603 me
3710 2566 3814 2619 pa».

2220 2616 2299 2666 nis
2334 2632 2424 2683 per
2466 2616 2619 2670 tidem
2650 2618 2935 2671 translatus
2972 2628 3085 2678 est,
3128 2616 3353 2671 ct‘canis
3390 2619 3506 2673 loco
3547 2620 3686 2672 illius
3711 2616 3803 2673 ei-

2220 2685 2405 2750 lectus,
2436 2702 2623 2741 carnes
2667 2687 2908 2741 comedo.
2950 2686 3155 2741 Occidit
3196 2689 3335 2741 enim
3382 2690 3466 2742 lux
3509 2689 3693 2742 mundi
3746 2692 3804 2743 in

2217 2770 2409 2823 magno
2433 2771 2655 2823 corpore
2675 2756 2893 2809 Christi.
2918 2756 3154 2823 Accipite,
3180 2760 3440 2821 comedite,
3470 2759 3564 2810 hoc
3589 2768 3661 2810 est
3686 2775 3809 2811 cor-

2217 2841 2310 2897 pus
2338 2842 2497 2877 meum
2527 2824 2733 2897 (Matth.
2762 2826 2850 2880 26.
2877 2826 2991 2897 26).
3020 2827 3206 2897 Caenea
3232 2839 3397 2897 certas
3422 2829 3543 2895 igni.
3577 2827 3805 2896 lgucum

2216 2895 2359 2947 enim
2396 2905 2477 2949 est
2513 2894 2821 2949 rationabile
2848 2894 3039 2965 corpus
3064 2896 3281 2950 ChriSIi.
3322 2894 3498 2966 Ignem
3540 2894 3651 2951 veni
3680 2900 3805 2950 mit-

2218 2975 2318 3037 tere
2352 2968 2404 3037 in
2436 2976 2646 3037 terram,
2691 2966 2886 3037 etquid
2924 2968 3034 3019 volo
3071 2968 3115 3019 si
3132 2968 3244 3036 jam
3278 2983 3517 3021 accensus
3550 2969 3612 3020 sit
3640 2968 3800 3037 (Luc.

2218 3032 2306 3088 12.
2337 3034 2589 3106 49)⁶2Νοιι
2619 3032 2836 3106 crudam
2864 3051 3076 3089 carnem
3098 3052 3113 3101 ;
3132 3032 3215 3089 ἰιι
3244 3038 3462 3089 verbum
3490 3039 3554 3091 sit
3600 3032 3797 3106 opera-

2217 3105 2361 3176 tione
2385 3105 2551 3176 facile,
2582 3105 2727 3168 utile,
2754 3106 3079 3173 acceptabile
3104 3124 3114 3157 :
3142 3122 3246 3159 non
3269 3123 3403 3175 aqua
3422 3105 3660 3176 its-satum
3684 3125 3699 3170 ;
3730 3125 3806 3163 ne

2215 3173 2518 3237 humidum,
2550 3190 2777 3245 aqueum
2808 3176 2890 3229 vel
2918 3176 3207 3229 resolutum
3240 3173 3331 3230 sit.
3370 3173 3533 3245 caput
3561 3195 3675 3230 cum
3708 3196 3799 3245 ρει

2214 3246 2357 3297 dibus
2386 3254 2430 3297 et
2454 3245 2717 3315 intestinis.
2750 3244 3067 3313 Principium
3099 3257 3151 3300 et
3179 3248 3407 3300 medium
3431 3244 3451 3308 ,
3476 3250 3629 3315 quasi
3661 3244 3804 3301 invi-

2214 3315 2365 3368 sibile
2391 3314 2667 3368 consilium
2691 3332 2705 3380 ;
2740 3316 2898 3386 pedes
2925 3324 2979 3368 ut
3006 3314 3185 3369 homo.
3220 3315 3390 3386 Caput
3417 3314 3537 3369 cum
3568 3319 3803 3385 pedibus

2214 3395 2267 3437 et
2297 3385 2559 3437 intestinis
2589 3401 2601 3436 τ
2639 3385 2950 3452 principium
2987 3396 3039 3439 et
3067 3385 3383 3439 medimnet
3408 3386 3526 3439 ﬁnis
3563 3404 3576 3441 :
3611 3391 3803 3441 omnia

2212 3455 2468 3524 continet,
2500 3456 2815 3524 constringit
2835 3464 2888 3509 et
2910 3458 3235 3524 conglutinat
3259 3457 3311 3509 in
3340 3456 3517 3524 seipso
3541 3458 3801 3512 insolubi-

2212 3521 2349 3577 libus
2378 3523 2619 3589 vinculis,
2651 3521 2778 3579 verc
2804 3524 2969 3577 lactus
2998 3521 3259 3579 mediator
3291 3526 3379 3579 Dei
3409 3521 3463 3579 et
3489 3528 3799 3581 hominum.

2200 3590 2379 3665 Caput
2408 3609 2526 3665 cum
2560 3594 2777 3665 pedibus
2806 3604 2858 3649 et
2890 3596 3171 3649 intestinis.
3201 3596 3495 3649 Altitudine
3516 3638 3529 3658 ,
3565 3598 3791 3665 profun-

2209 3660 2393 3735 ditate,
2424 3660 2715 3735 latitudine,
2746 3674 3013 3735 quaesout
3036 3675 3188 3735 terra:
3219 3665 3443 3718 radices.
3474 3660 3641 3735 Caput
3670 3684 3796 3723 cum

2211 3731 2433 3798 pedibus
2456 3741 2508 3785 et
2535 3731 2822 3791 intestinis.
2854 3734 2962 3788 Lex
2984 3774 2997 3795 ,
3028 3734 3282 3799 verbum,
3317 3744 3452 3788 utet
3482 3731 3794 3791 consilium.

2215 3801 2378 3877 Quam
2396 3804 2606 3869 speciosi
2631 3803 2779 3873 pedes
2801 3804 3397 3877 euangelizantium_bona
3419 3804 3570 3877 (Isai.
3597 3808 3686 3860 52.
3710 3813 3745 3864 7
3752 3810 3794 3877 )1

2214 3870 2285 3922 0s
2314 3882 2481 3923 autem
2514 3888 2611 3925 non
2632 3870 2981 3945 comminuet—is
3008 3891 3070 3927 ea:
3107 3891 3164 3927 eo
3199 3873 3402 3943 (Exod.
3428 3870 3531 3929 12.
3563 3876 3692 3945 46);
3740 3870 3798 3933 ut

2210 3951 2558 4020 cognoscatur
2585 3944 2905 4020 resurrectio
2929 3959 3048 3997 cum
3074 3958 3318 4020 corpore.
3339 3945 3479 4020 riam
3511 3944 3800 4020 Mitie,_in~

2210 4011 2360 4087 quit,
2389 4011 2571 4087 digitos
2592 4014 2800 4087 tuosin
2830 4014 3021 4079 ﬁxurus
3047 4014 3302 4067 clavorum
3331 4012 3645 4087 (Joan.20.
3665 4011 3794 4087 ⁷27),

2212 4088 2268 4157 ut
2288 4083 2423 4157 scias
2444 4121 2456 4142 ,
2496 4084 2631 4157 Quia
2659 4083 2867 4157 spiritus
2893 4100 3093 4157 carnem
3119 4094 3165 4136 et
3192 4101 3307 4157 ossa
3333 4083 3434 4138 non
3459 4086 3606 4139 liabet
3633 4083 3772 4157 (Luc

2210 4150 2299 4203 24.
2329 4151 2437 4221 59).
2480 4152 2675 4221 Azytna
2702 4167 2820 4205 cum
2850 4152 3029 4206 herbis
3053 4154 3250 4207 amaris
3273 4157 3557 4208 cumedite.
3592 4150 3795 4211 Ainara

2211 4220 2352 4274 enim
2384 4220 2509 4293 tibi,
2533 4220 2587 4275 et
2609 4237 2909 4276 amarorum
2930 4226 3150 4292 operum
3179 4233 3304 4277 sunt
3333 4227 3607 4293 mysteria.
3631 4225 3800 4281 Terra

2210 4300 2370 4343 vestra
2395 4290 2607 4364 deserta,
2631 4293 2851 4345 civitates
2873 4290 3045 4346 vesti-ne
3070 4309 3321 4347 succensas
3344 4290 3469 4364 igni,
3499 4307 3685 4349 terram
3714 4316 3799 4350 vc-

2211 4370 2365 4413 stram
2382 4361 2532 4414 alieni
2548 4378 2714 4414 coram
2732 4364 2866 4415 vobis
2887 4364 3171 4427 comedunt,
3188 4374 3231 4415 et
3246 4361 3440 4417 deserta
3461 4374 3531 4419 est
3552 4368 3799 4422 subversa

2210 4431 2765 4506 a_po_pu_lis_ea:tr_t_zneis.
2801 4433 3074 4506 comedetis
3104 4431 3303 4506 Pascha
3330 4450 3445 4486 cum
3472 4437 3799 4506 festinatione

2215 4498 2363 4573 (Isui.
2401 4501 2448 4553 1.
2480 4502 2555 4569 7).
2593 4502 2811 4573 Yigilem
2855 4504 3049 4570 quippe
3076 4512 3129 4573 et
3163 4498 3707 4573 excitatum'oportet
3735 4511 3805 4561 ἰ.-

2211 4570 2318 4640 lum
2350 4585 2468 4624 esse
2487 4612 2501 4634 ,
2527 4570 2613 4637 qui
2640 4572 2706 4624 ad
2732 4582 2933 4624 tantum
2965 4572 3087 4625 illud
3120 4588 3313 4640 corpus
3341 4585 3419 4627 est
3449 4570 3795 4631 accessurus.

2210 4639 2391 4693 Lumbi
2408 4641 2551 4693 uestri
2567 4642 2804 4693 succincti
2824 4642 2941 4695 sint.
2962 4643 3183 4695 Cessent
3202 4639 3459 4709 genitales
3476 4657 3529 4699 et
3547 4647 3796 4702 dissoluti

2212 4709 2387 4763 carnis
2415 4710 2609 4771 ﬂuxus,
2636 4724 2687 4764 et
2717 4712 2947 4765 sordide
2972 4714 3295 4780 voluptates.
3327 4713 3684 4769 Calceameuta
3712 4734 3803 4771 ve-

2210 4781 2385 4834 strain
2413 4780 2618 4847 pedibus
2644 4797 2663 4834 :
2692 4791 2751 4836 ut
2779 4781 2905 4835 recti
2934 4798 3146 4849 gressus
3172 4784 3299 4849 sint,
3323 4794 3379 4837 et
3402 4784 3567 4838 fulcra
3595 4788 3748 4839 lirma
3788 4815 3798 4846 ς

2212 4864 2333 4926 nam
2358 4851 2592 4926 veritatis
2617 4862 2739 4905 sunt
2768 4852 2989 4926 radices.
3014 4852 3385 4926 Calceamenta
3414 4865 3587 4926 vestra
3617 4858 3668 4909 in
3702 4872 3799 4926 pe-

2212 4922 2366 4992 dibus
2396 4923 2582 4992 vestris
2609 4938 2623 4975 :
2653 4938 2769 4989 qua:
2801 4921 3005 4992 Moyses
3032 4924 3245 4991 quidem
3271 4926 3445 4984 solvit.
3472 4924 3631 4979 Jesus
3662 4921 3800 4980 vet‘e

2213 4990 2391 5057 ligavit
2436 4990 2590 5061 Nam,
2619 4992 2790 5057 Solve,
2821 4990 3022 5059 inquit,
3054 4995 3443 5046 calceantentum
3474 4997 3657 5061 pedum
3681 5006 3790 5050 tuo-

2212 5076 2323 5112 rum
2363 5060 2563 5131 (dead.
2613 5062 2662 5115 5.
2709 5064 2811 5131 5),
2861 5072 2918 5114 ut
2964 5062 3131 5131 legem
3180 5060 3621 5131 pertransituram
3672 5080 3794 5120 esse

2210 5130 2595 5203 ostenderetur.
2639 5130 2795 5203 Cnqu
2820 5147 2918 5184 non
2938 5147 3052 5203 sunt
3092 5130 3273 5203 dignus
3301 5134 3796 5203 corrigiumcalceu-

2210 5210 2486 5274 mentorum
2512 5202 2699 5254 solvere
2730 5201 2891 5271 (Luc.
2913 5202 2983 5274 ‘5.
3020 5201 3237 5274 i6),'_ut
3284 5201 3510 5274 Verbum
3556 5206 3799 5274 undique

2213 5271 2550 5324 constrictum
2592 5286 2710 5323 8:88
2738 5270 3128 5324 Ostenderetur.
3164 5270 3340 5325 Βαιτιιέ
3374 5277 3522 5326 uestri
3550 5276 3601 5326 in
3630 5270 3801 5327 ina-nio

2209 5340 2300 5411 bus
2320 5342 2491 5411 ueitris
2518 5356 2536 5394 .'
2562 5339 2755 5411 divina:
2780 5342 2988 5394 virtutis
3014 5342 3162 5411 signa
3185 5384 3198 5401 .
3232 5344 3559 5396 rationabilis
3585 5345 3801 5397 fortitu-

2210 5410 2347 5485 dinis
2369 5410 2555 5463 fulcra.
2589 5410 2743 5481 Virga
2777 5427 2871 5480 per
2894 5410 3159 5485 Moysem,
3190 5413 3457 5485 virgaper
3490 5417 3791 5485 Aaronem,

2210 5480 2355 5553 virga
2386 5496 2545 5533 uucea
2570 5523 2581 5544 ,
2608 5480 2757 5553 (virga
2783 5498 2899 5553 qua;
2930 5480 3185 5553 profunda
3226 5480 3388 5553 maris
3416 5484 3640 5547 dividit,
3674 5480 3798 5553 qua;

2211 5549 2429 5603 I‘otuium
2478 5549 2819 5623 acerbitatem
2870 5551 3080 5606 dulcem
3128 5552 3390 5617 reddidit,
3438 5554 3581 5620 virga
3631 5549 3796 5623 supra

2210 5635 2366 5689 quam
2395 5632 2595 5687 septem
2626 5622 2844 5688 Spiritus
2868 5625 3035 5675 sancti
3059 5623 3149 5675 Dei
3177 5624 3585 5690 requievcruut:
3618 5624 3796 5689 Spiri~

2213 5702 2292 5763 tus
2316 5692 2570 5763 sapientia:
2597 5702 2643 5742 et
2675 5689 2974 5763 intellectus,
3006 5694 3212 5759 spiritus
3237 5689 3432 5746 Consilii
3448 5704 3503 5763 et
3529 5697 3797 5763 fortitudi-

2213 5761 2322 5825 nis,
2363 5762 2567 5829 spiritus
2604 5763 2796 5813 timoris
2839 5759 2935 5813 Dei
2976 5763 3194 5831 implebit
3224 5763 3366 5816 illum
3406 5759 3559 5833 (leui.
3598 5766 3683 5819 11.
3716 5764 3797 5827 2i).
