4042 6464
540 327 643 380 753

605 441 655 494 5.
689 437 796 490 line
824 444 931 488 erat
966 431 1180 491 Pascha,
1202 447 1305 499 qua
1331 431 1653 484 desideravit
1691 429 1845 482 Je‘us
1873 428 1975 494 pati
2004 441 2100 492 pro

539 510 714 564 nobis.
744 506 838 558 l'er
870 504 1165 571 passionem
1193 517 1220 553 a
1255 502 1497 571 passio..e
1530 499 1768 571 liberavit
1793 537 1806 559 ,
1843 508 1896 549 et
1925 505 2096 571 morte

536 587 758 633 mortem
790 564 950 637 vicit,
980 586 1039 624 ac
1067 585 1162 639 per
1205 564 1464 623 visibilem
1520 584 1693 620 escam
1744 564 2095 639 immortalem

537 652 694 702 vitam
720 657 866 694 suam
890 633 1104 707 largitus
1126 649 1224 693 est.
1254 639 1362 692 lloc
1390 650 1465 692 est
1493 639 1720 691 salutare
1743 633 2097 707 Jesudeside—

538 720 670 771 rium
694 755 708 774 ,
742 713 826 766 hic
851 705 1000 763 amor
1025 711 1242 765 omnino
1269 709 1585 776 spiritualis.
1617 720 1670 760 ut
1704 705 1951 776 ostendat
1977 705 2098 776 lign-

535 801 623 840 ras
667 772 830 852 quasi
857 780 1046 848 ﬁguras
1077 821 1089 839 ,
1133 789 1185 852 et
1228 772 1435 852 sacrum
1479 792 1670 842 corpus
1708 774 1795 828 det
1823 772 2098 852 discipulis

536 857 644 910 suis
672 843 696 904 ε’
716 843 952 918 Accipit},
986 849 1226 901 comedite
1250 863 1267 899 :
1296 848 1387 899 hoc
1409 859 1480 898 est
1507 862 1687 913 corpus
1718 861 1899 897 meum.
1948 843 2065 895 Acci
2083 869 2096 879 -

539 926 658 991 pite.
694 922 840 975 bibite
863 935 880 991 ς
902 919 991 991 hic
1021 929 1090 991 ρει
1113 918 1476 991 snnguis-mcus
1505 918 1555 991 in
1589 932 1724 991 novo
1767 922 2056 966 tutamenta

606 995 622 1045 i
652 1008 741 1060 pro
769 989 939 1060 muttis
962 987 1271 1060 ieﬂitndetnr
1313 987 1364 1038 in
1407 987 1745 1038 remissionem
1783 991 2098 1060 peccatorum

581 1051 761 1114 Matth.
789 1058 882 1112 26.
911 1056 981 1110 26
1001 1051 1105 1110 428
1130 1060 1170 1123 ).
1221 1055 1342 1109 ideo
1389 1071 1494 1109 non
1530 1064 1727 1108 tantum
1777 1051 2058 1106 comedere
2083 1090 2096 1111 .

537 1126 788 1201 quantum
820 1128 922 1196 pati
946 1126 1246 1201 desiderat.
1275 1134 1330 1178 ιιι
1359 1141 1461 1201 nos
1487 1140 1532 1201 _a
1584 1125 1826 1201 passione
1874 1135 1966 1189 per
2010 1134 2101 1173 co-

539 1192 852 1256 mestionem
889 1197 1171 1262 promerita
1197 1195 1377 1247 liberet
1407 1213 1421 1255 ;
1452 1192 1670 1260 ideoque
1694 1192 1890 1261 lignum
1915 1201 2097 1262 contra

539 1273 735 1340 lignum
765 1259 1056 1340 plantavit,
1085 1273 1136 1317 et
1159 1265 1308 1340 illam
1328 1263 1454 1318 olim
1497 1259 1687 1340 malam
1727 1259 1939 1340 manum
1987 1259 2099 1340 alli-

539 1329 698 1404 αέιιε,
730 1329 891 1390 ultam
920 1329 1078 1404 vitam
1124 1348 1251 1386 vere
1298 1334 1348 1385 in
1385 1349 1442 1386 se
1484 1331 1802 1404 pendentem
1847 1329 2098 1384 ostendit.

537 1401 618 1465 Tu
666 1406 874 1476 quidem
903 1445 916 1467 ,
947 1418 981 1476 o
1006 1402 1186 1476 Israel,
1219 1402 1573 1476 nun_t_iottiis_ti_
1596 1401 1915 1476 manducare
1946 1417 1972 1476 :_
2004 1412 2101 1450 nos

538 1495 665 1531 vero
685 1468 809 1530 cum
831 1473 1132 1542 cognitione
1158 1472 1419 1527 insolubili
1449 1471 1800 1542 spiritualiter
1821 1468 2104 1542 mandnca-

539 1549 729 1607 vimus.
763 1553 816 1598 et
849 1538 963 1613 post
988 1538 1488 1613 eirbumsumptum'
1522 1557 1624 1594 non
1671 1539 1946 1613 morimur.
1986 1538 2101 1613 ‘lloc

541 1617 670 1671 mihi
697 1607 890 1682 lignum
923 1621 1005 1666 est
1034 1612 1086 1682 i_u
1105 1607 1340 1682 salutem
1363 1621 1634 1682 ateruam
1657 1629 1686 1682 ,7
1715 1609 1814 1662 hoc
1859 1607 2065 1660 nutrior
2085 1647 2100 1670 ,

542 1690 640 1740 huc
668 1679 952 1746 convivor;
977 1679 1074 1735 sub
1104 1680 1260 1747 hujus
1287 1679 1551 1734 radicibus
1577 1680 1784 1732 radices
1806 1692 1942 1746 pono
1960 1716 1974 1740 ,
2020 1691 2102 1728 ra-

542 1773 660 1811 mos
684 1753 944 1814 extendo;
972 1767 1002 1803 a
1043 1749 1228 1818 spiritu
1258 1759 1431 1802 autem
1463 1765 1557 1802 ceu
1586 1765 1616 1802 a
1656 1757 1813 1801 vento
1840 1761 1958 1799 cum
1996 1761 2104 1818 _vu-

542 1828 745 1894 luptate
803 1821 1036 1894 est-olor.
1072 1815 1195 1872 'Sub
1246 1817 1415 1894 hujus
1463 1820 1645 1872 umbra
1705 1815 2100 1894 tabernaculum

547 1883 716 1964 posui.
750 1902 799 1945 et
824 1893 1044 1964 multum
1073 1897 1279 1964 aestum
1299 1883 1541 1964 devitans
1564 1887 1974 1964 ,__rore_plenum
2007 1883 2100 1964 ba~

544 1956 642 2018 beo
668 1960 1062 2016 diversorium‘:
1104 1971 1222 2009 cum
1270 1960 1422 2022 hujus
1474 1956 1691 2010 lini-ibus
1739 1957 1942 2017 ﬂoreo,
1988 1956 2105 2020 ejus

544 2033 797 2088 fructith
824 2044 1031 2081 summe
1055 2025 1313 2091 delector,
1345 2025 1544 2079 fructus
1567 2041 1690 2079 vero
1706 2027 1774 2078 ab
1801 2025 1950 2078 initio
1973 2024 2105 2076 mihi

543 2110 838 2157 reservatus
863 2098 1111 2162 decerpe.
1145 2096 1254 2149 Hoc
1279 2095 1405 2148 mihi
1436 2096 1688 2149 esurienti
1731 2095 1999 2162 delicatus
2026 2093 2106 2146 ci-

543 2175 642 2226 bus
671 2179 769 2231 est,
801 2167 995 2221 sitienti
1025 2161 1161 2226 iouis,
1193 2166 1334 2216 nudo
1366 2174 1760 2233 tegumentum,
1790 2165 1941 2231 cujus
1981 2161 2104 2233 iulia

543 2242 762 2310 spiritus
793 2234 1390 2310 vitaersunttNunAultra
1431 2232 1564 2288 mihi
1615 2233 1935 2310 l‘oli_a-licus.
1983 2232 2105 2284 llzec

545 2302 670 2366 mihi
703 2311 864 2362 Deum
893 2304 1096 2358 timenti
1125 2305 1285 2357 tutela
1313 2312 1395 2357 est
1417 2348 1429 2364 .
1461 2305 1666 2357 nutanti
1691 2302 1915 2356 fult-rum
1937 2341 1949 2362 ,
1982 2316 2104 2354 cer-

545 2381 673 2434 tanti
703 2377 959 2438 bravimn,
992 2374 1176 2428 victori
1209 2383 1468 2442 tropa-um
1496 2393 1508 2426 :
1543 2377 1654 2426 tunc
1681 2373 1809 2426 mihi
1849 2379 1993 2424 arcta
2023 2387 2109 2425 se-.

551 2451 714 2512 mila,
746 2457 964 2514 angusta
1014 2445 1132 2505 via;
1185 2443 1296 2496 lia-c
1345 2445 1484 2497 scala
1526 2443 1741 2514 Jacobi,
1798 2442 2104 2514 angelorum

548 2511 799 2574 ascensus
818 2511 876 2569 et
902 2515 1187 2566 descensus
1208 2553 1222 2574 ,
1253 2513 1304 2565 in
1331 2514 1482 2582 cujus
1516 2513 1746 2582 culmine
1781 2521 1885 2565 stat
1927 2511 2106 2563 Demi-

548 2604 666 2643 nus.
703 2587 825 2640 lla‘c
853 2584 1010 2636 arbor
1035 2599 1062 2634 a
1113 2592 1250 2634 terra
1296 2598 1461 2651 usque
1505 2581 1570 2635 ad
1616 2582 1803 2634 ca-lum
1841 2582 2103 2650 assurgit,

549 2656 856 2714 immortalis
885 2655 1056 2720 planta
1083 2691 1097 2714 ,
1128 2667 1243 2719 qua:
1274 2652 1420 2704 lirma
1451 2653 1671 2718 erigitur
1703 2652 1751 2704 in
1785 2651 1957 2703 medio
1993 2651 2107 2703 εει·Ιί

547 2739 599 2782 et
627 2738 803 2784 terrm.
835 2724 1053 2776 fulcrum
1077 2722 1328 2787 universi,
1363 2722 1750 2776 firmamentum
1775 2720 1937 2783 orbis,
1965 2735 2112 2773 eom-

551 2797 726 2866 plcxio
751 2792 930 2866 mundi
951 2789 1274 2866 ,“tllﬂl'laltﬂtl
1307 2791 1504 2866 variatn
1548 2791 1894 2866 substantiam
1936 2794 2110 2866 couti-

552 2859 714 2925 itcus,
757 2861 1106 2916 invisibilihus
1133 2860 1348 2928 spiritus
1375 2859 1538 2914 clavis
1579 2861 1808 2920 conﬁxa.
1839 2868 1895 2912 ut
1922 2861 1999 2913 rei
2027 2859 2108 2912 di-

549 2939 684 2989 vinae
714 2947 1011 3000 congruens
1041 2944 1144 2982 nou
1195 2933 1326 2983 ultra
1385 2931 1636 2992 solvatur,
1674 2944 1913 2982 summos
1952 2931 2112 2984 c;t-los

547 3008 878 3070 contingens,
904 3000 1123 3068 pedibus
1151 3015 1272 3070 vero
1297 3009 1485 3070 terram
1519 3003 1753 3064 lirmans,
1787 3001 2112 3066 untltumque

550 3069 918 3129 intermedium
947 3070 1083 3122 aeris
1113 3069 1352 3138 spiritum
1382 3069 1613 3137 undique
1637 3070 1908 3125 immensis
1938 3071 2110 3122 mani-

552 3147 649 3198 bus
675 3142 1051 3210 complectens.
1099 3139 1264 3210 Tutus
1291 3149 1403 3191 erat
1440 3140 1631 3208 ubique
1659 3141 1708 3192 in
1738 3141 2002 3210 omnibus,
2059 3148 2112 3194 et

555 3229 648 3282 per
670 3229 728 3266 se
754 3209 921 3264 solum
949 3216 1130 3282 contra
1158 3209 1331 3282 aerias
1356 3219 1640 3277 potestates
1667 3209 1837 3282 nudus
1866 3224 2113 3282 congres-

552 3279 646 3337 sus
687 3293 768 3336 est
796 3297 810 3333 :
841 3290 894 3332 et
920 3279 986 3331 ad
1016 3279 1176 3330 breve
1206 3279 1416 3345 quidem
1441 3287 1644 3344 tempus
1671 3280 1862 3330 clamat
1893 3287 1948 3331 ut
1973 3279 2111 3331 calix

557 3361 809 3414 transeat,
841 3347 1155 3402 utostendat
1176 3362 1232 3400 se
1263 3362 1385 3400 vere
1426 3347 1692 3400 hominem
1721 3362 1868 3411 esse;
1909 3363 2115 3401 memor

557 3432 731 3476 autem
763 3435 871 3488 qua
893 3418 960 3470 de
1008 3431 1162 3488 causa
1193 3417 1386 3470 missus
1407 3428 1569 3481 esset,
1602 3425 1659 3470 ut
1701 3416 1942 3488 impleret
1970 3431 2115 3488 teco-

557 3485 791 3545 nomiam
814 3487 878 3540 ad
907 3502 1062 3555 quam
1092 3485 1286 3555 missus
1329 3495 1461 3548 erat,
1499 3501 1707 3540 rursum
1734 3487 1963 3540 clamat:
1995 3485 2114 3540 Non

556 3577 666 3614 mea
696 3554 942 3620 voluntas,
970 3555 1055 3607 scd
1077 3566 1179 3625 tuti
1189 3554 1310 3621 ﬁat;
1339 3557 1544 3624 spiritus
1574 3556 1705 3608 enim
1732 3565 1992 3625 promptus
2021 3567 2112 3617 est,

556 3645 676 3683 caro
701 3635 862 3680 autem
888 3626 1108 3692 inﬁrma.
1143 3623 1333 3692 Utpute
1361 3623 1448 3692 nui
1471 3639 1567 3693 pro
1587 3623 1758 3678 anima
1789 3626 1839 3678 iu
1869 3623 2118 3679 certami-

561 3716 628 3752 ne
652 3706 888 3761 curreret
916 3694 980 3747 ad
1011 3695 1304 3751 victoriam.
1335 3695 1506 3762 primo
1530 3709 1738 3748 sacrum
1769 3706 1922 3762 caput
1951 3697 2117 3764 spinis

557 3776 863 3832 coronatur,
896 3774 1055 3817 tutam
1100 3774 1332 3817 veterem
1385 3771 1540 3817 terra:
1585 3765 2010 3818 maledictiouem
2047 3765 2114 3819 de

563 3837 736 3892 medio
767 3836 975 3898 tollens,
1005 3832 1144 3902 quod
1174 3848 1265 3900 per
1303 3844 1576 3902 peccatum
1621 3834 1812 3900 ubique
1844 3836 2115 3902 spinosqu

560 3917 695 3969 erat,
728 3921 822 3974 per
868 3918 1076 3957 sacrum
1106 3911 1265 3971 caput
1305 3918 1461 3974 suum
1513 3903 1681 3974 lenius
1728 3903 1992 3958 reddens:
2028 3905 2114 3957 ubi

561 3971 1004 4029 autem'acerbum
1025 3982 1077 4026 et
1098 3983 1306 4025 acutum
1335 3971 1403 4026 fel
1433 3972 1678 4025 draconis
1703 3974 1884 4035 ebibit,
1909 3976 2120 4028 univer-

561 4062 650 4100 sos
680 4045 829 4099 nobis
855 4041 1154 4113 dulcedinis
1175 4040 1345 4095 fontes
1377 4057 1468 4108 per
1493 4056 1550 4095 se
1576 4043 1747 4110 ipsum
1792 4053 2117 4113 attempera-

563 4117 655 4170 vit.
685 4115 812 4168 Cum
854 4113 992 4167 enim
1036 4110 1270 4165 mulieris
1300 4125 1432 4178 Opus
1459 4113 1667 4166 solvere
1695 4113 1872 4175 vellet.
1900 4110 1975 4167 et'
1997 4132 2114 4168 eam

563 4202 678 4254 qua:
718 4199 780 4238 ex
811 4185 973 4236 latere
997 4182 1221 4254 primum
1252 4193 1364 4233 orta
1386 4181 1738 4254 etmortifera
1784 4193 1917 4246 erat,
1942 4185 2114 4237 conti-

565 4251 712 4317 nere,
741 4268 948 4306 sacrum
981 4265 1132 4304 suum
1167 4252 1300 4303 latus
1323 4251 1514 4321 aperiri
1549 4252 1732 4316 voluit,
1765 4267 1828 4306 ex
1865 4269 1969 4321 quo
1996 4270 2120 4308 sau-

561 4326 678 4394 guis
702 4337 863 4394 sacer
889 4320 1368 4394 etaquaumanavit
1393 4361 1407 4383 ,
1457 4321 1684 4394 perfecta
1713 4333 1764 4376 et
1795 4320 1943 4376 sacra
1971 4325 2118 4393 signa

563 4390 862 4463 nuptiarum
887 4391 1320 4463 spiritualiumet
1355 4390 1716 4463 ntysticarum,
1760 4406 1964 4444 necnon
1993 4390 2121 4447 ado—

565 4457 756 4532 ptionis
798 4472 851 4515 et
878 4457 1311 4532 regenerationis.
1351 4457 1474 4532 Ipse
1502 4463 1632 4532 enim
1660 4477 1743 4514 vos
1773 4463 2041 4530 baptizabit
2069 4465 2120 4515 in

563 4530 758 4600 Spiritu
783 4540 953 4583 sancto
974 4539 1018 4582 et
1045 4530 1167 4598 igni.
1189 4533 1334 4598 Aqua
1359 4530 1477 4582 utin
1506 4530 1725 4598 Spiritu,
1749 4534 1963 4600 sanguis
1994 4542 2048 4586 ut
2070 4535 2119 4585 in

564 4605 701 4671 igne.
735 4601 881 4653 Tunc
910 4614 1027 4653 cum
1050 4600 1150 4671 illo
1171 4600 1526 4671 extenduntur
1561 4601 1664 4652 duo
1700 4600 1955 4660 latrones.
1983 4604 2118 4656 duo-

565 4669 678 4725 rum
719 4671 768 4723 iu
820 4685 876 4723 se
907 4669 1218 4735 populorum
1249 4670 1394 4736 signa
1427 4669 1691 4722 ferentes:
1726 4686 1949 4736 quorum
1983 4688 2121 4726 unus

563 4750 812 4804 mutatus,
829 4739 1023 4808 probus
1042 4740 1290 4798 ellieitur.
1314 4749 1368 4791 et
1390 4739 1775 4792 confessionem
1803 4741 2016 4805 emittit,
2037 4751 2120 4794 at-

562 4826 665 4879 que
690 4824 812 4877 erga
842 4809 1118 4860 Dominum
1145 4809 1225 4874 pie
1245 4808 1470 4861 aflicitur
1493 4827 1505 4866 :
1531 4809 1662 4862 alter
1687 4824 1814 4864 vero
1839 4810 1986 4867 dura:
2006 4828 2123 4865 cer-

564 4881 692 4933 vicis
714 4894 830 4932 cum
862 4879 1345 4951 sit.cunimovetur,
1374 4887 1426 4931 et
1461 4895 1585 4945 erga
1613 4880 1890 4934 Dominum
1921 4885 2120 4951 impro-

563 4954 661 5004 bus
686 4959 787 5012 est,
821 4962 989 5020 neque
1012 4948 1146 5020 pius,
1171 4957 1327 5015 atque
1351 4951 1402 5020 in
1427 4951 1706 5015 praeteritis
1729 4953 1960 5018 peccatis
1995 4948 2120 5020 per-

561 5029 786 5073 severat.
826 5019 980 5069 Certe
1009 5017 1126 5090 duzc
1160 5029 1282 5068 sum
1307 5018 1464 5090 animi
1499 5020 1864 5090 cogitationes,
1896 5017 2120 5090 quarum

559 5091 723 5141 altera
762 5102 790 5140 a
828 5088 1068 5158 peccatis
1088 5089 1412 5158 convertitur
1441 5097 1493 5140 et
1514 5093 1576 5140 ad
1609 5089 1885 5143 Dominum
1914 5088 2117 5158 ‘tendit,

559 5159 784 5232 ideouue
813 5173 905 5224 per
932 5157 1295 5232 potniteutiam
1319 5159 1604 5232 _eleutenti_a
1626 5169 1680 5232 et
1705 5158 1910 5215 honore
1933 5162 2120 5232 digna-

561 5238 680 5290 tur;
708 5228 872 5280 altera
905 5241 1030 5280 vero
1062 5225 1456 5299 inexcusabilis,
1497 5229 1614 5297 quia
1648 5225 2117 5299 immutabilis'est,

558 5307 609 5351 et
642 5311 806 5364 usque
831 5299 880 5348 in
916 5299 1072 5348 linem
1095 5297 1249 5348 latro.
1301 5295 1365 5351 Ut
1397 5295 1526 5350 vero
1563 5300 1717 5352 linem
1762 5300 1939 5355 habuit
1965 5295 2120 5356 mnu;

560 5369 755 5420 danum
791 5365 921 5418 illud
957 5378 1248 5424 certamen.
1282 5378 1335 5420 et
1362 5369 1591 5435 undique
1622 5370 1707 5423 ille
1736 5372 1918 5425 retulit
1949 5374 2114 5425 victo-

561 5439 716 5500 risui,
750 5450 919 5504 neque
945 5437 1182 5488 clatusut
1202 5437 1553 5504 Densa-neque
1583 5439 1751 5492 Victus
1784 5454 1838 5494 ut
1861 5443 2042 5506 homo,
2068 5445 2117 5496 iu

562 5507 751 5558 liuibus
799 5507 1161 5559 univcrsmum
1198 5508 1388 5558 mansit
1421 5510 1706 5561 radientum
1743 5512 1977 5566 victoria:
2008 5525 2118 5567 Iro.

561 5591 769 5652 pnsum,
811 5575 934 5652 dtl_t_t_l
989 5578 1099 5652 ipse
1141 5577 1191 5628 iu
1237 5579 1417 5652 seipse
1455 5581 1521 5632 de
1567 5579 1718 5634 hoste
1754 5595 1873 5634 cum
1925 5598 2114 5652 pompa

559 5645 1029 5722 triumphat.'l‘_tntc
1051 5647 1116 5696 de
1145 5646 1407 5722 patientia!
1429 5655 1817 5712 perseverantia
1847 5645 2118 5722 obstupuit

557 5731 831 5768 uttiversus
862 5716 1036 5770 orbis'
1065 5725 1187 5768 tunc
1213 5718 1324 5768 ett-ii
1356 5722 1599 5772 t'tnnmuti
1626 5732 1766 5787 sunt,
1794 5716 2118 5794 principatus

2032 313 2269 367 SPURH
2284 353 2300 364 .

3678 309 3780 366 7(5

2208 426 2448 478 ozeiestcs
2496 425 2713 484 tttrbati.
2767 425 2940 477 throni
2998 435 3119 478 Item
3171 436 3222 477 et
3252 426 3397 491 leges
3431 423 3555 478 dum
3601 431 3782 478 vuleut

2206 508 2470 548 summum
2497 495 2668 562 magni
2691 495 2958 548 exercitus
2981 496 3173 548 Ducem
3197 509 3538 562 suspensum.
3587 493 3784 547 Parum

2205 565 2372 634 abfuit
2401 566 2528 634 quin
2576 564 2747 616 stella:
2795 563 2862 618 de
2900 565 3034 617 cmlo
3075 563 3510 634 caderent,eumi
3535 563 3623 634 qui
3659 577 3786 618 ante

2207 633 2479 686 luciferum
2510 643 2654 687 ortus
2680 645 2794 686 erat
2831 645 3109 687 extensum
3139 643 3438 688 cernentes.
3477 633 3788 686 Exstinctus

2203 704 2531 767 aliquantum
2566 704 2820 772 temporis
2841 713 2922 756 est
2943 702 3072 756 solis
3105 704 3259 770 ignis,
3303 703 3487 757 videns
3531 717 3786 770 magnum

2207 773 2389 826 mundi
2428 775 2600 826 lumen
2635 775 3000 825 obscuratum.
3054 773 3202 826 Tunc
3232 783 3396 840 petra:
3421 772 3603 826 scissa:
3633 783 3776 826 sunt.

2209 842 2417 894 Israelis
2449 844 2711 923 ingratum
2735 844 2969 895 animum
3001 843 3367 923 estflztmantes
3401 841 3552 896 :Nou
3587 843 3794 923 novisti

2241 919 2410 965 etram
2443 912 2795 978 spiritualem,
2825 927 2888 964 ex
2921 929 3020 978 qua
3055 912 3228 965 bibisti
3279 912 3404 964 dum
3446 914 3781 980 sequereris.

2236 982 2395 1037 ’elutn
2427 981 2605 1050 templi
2647 982 2868 1034 scissum
2897 992 2998 1044 est,
3021 997 3139 1034 eum
3171 981 3386 1036 Christo
3429 984 3653 1049 patiens,
3701 982 3788 1034 iu-

2206 1051 2492 1119 dicansque
2559 1066 2739 1102 verum
2784 1066 3046 1103 summmn
3099 1051 3430 1106 sacerdotem
3491 1053 3789 1106 ezclestetn.

2208 1121 2396 1174 Parum
2425 1119 2591 1172 abfuit
2635 1119 2760 1186 quin
2791 1131 2929 1172 totus
2959 1121 3188 1173 mundus
3216 1120 3636 1174 confunderetur
3660 1163 3674 1186 ,
3726 1137 3792 1175 ac

2207 1191 2466 1258 passionis
2486 1190 2675 1242 timore
2699 1189 3082 1258 dissolveretur
3106 1207 3119 1250 ;
3150 1191 3250 1243 nisi
3270 1190 3506 1244 divinum
3528 1191 3792 1258 Spiritum

2210 1257 2534 1312 insufﬂasset
2560 1273 2782 1326 magnus
2832 1257 3008 1323 Jesus,
3040 1261 3225 1314 dicens
3266 1276 3278 1312 :
3312 1258 3486 1319 Pater.
3516 1257 3580 1312 in?
3605 1277 3802 1314 manus

2207 1339 2316 1382 tuus
2343 1330 2631 1401 commendo
2661 1328 2896 1401 spiritum
2919 1345 3081 1381 meum
3105 1328 3254 1400 (Luc.
3279 1329 3370 1382 9.3.
3403 1328 3790 1401 46).Commo—

2209 1401 2273 1450 tis
2302 1400 2444 1452 enim
2477 1399 2739 1451 universis
2784 1408 2838 1450 et
2878 1410 3034 1452 terrze
3067 1399 3212 1451 motu
3243 1399 3575 1462 nutantibus,
3617 1412 3797 1454 metu-

2208 1468 2690 1536 quetremeutibus,
2714 1468 3036 1522 ascendente
3064 1469 3242 1522 divino
3268 1469 3487 1536 Spiritu,
3505 1471 3792 1524 vivitieau-

2209 1543 2273 1589 lis
2294 1546 2347 1590 et
2373 1539 2738 1590 conﬁrmantis
2783 1553 2951 1600 more,
2977 1553 3160 1592 rursus
3202 1541 3347 1592 stetit
3399 1539 3681 1593 universus
3711 1557 3796 1592 or-

2211 1607 2310 1667 bis,
2340 1609 2486 1673 quasi
2511 1606 2716 1660 scirtcet
2755 1607 2845 1660 illa
2890 1608 3066 1661 divina
3096 1610 3339 1662 extensio
3371 1617 3423 1660 et
3453 1610 3629 1664 erm-is
3658 1625 3795 1676 sup-

2208 1678 2418 1744 plicium
2450 1692 2544 1744 per
2571 1677 2746 1730 omnia
2778 1687 2995 1732 extensa
3039 1677 3279 1731 l'uiSSent.
3311 1677 3356 1730 Ο
3383 1679 3492 1731 sola
3539 1679 3588 1731 iu
3635 1681 3794 1744 solis,

2208 1757 2258 1799 ct
2289 1748 2528 1800 universa
2553 1747 2601 1798 in
2627 1748 2918 1800 universis!
2948 1746 3200 1814 Spiritum
3227 1750 3509 1801 qum'cmli
3537 1748 3794 1810 habeam,

2207 1818 2435 1888 animam
2469 1816 2781 1888 paradisus;
2817 1832 2936 1871 nam
2969 1819 3060 1880 ait,
3097 1817 3262 1888 Hodie
3293 1827 3463 1871 tecum
3493 1835 3586 1871 ero
3619 1821 3670 1888 iu
3703 1836 3800 1888 pa-

2210 1886 2422 1949 radiso;
2465 1887 2771 1954 sanguinem
2803 1902 2948 1948 vero,
2993 1897 3150 1940 terra.
3188 1887 3399 1940 DLvisus
3433 1897 3515 1942 est
3553 1886 3802 1943 iudivisi-

2211 1956 2346 2017 bilis,
2400 1965 2453 2026 ut
2501 1957 2673 2008 omnia
2721 1965 3080 2018 servarentur,
3112 1967 3166 2009 ut
3207 1972 3274 2010 ne
3319 1956 3530 2010 iniimus
3573 1960 3800 2026 quidem

2211 2026 2359 2078 locus
2387 2025 2566 2078 divino
2597 2027 2822 2078 adventu
2853 2042 3051 2093 expers
3095 2037 3253 2080 eSSet.
3299 2027 3546 2080 Formam
3577 2025 3802 2096 quidem

2210 2096 2326 2161 ejus
2354 2110 2456 2147 non
2485 2096 2710 2148 vidimus
2735 2137 2749 2159 ,
2779 2096 2868 2149 sed
2901 2111 3087 2149 vocem
3119 2097 3233 2164 ejus
3262 2098 3580 2150 audivimus.
3624 2100 3806 2154 Solvit

2212 2165 2386 2233 itaque
2418 2173 2535 2231 post
2566 2167 2724 2235 vitam
2759 2166 2943 2235 mortis
2977 2167 3204 2230 vincula,
3247 2177 3510 2235 potestate
3542 2183 3666 2222 usus
3711 2187 3801 2224 re-

2209 2234 2405 2309 gia,_nt
2434 2249 2552 2309 cum
2588 2233 2986 2309 dixit._[,azur_e,
3017 2237 3126 2309 ueni
3165 2233 3306 2309 {oras
3334 2236 3509 2302 (Joan.
3542 2238 3630 2290 ll.
3660 2241 3755 2309 65)
3784 2258 3798 2300 ;

2209 2314 2280 2362 ct.
2316 2301 2696 2374 Puelln,rsurge
2717 2302 2903 2374 (Herc.
2933 2306 2984 2358 5.
3018 2307 3104 2372 Η)
3128 2322 3140 2367 ;
3165 2301 3232 2358 ἰιι
3262 2301 3376 2373 ejus
3401 2309 3675 2371 potestatis
3699 2301 3800 2364 iui-

2212 2374 2418 2442 perium
2449 2373 2790 2426 iudicaretur.
2817 2373 3045 2440 Ideoque
3071 2390 3129 2428 se
3162 2383 3326 2427 tuttnn
3361 2378 3516 2429 morti
3547 2377 3713 2440 dedit.
3744 2392 3806 2434 ut

2213 2458 2456 2496 voracem
2489 2443 2678 2505 feram,
2708 2453 2760 2497 et
2784 2445 3098 2513 inexplebile
3124 2445 3390 2498 vinculum
3423 2448 3471 2499 in
3501 2463 3560 2502 se
3588 2448 3803 2504 interli-

2212 2523 2439 2584 rerctur.
2475 2514 2527 2566 lu
2557 2528 2781 2580 corpore
2811 2514 3139 2584 impeecabili
3181 2515 3376 2582 ubique
3403 2517 3550 2570 cibos
3589 2534 3805 2584 qurere-

2215 2583 2302 2635 bat
2331 2583 2428 2654 sibi
2451 2585 2741 2654 proprios;
2776 2599 2901 2636 nutu
2946 2583 3014 2636 ibi
3056 2584 3299 2651 voluptas
3338 2596 3496 2649 esset,
3533 2603 3658 2641 num
3694 2591 3801 2654 ira,

2216 2669 2337 2706 num
2359 2652 2733 2728 iuohedienna,
2760 2669 2880 2728 num
2902 2655 3110 2728 tandem
3135 2665 3284 2728 vetns
3307 2669 3599 2724 pet-catum,
3625 2652 3803 2728 prima

2216 2722 2400 2792 mortis
2422 2737 2562 2792 t'St13.
2596 2722 2850 2776 Stimulus
2879 2727 3018 2776 enim
3051 2726 3246 2791 peccati
3279 2722 3423 2778 mors
3449 2737 3529 2779 est
3561 2722 3640 2792 (ιζ
3672 2730 3798 2783 Cor.

2217 2793 2298 2867 l_5.
2335 2790 2446 2858 56).
2486 2790 2617 2867 Cum
2646 2803 2820 2867 autem
2872 2794 2997 2867 nihil
3043 2790 3186 2847 ineo
3217 2811 3362 2849 mors
3402 2790 3662 2864 reperiret
3689 2817 3804 2867 qun

2215 2863 2467 2932 aleretur,
2500 2862 2548 2913 in
2583 2866 2809 2930 seipSam
2834 2865 3104 2922 conclusa.
3135 2873 3188 2917 et
3220 2867 3322 2917 cibi
3355 2862 3569 2930 penuria
3599 2862 3806 2932 soluta,

2217 2933 2326 2998 ipsa
2359 2930 2454 2982 sibi
2488 2935 2766 3003 morsluit,
2794 2943 2849 2985 ut
2877 2949 3003 2986 Vere
3035 2934 3183 2987 multi
3207 2951 3269 2987 ex
3297 2936 3454 3003 justis
3485 2948 3637 2990 erant
3665 2930 3808 2992 utin;

2217 3003 2404 3054 liautes
2427 3011 2474 3052 et
2491 3001 2877 3074 prophetantes
2901 3006 2951 3055 in
2975 3001 3361 3074 resurrectione
3388 3007 3804 3074 primogenitum

2215 3088 2276 3125 ex
2313 3072 2550 3142 nmrtuis.
2601 3071 2689 3124 Ille
2720 3087 2845 3125 vero
2881 3088 2975 3142 per
3005 3073 3233 3126 triduum
3264 3077 3362 3126 sub
3391 3071 3531 3129 terra
3564 3071 3801 3138 _|IlaIISlL

2218 3155 2268 3192 ιιι
2299 3153 2464 3194 ιοειιιιι
2493 3139 2779 3213 humanum
2814 3139 3085 3213 genustet
3108 3145 3246 3212 quod
3277 3155 3399 3198 ante
3427 3145 3597 3213 legem
3628 3149 3808 3202 fuerat

2219 3227 2310 3278 per
2341 3211 2685 3277 semetipsum
2715 3221 2968 3264 servaret.
2996 3211 3243 3267 Fortasse
3273 3229 3394 3266 vero
3417 3211 3663 3269 ut'tutum
3687 3222 3809 3271 ειη-

2220 3282 2319 3357 mn!
2349 3282 2646 3337 suscitaret.
2671 3282 2921 3357 annuam,
2947 3284 3188 3357 Spiritum
3216 3296 3267 3337 et
3290 3300 3525 3357 ett-nem,
3553 3287 3678 3357 ideo
3706 3303 3809 3357 per

2221 3351 2731 3420 tridmunﬁmuratur.
2755 3352 3075 3404 Suscitalum
3106 3354 3250 3404 illum
3283 3356 3453 3420 primo
3482 3355 3661 3410 vident
3684 3351 3808 3410 mu-

2220 3419 2394 3472 lieres.
2441 3419 2503 3473 Ut
2531 3421 2670 3472 enim
2705 3423 2929 3486 primum
2971 3434 3246 3488 peccatum
3285 3425 3476 3478 mulier
3503 3427 3556 3479 in
3603 3429 3812 3482 mundo

2218 3488 2449 3548 adtllisil.
2500 3490 2576 3543 sic
2619 3499 2674 3543 et
2703 3491 2894 3543 mulier
2937 3491 3106 3558 prima
3140 3495 3336 3545 mundo
3376 3496 3536 3548 vitam
3571 3500 3808 3551 mmtiat.

2222 3560 2340 3632 ideo
2355 3575 2557 3632 sacram
2583 3575 2766 3632 vocem
2784 3561 3005 3613 audiunt
3027 3564 3293 3632 mulieres,
3320 3563 3465 3617 At‘ete
3483 3565 3694 3632 (Matth.
3706 3567 3780 3622 28
3792 3607 3807 3621 .

2219 3629 2297 3696 9),
2329 3642 2383 3681 ut
2426 3631 2568 3695 prior
2594 3631 2744 3682 dolor
2789 3646 2880 3697 per
2909 3631 3155 3700 gaudium
3202 3629 3609 3689 resurrectionis
3653 3638 3814 3694 tolle-

2223 3710 2370 3751 retur
2395 3715 2408 3757 ;
2463 3709 2513 3750 et
2543 3709 2597 3750 nt
2623 3700 2690 3751 ab
2718 3701 3004 3753 incredulis
3025 3702 3140 3768 ejus
3170 3718 3196 3752 a
3228 3706 3452 3758 mortuis
3481 3710 3813 3762 resurrectio

2222 3784 2338 3844 c_utn
2372 3785 2498 3835 corp
2524 3785 2593 3820 »re
2624 3770 2953 3844 crederetur.
2985 3769 3050 3825 Ut
3080 3781 3240 3824 lotam
3273 3774 3370 3826 sibi
3407 3776 3688 3844 imaginem
3725 3781 3813 3830 in-

2223 3839 2425 3911 duerat,
2451 3847 2505 3892 et
2528 3848 2757 3911 veterem
2784 3840 3050 3893 hominem
3074 3857 3232 3911 quem
3257 3839 3813 3909 indueratftransl'or-

2224 3909 2384 3986 mavit
2413 3909 2460 3960 in
2485 3909 2749 3962 etulestem
2781 3912 3046 3986 hominem
3081 3909 3105 3964 ξ
3128 3923 3252 3986 tunc
3279 3930 3399 3986 eum
3419 3930 3492 3986 eo
3521 3917 3607 3971 illa
3632 3919 3818 3986 imago

2222 3982 2298 4030 sic
2334 3989 2680 4045 attemperata
2712 3979 2950 4033 ascendit
2994 3981 3044 4032 in
3085 3982 3292 4034 ea-lum.
3333 3983 3588 4040 Videntes
3627 3979 3812 4044 autem

2226 4052 2442 4119 virtutes
2489 4064 2734 4118 magnum
2793 4050 2920 4103 illud
2977 4053 3328 4119 mysterium,
3384 4053 3652 4110 hominem
3701 4076 3814 4113 una

2223 4118 2617 4195 ascendentem
2647 4134 2766 4172 eum
2816 4121 2943 4184 Deo,
2980 4118 3290 4195 jusszeucrum
3331 4127 3524 4192 gaudio
3560 4131 3815 4195 supernis

2223 4189 2545 4242 exercitibus
2574 4191 2936 4264 clamaverunt
2976 4207 2987 4240 :
3026 4189 3268 4264 Αιιοιιίιεν
3292 4189 3482 4260 portas,
3527 4189 3810 4264 principes.

2223 4269 2450 4327 vestras,
2472 4268 2525 4327 et
2559 4259 2841 4321 elevamini,
2877 4271 3034 4326 porta:
3060 4263 3342 4327 a'ternales,
3374 4274 3420 4315 et
3443 4259 3670 4319 introibit
3699 4259 3816 4322 Ras

2224 4329 2400 4399 gloria:
2433 4326 2601 4399 (PStIL
2632 4329 2720 4381 9.3.
2756 4329 2933 4399 7-ltt).
2970 4332 3076 4394 Illa:
3118 4345 3245 4385 vero
3268 4326 3462 4388 uerum
3492 4337 3812 4390 miraculum

2228 4397 2788 4468 videntes,hominem
2819 4397 2938 4452 cuin
2975 4402 3082 4454 Deo
3117 4401 3382 4468 junctum,
3432 4405 3670 4458 viciSsim
3702 4409 3815 4461 cla-

2228 4476 2375 4541 niant
2399 4477 2450 4520 et
2477 4467 2650 4520 dicunt
2686 4486 2699 4521 :
2737 4469 2861 4534 Quis
2883 4479 2952 4522 est
2975 4476 3068 4541 iste
3087 4467 3175 4524 rea:
3199 4473 3414 4541 gloriw?
3437 4475 3566 4528 Alia:
3593 4492 3811 4532 rursum

2229 4537 2567 4614 interrngnta:
2591 4541 2967 4614 respondent:
3002 4537 3248 4594 Dominus
3289 4547 3546 4614 rirtumm,
3587 4547 3697 4614 ipse
3738 4561 3815 4600 est

2227 4606 2338 4685 Rex
2361 4607 2554 4689 glorier,
2581 4607 2745 4689 (ortis.
2778 4609 3008 4689 robustus
3029 4622 3076 4689 et
3107 4623 3282 4689 potens
3307 4613 3368 4689 in_
3391 4606 3587 4678 prwlio.
3607 4606 3664 4670 ὐ
3697 4635 3818 4689 my-

2227 4680 2414 4730 sticam
2469 4679 2794 4748 largitatem!
2843 4695 2875 4731 ο
2912 4682 3240 4748 spiritualem
3291 4684 3686 4740 solemnitatem
3716 4689 3730 4741 ξ
3759 4679 3819 4742 ὀ

2231 4747 2428 4800 l‘ascba
2473 4746 2733 4812 divinum,
2783 4763 2811 4801 a
2859 4746 2995 4823 ca-lo
3039 4753 3370 4806 descendens
3405 4756 3454 4806 in
3490 4765 3710 4823 terram,
3761 4771 3817 4813 et

2231 4833 2436 4870 rursum
2468 4833 2496 4870 a
2531 4827 2669 4872 terra
2701 4820 2997 4874 ascendens
3029 4822 3078 4873 in
3127 4823 3350 4876 earlum!
3379 4841 3412 4875 u
3458 4841 3654 4885 novum
3691 4820 3815 4882 uni—

2229 4903 2500 4941 versurum
2531 4891 2719 4942 l'estum
2747 4889 2760 4942 !
2791 4904 2822 4942 ο
2851 4892 3029 4944 mundi
3063 4894 3427 4946 celebritatem
3453 4897 3467 4948 !
3498 4910 3529 4947 ο
3575 4897 3815 4952 universi

2226 4959 2494 5033 gaudium,
2553 4961 2741 5033 buuor.
2792 4975 2932 5033 esca,
2985 4962 3230 5026 deiicie,
3283 4965 3478 5033 quibus
3525 4968 3814 5022 tenebrosa

2229 5044 2370 5081 mors
2416 5029 2672 5081 dissoluta
2719 5039 2822 5094 est,
2869 5031 2972 5084 vita
3018 5046 3196 5086 autem
3246 5029 3312 5086 iu'
3344 5050 3533 5088 omnes
3580 5048 3812 5090 extensa

2230 5098 2342 5160 luit,
2375 5109 2650 5170 etaperta:
2693 5110 2813 5153 suut
2845 5112 3013 5170 porta:
3052 5103 3329 5169 calorum,
3370 5115 3425 5158 et
3465 5106 3604 5160 Deus
3649 5107 3818 5161 homo

2227 5169 2581 5243 apparuit,_et
2607 5167 2766 5243 homo
2812 5167 2949 5226 Deus
2989 5173 3246 5236 ascendit,
3277 5167 3373 5243 per
3397 5191 3554 5242 quem
3592 5178 3811 5231 confra-

2226 5253 2323 5294 ezze
2353 5249 2476 5290 sunt
2504 5238 2691 5292 inferni
2724 5249 2908 5309 porta},
2931 5254 2984 5295 et
3010 5238 3350 5297 adamantina
3378 5238 3610 5300 claustra
3638 5248 3819 5302 soluta

2227 5317 2367 5381 sunt.
2393 5311 2563 5376 Atque
2595 5312 2830 5364 internus
2854 5312 3066 5380 quidem
3097 5317 3324 5381 populus
3353 5317 3587 5370 surrexit
3608 5331 3638 5370 ι
3666 5335 3806 5372 mur-

2229 5380 2360 5436 luis.
2405 5382 2727 5434 annuntians
2765 5384 3012 5488 supernis
3055 5380 3472 5451 plenitudtuibus
3506 5404 3518 5438 :
3551 5403 3623 5439 ex
3671 5398 3813 5442 terra

2230 5449 2462 5488 rmhlilnc
2491 5459 2567 5488 ρει
2616 5452 2812 5488 nlinrne
2883 5451 2928 5488 η
2974 5452 3169 5488 D-ienln
3214 5455 3451 5488 ,ιῖυῖιιηιη
3533 5456 3702 5488 na...“
3752 5461 3813 5488 ,1η

2229 5449 2462 5522 redditus
2491 5459 2573 5503 est
2616 5449 2846 5504 chorus!
2883 5451 2928 5506 0
2971 5449 3170 5507 Pascha
3214 5455 3490 5522 divinum,
3533 5456 3703 5510 Deum
3751 5461 3818 5513 de

2228 5521 2373 5592 ea-lis
2404 5535 2505 5571 non
2539 5530 2760 5588 anguste
2791 5533 3053 5591 agentem,
3096 5540 3236 5577 nunc
3285 5528 3634 5592 spiritualitcr
3662 5531 3816 5581 nobis

2227 5591 2574 5666 ennjttugeus,
2613 5593 2764 5658 cujus
2793 5608 2949 5658 opera
2985 5610 3206 5663 magnus
3239 5591 3327 5648 ille
3360 5601 3664 5666 nuptiarum
3699 5602 3817 5651 tha«

2229 5661 2396 5713 lamus
2445 5660 2689 5732 impletus
2734 5673 2834 5719 est.
2867 5660 3157 5732 omnesque
3205 5660 3484 5731 s‘puusales
3524 5669 3690 5721 stolas
3721 5687 3812 5732 ge-

2232 5741 2391 5794 stant,
2443 5731 2722 5800 nullusque
2773 5733 2980 5800 t-jicitur
3030 5731 3171 5803 «ιιιυά
3228 5753 3330 5790 nun
3385 5737 3569 5792 habent
3621 5731 3808 5791 stulam
