4042 6464
477 313 586 376 159

478 447 621 489 mam
649 427 1103 500 iongsnimitatetn
1145 424 1713 500 segnisevadastneu
1743 432 1795 478 te
1836 436 2056 500 semper

474 493 834 572 Voluptatibus
847 499 1030 572 dedas.
1055 497 1131 553 Ne
1145 493 1317 563 dicas,
1338 496 1551 572 interim
1565 494 1720 572 fruar
1743 493 2054 572 cupiditate,

481 564 692 628 interim
735 578 854 625 utar
885 569 1165 638 jnveutute
1200 583 1214 621 :
1245 568 1421 622 veniet
1459 565 1687 620 subinde
1729 564 2058 638 penitentize

476 653 717 711 tempus;
749 655 866 694 cras
887 634 1258 711 patritoutiant
1282 652 1465 711 agam;
1498 634 1797 711 senectutis
1816 645 2058 711 tempore

477 704 640 767 vitain
670 704 1007 779 componam.
1029 709 1191 764 Vane
1211 704 1337 762 suui
1361 704 1665 779 hujusmodi
1684 705 2056 779 cogitationes;

478 781 617 837 unda
667 779 753 834 illa
787 775 873 833 tua
913 776 1486 850 cupiditatis_cot_isiiia
1521 791 1536 828 :
1566 777 1708 830 malo
1751 775 2056 850 consiliario

477 851 644 908 uteris
668 850 960 919 voluptate.
986 845 1178 915 'Dicis,
1208 847 1250 902 ll
1264 847 1384 919 odie
1430 858 1707 919 peccatum
1744 845 2057 919 admittam,

478 936 599 1002 cras
615 914 980 1002 pyriten-tiam
998 914 1171 1002 agam.
1188 920 1270 974 Au
1293 914 1628 1002 domni‘t‘t‘uses.
1651 915 1758 1002 diei
1779 914 2060 1002 crastinas?

479 993 602 1062 quis
616 984 727 1047 'ti'bi
754 989 860 1062 diei
888 984 1138 1062 crastina:
1162 987 1431 1062 sponsor?
1459 987 1516 1043 Si
1539 985 1824 1062 diligenter
1849 984 2058 1050 audias,

479 1057 658 1132 neque
674 1070 818 1115 totus
849 1059 1138 1114 hodiernus
1161 1057 1392 1132 diesest
1425 1066 1544 1112 tuus
1578 1073 1590 1110 :
1622 1057 1739 1124 ejus
1773 1070 1894 1132 pars
1925 1070 2061 1126 pra:-

482 1127 626 1187 teriit
649 1171 665 1196 ,
698 1145 817 1201 pars
843 1139 1092 1201 superest
1127 1146 1151 1201 :4
1174 1129 1260 1201 illa
1281 1130 1525 1201 jam_uon
1545 1138 1630 1182 tua
1655 1137 1755 1191 est,
1793 1127 1906 1180 haec
1921 1140 2064 1201 non-

481 1203 609 1256 dum
641 1197 750 1254 tua.
781 1200 874 1254 Ais
907 1197 922 1254 ἑ
950 1197 1122 1253 Fruar
1140 1199 1300 1254 hodie
1329 1199 1620 1268 voluptate,
1652 1211 1773 1268 cras
1793 1197 2062 1266 pceniten-

484 1274 611 1326 tiam
655 1286 828 1340 agam.
865 1269 1019 1338 Quod
1070 1269 1234 1324 babes
1264 1267 1555 1338 voluptati,
1605 1267 1747 1338 quod
1778 1282 1881 1340 non
1914 1277 2061 1320 tuum

481 1350 588 1405 est,
618 1337 947 1411 pm'niteutize
968 1340 1231 1411 deputas?
1258 1340 1374 1394 Meo
1390 1337 1580 1408 potius
1609 1337 1837 1394 consilio
1864 1346 2014 1411 utere
2043 1351 2057 1390 :

487 1409 799 1466 hodiernam
829 1411 971 1464 diem
1001 1410 1328 1479 paenitentia:
1347 1449 1364 1476 ,
1419 1419 1637 1479 peccato
1663 1425 1732 1463 ne
1775 1409 2062 1479 crastinam

485 1480 701 1550 quidem
727 1480 944 1550 depttta.
968 1477 1090 1535 ideo
1121 1478 1339 1549 pulchre
1381 1477 1558 1534 divina
1576 1479 1860 1550 ﬂScriptura
1885 1477 2067 1550 diverf

487 1548 563 1606 sis
588 1566 692 1606 non
725 1548 895 1605 modis
937 1566 965 1603 a
1000 1548 1216 1618 peccato
1243 1559 1458 1605 revocat
1503 1573 1516 1602 :
1563 1548 1750 1614 Hodie,
1800 1549 1987 1618 inquit,
2020 1548 2068 1602 si

485 1637 655 1675 vocem
683 1621 792 1692 ejus
837 1620 1119 1692 audieritis,
1157 1621 1324 1692 nolite
1356 1620 1629 1692 iobdurare
1680 1620 1835 1692 corda
1879 1631 2062 1692 vestra,

486 1692 614 1746 sicut
629 1693 688 1763 in
702 1689 1113 1763 'exacerbatione
1145 1689 1316 1763 (Psal.
1350 1691 1436 1747 94.
1470 1693 1574 1763 8))
1605 1699 1679 1757 et,
1710 1690 2067 1763 Adhortantini

488 1762 812 1832 vosmetipsos
839 1760 1165 1834 donecltodie
1189 1763 1479 1834 nominatur
1501 1760 1754 1834 (Hebr._3.
1789 1761 1898 1834 i5).
1932 1760 2065 1834 Nam

491 1838 593 1887 hoc
621 1831 832 1901 qucque
857 1832 992 1886 mala
1022 1847 1164 1901 sape
1191 1831 1435 1887 diabolus
1464 1831 1578 1886 arte
1605 1831 1752 1885 facit.
1782 1833 1917 1886 Cum
1946 1833 2067 1885 ani-

493 1917 638 1958 rnum
671 1902 816 1956 videt
843 1903 892 1956 iu
923 1912 1257 1971 peccatorum
1284 1917 1500 1957 sensum
1529 1903 1730 1968 venire,
1759 1917 1820 1957 ac
1859 1902 2065 1970 suppli-

487 1973 558 2028 cii
587 1971 747 2027 iinem
787 1973 1041 2043 cogitare,
1075 1973 1207 2027 tales
1229 1973 1464 2027 immittit
1486 1974 1833 2043 cogitationes
1856 1973 2070 2027 :Juuior

494 2057 653 2104 sum.
697 2044 800 2097 erit
844 2042 1172 2111 poenitentia:
1205 2054 1442 2112 tempus,
1491 2042 1701 2096 interim
1751 2043 1909 2098 hodie
1951 2052 2070 2096 utar

492 2113 878 2182 prtesentibus,
931 2114 1147 2167 interim
1196 2113 1334 2167 hanc
1381 2115 1634 2169 obtinebo
1683 2114 1862 2180 litem,
1923 2113 2070 2167 illum

493 2184 654 2255 talem
684 2183 927 2246 ulciscar,
950 2183 1375 2255 fbacrcupiditate
1389 2183 1552 2251 fruar,
1572 2199 1633 2237 ac
1659 2183 1871 2238 demmu
1899 2184 2072 2252 posui-

499 2254 722 2307 tentiam
746 2269 920 2321 agam.
949 2252 1104 2307 Venit
1130 2252 1322 2309 iterum
1347 2253 1463 2308 dies
1523 2256 1773 2316 crastina,
1829 2255 2074 2308 easdem-

491 2338 600 2394 que
646 2324 736 2379 tibi
773 2322 1011 2377 immittit
1052 2325 1423 2394 cegitationes,
1476 2324 1660 2377 iisdem
1713 2333 1764 2379 te
1806 2323 2075 2391 intercipit

494 2393 779 2464 diabolicis
849 2393 1178 2448 ratiociniis:
1212 2393 1447 2448 futurum
1477 2394 1770 2464 \ostendit,
1837 2408 2074 2464 prtesens

497 2462 765 2516 subtrahit
793 2477 809 2516 :
862 2471 1024 2531 atque
1053 2465 1122 2517 ita
1152 2465 1410 2533 quotidie,
1440 2462 1495 2518 in
1525 2465 1774 2533 prmseuti
1824 2462 1874 2520 te
1921 2464 2074 2519 volu-

499 2535 728 2600 ptatibus
746 2533 1014 2599 detinens,
1043 2535 1093 2587 iu
1115 2536 1348 2588 crastino
1379 2536 1703 2604 pmoitentim
1727 2550 1874 2604 spem
1900 2545 2080 2589 osten-

497 2604 833 2674 denvaitam
856 2614 996 2658 tuam
1023 2605 1348 2673 quotidianis
1378 2610 1429 2658 in
1463 2606 1691 2674 peccatis
1721 2606 2004 2660 consumit.

568 2673 619 2726 2.
654 2672 732 2727 Τιι
765 2689 891 2728 vero
932 2670 1115 2728 contra
1146 2670 1475 2730 voluntatem
1501 2670 1668 2730 milita
1699 2688 1714 2727 :
1743 2676 1864 2729 audi
1901 2676 2083 2730 Domi-

498 2759 625 2797 num
654 2745 970 2799 clamantem
999 2762 1013 2796 :
1040 2744 1162 2798 Esto
1193 2744 1342 2798 hodie
1368 2747 1631 2799 benevolus
1652 2745 1942 2800 adversario
1970 2757 2076 2811 tuo,

501 2813 742 2880 quamdiu
767 2830 819 2867 es
847 2817 900 2867 in
924 2815 1022 2888 via
1065 2830 1180 2868 cum
1225 2814 1529 2888 eo(.il_alth.
1575 2815 1630 2888 5.
1674 2815 1803 2888 25).
1853 2816 2081 2886 EXpedit

498 2899 630 2938 sane
657 2893 766 2937 tum
794 2886 1059 2956 omnibus,
1087 2894 1195 2938 tum
1228 2887 1292 2940 iis
1316 2886 1403 2956 qui
1434 2887 1659 2955 negotiis
1683 2887 1846 2941 dediti
1877 2899 2000 2942 sunt
2026 2899 2084 2944 ιιι

499 2969 568 3008 ne
595 2955 974 3025 contentiosius
1009 2955 1127 3009 lites
1163 2955 1468 3011 exerceant.
1501 2958 1725 3010 Praestat
1745 2957 2011 3025 siquidem
2032 2969 2084 3014 te

506 3026 556 3077 in
590 3024 764 3077 litibus
793 3024 1049 3078 incertum
1077 3027 1274 3079 exitum
1303 3027 1472 3080 amico
1503 3025 1700 3082 findere
1727 3024 2081 3096 praevertere,

500 3109 657 3163 quam
685 3108 779 3162 spe
805 3096 982 3148 nixum
1015 3097 1250 3149 victorim
1277 3097 1480 3150 incerto
1508 3099 1640 3151 mari
1668 3098 1957 3153 conlidere.
1987 3099 2084 3154 Lc-

500 3166 583 3234 gis
609 3165 938 3234 syngraphas
970 3175 1083 3218 tuas
1103 3207 1116 3230 ,
1149 3166 1376 3220 faustum
1416 3181 1605 3232 Speras
1632 3167 1833 3222 exitum
1865 3186 1878 3222 :
1915 3169 2085 3224 advo-

497 3243 647 3288 catos
675 3236 820 3288 lucro
847 3250 1059 3289 manum
1095 3236 1669 3304 porrigens-victoriam
1699 3239 1994 3306 promittit,
2029 3249 2088 3295 ut

502 3305 802 3377 mercedem
833 3313 1084 3377 reportet.
1120 3306 1389 3377 interdum
1417 3307 1576 3360 etiam
1612 3307 1775 3375 judcx
1805 3305 2087 3377 corruptus

506 3375 708 3428 exitum
740 3388 916 3438 causa:
948 3375 1244 3446 pollicetur.
1279 3375 1479 3430 incerta
1510 3391 1604 3446 spe
1644 3379 1846 3432 niteris.
1880 3375 2010 3433 Nam
2043 3380 2087 3434 si

503 3453 561 3516 tu
587 3444 1199 3516 antevertens,judicem
1222 3447 1522 3514 corrupisti,
1543 3444 1838 3516 alienisque
1856 3452 2087 3504 munerié

507 3513 606 3567 bus
651 3514 902 3586 aperuisti
948 3514 1201 3586 jauuam;
1266 3513 1463 3586 cogites
1513 3519 1670 3572 velim
1726 3513 2086 3575 advers-trium

506 3592 657 3636 tuum
687 3584 914 3652 idipsum
926 3583 1203 3658 meditari,
1219 3583 1466 3656 διεμέριυο
1489 3588 1580 3641 tibi
1605 3591 1886 3658 tranquillo
1909 3605 2086 3645 rerum

505 3660 718 3707 tuarum
748 3667 904 3709 cursu
946 3657 1210 3724 naviganti
1239 3669 1517 3711 suaserunt
1539 3667 1592 3711 ut
1616 3657 2087 3714 vela’demittcrcs.

507 3723 876 3847 Numquamne
915 3723 1087 3778 vidisti
1138 3741 1284 3779 mare
1321 3728 1369 3779 iu
1420 3728 1595 3781 littore
1625 3731 1994 3798 trAnquillum,
2037 3732 2090 3784 in

507 3793 616 3846 alto
647 3797 660 3846 l
687 3794 890 3847 uctibus
919 3796 1102 3847 agitari
1123 3797 1146 3847 ?
1171 3795 1311 3847 Ouot
1343 3799 1630 3847 tranquillo
1655 3799 1786 3847 mari
1828 3804 2082 3847 navigan-

505 3793 616 3846 alto
647 3793 890 3870 fluctibus
919 3796 1146 3870 agitari]
1171 3795 1311 3870 Quot
1343 3793 1788 3870 tranquilrlomari
1827 3793 2082 3870 navigan-

507 3874 587 3940 tes
607 3904 621 3928 ,
653 3866 705 3917 in
735 3865 844 3917 alto
866 3865 1349 3940 _pelagoollin:tibus
1383 3865 1777 3940 repentinisque
1809 3865 2093 3940 tempcsm-

507 3935 646 3988 tibus
672 3935 917 4009 cxoepti,
952 3935 1283 4009 naufragium
1326 3935 1606 3992 fecerunt?
1649 3935 1792 3993 Talis
1822 3935 2090 4009 e~t'bujus

511 4007 704 4078 negotii
735 4004 872 4059 linis.
904 4004 1175 4060 Interdum
1203 4007 1351 4061 initia
1383 4024 1530 4078 Spem
1564 4025 1670 4076 prce
1696 4025 1754 4063 se
1786 4009 1982 4078 ferum,
2003 4004 2090 4065 ἸΙ-

509 4076 591 4149 nis
620 4090 747 4149 vero
768 4079 1089 4149 contrarium
1114 4079 1314 4146 profert
1337 4076 1610 4132 eventum.
1644 4079 1684 4133 E
1713 4097 1768 4135 re
1795 4083 1951 4149 igitur
1969 4076 2087 4136 fuc-

509 4147 580 4198 rit
601 4182 615 4209 ,
645 4146 824 4221 u_t_d_ixi
843 4189 855 4210 ,
888 4150 1217 4221 pecuniarias
1245 4150 1360 4221 lites
1385 4151 1556 4205 amice
1580 4146 1915 4221 componere,
1954 4162 2008 4206 ut
2040 4154 2090 4206 in

509 4218 708 4285 negotii
739 4218 843 4271 line
868 4220 1092 4271 amicum
1127 4221 1216 4272 tibi
1241 4220 1508 4274 devineias
1536 4238 1549 4274 :
1583 4218 1883 4276 criniinaies
1912 4235 2088 4277 autem

510 4287 802 4357 nonmodo
848 4303 951 4341 non
980 4305 1303 4357 componere
1327 4331 1340 4352 ,
1397 4291 1489 4345 sed
1523 4293 1680 4345 etiam
1732 4309 1797 4346 ne
1827 4293 2091 4348 intentare

509 4356 724 4429 quidem
774 4359 931 4412 liccat
962 4375 974 4409 :
1009 4356 1180 4412 sed'iu
1215 4359 1294 4412 Ιιίς
1335 4363 1492 4414 etiam
1540 4364 1727 4415 melius
1763 4371 1843 4416 est
1881 4365 2046 4417 venite
2073 4405 2086 4429 ,

508 4443 667 4494 quam
699 4427 790 4481 ira:
812 4429 986 4482 locum
1015 4430 1160 4482 dare.
1186 4429 1381 4483 Verum
1402 4431 1484 4485 hic
1509 4448 1612 4484 non
1641 4433 1846 4485 videtur
1874 4435 2001 4487 mihi
2023 4427 2089 4489 de

512 4512 570 4550 re
599 4499 906 4571 pecuniaria
933 4500 1100 4553 solum
1132 4501 1236 4569 agi.
1273 4500 1418 4565 Esto,
1463 4501 1660 4571 inquit,
1687 4502 1948 4556 benevolus
1995 4506 2092 4556 ad.

509 4570 727 4621 versario
754 4579 836 4622 tuo
865 4569 982 4635 cito,
1007 4572 1126 4623 dum
1153 4588 1204 4625 es
1225 4573 1277 4624 in
1297 4572 1376 4624 via
1403 4587 1516 4625 cum
1537 4569 1612 4626 eo.
1637 4573 1748 4627 Hoc
1763 4574 2096 4628 additamen-

517 4642 854 4714 tum__pr_-.t_:bet
899 4640 1028 4714 mihi
1071 4646 1403 4714 occasionem
1451 4645 1620 4712 majus
1649 4645 1915 4713 quidpiam
1951 4647 2096 4714 cogi.

515 4708 678 4786 tandi.
711 4709 913 4786 Namsi
941 4710 1020 4786 de
1052 4708 1582 4786 pecuniariisiitibus
1622 4708 1792 4768 solum
1821 4708 2086 4785 ageretur,

514 4783 598 4854 vel
626 4777 689 4831 de
715 4777 1076 4854 criminaiibus
1125 4777 1656 4854 insensibilibusque;
1708 4800 1803 4839 cur
1833 4777 2090 4854 adderet,

522 4845 653 4927 lium
671 4865 722 4902 es
743 4850 795 4927 in
817 4851 897 4927 via
922 4867 1035 4927 cunt
1063 4869 1119 4904 ea
1136 4853 1167 4927 _?
1187 4854 1303 4921 quis
1332 4845 1668 4910 adversarius
1693 4872 1816 4927 cum
1845 4845 2094 4910 adversa;

515 4919 599 4997 rio
627 4919 726 4972 iter
754 4920 1035 4997 instituat?
1061 4923 1178 4991 quis
1204 4919 1274 4978 ﬁse
1297 4928 1496 4997 socium
1527 4926 1730 4981 itineris
1766 4927 1971 4982 dederit
2002 4927 2048 4980 ei
2075 4968 2090 4993 ,

511 4991 602 5054 qui
651 5003 771 5042 cum
823 4991 1001 5045 animo
1031 5008 1134 5046 non
1183 4996 1486 5049 consentit?
1531 5013 1636 5051 non
1691 4998 1839 5052 timet
1870 4991 2093 5054 tabellas

513 5058 613 5134 sibi
662 5060 813 5134 furto
838 5063 1069 5134 auferri,
1102 5072 1264 5117 testes
1315 5069 1618 5134 corrumpi,
1670 5068 1885 5122 insidias
1928 5070 1980 5122 in
2012 5071 2093 5124 via

515 5129 614 5180 sibi
645 5129 855 5196 parari?
886 5133 1126 5208 invenire
1167 5149 1293 5203 ergo
1322 5129 1574 5208 debemus
1603 5129 1963 5194 adversarium
1999 5143 2087 5208 qui

514 5213 610 5275 nos
642 5215 851 5268 semper
875 5204 1176 5266 comitetur,
1213 5207 1363 5273 cujus
1386 5207 1728 5275 societatem,
1761 5216 1859 5264 etsi
1901 5204 2089 5264 admo-

513 5269 638 5348 dmn
665 5286 944 5348 caveamus
965 5315 979 5337 ,
1021 5275 1252 5346 effugere
1278 5269 1389 5329 ‘non
1426 5280 1688 5345 possimus
1747 5293 1798 5334 ct
1832 5282 1973 5334 hunc
1998 5297 2091 5334 co-

512 5341 683 5405 gitare
727 5341 1151 5416 adversarium;
1181 5349 1392 5416 quicum
1426 5341 1534 5401 'nos
1585 5341 1841 5405 beneVUle
1893 5352 2092 5406 verSuri

519 5413 814 5485 (aliiveniat.
839 5414 967 5479 Quis
992 5431 1118 5485 ergo
1161 5413 1240 5470 ρει
1279 5435 1436 5472 verus
1481 5420 1569 5473 ille
1613 5423 1994 5475 adversarius?
2035 5423 2091 5477 Si

516 5481 796 5558 diligenter
827 5481 1285 5558 quimi-:is;Ctirptrs
1312 5491 1502 5542 anima:
1537 5508 1548 5542 :
1598 5493 1680 5546 hic
1710 5504 1790 5546 est
1839 5494 2089 5547 adversa-

515 5555 624 5603 rius
654 5556 768 5620 ejus
799 5555 886 5622 qui
922 5555 971 5606 in
1003 5565 1049 5634 te
1075 5570 1154 5634 est
1178 5599 1192 5623 ,
1218 5559 1455 5634 spiritUs.
1485 5560 1562 5634 Nc
1589 5578 1712 5616 vero
1734 5576 1886 5634 putes
1916 5580 2091 5618 meum

514 5638 632 5701 esse
656 5638 978 5701 sermonem,
1005 5626 1192 5701 Paulus
1213 5626 1491 5684 coulirmet
1514 5633 1562 5684 id
1585 5626 1941 5701 quodiiictum
1969 5647 2050 5689 est
2076 5652 2087 5688 :

515 5696 643 5743 (iuro
670 5697 972 5772 concupiscit
999 5699 1233 5772 adversus
1252 5702 1511 5772 spiritum,
1542 5713 1585 5754 et
1603 5696 1820 5772 spiritus
1849 5707 2086 5759 adversus

516 5779 714 5817 cantem
745 5780 764 5818 .'
813 5768 917 5824 lucc
939 5777 1103 5822 autem
1124 5771 1215 5824 sibi
1245 5771 1450 5826 invicem
1477 5768 1804 5827 adversantur
1834 5776 1986 5848 (tial.
2035 5779 2087 5832 5.

1957 306 2226 368 διδυιιιει.

2169 421 2282 491 17).
2307 419 2416 477 Nec
2434 419 2850 476 Manichaeorum
2868 417 3062 476 induco
3079 416 3402 492 doctrinam,
3417 431 3594 492 neque
3607 416 3784 492 alium

2168 487 2412 562 corporis
2471 501 2773 562 creatorem
2807 499 2999 562 statuo
3039 507 3055 545 :
3111 487 3216 546 sed
3258 503 3394 562 caro
3442 487 3784 562 concupiscit

2165 559 2427 617 adversus
2445 561 2715 626 soiritum,
2735 561 3010 632 voluptate
3030 569 3190 616 utens
3209 559 3516 632 consiliario
3537 575 3556 627 ;
3579 571 3640 632 et
3651 573 3773 629 spi-

2165 632 2580 688 ritus-adversus
2606 628 2979 702 carnetn,'spe
3019 632 3179 686 nixus
3206 628 3527 702 futurorum.
3563 628 3784 702 Adver-

2165 712 2352 758 sautur
2407 704 2636 773 invicem
2677 699 3111 773 concupiscentia
3140 700 3363 773 mundi,
3410 708 3480 773 et
3511 699 3785 773 concupi-

2165 775 2372 828 scentia
2415 772 2566 843 regni
2611 768 2884 828 crciorurn.
2931 771 3027 826 Hic
3072 780 3157 828 est
3207 771 3552 828 adversarius
3573 811 3593 838 ,
3639 768 3734 896 qui
3759 807 3786 839 ,

2167 845 2326 896 velim
2353 843 2539 896 nolim.
2568 858 2653 896 me
2681 844 2968 896 comitatur
2997 859 3010 895 :
3044 843 3128 896 via
3159 843 3357 896 auinue
3380 850 3466 896 est
3489 839 3606 896 llaec
3629 856 3661 894 v
3686 849 3770 896 ta.

2167 845 2326 898 velim
2353 843 2539 906 nolim,
2568 858 2653 897 me
2681 844 2968 898 comitatur
2997 859 3010 895 :
3044 843 3128 896 via
3159 843 3357 913 quippe
3380 850 3466 898 est
3486 843 3606 913 itare
3629 843 3770 913 vita.

2167 915 2360 985 Anima
2391 915 2679 985 imaginem
2707 928 2858 969 suam
2891 913 3085 985 imitari
3107 911 3306 985 studet,
3330 926 3459 985 caro
3482 911 3537 967 iu
3578 911 3779 982 pulve-

2168 999 2281 1039 rem
2322 980 2530 1039 delluit'.
2563 984 2689 1039 ilice
2727 994 2905 1038 autem
2955 983 3055 1037 sibi
3109 983 3338 1038 invicem
3387 980 3776 1038 adversantur.

2168 1054 2304 1110 Huic
2320 1055 2629 1109 adversario
2648 1064 2740 1108 tuo
2754 1065 2872 1109 esto
2887 1053 3198 1108 benevolus.

2167 1141 2235 1198 gs.
2247 1126 2300 1179 in
2321 1127 2400 1198 via
2417 1141 2609 1198 conten
2631 1122 2844 1198 (Matth.
2873 1125 2928 1180 5.
2959 1124 3076 1198 25),
3108 1123 3234 1198 dum
3264 1123 3317 1178 in
3347 1123 3450 1198 hac
3475 1121 3781 1198 vita_dcgis.

2168 1189 2300 1250 Nam
2324 1196 2367 1250 si
2385 1197 2491 1250 vita
2515 1189 2676 1250 linem
2695 1194 2906 1260 habeat,
2931 1189 3134 1249 nullum
3165 1194 3302 1264 ultra
3323 1193 3417 1249 tibi
3444 1189 3786 1264 pauitantia:

2170 1274 2398 1336 tempus,
2427 1264 2678 1332 Quoniam
2703 1282 2806 1320 non
2833 1275 2906 1320 est
2934 1265 2986 1336 in
3013 1275 3174 1319 morte
3191 1263 3277 1336 qu_i
3304 1263 3697 1336 memor‘sittuj,
3717 1263 3786 1336 iis

2168 1331 2570 1407 iureinofautem
2597 1337 2710 1406 quis
2763 1335 3083 1404 conﬁtebitur
3103 1336 3192 1407 tibi
3203 1331 3386 1407 '(Rsal.
3417 1335 3472 1407 6_.
3493 1331 3608 1407 6)}
3637 1334 3785 1390 lluic

2169 1403 2299 1477 ergo
2317 1403 2626 1477 adversario
2647 1415 2764 1477 esto
2784 1407 3099 1477 benevolus.
3124 1403 3238 1461 Non
3255 1405 3408 1472 dixit,
3426 1403 3782 1477 Gra’titicans2

2174 1473 2288 1540 sed,
2306 1474 2604 1532 Benevolus.
2622 1476 2699 1531 Ne
2715 1491 2879 1532 suave
2897 1476 3022 1546 quid
3042 1477 3199 1532 facias
3217 1475 3528 1532 adversario
3544 1483 3659 1542 tuo,
3675 1473 3786 1532 sed

2172 1557 2232 1620 ut
2267 1547 2555 1620 benevolus
2579 1562 2610 1601 a
2638 1547 3000 1620 voluptatibus
3041 1547 3108 1620 ad
3150 1546 3519 1620 penitentiam
3545 1560 3773 1620 revoca.

2169 1617 2287 1674 Non
2321 1627 2372 1675 te
2415 1617 2565 1686 jubet
2596 1627 2654 1671 ιιι
2696 1617 3160 1672 saisamentarium
3191 1617 3371 1673 omnia
3414 1617 3482 1672 ad
3524 1617 3788 1687 corporis

2174 1689 2502 1758 voluptatem
2551 1687 2759 1753 facere;
2805 1687 2902 1744 sed
2929 1698 2985 1743 ut
3011 1688 3275 1744 medicum
3321 1703 3502 1756 agere.
3535 1686 3789 1758 Medicus

2172 1754 2318 1816 enim
2366 1774 2511 1829 smpe
2536 1774 2778 1814 amarum
2819 1759 3042 1824 miscet,
3091 1769 3270 1824 secat,
3321 1754 3463 1823 urit,
3508 1767 3566 1814 et
3611 1754 3788 1813 illatua

2177 1830 2438 1886 molestia:
2463 1830 2763 1884 mercedem
2787 1830 2999 1900 accipit.
3027 1829 3172 1886 Licet
3190 1831 3330 1886 enim
3353 1829 3531 1900 aliquo
3553 1843 3786 1900 sensum

2174 1901 2361 1956 dolore
2387 1901 2661 1971 alTecerit,
2694 1902 2882 1971 aegroti
2907 1898 3095 1955 tamen
3139 1902 3367 1955 salutem
3399 1898 3651 1971 iii—scepo
3677 1898 3790 1971 ha-

2178 1972 2313 2043 buit.
2342 1970 2430 2043 Ne
2457 1971 2589 2041 forte
2616 1968 2784 2043 tradat
2811 1981 2857 2043 te
2884 1972 3202 2026 adversarius
3235 1971 3407 2043 judici
3447 1969 3678 2043 (blattis.
3719 1968 3785 2026 ὕ.

2175 2040 2270 2110 25)
2293 2082 2306 2105 ,
2336 2040 2511 2096 futuro
2539 2056 2732 2110 nempe
2759 2042 2932 2097 Judici
2968 2059 2980 2097 :
3014 2040 3342 2096 Adversarius
3374 2056 3394 2095 :
3437 2040 3523 2096 cui
3553 2041 3598 2096 si
3633 2057 3790 2096 nunc

2176 2112 2511 2181 gratificeris,
2541 2122 2665 2166 tunc
2684 2113 2852 2166 Judex
2881 2122 2932 2167 te
2956 2111 3364 2167 traditurus‘est
3384 2112 3654 2177 ministro,
3687 2111 3783 2167 ul-

2181 2183 2405 2237 tricibus
2449 2183 2653 2238 scilicet
2682 2182 3034 2251 potestatibus
3065 2203 3076 2238 :
3107 2191 3162 2238 et
3190 2184 3242 2238 in
3289 2198 3563 2237 carcerem
3609 2184 3791 2249 conji-

2183 2252 2381 2316 cieris,
2428 2252 2481 2306 in
2517 2253 2764 2307 tenebras
2808 2255 3145 2320 exteriores,
3193 2253 3371 2308 locum
3421 2253 3790 2310 horrendum.

2183 2321 2306 2393 Non
2329 2323 2486 2377 exibis
2512 2323 2648 2389 inde,
2673 2323 2830 2377 donec
2855 2324 3042 2378 reddas
3071 2324 3394 2379 novissimum
3421 2322 3788 2393 quadrantem.

2183 2392 2238 2448 Si
2266 2405 2390 2448 ante
2417 2403 2643 2450 mortem
2690 2393 2928 2448 debitum
2959 2396 3187 2450 solveris
3208 2434 3224 2461 ,
3278 2392 3509 2449 solutum
3558 2394 3793 2448 omnino

2183 2475 2265 2518 est
2299 2483 2312 2518 :
2343 2465 2387 2518 si
2414 2465 2623 2518 debitor
2667 2465 2935 2528 moriaris,
2970 2466 3130 2520 etiam
3160 2465 3432 2520 residuum
3461 2464 3546 2519 vel
3573 2464 3793 2520 minimi

2189 2534 2352 2617 debiti
2381 2537 2782 2617 ante‘cxigetur.
2808 2535 3071 2617 Quid-est
3091 2536 3245 2617 illud,
3277 2534 3623 2617 Nouissimam
3650 2552 3791 2617 qna-

2185 2606 2441 2658 dmntem?
2471 2604 2722 2671 Quoniam
2763 2608 3002 2677 cogitatio
3051 2607 3270 2660 hominis
3313 2604 3635 2677 conﬁtebitur
3661 2604 3792 2672 tibi,

2187 2685 2241 2748 et,
2259 2677 2489 2748 reliquiae
2511 2675 2976 2748 cogittztioniskliem
3002 2681 3186 2747 festum
3207 2686 3355 2748 agent
3382 2676 3471 2730 tibi
3491 2675 3666 2746 (Psal.
3692 2677 3791 2731 75.

2187 2744 2298 2816 Η).
2331 2744 2457 2820 ﬂare
2484 2762 2604 2820 cum
2629 2749 2835 2820 sciatis,
2864 2744 3090 2820 fratres,
3128 2744 3448 2820 comparate
3478 2744 3793 2820 voluptates

2185 2832 2307 2870 cum
2355 2817 2533 2870 futuro
2573 2817 2754 2884 judicii
2786 2817 2908 2884 die,
2941 2829 2996 2874 et
3040 2819 3242 2874 iudicis
3264 2817 3576 2873 sententia:
3623 2827 3797 2888 atque

2189 2897 2316 2942 tunc
2346 2889 2524 2942 scietis
2549 2903 2705 2955 quam
2735 2903 2916 2942 amara
2965 2891 3034 2945 sit
3068 2891 3330 2956 voluptas,
3363 2903 3486 2943 cum
3528 2890 3799 2944 noveritis

2228 2967 2402 3011 uantze
2428 2957 2798 3012 amaritudinis
2824 2960 2894 3012 sit
2920 2961 3275 3015 conciliatrix.
3302 2959 3574 3026 Vultisne,
3613 2967 3671 3014 ut
3719 2975 3796 3016 ex

2189 2975 2396 3082 ﬂuobus
2436 3029 2758 3082 evaneelicis
2786 3032 3048 3082 conviviis
3077 3030 3209 3082 ouid
3240 3029 3621 3082 admonitionis
3662 3044 3795 3082 mn-

2228 3029 2396 3083 uobus
2436 3029 2758 3101 evangelicis
2786 3032 3048 3085 conviviis
3077 3030 3209 3101 quid
3240 3029 3621 3101 admonitionis
3662 3044 3795 3084 tnu-

2191 3108 2426 3161 tuemur,
2479 3100 2597 3172 quis
2617 3115 2819 3172 nempe
2872 3102 2941 3154 sit
2967 3099 3404 3172 voluptuosorum
3452 3099 3615 3165 linis,
3648 3104 3798 3172 quis

2191 3183 2320 3223 vero
2348 3171 2721 3238 paenitentiam
2765 3172 3003 3226 fructus?
3044 3171 3123 3228 Ne
3154 3188 3282 3227 vero
3310 3172 3524 3226 mireris
3566 3174 3610 3227 si
3639 3171 3797 3227 Scri-

2193 3250 2346 3313 ptura
2373 3240 2807 3313 voluptuosorum
2831 3245 3073 3313 convivia
3091 3259 3237 3313 siepe
3265 3242 3535 3298 describat
3563 3260 3576 3295 :
3607 3243 3797 3298 omnia

2192 3311 2388 3384 quippe
2434 3310 2708 3373 describit,
2740 3311 2866 3381 quid
2896 3328 3109 3378 caveas,
3137 3310 3264 3384 quid
3293 3313 3539 3368 imiteris.
3576 3313 3798 3368 Descri-

2194 3381 2270 3454 bit
2291 3381 2654 3454 voluptuosos,
2685 3391 2743 3434 ut
2767 3393 3020 3454 perpetua
3045 3381 3167 3439 illos
3193 3384 3408 3439 infamia
3431 3393 3600 3450 notet,
3626 3394 3800 3454 utque

2194 3451 2312 3525 illos
2341 3452 2532 3525 imitari
2557 3466 2750 3525 caveas
2775 3471 2788 3505 :
2814 3453 3070 3508 describit
3100 3455 3404 3525 religiosos,
3431 3463 3490 3508 ut
3515 3455 3582 3508 ad
3605 3451 3800 3510 exent-

2195 3522 2336 3595 plum
2372 3523 2694 3590 pmnitentia:
2721 3538 2971 3595 accurras
2992 3565 3007 3590 ,
3060 3522 3226 3594 utque
3250 3525 3622 3595 voluptuosum
3656 3527 3793 3580 reli-

2193 3594 2343 3659 gioso
2395 3607 2748 3660 comparans,
2801 3593 2946 3647 illum
2994 3593 3294 3659 averseris,
3351 3593 3490 3649 b‘unc
3539 3595 3796 3650 imiteris.

2195 3665 2376 3734 §itque
2394 3664 2505 3734 hoc
2530 3662 2905 3717 documentum
2932 3665 3302 3731 prudentibus,
3330 3676 3474 3720 utne
3505 3676 3792 3734 speetacu~

2197 3732 2261 3785 iis
2287 3733 2508 3798 publicis
2534 3736 2728 3805 oculos
2757 3744 3008 3802 pascant,
3040 3752 3174 3791 neve
3213 3735 3371 3791 facile
3400 3739 3465 3790 ad
3495 3732 3797 3805 hippodro-

2198 3817 2340 3854 mum
2370 3812 2620 3867 currant,
2652 3804 2734 3876 vel
2763 3814 2920 3860 noctu
2958 3807 3234 3876 spectandi
3287 3808 3462 3861 locum
3491 3804 3799 3863 in’theatro

2197 3881 2457 3940 occupent.
2481 3889 2496 3947 ς
2530 3875 2743 3947 vesania
2773 3876 2967 3945 quippe
2991 3875 3073 3932 est
3106 3878 3335 3947 turpium
3359 3879 3796 3946 spectaculorum

2197 3945 2545 4010 exsiiectatio.
2594 3943 2745 3998 Diem
2791 3943 2937 4000 enim
2993 3943 3336 4004 antevortunt
3372 3943 3439 4003 ex
3486 3950 3797 4004 vehementi

2199 4013 2490 4088 desiderio,
2523 4024 2685 4088 noctu
2705 4019 3043 4071 teuebrarmn
3069 4020 3242 4074 locum
3273 4028 3556 4088 occupant,
3588 4029 3646 4073 ut
3674 4030 3797 4074 tur-

2201 4084 2353 4151 pibus
2389 4085 2705 4151 spectaculis
2734 4088 2918 4142 oculos
2943 4090 3214 4145 oblectent
3236 4132 3249 4151 ,
3279 4106 3341 4144 ac
3373 4084 3604 4144 fetarum
3641 4103 3798 4144 cum-

2197 4169 2302 4222 que
2348 4154 2475 4207 feris
2507 4161 2927 4232 concertantiqu
2959 4175 3159 4230 pugnas
3188 4163 3404 4216 videant
3435 4182 3447 4216 :
3494 4163 3799 4232 sedentque

2197 4239 2340 4292 smpe
2387 4236 2716 4292 Spectatores
2744 4268 2759 4294 ,
2802 4229 3233 4286 benevolentiam
3268 4232 3523 4302 majorem
3560 4247 3685 4302 erga
3707 4229 3798 4287 Ἰο-

2197 4309 2315 4368 r:_is,_
2334 4310 2490 4368 quam
2519 4312 2641 4365 erga
2671 4315 2998 4368 congenercs
3027 4304 3367 4358 exhibentes.
3396 4303 3515 4356 Non
3555 4304 3790 4357 misere-

2200 4365 2273 4417 ris
2305 4365 2573 4421 infelicem
2607 4369 2752 4420 illum
2777 4365 2796 4431 ξ
2821 4371 2908 4439 qui
2941 4380 2997 4424 ut
3023 4383 3264 4427 ventrem
3295 4375 3537 4443 impleat,
3569 4376 3620 4426 in
3652 4377 3800 4427 fera-

2199 4450 2317 4514 rum
2371 4447 2611 4514 ventrem
2661 4451 2863 4514 sponte
2895 4443 3063 4496 abit:
3121 4454 3283 4513 utque
3349 4445 3485 4514 gnite
3541 4445 3794 4500 morbum

2200 4507 2691 4584 expleat_,__libcuter
2721 4512 2819 4562 sibi
2852 4511 2904 4564 in
2940 4523 3127 4568 ventre
3160 4507 3454 4569 bestiarum
3481 4516 3794 4584 sepulcrum

2201 4586 2369 4645 parat.
2408 4578 2497 4632 ille
2542 4581 2984 4647 intemperantem
3018 4584 3177 4638 habet
3204 4597 3443 4639 ventrem
3469 4626 3484 4648 ,
3517 4578 3569 4640 tn
3612 4601 3680 4640 ne
3713 4587 3797 4639 iu-

2202 4656 2584 4727 temperautem
2617 4653 2830 4727 oculum
2883 4654 3098 4727 habeas.
3138 4657 3288 4709 Alius
3315 4657 3508 4709 mimus
3550 4657 3795 4727 ingredi-

2203 4727 2307 4781 tur,
2335 4718 2411 4794 ad
2430 4721 2812 4794 turpitudinem
2852 4725 3090 4778 membra
3115 4741 3444 4794 componens
3463 4767 3478 4791 ,
3511 4718 3644 4786 risui
3671 4743 3799 4783 sese

2201 4788 2448 4842 mercede
2494 4791 2709 4866 locans,
2743 4809 2902 4861 quem
2936 4796 3101 4863 pudet
3143 4788 3253 4850 nisi
3275 4788 3486 4866 publice
3531 4799 3794 4866 vapulet,

2203 4868 2578 4939 portarumque
2609 4861 2820 4939 fragore
2861 4861 3025 4939 genas
3054 4861 3338 4936 praeparat,
3365 4861 3625 4922 novacula
3654 4861 3799 4939 pilus

2200 4929 2476 5004 detondet,
2494 4929 2557 4985 ut
2580 4948 2647 4988 ne
2675 4929 2813 5002 pilus
2838 4929 3417 5004 quidem'coutumeliis
3441 4939 3599 4994 obsit.
3639 4929 3797 4994 titius

2200 5002 2446 5080 muliebri
2494 5004 2776 5080 saltatione
2828 5002 3133 5080 emollitus,
3168 5009 3362 5078 illaque
3413 5011 3627 5064 imitans
3673 5026 3798 5080 qua:

2200 5073 2371 5126 virum
2399 5088 2503 5148 non
2552 5073 2777 5148 decent,
2823 5073 3125 5148 dolensque
3144 5073 3291 5148 quod
3331 5096 3437 5134 non
3479 5073 3798 5136 fetuina'sit

2199 5155 2392 5222 natus,
2425 5145 2726 5222 simulatam
2751 5157 2952 5202 natura:
2978 5145 3324 5222 mutationem
3347 5151 3531 5206 ambit.
3560 5152 3796 5222 Hmcquc

2199 5214 2378 5268 Omnia
2413 5216 2610 5269 ventris
2640 5229 2695 5270 et
2719 5229 2952 5286 qucestus
2983 5236 3141 5274 causa
3173 5220 3318 5287 facit,
3356 5238 3443 5278 res
3470 5214 3796 5278 fcedissin'ias

2200 5299 2528 5360 persequens
2560 5305 2572 5340 :
2602 5287 2669 5360 de
2709 5290 2899 5358 quibus
2932 5293 3045 5344 bare
3076 5293 3224 5346 Pauli
3270 5295 3436 5347 verba
3463 5294 3643 5349 dicere
3695 5311 3796 5360 par

2199 5366 2279 5437 est
2310 5374 2321 5408 :
2355 5357 2943 5437 Quo'runtudeusvett‘ter
2968 5371 3086 5437 est,
3123 5372 3167 5416 et
3192 5363 3355 5434 gloria
3402 5365 3454 5417 in
3493 5357 3797 5434 confusione

2199 5427 2423 5501 ipsorum
2457 5427 2712 5501 (Philipp.
2737 5431 2789 5484 '5.
2819 5431 2926 5500 19).
2957 5434 3037 5486 Ad
3061 5427 3286 5489 inec'ue
3315 5427 3653 5489 concurraiis
3678 5479 3692 5501 ,
3729 5456 3797 5492 ne

2203 5499 2608 5578 _\'eloce5_pedes
2629 5502 2700 5554 ad
2753 5499 3056 5578 hujuSmodi
3088 5521 3302 5574 gressus
3347 5509 3602 5572 vertatis,
3654 5499 3803 5563 neve

2202 5570 2251 5644 i_n
2285 5570 2526 5644 convivia
2558 5581 2732 5644 [ostra
2763 5570 2932 5628 lunias
2959 5570 3259 5644 voluptates
3300 5570 3595 5633 inducatis.
3621 5578 3796 5632 luter-

2201 5639 2325 5718 dum
2356 5640 2489 5694 dicis
2513 5659 2533 5718 _:
2568 5642 2853 5718 Theatrum
2895 5639 3136 5713 aversor,
3173 5664 3503 5718 nequaquam
3555 5648 3622 5706 ad
3667 5667 3796 5718 gra-

2201 5711 2300 5789 dus
2331 5713 2566 5789 ascendo
2594 5733 2606 5777 ;
2651 5717 2950 5769 convivium
3000 5727 3079 5771 est
3125 5711 3428 5787 iustitiaeque
3458 5711 3695 5789 tempus:
3727 5728 3793 5775 At

2203 5781 2308 5836 illic
2338 5785 2504 5853 turpia
2535 5787 2862 5842 theatrorum
2895 5789 3197 5857 spectacula
3222 5781 3506 5846 exhibens.
3531 5781 3666 5860 Quid
3698 5795 3790 5847 ttbi

3219 1051 3611 1120 Quandonam!
3630 1049 3786 1107 Duas
3879 1081 3884 1086 -
