2044 3113
123 193 1751 224 mm

786 284 1097 376 ἦβιτθεῖαιίο

796 417 849 447 AD
871 416 1013 446 liOMILl
1020 415 1066 445 AS

369 493 1541 556 S.JOAIMHS¢HMKYSO§TOMH

741 595 800 636 IN
832 593 1123 634 JOANNEM.

923 677 1259 699 δεξιῇ

637 683 663 694 >—

666 681 920 697 4

164 752 208 772 nu
231 741 380 771 nomilias
402 741 434 771 in
458 740 669 780 Evangelium
687 739 821 770 Joannis
837 738 965 780 tandem
980 738 1185 780 devenimus,
1199 739 1254 768 ubi
1268 747 1386 769 novum
1398 747 1536 780 prorsus
1551 740 1764 780 concinnandi

124 782 231 817 ritum,
247 782 412 811 insolitam
421 778 688 820 deprehendimus
703 779 879 820 disserendi
897 779 1067 820 rationem.
1082 778 1204 820 Stylum
1214 778 1457 820 ‘saneeumdem
1469 779 1643 815 cernimus,
1654 779 1766 811 dictio-

125 830 195 850 nem
211 829 347 859 prorsus
368 817 522 856 similém;
542 819 753 857 eumdemque
768 819 874 848 statim
891 818 1097 859 agnoscimus
1113 817 1234 859 dicendi
1252 817 1405 859 artiﬁcem
1425 817 1692 859 Clirysostomum
1707 829 1714 848 :
1733 820 1765 849 in

123 857 235 890 ordine
250 863 359 890 autem
374 862 406 889 et
417 859 597 899 argumenti
614 859 739 889 ratione
755 866 872 899 magna
887 857 1066 899 sese_o[i'ert
1074 857 1261 899 diversitas.
1277 857 1311 887 In
1331 858 1451 888 caeteris
1468 866 1608 899 namque
1624 858 1767 899 ingScri—

123 903 251 938 pturam
268 907 394 930 sacram
408 895 652 929 Commentariis
665 920 673 934 ,
690 895 895 935 maxinfeque
914 897 1110 938 ianomiliis
1128 895 1366 938 initiatthieum,
1378 895 1767 938 postquam’singulorum

124 936 278 968 versuum
292 939 418 968 literam
434 938 632 977 explanavit,
652 937 822 967 occasione
838 946 879 966 ex
897 937 979 967 serie
994 939 1133 975 sumpta,
1150 937 1188 966 ad
1203 936 1748 977 moruminformationemspectan

124 977 167 1007 tia
182 978 283 1008 multa
299 978 460 1007 interserit
473 975 486 1013 ;“
497 981 594 1015 atque
606 978 637 1006 in
654 977 716 1006 ﬁne
730 976 895 1006 concionis
908 976 1128 1015 longissimam
1141 976 1296 1006 moralem
1308 975 1563 1006 adhortationem
1573 975 1691 1015 adjicit,
1701 985 1766 1015 qua

123 1020 155 1046 et.
172 1026 340 1055 procerum
355 1019 385 1047 et
401 1017 605 1056 popularium
622 1016 698 1046 vitia
714 1017 905 1051 insectatur,
923 1020 1020 1056 atque
1034 1015 1072 1046 ad
1094 1015 1435 1056 virtutemadeundam
1452 1015 1599 1045 stimulos
1616 1015 1711 1046 addit.
1730 1016 1767 1046 In

124 1054 213 1086 hisce
228 1059 332 1086 autem
347 1057 377 1086 in
389 1054 547 1086 Joannem
560 1056 707 1086 Homiliis
717 1056 781 1085 alio
793 1055 1003 1085 coneionandi
1016 1064 1132 1093 genere
1143 1054 1294 1093 procedit.
1308 1054 1429 1084 Passim
1443 1063 1582 1093 namque
1596 1058 1767 1094 postquam

124 1095 273 1134 singulos
290 1105 398 1126 versus
412 1096 538 1132 attulit,
555 1096 692 1133 illosque
709 1095 848 1125 maxime
862 1103 944 1132 quos
961 1094 1133 1124 Catholicis
1151 1094 1290 1124 haeretici
1304 1093 1433 1132 quidam
1449 1093 1589 1132 objicere
1605 1094 1766 1130 solebant,

124 1135 288 1165 auditores
304 1143 379 1165 suos
395 1135 549 1166 adversus
567 1135 696 1164 illorum
711 1137 903 1173 argumenta
917 1136 948 1163 et
963 1134 1161 1172 sophismata
1177 1134 1282 1163 munit
1299 1134 1495 1171 roboratque
1509 1142 1516 1169 ;
1533 1135 1631 1172 atque
1644 1135 1680 1163 ut
1695 1137 1767 1164 sta—

125 1174 180 1204 tim
193 1174 454 1213 deprehenditur,
472 1175 509 1204 iis
524 1174 579 1213 qui
593 1177 704 1204 contra
717 1174 824 1204 hostes
840 1173 1023 1212 hujusmodi
1041 1173 1481 1213 szepemanusconserebant,
1491 1180 1582 1213 arma
1592 1173 1765 1203 ministrat.

125 1213 181 1243 Hic
196 1211 313 1252 scopus
328 1214 465 1244 oratoris
479 1211 673 1253 praecipuus,
686 1222 724 1243 eo
739 1221 853 1243 nervos
869 1211 979 1253 omnes
994 1213 1167 1253 contendit,
1182 1215 1218 1253 ut
1232 1211 1449 1253 Christianum
1465 1211 1610 1249 militem,
1620 1212 1675 1251 qui
1688 1221 1765 1251 pas—

125 1253 183 1283 sim
197 1251 311 1283 contra
327 1251 493 1283 haereticos
507 1251 700 1289 dece’rtabat,
717 1252 754 1282 ad
770 1253 899 1282 illorum
915 1252 1101 1290 depellenda
1120 1252 1182 1281 tela
1197 1251 1353 1280 instituat.

162 1292 237 1323 Hinc
252 1301 351 1331 porro
370 1301 433 1322 non
448 1293 479 1322 in
496 1293 645 1322 omnibus
663 1292 801 1322 homiliis
815 1294 1002 1326 occurrunt,
1023 1291 1077 1320 sed
1092 1291 1123 1320 in
1141 1291 1179 1320 iis
1195 1294 1318 1331 tantum
1336 1290 1600 1331 ubiiea‘Joannis
1612 1290 1690 1331 gloca
1703 1300 1765 1320 ex-

124 1329 298 1370 plicantur,
315 1340 387 1370 quae
405 1332 455 1362 vel
476 1332 515 1362 ad
536 1332 750 1370 aequalitatem
772 1331 1204 1368 consubstantialitatemque
1224 1330 1325 1370 Patris
1340 1332 1371 1359 et
1389 1329 1460 1359 Filii
1476 1330 1676 1370 probandam
1691 1333 1766 1369 apta

124 1369 211 1407 sunt,
227 1371 278 1402 vel
292 1369 365 1409 quae
378 1372 419 1401 ab
433 1369 588 1401 haereticis
605 1371 644 1401 ad
660 1371 747 1401 illam
762 1370 1015 1409 impugnaudam
1031 1370 1284 1408 usurpabantur.
1303 1369 1359 1399 Ubi
1380 1378 1454 1399 vero
1470 1369 1508 1398 de
1526 1369 1692 1400 divinitate
1710 1370 1767 1400 de-

124 1419 186 1449 que
207 1411 543 1441 cousubstantialitate
564 1410 636 1440 Filii
658 1419 722 1440 non
746 1411 869 1448 agitur,
890 1410 1014 1440 literam
1033 1409 1085 1449 ille
1102 1409 1212 1447 paucis
1226 1409 1416 1447 plerumque
1430 1409 1595 1449 explanat.
1611 1409 1766 1440 Moralem

124 1448 255 1488 quoque
265 1450 466 1488 disciplinam
488 1451 571 1480 inter
586 1449 843 1480 coneionandum
857 1449 962 1479 rarius
976 1448 1120 1488 attingit,
1137 1449 1390 1488 concionemque
1414 1448 1600 1478 brevissima
1617 1449 1768 1479 adhorta-

125 1487 210 1519 tione
230 1487 497 1525 morali’claudit;
517 1490 559 1519 ita
572 1491 606 1518 ut
622 1489 670 1519 hac
685 1489 717 1518 in
731 1489 888 1519 Joannem
901 1488 1086 1524 conciones,
1100 1487 1228 1518 dimidia
1244 1487 1309 1518 fere
1321 1487 1369 1517 sui
1388 1490 1477 1525 parte
1493 1488 1632 1518 minores
1647 1491 1681 1518 ut
1696 1489 1767 1527 plu-

125 1529 242 1558 rimum
256 1529 321 1559 sint
334 1529 482 1559 Homiliis
497 1529 528 1558 in
545 1529 741 1558 Mattlizeum.

162 1569 245 1598 Hinc
257 1570 341 1598 certe
351 1568 416 1606 jam
432 1569 538 1598 multae
550 1570 730 1607 exsurgunt
742 1568 935 1606 quaestiones
947 1577 953 1597 :
967 1567 1099 1606 quinam
1114 1576 1227 1605 nempe
1239 1566 1464 1607 sintrhmreliei,
1479 1567 1533 1605 qui
1547 1567 1766 1606 Chrysostomi

126 1607 287 1638 auditores
304 1607 374 1638 telis
392 1617 434 1638 ex
448 1608 581 1638 Joannis
596 1606 773 1646 Evangelio
785 1607 961 1645 desumptis
977 1607 1171 1645 impctebant
1186 1617 1193 1641 ;
1208 1615 1266 1636 cur
1280 1606 1352 1635 illos
1363 1606 1610 1645 Chrysostomus
1628 1615 1691 1636 non
1709 1617 1767 1636 no-

126 1647 224 1677 minet
239 1657 247 1676 :
263 1656 304 1677 ex
318 1655 382 1685 qua
399 1646 519 1678 familia
533 1647 593 1677 orti
609 1647 641 1676 hi
659 1645 797 1677 haeretici
818 1649 946 1682 essent;
965 1646 1083 1684 quibus
1101 1646 1240 1676 maxime
1259 1647 1458 1684 argumentis
1475 1645 1670 1684 objectiones
1685 1647 1768 1677 luci-

126 1685 275 1725 fugarum
293 1686 502 1717 confutandas
524 1695 594 1716 esse
614 1686 735 1716 doceat.
757 1686 831 1716 Haec
849 1694 946 1725 porro
966 1686 1076 1716 omnia
1099 1685 1280 1724 expendere
1299 1693 1364 1714 non
1383 1684 1518 1725 pigebit,
1539 1688 1710 1724 postquam
1729 1687 1768 1717 de

126 1724 261 1756 numero
274 1726 487 1756 Homiliarum
500 1726 534 1756 in
547 1726 718 1762 Joannem,
732 1725 770 1755 de
784 1726 863 1756 urbe
877 1726 910 1755 in
924 1734 988 1764 qua
1000 1725 1066 1755 haec
1080 1724 1289 1755 concionatus
1303 1725 1362 1761 est,
1375 1724 1412 1754 de
1427 1724 1591 1754 concionis
1609 1725 1700 1761 hora,
1715 1725 1768 1755 (lc-

127 1773 187 1803 que
199 1765 271 1795 aliis
286 1766 450 1796 nonnullis
466 1765 612 1804 quaedam
630 1765 888 1804 praemiserimus.

127 1825 179 1863 §I.
206 1826 235 1855 1.
257 1825 301 1855 De
320 1835 447 1856 numero
467 1826 678 1857 Homiliarum
701 1827 733 1857 in
753 1826 915 1856 Joannem.
935 1826 964 1855 2.
988 1826 1057 1863 Qua
1071 1826 1107 1856 in.
1128 1825 1201 1856 urbe
1223 1825 1311 1855 hasce
1333 1824 1477 1856 hami/ias
1499 1825 1641 1856 habuerit
1665 1825 1768 1865 Chry—

567 1869 730 1900 soslomus,
746 1865 966 1898 Antiochia’nc,
983 1875 1023 1895 an
1038 1866 1321 1904 Constantinopoli.

166 1916 194 1945 1.
210 1915 358 1946 ιίοῐιιὶιὶω
369 1915 401 1945 ἱη
414 1916 571 1946 Joannem
581 1915 665 1954 apud
682 1916 838 1946 Savilium
852 1916 1015 1955 octoginta
1028 1919 1099 1946 octo
1112 1916 1269 1950 feruntur,
1282 1915 1367 1954 apud
1380 1915 1549 1946 Morellum
1565 1921 1672 1946 autem
1685 1919 1767 1947 octo-

126 1956 212 1993 ginta
233 1957 359 1995 septem
373 1957 516 1995 tantum,
532 1955 791 1994 quandoquidem
808 1956 960 1985 Morellus
976 1955 1112 1994 primam
1127 1955 1274 1994 prommii
1294 1957 1418 1995 tantum
1444 1955 1516 1986 loco
1540 1956 1648 1994 ponit,
1662 1965 1767 1995 neque

126 1995 214 2025 illam
229 1994 403 2024 Homiliam
416 1993 551 2033 primani
569 1995 737 2030 inscribit,
754 1996 829 2033 quia
846 1993 991 2025 videlicet
1007 1995 1088 2024 nihil
1101 1993 1138 2025 de
1149 1994 1324 2033 Evangelio
1339 1995 1472 2025 Joannis
1489 1995 1521 2024 in
1536 1993 1596 2026 hac
1611 1993 1767 2026 concione

126 2034 318 2072 explicatur,
328 2036 445 2074 estque
460 2036 583 2064 tantum
603 2034 696 2072 quasi
716 2034 903 2072 praeludium
918 2034 957 2065 ad
978 2035 1225 2074 explicationem
1242 2034 1384 2073 ejusdem
1398 2034 1578 2073 Evangelii.
1595 2035 1715 2065 Verum
1733 2039 1767 2066 ut

127 2076 162 2102 ut
174 2082 223 2103 res
238 2075 307 2107 est,
324 2073 385 2102 hoc
398 2073 586 2112 prooemium
600 2082 664 2103 non
680 2074 785 2104 minus
801 2075 913 2104 concio
930 2076 960 2104 et
976 2073 1107 2104 liomilia
1121 2077 1188 2108 est,
1206 2083 1303 2112 quam
1315 2076 1438 2104 caeteras
1451 2077 1622 2112 sequentes
1638 2075 1766 2105 concio-

127 2121 193 2143 nes.
204 2113 284 2142 Nam
294 2113 345 2142 hic
359 2113 512 2151 populum
529 2113 718 2152 alloquitur,
733 2113 772 2144 ad
784 2114 933 2143 virtutem
945 2113 1104 2148 hortatur,
1118 2121 1137 2143 a
1150 2113 1232 2142 vitiis
1245 2115 1344 2149 arcet,
1359 2114 1534 2151 omniaque
1544 2114 1765 2144 concionantis

127 2152 236 2190 implet
251 2151 366 2182 ofﬁcia.
379 2152 594 2189 Quamobrem
607 2153 680 2189 jure
698 2153 786 2182 illam
797 2153 933 2183 Savilius
952 2153 1114 2191 inscripsit
1126 2152 1298 2182 Homiliam
1315 2152 1451 2191 primam
1470 2163 1477 2181 :
1499 2162 1595 2190 quem
1613 2155 1705 2191 sequi
1722 2155 1767 2184 vi-

127 2200 196 2221 sum
212 2195 271 2221 est.
289 2191 408 2221 Verum
423 2192 499 2230 quia
514 2192 637 2222 Morelli
653 2191 756 2222 Editio
767 2214 774 2227 ,
792 2202 863 2230 qua:
876 2200 894 2222 a
909 2193 1016 2221 multis
1033 2193 1126 2222 annis
1145 2192 1288 2221 omnium
1305 2192 1451 2222 manibus
1471 2193 1596 2228 teritur,
1617 2196 1652 2222 ut
1665 2193 1766 2231 pluri—

128 2240 213 2260 mum
234 2239 254 2260 a
274 2231 484 2269 scriptoribus
502 2231 634 2261 aliertur
652 2232 684 2261 in
707 2232 844 2262 medium
856 2254 863 2267 ,
882 2232 968 2270 iique
984 2232 1160 2262 secundum
1175 2231 1398 2262 Morellianaln
1416 2232 1596 2262 Edilionem
1614 2232 1764 2264 homilias

130 2273 318 2310 numerant;
336 2279 470 2309 eamque
482 2293 490 2306 ,
507 2271 645 2310 exempli
659 2280 769 2307 causa,
787 2271 972 2310 vigesimum
987 2280 1104 2302 nouam
1125 2271 1315 2307 inscribunt,
1332 2280 1404 2309 qua:
1419 2271 1595 2301 secundum
1609 2272 1764 2302 Savilium

128 2313 156 2339 et
170 2309 346 2340 secundum
358 2318 466 2340 veram
483 2309 670 2341 numerandi
689 2309 847 2341 rationein
866 2311 1028 2350 trigesima
1047 2313 1111 2347 est,
1128 2311 1159 2340 in
1181 2319 1306 2341 summa
1329 2311 1447 2349 pagina
1461 2314 1634 2350 utrumque
1648 2320 1765 2342 nume—
1783 2343 1787 2349 ,

128 2358 195 2379 rum
210 2350 257 2380 sic
271 2350 438 2379 attulimus
455 2359 462 2378 :
478 2350 621 2380 Homilia-
634 2351 791 2389 trigesima
805 2351 847 2381 al.
861 2351 1008 2389 vigesima
1020 2359 1114 2385 nona,
1132 2353 1162 2380 et
1176 2351 1219 2380 ita
1233 2359 1364 2389 quoque
1379 2351 1411 2380 in
1425 2351 1507 2381 aliis.

163 2389 256 2419 Hanc
271 2397 367 2430 porro
381 2389 570 2430 numerandi
585 2390 771 2430 varietatem
786 2399 850 2420 non
867 2399 937 2430 esse
950 2393 1110 2430 recentem
1127 2390 1239 2420 suadet
1254 2390 1423 2420 Facundus
1439 2390 1692 2428 Hermianeusis,
1706 2394 1762 2430 qui

126 2427 207 2458 libro
223 2429 260 2469 3,
280 2437 307 2458 c.
327 2429 361 2463 3,
377 2438 405 2467 p.
422 2428 478 2458 11ῑι
489 2451 497 2464 ,
514 2429 748 2468 sexagesimum
764 2432 887 2460 sextam
908 2429 982 2459 dicit
997 2439 1066 2460 eam
1080 2439 1152 2468 quae
1170 2439 1243 2460 vere
1257 2430 1458 2469 sexagesima
1470 2430 1605 2468 septima
1623 2427 1689 2462 est.
1700 2427 1764 2462 Vc—

126 2476 195 2510 rum
210 2468 313 2510 altera
328 2468 422 2510 etiam
440 2469 627 2510 numerandi
643 2469 747 2510 ratio,
764 2478 836 2508 quae
853 2478 928 2510 vera
938 2469 1052 2510 utique
1069 2473 1127 2504 est,
1147 2469 1231 2508 apud
1251 2470 1331 2499 alios
1356 2470 1389 2499 in
1410 2478 1471 2510 usu
1493 2470 1592 2501 fuisse
1608 2479 1764 2510 compro—

127 2507 231 2549 batur.
253 2507 454 2545 Ephrzemius
468 2507 794 2549 eniinAntioclienu’s
829 2508 1022 2549 undecimam
1056 2507 1205 2539 numerat
1233 2517 1304 2539 eam
1327 2517 1400 2547 quae
1421 2509 1487 2549 jam
1509 2507 1761 2541 undecima‘est.

124 2546 489 2615 dHanclquelnunierandi
511 2548 668 2591 rationem
695 2551 876 2587 sequuntur
896 2548 1026 2580 Codices
1053 2549 1152 2579 Graeci
1176 2546 1384 2587 manuscripli
1398 2571 1406 2585 ,
1421 2546 1509 2588 quos
1532 2550 1687 2580 hactenus
1709 2551 1764 2580 vi-

144 2595 198 2615 ere
227 2595 290 2615 IClll
310 2607 317 2615 .

144 2595 198 2616 ere
215 2589 317 2616 licuit.
559 2589 562 2591 ’

162 2625 192 2654 Ξ.
211 2626 321 2656 Altera
342 2627 652 2665 exsurgitquiestio,
677 2636 718 2658 an
739 2627 884 2658 videlicet
905 2628 1081 2659 Antiochiaa
1098 2651 1105 2662 ,
1129 2636 1171 2658 an
1193 2628 1471 2666 Constantinopoli
1494 2628 1590 2659 hasce
1611 2628 1759 2661 homilias

123 2665 375 2708 Chrysostomus
392 2666 549 2708 habuerit.
565 2666 639 2708 Utta
655 2668 685 2696 iu
698 2668 776 2698 urbe
789 2670 833 2698 tot
843 2667 1013 2698 conciones
1029 2668 1144 2698 habitae
1157 2667 1232 2704 sint,
1244 2668 1276 2708 in
1290 2667 1366 2706 ipsis
1377 2665 1586 2698 concionibus
1599 2677 1761 2708 nusquam

123 2705 365 2748 deprehendere
377 2706 557 2748 potuimus.
574 2707 652 2748 Nam
669 2708 693 2737 si
711 2716 775 2745 qua
792 2711 898 2738 essent
916 2708 998 2738 unde
1014 2707 1231 2746 conjecturam
1246 2707 1544 2748 ducerepoAssemus
1557 2729 1565 2743 ,
1586 2716 1628 2738 ex
1644 2705 1762 2748 perpes-

124 2745 185 2787 tuis
203 2753 320 2787 nempe
338 2745 572 2787 velitationibus
583 2746 738 2777 adversus
752 2756 806 2777 eos
821 2748 875 2785 qui
890 2756 1000 2786 parem
1015 2745 1155 2785 paternae
1167 2747 1395 2786 potestatemin
1408 2746 1489 2787 Filio
1502 2755 1573 2777 esse
1585 2745 1758 2787 negabant,

123 2783 177 2825 qui
195 2784 563 2825 consubstantialitatem
579 2783 992 2825 oppugnabant{adversus
1010 2783 1180 2817 Anommos
1197 2795 1322 2824 nempe,
1339 2795 1419 2824 quos
1436 2786 1557 2824 ubique
1570 2783 1758 2821 iuséctatur.

125 2823 154 2852 id
176 2822 310 2862 perinde
328 2822 609 2864 Constantinopoli
618 2822 632 2860 ξ
650 2822 746 2864 atque
769 2827 944 2857 Antiochiae
960 2828 1162 2857 observatur.
1183 2827 1219 2856 In
1240 2822 1378 2864 utraque
1400 2825 1484 2855 enim
1503 2822 1631 2858 civitate
1648 2833 1757 2858 contra

127 2864 298 2892 Anommos
316 2863 502 2893 nominatim
519 2863 725 2895 contionatus
741 2870 786 2896 est
810 2866 1057 2905 Chrysostomus
1074 2889 1081 2903 ,
1106 2867 1138 2896 in
1161 2868 1299 2904 utraqua
1320 2873 1437 2904 magno
1457 2874 1593 2896 numero
1616 2866 1758 2897 Anolnuei

295 2910 430 2942 ΡΑτιιοι.
451 2914 506 2943 Gn.
534 2915 566 2944 LI
575 2915 610 2946 Χ.

1577 2917 1590 2945 1

937 2983 1188 3044 48615
