2044 3113
176 152 194 179 9
904 149 1094 178 ramento.
1778 159 1810 185 ,ρ

181 217 213 237 in
237 208 381 238 secunda
405 217 481 238 vero
502 209 709 238 externorum
734 207 999 246 pliil050pliorum
1028 205 1241 245 primipilarcs
1263 207 1456 246 ﬂagitasset
1480 217 1486 236 :
1514 208 1544 237 in
1570 209 1660 241 tertia
1681 211 1809 244 demum

178 248 240 278 col.
256 247 310 283 39,
333 249 533 286 propositum
547 256 641 277 suum
658 247 759 285 aperit
774 247 943 287 hisrvcrbis
954 256 968 287 ε
986 246 1117 287 Tempus
1132 249 1233 287 autem
1247 251 1289 274 est
1304 251 1338 287 ut
1357 246 1397 277 ad
1414 255 1475 276 rem
1486 249 1682 287 propositam
1696 253 1811 282 venia-

178 294 263 320 mus,
278 296 316 316 nc
330 284 385 317 eos
396 284 506 326 defessi
532 287 594 316 haec
606 284 777 326 certamina
798 286 925 326 adeatis.
944 285 1117 326 Certamina
1133 284 1246 326 quippe
1263 284 1515 326 uobisprostaht
1536 284 1648 318 contra
1667 291 1810 322 veritatis

177 326 295 368 hostes;
312 330 422 355 contra
435 324 489 356 eos
501 326 555 365 qui
565 325 645 356 nihil
660 335 724 355 non
736 325 955 368 machiuaulur
965 347 972 357 ,
984 324 1112 368 ut__Filii
1127 324 1337 368 Deigtoriam,
1354 324 1413 368 imo
1423 326 1529 363 potius
1543 336 1628 368 suam
1636 328 1784 368 deficiant
1800 342 1809 359 :

178 365 234 395 illa
249 366 361 404 quippe
376 373 493 403 semper
505 362 607 394 ‘manet
623 369 657 394 ut
673 369 733 401 est,
751 367 810 394 etc.
829 365 887 395 Ubi
902 364 988 394 vides
1004 362 1271 404 illumraudilores
1284 371 1359 404 suos
1373 363 1413 394 ad
1424 362 1604 396 certamina
1620 362 1731 399 contra
1747 369 1809 400 hm—

178 401 293 434 retices
303 401 454 434 adeunda
466 412 600 439 acuere,
614 404 757 442 ipsisque
772 412 862 434 arma
876 404 1070 433 ministrare.
1089 403 1170 432 lllud
1181 404 1300 443 autem
1308 401 1371 432 fere
1383 404 1535 443 observes
1552 415 1608 443 per
1622 410 1723 437 totum
1740 409 1809 439 Ηο-

178 443 339 484 miliarum
353 443 385 484 in
399 444 555 484 Joannem
570 441 755 484 decursum,
775 443 808 472 in
824 442 1030 484 concionibus
1051 442 1164 484 saltem
1179 441 1242 470 illis
1253 441 1442 484 ,_Evangel_ii
1454 441 1786 484 loca_c"xplanantibus
1801 472 1808 484 ,

176 491 249 519 quae
274 483 323 512 vel
344 482 506 512 Christum
531 483 614 512 Patri
634 483 789 521 aequalem
815 485 844 512 et
873 482 1180 511 consubstantialem
1206 481 1427 521 probanttrel
1450 482 1491 511 ab
1520 481 1674 515 hmr’eticis
1695 481 1809 519 contra

177 522 265 565 illam
284 522 648 565 con‘substantialitatenj
671 519 703 551 et
718 521 936 565 _tequalitatem
958 521 1080 565 detorta
1094 520 1345 565 usurpabantur.
1368 519 1415 550 Illi
1429 520 1714 565 quippehmretici,
1731 527 1808 564 quia

176 569 217 589 ex
232 561 366 591 Joannis
384 562 488 591 verbis
505 561 701 592 validissime
716 561 824 599 impoti
840 560 1003 595 solebant,
1019 569 1060 590 ex
1076 559 1218 598 ejusdem
1234 561 1265 599 et
1278 559 1355 599 ipsis
1371 559 1475 589 verbis
1491 562 1681 592 sententiam
1696 568 1726 593 ct
1742 559 1808 594 im-

178 599 326 636 pietatem
343 609 434 630 suam
456 602 537 630 tueri
557 598 769 630 conabantur,
784 599 866 640 Quia
886 608 962 640 vero
980 603 1056 640 tunc
1068 599 1205 640 haeretici
1221 598 1266 640 illi
1283 598 1460 640 Catholicis
1470 599 1600 629 admixti
1615 610 1731 640 magno
1749 614 1808 634 nu-

177 647 265 668 mero
279 642 386 675 erant,
404 639 652 678 frequenterque
670 648 742 669 cum
764 639 866 669 obviis
885 648 925 668 ex
940 639 1072 668 Joannis
1089 638 1298 678 Evangelistae
1311 638 1414 678 verbis
1426 637 1658 678 disputabant,
1670 637 1806 673 "necesse

178 679 312 720 putavit
325 677 571 720 Chrysos’tomus
588 679 751 720 auditores
765 687 841 708 suos
856 678 896 720 ad
919 678 994 708 talia
1007 678 1182 720 certamina
1204 677 1407 720 suscipienda
1422 677 1607 714 instituere,
1624 682 1660 709 ut
1675 681 1719 710 ait
1739 682 1807 720 ipse.

177 717 208 746 in
221 718 294 757 loco
302 718 369 756 jam
382 717 496 755 allato,
513 721 543 748 et
557 718 676 757 passim
692 718 724 747 in
740 718 947 756 sequentibus
963 717 1171 757 concionibus
1186 717 1312 754 repetit.

215 756 244 785 3.
260 757 320 787 Sed
335 766 394 787 cur
409 756 613 788 illucescente
626 766 745 787 aurora
761 758 818 787 has
832 757 1002 787 conciones
1026 756 1153 791 habuit,
1170 765 1228 786 cur
1239 758 1302 786 tam
1317 756 1428 785 breves
1439 778 1447 791 ,
1467 765 1525 785 cur
1539 758 1692 788 moralem
1707 759 1804 790 disci-

176 796 314 837 plinam,
339 805 438 835 quam
456 806 528 827 cum
552 800 639 837 tanta
666 797 812 826 ubertate
835 796 867 826 in
888 796 960 826 aliis
985 795 1193 837 concionibus
1220 795 1417 832 frequentat,
1434 795 1484 825 hic
1508 797 1636 837 parcius
1658 799 1808 837 attingit?

174 835 338 870 Quantum
353 844 498 875 auguror
519 836 718 875 conjectura,
737 845 776 866 ne
794 838 981 866 caaterarum
996 835 1211 875 homiliarum
1225 843 1371 875 cursum,
1388 843 1469 872 quas
1483 835 1612 866 assidue
1633 845 1690 874 per
1706 835 1807 868 totum

175 882 297 904 annum
312 873 468 911 habebat,
485 878 512 905 et
529 873 587 905 cui
599 875 777 905 intererant
787 875 940 905 Catholici
958 883 1069 904 omnes
1088 873 1230 913 cujusvis
1241 873 1359 909 zetatis,
1374 882 1471 903 sexus
1484 876 1580 912 atque
1593 873 1784 907 conditionis
1798 888 1806 913 ;

177 922 216 955 ne
232 914 321 955 illas,
337 915 487 955 inquam,
507 915 727 954 interpellaret
748 925 754 943 :
777 914 880 955 hasce
888 916 1043 955 prseterea
1056 913 1269 955 illucescente
1284 920 1403 955 aurora
1414 935 1422 948 ,
1438 921 1501 955 non
1519 914 1671 955 universo
1686 917 1807 955 populo

175 953 319 990 dicebat,
339 952 393 984 sed
412 954 450 984 iis
469 952 601 984 tantum
610 954 685 984 viris
701 962 739 984 ac
756 953 1034 993 mulieribus,qui
1053 952 1261 993 ferrvenrtiores
1281 954 1403 993 essent,
1427 952 1549 990 quique
1569 952 1699 993 ingenio
1714 952 1808 986 vale—

175 995 263 1029 reut,
280 995 474 1032 possentque
498 994 531 1024 in
553 993 747 1032 quotidianis
770 1002 842 1023 cum
865 992 1020 1032 haereticis
1045 991 1532 1032 velitationibus,lucifugarum
1557 991 1748 1032 argumenta
1765 1004 1806 1025 ex

175 1030 351 1072 Evangelia
372 1030 507 1063 Joannis
531 1030 756 1072 utplurimum
772 1033 885 1072 petita,
913 1031 1131 1072 Chrysostomi
1157 1030 1286 1072 monitis
1315 1030 1467 1072 instituti,
1488 1030 1667 1072 confutare,
1691 1033 1806 1064 Sancto

174 1069 404 1109 igitur‘doctori
417 1073 486 1108 ,cui
499 1073 530 1102 in
546 1069 669 1103 dicendi
682 1069 828 1102 ubertate
843 1071 897 1101 vix
911 1069 1021 1109 parem
1037 1071 1068 1100 in
1085 1071 1234 1100 omnibus
1250 1071 1335 1099 retro
1348 1069 1472 1099 saeculis
1488 1070 1727 1108 deprehendas,
1744 1074 1807 1103 duo

173 1111 333 1149 praecipue
353 1112 463 1142 munia
484 1113 721 1142 imcumbebant
738 1121 745 1140 :
761 1108 969 1150 primum,ut
985 1113 1086 1140 totum
1098 1108 1337 1150 Cathoﬁlicorum
1354 1111 1470 1139 coatum
1491 1113 1604 1141 contra
1621 1111 1696 1141 vitia
1717 1121 1808 1150 quae.—

171 1158 236 1190 que
252 1150 448 1186 institueret,
464 1151 494 1180 id
510 1151 595 1190 quod
610 1151 663 1181 ille
679 1154 808 1181 strenue
825 1150 1065 1190 exsequebatur
1077 1171 1084 1183 ,
1102 1149 1177 1178 dum
1194 1149 1453 1190 frequenter__pcr
1466 1156 1587 1190 annum
1609 1158 1645 1180 ac
1661 1150 1708 1180 bis
1725 1149 1808 1190 saepe,

172 1189 203 1218 in
219 1190 328 1220 eadem
349 1187 545 1222 hebdomad‘a
561 1191 716 1220 moralem
730 1199 859 1220 omnem
874 1187 1077 1227 disciplinam
1093 1197 1164 1218 cum
1176 1188 1257 1218 mira
1274 1187 1421 1227 facundia
1435 1188 1601 1223 versabat;
1618 1187 1806 1224 secundum,

172 1232 206 1257 ut
221 1228 403 1260 Catholicos
419 1230 504 1260 inter
519 1230 704 1260 innumeras
720 1229 943 1260 hereticorum
956 1226 1103 1258 catervas
1122 1229 1285 1257 versantes
1297 1248 1304 1261 ,
1317 1227 1372 1264 qui
1392 1226 1530 1256 haeretici
1548 1227 1580 1256 in
1596 1228 1806 1259 familiaribus

171 1267 346 1308 colloquiis
368 1278 479 1299 veram
495 1269 587 1300 ﬁdem
610 1278 651 1299 ex
670 1269 846 1308 Evangelio
862 1268 1001 1298 maxime
1013 1267 1146 1308 Joannis
1163 1266 1374 1304 impetebant;
1391 1268 1427 1295 ut
1441 1265 1783 1308 Catholicos,rinquam
1798 1292 1805 1302 ,

173 1306 245 1337 illos
265 1305 378 1339 contra
394 1309 595 1339 adversarios
616 1317 692 1339 suos
708 1305 805 1338 armis
822 1308 1005 1337 instrueret.
1021 1307 1103 1343 Quia
1121 1314 1197 1336 vero
1213 1314 1277 1335 non
1294 1314 1405 1335 omnes
1424 1305 1557 1335 omnino
1581 1305 1755 1341 Catholici,
1773 1313 1808 1338 ut

171 1346 330 1383 diximus,
348 1348 409 1378 viri
431 1352 528 1386 atque
542 1348 711 1383 mulieres,
730 1347 874 1386 cujusvis
889 1346 990 1377 astatis
1005 1349 1103 1384 atque
1118 1345 1326 1386 conditionis,
1343 1344 1382 1375 ad
1397 1344 1483 1386 hanc
1496 1346 1724 1386 capessendam
1741 1356 1808 1386 pu-

170 1394 267 1424 gnam
286 1386 391 1417 idonei
405 1384 653 1424 esse—valebant,
670 1396 733 1417 non
753 1384 864 1416 omnes
885 1386 1020 1416 fortasse
1034 1385 1120 1415 hisce
1134 1384 1298 1414 matutinis
1315 1384 1523 1424 concionibus
1539 1384 1806 1422 intererantfsed

170 1423 191 1453 ii
210 1427 333 1455 tantum
353 1427 413 1456 viri
430 1435 467 1457 ac
484 1427 633 1457 mulieres
646 1449 653 1462 ,
673 1427 729 1465 qui
747 1426 875 1465 ingenio
893 1425 1060 1465 valebant,
1073 1426 1286 1465 poterantque
1304 1424 1366 1454 tela
1383 1423 1443 1465 sibi
1458 1432 1477 1454 a
1490 1423 1718 1465 Chrysostomo
1734 1428 1810 1456 sub-

169 1464 351 1505 ministrata
367 1466 399 1495 in
425 1466 647 1497 haereticorum
663 1463 768 1505 capita
783 1463 1011 1505 contorquere,
1026 1464 1065 1495 Hi
1087 1463 1440 1505 ferventiorescmteris
1453 1464 1588 1493 seorsim
1603 1466 1696 1505 erant
1710 1465 1809 1496 insti—

170 1504 298 1540 tuendi;
316 1509 508 1545 argumenta
522 1505 643 1544 quippe
667 1503 786 1543 passim
803 1505 907 1545 allata
928 1504 1014 1545 vulgi
1029 1506 1157 1545 captum
1182 1503 1390 1545 superabant.
1412 1503 1587 1545 llwovero
1596 1504 1807 1545 illucescente.

169 1549 290 1574 aurora
303 1542 622 1580 con'cionabatur,'ni
637 1542 750 1581 fallor,
765 1544 851 1583 quod
867 1543 954 1574 aliud
972 1543 1036 1573 diei
1052 1546 1177 1581 tempus
1190 1544 1370 1583 reservaret
1381 1542 1424 1583 ad
1439 1542 1576 1583 majores
1593 1543 1664 1573 illas
1681 1545 1809 1574 concio-

170 1591 226 1622 nes
237 1604 245 1618 ,
262 1584 354 1621 queis
371 1584 411 1614 ad
427 1584 503 1615 vitia
519 1584 738 1622 propulsanda
748 1606 756 1620 ,
771 1581 802 1613 et
816 1584 967 1614 virtutem
979 1591 1107 1622 omnem
1121 1581 1345 1622 inculcandam
1357 1581 1540 1622 uberiorem
1555 1582 1651 1613 dabat
1664 1591 1805 1621 operam.

170 1621 205 1650 In
222 1620 431 1653 coricionibus
447 1620 556 1654 autem
572 1620 737 1654 matutinis
751 1623 954 1661 disciplinam
976 1621 1064 1652 illam
1079 1622 1234 1661 moralem
1247 1620 1582 1661 parciusaltingebat,
1597 1621 1674 1660 quia
1686 1620 1808 1661 praeci—

171 1669 254 1701 puus
277 1661 338 1700 ipsi
354 1671 469 1701 scopus
492 1665 561 1693 erat
580 1671 672 1694 arma
687 1663 754 1693 suis
773 1659 886 1693 contra
900 1661 1067 1691 haereticos
1092 1660 1309 1701 suppeditare.
1325 1659 1432 1701 Inhis
1442 1668 1545 1701 porro
1551 1659 1718 1701 matutinis
1732 1671 1808 1693 con~

169 1699 317 1731 eionibus
335 1699 430 1732 etiam
445 1702 597 1732 mulieres
611 1702 880 1738 admittebantur,
897 1701 960 1731 illm
981 1708 1053 1738 quae
1069 1702 1199 1738 possent
1215 1700 1247 1729 in
1271 1699 1484 1729 familiaribus
1499 1699 1668 1738 colloquiis
1684 1701 1807 1733 oblatas

169 1739 211 1780 ah
223 1740 380 1771 haereticis
394 1741 594 1772 difficultates
608 1742 780 1780 depellere.
797 1742 877 1772 Nam
892 1741 924 1770 in
947 1739 1035 1780 hisce
1057 1739 1089 1769 in
1111 1739 1244 1780 Joannis
1260 1738 1471 1778 Evangelium
1490 1738 1638 1770 Homiliis
1655 1741 1806 1772 mulieres

168 1778 362 1817 aliquando,
379 1781 439 1811 etsi
456 1782 563 1811 rarius
575 1803 582 1817 ,
599 1778 778 1820 alloquitur
790 1780 820 1810 S.
838 1780 961 1810 doctor.
977 1779 1048 1809 Jam
1062 1787 1137 1809 vero
1154 1778 1192 1809 ad
1209 1780 1323 1809 uetera
1339 1781 1552 1808 transeamus.

171 1863 185 1897 ᾗ
200 1862 252 1904 Ill.
269 1863 295 1892 l.
312 1864 342 1893 11
345 1865 461 1904 (cretici
478 1865 531 1904 qui
547 1865 580 1895 in
595 1865 676 1895 hisce
692 1864 894 1896 eoneionibus
909 1864 1136 1903 impugnantur
1155 1862 1293 1892 Anoma’i
1310 1865 1407 1891 erant.
1423 1862 1452 1890 ἓ.
1466 1861 1552 1891 Unde
1571 1863 1635 1904 orti
1649 1863 1786 1895 Anommi
1798 1887 1804 1893 .

210 1902 336 1932 illorum
347 1901 673 1944 historiu'eompendio
687 1905 831 1944 affertur.
851 1904 880 1933 3.
897 1901 975 1941 Quis
987 1901 1017 1934 itt

210 1940 301 1971 batur
314 1942 558 1973 Chrusostonms.

1001 1901 1114 1934 Horum
1131 1906 1230 1932 status
1254 1906 1328 1931 esset
1342 1910 1401 1941 quo
1418 1905 1552 1940 [erupere
1571 1901 1633 1930 lucc
1644 1904 1808 1934 concinna-

263 1951 301 1971 ιιι·
314 1951 507 1982 cm‘ysostom
513 1954 558 1973 ιιδ.

213 2002 239 2031 1.
254 2003 395 2044 Noniest
414 2004 514 2035 multa
540 2005 773 2043 perquisitione
788 2014 868 2043 opus
893 2007 925 2034 ul
945 2004 1202 2043 deprehendatur
1216 2004 1349 2043 quinam
1368 2004 1432 2034 sint
1457 2003 1596 2034 luerctici
1618 2005 1678 2039 illi,
1696 2007 1750 2044 qui
1769 2017 1806 2037 ex

168 2041 303 2082 .loannis
325 2041 646 2082 Evangelistaa'dictis
667 2045 729 2075 tela
758 2041 993 2075 mutuabantur
1007 2048 1040 2073 ut
1053 2041 1235 2074 Catholicos
1256 2044 1461 2082 impeterent,
1476 2044 1571 2074 etiam
1589 2044 1619 2073 in
1637 2041 1808 2076 familiari—

172 2080 443 2122 huseolloquiis‘:
461 2083 516 2121 qui
538 2092 655 2122 magno
672 2093 807 2113 numero
830 2093 901 2114 cum
920 2086 1028 2114 essent
1052 2085 1168 2112 etcum
1194 2080 1405 2122 popularibus
1429 2083 1579 2122 admixti,
1602 2084 1807 2121 quotidianas

171 2121 354 2163 excitabant
373 2121 652 2163 velitationesr'ita
675 2126 710 2152 ut
726 2126 855 2163 sanctus
873 2123 999 2163 doctor,
1024 2126 1055 2152 et
1070 2121 1339 2163 sanwdbctrinaa,
1356 2125 1385 2151 et
1406 2121 1588 2152 auditorum
1613 2123 1710 2163 saluti
1726 2133 1808 2163 pro-

174 2159 322 2200 spiciens,
339 2165 508 2199 cogeretur
519 2162 589 2192 illos
606 2163 773 2192 instituere
789 2162 827 2192 ad
843 2163 910 2200 ipsa
928 2162 990 2193 tela
1005 2162 1036 2191 in
1052 2164 1148 2200 caput
1162 2162 1384 2192 haereticorum
1399 2161 1653 2200 contorquenda.
1670 2163 1709 2193 Hi
1724 2159 1808 2194 certe

171 2198 308 2229 haeretici
321 2222 328 2233 ,
345 2198 488 2241 Anonitei
505 2203 594 2236 sunt,
611 2203 807 2239 quibuscum
823 2198 942 2231 taindiu
958 2198 1155 2232 concertavit
1167 2201 1413 2241 Chrysostomus
1426 2222 1433 2236 ,
1451 2203 1482 2230 et
1499 2198 1626 2241 quidem
1649 2204 1714 2232 toto
1731 2205 1807 2234 tem-

171 2245 248 2282 po_re
263 2247 330 2277 quo
352 2240 570 2282 concionandi
581 2241 686 2282 officio
698 2281 701 2282 7
713 2241 840 2271 functus
854 2244 918 2276 est,
945 2241 1012 2282 sive
1039 2241 1219 2282 Antiochia;
1233 2242 1398 2282 presbyter
1409 2262 1416 2275 ,
1427 2280 1432 2282 ἒ
1445 2240 1512 2271 sive
1527 2240 1804 2282 Constantinopoli

170 2277 338 2319 episcopus
355 2288 428 2309 cum
444 2283 538 2310 esset.
556 2280 732 2311 Antiochiae
745 2284 830 2312 certe
846 2289 932 2311 anno
945 2281 1049 2319 primo
1062 2289 1127 2318 quo
1143 2277 1432 2318 cccpitconcionari
1445 2303 1452 2315 ,
1466 2282 1627 2310 certamen
1645 2280 1715 2311 iniit
1732 2277 1807 2312 con-

170 2319 218 2360 tra
244 2317 409 2348 haereticos
437 2319 514 2360 istos
532 2319 651 2360 passim
674 2330 748 2350 cum
774 2317 955 2350 Catholicis‘
976 2317 1312 2360 intermixtosgatquc
1336 2319 1367 2349 in
1392 2320 1602 2350 concionibus
1618 2319 1804 2360 duodecim,

169 2358 339 2398 Anomceos
355 2359 492 2398 egregie
507 2359 703 2393 confutavit,
727 2360 872 2398 ipsorum
895 2360 959 2390 tela
980 2359 1121 2398 depulit,
1149 2359 1415 2397 validissimaque
1437 2362 1627 2397 argumenta
1650 2358 1807 2392 adversus

169 2395 240 2437 illos
257 2395 524 2437 subministravit.
540 2399 615 2429 lllas
632 2408 729 2437 porro
739 2395 911 2430 duodecim
927 2395 1075 2429 homilias
1086 2421 1093 2432 ,
1111 2407 1249 2437 quarum
1264 2395 1424 2437 plerasque
1437 2395 1598 2436 inypriscis
1614 2398 1715 2430 Editis
1733 2401 1808 2430 hinc

170 2437 199 2476 ot
215 2435 288 2465 inde
309 2445 430 2476 sparsa:
443 2441 553 2472 erant,
579 2438 611 2468 in
624 2435 716 2469 Edito
732 2442 842 2469 nostro
855 2447 922 2469 una
945 2438 1096 2468 collectas
1114 2435 1228 2473 habes,
1245 2435 1469 2476 incipiuntque
1487 2435 1588 2467 Tomo
1605 2438 1618 2467 1
1633 2461 1640 2473 ,
1656 2439 1717 2469 col.
1734 2440 1805 2470 701.

168 2473 278 2512 Neque
295 2473 390 2505 modo
405 2476 437 2506 in
454 2477 516 2507 illis
539 2477 706 2508 duodecim
728 2478 928 2508 orationibus
954 2478 1022 2508 sive
1040 2477 1180 2508 homiliis
1197 2473 1363 2508 haereticos
1389 2473 1460 2507 illos
1484 2477 1662 2508 confutavit
1676 2482 1807 2509 sanctus

168 2512 296 2556 do_c_tor,
311 2515 366 2544 sed
382 2516 477 2556 etiam
492 2517 524 2546 in
538 2517 610 2547 aliis
626 2517 823 2556 ubicumque
838 2526 909 2548 sese
923 2517 1050 2547 occasio
1063 2515 1229 2547 olferebat.

208 2552 346 2596 Verum,
363 2555 449 2593 quod
461 2556 636 2596 observata
656 2564 734 2596 sane
751 2552 882 2596 dignum
898 2556 1003 2592 fuerit,
1020 2564 1084 2586 non
1102 2556 1208 2586 statim
1225 2556 1355 2596 ineunte
1370 2556 1474 2595 primo
1490 2557 1730 2596 presbyteratus
1758 2559 1806 2588 sui

168 2599 253 2636 anno
268 2592 440 2636 Anomtnos
458 2595 609 2634 impetiit;
623 2595 676 2626 sed
686 2598 726 2636 ut
749 2592 818 2636 ipse
836 2596 868 2626 in
884 2596 988 2636 prima
1002 2595 1158 2626 concione
1178 2592 1380 2636 testificatur,
1393 2596 1458 2635 jam
1478 2592 1600 2634 pridem
1614 2596 1807 2628 destinatam

167 2634 276 2681 contra
287 2632 458 2681 .Anommos
469 2632 609 2681 pugnam
626 2632 1073 2681 tardius,'eodem_licet‘anno,
1083 2635 1235 2681 suscepit,
1245 2635 1330 2681 quod
1340 2632 1456 2681 multos
1467 2632 1695 2681 A'nommorum
1713 2636 1808 2681 vide—-

169 2673 218 2715 ret
230 2672 440 2715 concionibus
456 2672 568 2704 adesse
581 2675 669 2715 suis,
687 2683 726 2705 ac
745 2684 818 2706 cum
834 2675 998 2715 voluptate
1014 2683 1109 2705 aures
1131 2672 1191 2705 sibi
1209 2672 1362 2715 praebere.
1377 2674 1604 2715 Quamobrem,
1622 2684 1660 2704 ne
1670 2676 1808 2715 prwdam

167 2709 313 2753 abigeret.
332 2711 376 2741 ait
388 2711 456 2753 ille,
464 2716 564 2751 utque
581 2709 724 2752 ipsorum
744 2715 869 2744 animos
887 2709 1039 2750 irretiret,
1055 2714 1200 2753 linguam
1210 2709 1252 2745 ab
1268 2709 1450 2753 hujusmodi
1465 2709 1696 2745 certaminibus
1712 2724 1810 2746 θορικ-

166 2750 269 2780 cebat.
282 2750 420 2793 _Demum
450 2750 652 2783 hortantibus
675 2753 738 2784 illis
754 2754 832 2792 ipsis
847 2753 1021 2789 Anomaeis,
1041 2754 1074 2783 in
1093 2750 1225 2784 arenam
1241 2750 1422 2793 descendit;
1441 2753 1736 2793 Anomoeorumque
1761 2764 1810 2784 er-

166 2797 256 2819 rores
280 2789 433 2828 impetere
452 2800 544 2822 orsus
560 2795 619 2828 est,
637 2793 740 2823 amico
762 2789 868 2824 tamen
892 2793 1013 2828 animo,
1029 2802 1092 2822 non
1116 2796 1150 2822 ut
1171 2793 1373 2824 adversarios
1397 2792 1523 2829 feriret,
1537 2792 1592 2822 sed
1607 2796 1642 2823 ut
1666 2789 1808 2829 iacentes

166 2829 515 2872 erigeret._\'erisimile
531 2834 639 2872 autem
662 2835 710 2863 est
725 2833 896 2863 Anommos
911 2835 988 2862 tunc
1007 2833 1157 2870 temporis
1174 2833 1315 2862 mitiores
1332 2831 1442 2866 fuisse,
1456 2832 1530 2872 quia
1547 2829 1701 2863 Catholici
1719 2834 1809 2872 prin—

166 2867 253 2906 cipes
273 2867 518 2901 Valentinianus
539 2871 564 2901 ll
584 2873 614 2902 et
631 2871 828 2903 Theodosius
847 2874 922 2902 tunc
938 2867 1108 2912 imperium
1130 2871 1396 2909 moderahantur;
1419 2867 1476 2902 nec
1501 2874 1648 2911 poterant
1671 2867 1806 2903 ha'ret'ci
