2044 3113
259 157 285 184 Η
985 154 1178 183 ΡΗρΕΡΛΊΊΟ.
1862 158 1892 184 Η

257 216 301 246 illi
321 223 358 246 ea
381 214 527 245 libertate
548 215 577 243 et
596 213 771 252 petulantia
792 213 857 249 uti,
882 221 946 251 qua
969 213 1090 252 pridem
1113 214 1173 243 sub
1192 211 1399 249 Constantio,
1418 215 1448 244 et
1474 215 1584 253 postea
1602 213 1662 244 sub
1684 213 1816 244 Valente
1842 215 1889 242 usi

256 256 393 285 fuerant.

295 295 405 324 Amico
429 293 503 323 licet
515 292 623 321 animo
639 291 886 331 Clirysostomus
901 293 1070 322 Anommos
1094 291 1286 327 confutaret,
1303 291 1374 322 illos
1389 295 1494 322 tamen
1511 292 1629 322 acriter
1647 292 1866 323 insectabatur
1882 303 1888 321 :

254 337 285 364 et
305 333 432 372 quidem
448 332 574 372 jurciac
589 333 714 361 merito.
735 332 887 362 Dicebant
900 332 984 361 enim
1004 331 1048 361 illi
1065 340 1098 361 se
1114 340 1242 372 omnem
1256 331 1422 361 scientiam
1436 332 1608 372 accepisse,
1623 332 1773 370 quodque
1790 333 1889 370 magis

256 370 391 407 mireris,
410 379 444 401 se
467 371 511 401 ita
525 371 626 400 Deum
645 380 751 405 nosse,
767 375 801 400 ut
817 380 850 400 se
869 372 934 409 ipse
951 373 1094 401 noverat.
1111 370 1191 401 Cum
1204 379 1301 409 porro
1315 379 1348 401 se
1365 373 1452 401 tanta
1468 371 1639 401 instructos
1663 371 1795 401 scientia
1817 372 1891 401 ridi-

254 412 324 442 cule
348 412 509 450 putarent,
526 410 605 439 nihil
624 410 740 440 mirum
767 411 793 440 si
809 411 864 439 Dei
881 410 1094 440 substantiam
1123 410 1275 440 audacter
1296 413 1536 450 scrutarentur,
1556 413 1665 448 totque
1692 411 1777 440 circa
1802 411 1889 440 illam

253 449 448 490 quazstiones
473 453 655 490 moverent,
670 453 766 490 atque
792 449 895 490 obviis
916 450 1098 488 quibusque
1113 449 1288 490 Catholicis
1311 449 1404 480 etiam
1422 450 1453 478 in
1476 449 1544 479 foro
1560 450 1745 490 objicerent.
1761 450 1790 479 Si
1816 451 1890 488 quis

253 489 349 529 porro
372 490 457 528 ipsos
481 489 519 518 de
535 491 622 519 tanta
644 489 776 519 audacia
793 489 1010 529 redargueret,
1028 490 1226 529 reponebant
1247 489 1312 523 illi,
1328 489 1376 518 An
1396 489 1523 526 ignoras
1544 489 1576 519 id
1590 489 1674 528 quod
1687 489 1836 519 colis?.’l‘.
1855 491 1888 523 1,

251 529 389 560 col.7lt2.
400 529 474 559 Haec
485 537 560 558 vero
576 531 729 566 perpetuo
741 531 771 558 et
782 528 820 558 ad
835 537 929 557 aures
945 528 1088 557 (unnium
1102 528 1334 558 decantabant:
1350 529 1465 558 Filium
1482 537 1545 558 non
1565 537 1636 558 esse
1649 529 1734 558 Patri
1752 530 1888 559 consub-

252 570 447 603 stantialem,
463 577 533 598 esse
551 577 619 597 rem
636 568 762 598 factam.
780 577 843 596 non
860 568 976 597 habere
993 576 1101 605 parem
1118 567 1200 597 Patri
1215 568 1377 606 judicandi
1394 571 1594 606 potestatem,
1612 576 1677 597 non
1694 576 1787 606 posse
1803 569 1887 598 Patri

251 609 408 647 aequalem
426 616 507 643 esse,
525 608 579 645 qui
594 608 718 637 Patrem
732 610 928 645 precaretur.
947 607 1112 647 Addebant
1129 607 1224 637 etiam
1242 607 1357 636 Filium
1374 616 1437 637 non
1454 617 1523 638 esse
1540 607 1623 637 Patri
1639 611 1730 647 ὃμοφν,
1745 607 1888 640 similem,

253 646 388 687 indeque
403 649 521 681 ἁνὸμαιοι,
542 647 697 687 Anonimi,
716 647 810 685 quasi
824 646 1126 687 rdicasﬂdissimiles,
1150 646 1300 687 appellati
1323 649 1409 676 sunt.
1433 647 1498 676 Hos
1516 650 1671 687 perpetuo
1693 646 1725 676 in
1748 647 1887 677 homiliis

252 691 316 718 tam
330 686 536 717 Antiochcnis
552 694 649 724 quam
665 686 1025 724 Constantinopolitauis
1042 686 1218 716 insectatur
1237 686 1495 724 Chrysostomus,
1511 687 1606 716 etiam
1630 686 1663 715 in
1678 686 1887 716 concionibus

252 727 312 756 illis
328 735 465 765 quarum
482 728 707 764 argumentum
721 725 801 755 nihil
815 725 910 756 afﬁne
928 725 1093 755 videbatur
1108 725 1227 755 habere
1243 734 1314 755 cum
1325 727 1553 755 Anomoaorum
1570 725 1696 755 haarcsi.
1707 724 1786 755 Cum
1801 727 1886 755 enim

253 766 282 796 hi
299 764 436 796 hréretici
460 766 590 795 omnino
617 765 741 795 dicaces
767 768 797 794 ct
819 773 981 804 pugnaces
1004 767 1122 799 essent,
1139 773 1176 794 ac
1199 768 1353 803 perpetuo
1374 773 1446 794 eum
1469 764 1640 794 Catholicis
1664 765 1885 801 velitarcnlur,

253 805 372 835 nullam
385 805 632 844 Chrysostomus
648 804 849 834 occasionem
865 805 1030 834 omittebat
1045 809 1275 844 tamprocaces
1290 804 1433 834 homines
1450 804 1646 834 confutandi.

290 844 501 884 Verumrlicet
522 844 640 882 passim
659 844 826 884 etiubique
850 844 881 873 in
902 843 1119 882 Chrysa-torni
1140 844 1345 874 homiliarum
1369 844 1760 884 decursuAnomu-orum
1786 853 1887 884 argu—

250 887 357 914 menta
372 883 558 913 adferantur
577 885 607 912 et
624 883 849 913 confutentur:
866 892 1026 921 nusquam
1042 886 1162 913 tantam
1183 883 1424 913 armamentarii
1442 883 1657 922 lucifugarum
1681 883 1809 914 illorum
1825 893 1885 914 co—

251 923 334 960 piam
352 923 637 962 deprehendimus,
658 924 812 960 quantam
830 923 860 951 in
883 922 931 951 his
948 923 980 952 in
995 923 1128 952 Joannis
1145 923 1354 961 Evangelium
1379 923 1544 958 Homiliis;
1561 923 1716 961 quoniam
1740 923 1885 953 videlicet

250 963 294 992 illi
309 972 348 993 ex
365 962 425 993 hoc
441 962 579 992 maxime
597 962 781 1000 Evangelii),
800 962 974 991 secundum
996 971 1086 991 suam
1106 965 1266 997 mentem,
1281 965 1312 991 et
1336 962 1539 1000 omnigenum
1552 985 1559 997 ,
1584 966 1618 992 ut
1643 963 1701 1000 ipsi
1724 962 1883 997 dicebant,

249 1002 414 1032 scientiam
437 1001 607 1040 explicato,
626 1003 817 1040 argumenta
841 1010 899 1031 sua
915 1002 1158 1031 mutuabantur.
1184 1002 1262 1038 Quae
1276 1010 1386 1031 eorum
1402 1005 1608 1040 argumenta,
1626 1002 1738 1031 saltem
1768 1004 1885 1041 praaci~

250 1050 312 1079 pua
330 1041 487 1080 quaedam,
504 1050 575 1070 cum
598 1041 863 1079 responsionibus
878 1040 1095 1079 Chrysostomi
1114 1050 1176 1070 non
1194 1041 1312 1079 pigebit
1326 1041 1462 1077 referre,
1478 1043 1647 1079 postquam
1663 1041 1700 1070 de
1717 1040 1801 1071 illius
1823 1043 1884 1072 lue-

249 1089 357 1111 reseos
373 1083 457 1116 ortu,
471 1083 501 1110 et
518 1089 688 1119 progressu
704 1080 742 1110 ad
759 1080 819 1110 hoc
835 1089 948 1118 usque,
964 1089 1028 1118 quo
1043 1080 1081 1110 de
1099 1089 1183 1109 nunc
1197 1081 1314 1119 agitur,
1327 1083 1450 1118 tempus
1465 1080 1652 1118 compendio
1668 1081 1882 1111 retulerimus.

248 1120 280 1149 id
298 1120 384 1159 quod
406 1120 516 1160 lectori
543 1128 606 1148 non
621 1119 854 1160 displiciturum
871 1127 1058 1158 speramus;
1074 1127 1147 1149 nam
1171 1129 1252 1158 quos
1277 1123 1339 1160 tam
1355 1120 1537 1160 frequenter
1554 1120 1696 1150 videmus
1715 1129 1733 1150 a
1747 1121 1885 1160 Chryso-

247 1162 350 1189 stomo
362 1159 530 1198 exagitari,
542 1160 582 1188 ab
598 1161 669 1188 ortu
684 1162 714 1189 et
728 1159 824 1198 gestis
840 1167 1045 1197 cognoscere,
1061 1167 1154 1188 nemo
1171 1159 1281 1188 inutile
1294 1159 1361 1189 fore
1375 1159 1503 1188 dixerit.

285 1198 315 1228 2.
341 1199 435 1228 Arius
458 1198 542 1228 circa
569 1207 690 1227 annum
714 1198 773 1227 3'20
796 1199 1025 1238 exsecrandam
1044 1198 1190 1238 haeresim
1215 1199 1246 1228 in
1271 1198 1521 1238 EcclesiamﬁDei
1545 1199 1685 1231 invexit.
1708 1198 1883 1238 discipulos

248 1239 364 1268 multos
381 1238 502 1272 habuit,
516 1239 691 1275 turbasque
709 1238 894 1267 innumeras
909 1237 1004 1272 dedit,
1020 1237 1111 1275 queis
1125 1245 1235 1267 omnes
1254 1247 1333 1275 pene
1349 1238 1435 1267 orbis
1450 1237 1599 1267 Ecclesia:
1611 1237 1880 1276 exagitataeéunt.

247 1279 313 1308 Arii
335 1280 489 1317 autemet
513 1277 706 1306 Arianorum
731 1277 892 1317 praecipua
916 1278 1021 1317 capita
1038 1279 1068 1305 et
1087 1277 1181 1306 verba
1200 1277 1265 1306 hzec
1295 1279 1405 1306 erant:
1427 1277 1528 1306 Deum
1549 1285 1612 1317 non
1639 1278 1737 1307 fuisse
1758 1288 1884 1317 semper

249 1318 391 1352 Patrem;
407 1316 521 1346 Filium
540 1325 602 1345 non
619 1325 745 1354 semper
764 1316 879 1351 fuisse,
894 1316 946 1345 sed
965 1316 1063 1345 fuisse
1082 1319 1206 1354 tempus
1226 1326 1297 1346 cum
1315 1325 1378 1345 non
1393 1319 1497 1351 esset;
1515 1325 1578 1346 non
1595 1316 1693 1346 fuisse
1707 1321 1882 1355 antequam

248 1359 445 1390 nasceretur,
463 1356 493 1385 in
511 1359 652 1394 tempore
668 1355 785 1385 factum
806 1365 876 1385 esse
889 1359 919 1384 et
935 1365 973 1384 ex
991 1355 1112 1391 nihilo;
1131 1365 1194 1384 non
1212 1355 1377 1394 proprium
1393 1364 1464 1386 esse
1480 1359 1603 1386 naturae
1618 1356 1739 1392 Patris;
1757 1361 1883 1387 creatu-

248 1405 315 1426 ram
330 1405 399 1426 esse
416 1395 586 1434 perfectam
600 1416 607 1430 ,
631 1395 685 1425 sed
708 1404 772 1424 non
788 1398 823 1424 ut
836 1395 932 1435 aliam
948 1405 984 1424 ex
1005 1395 1180 1430 creaturis;
1199 1404 1262 1424 non
1281 1404 1352 1435 esse
1372 1404 1483 1424 verum
1498 1395 1600 1425 Deum
1613 1417 1622 1431 ,
1643 1395 1697 1425 sed
1713 1397 1884 1435 participa-

248 1436 333 1466 tione
347 1435 467 1470 Deum;
493 1443 556 1464 non
576 1443 646 1465 esse
662 1437 829 1469 aeternum,
846 1434 900 1463 sed
914 1438 988 1464 aute
1003 1437 1146 1472 tempora
1162 1437 1192 1463 et
1208 1434 1325 1464 sucula
1340 1437 1483 1464 creatum
1498 1444 1505 1470 ;
1530 1434 1646 1464 Filium
1663 1443 1728 1464 non
1745 1434 1882 1474 perfecte

249 1483 341 1506 nosse
358 1483 416 1505 nec.
433 1474 568 1513 perfecte
584 1474 690 1504 videre
715 1475 849 1503 Patrem.
864 1474 907 1503 Eo
926 1474 1020 1503 etiam
1035 1474 1205 1512 impietatis
1220 1474 1445 1512 procedebant,
1460 1476 1496 1503 ut
1507 1473 1665 1509 dicerent,
1683 1473 1800 1504 Filium
1817 1485 1882 1505 non

247 1524 316 1545 esse
334 1515 465 1544 unicum
490 1517 520 1544 et
537 1523 646 1543 verum
661 1513 885 1554 VerbumLSed
902 1513 971 1543 solo
986 1513 1114 1542 nomine
1130 1513 1288 1554 Verbum,
1303 1513 1372 1543 solo
1396 1513 1526 1554 nomine
1544 1513 1741 1554 Sapientiam
1753 1537 1760 1550 ,
1777 1516 1882 1554 gratia

246 1554 361 1584 Filium
375 1576 382 1589 ,
400 1554 525 1583 initium
544 1556 787 1587 creaturarum;
803 1553 943 1582 Verbum
969 1555 1085 1582 natura
1112 1553 1264 1582 nmtabile
1288 1561 1359 1582 esse
1372 1574 1380 1586 ,
1395 1553 1560 1590 multaque
1586 1562 1656 1582 esse
1678 1553 1795 1584 Verba.
1815 1554 1882 1584 imo

245 1592 369 1623 dicebat
385 1594 452 1632 ipse
474 1593 568 1633 Arius
591 1592 676 1633 aliud
694 1592 916 1633 esserYerbum
932 1592 1016 1633 quod
1034 1593 1064 1633 in
1081 1592 1148 1622 Deo
1163 1596 1221 1627 est,
1237 1596 1267 1621 et
1279 1591 1365 1633 aliud
1377 1591 1417 1633 _de
1435 1600 1500 1630 quo
1515 1592 1557 1633 ait
1569 1592 1722 1633 Joannes,
1737 1594 1779 1623 In
1790 1593 1876 1633 prin-

249 1633 330 1672 cipio
350 1631 416 1663 erat
439 1632 578 1662 Verbum.
598 1633 632 1661 In
649 1631 708 1672 hac
723 1632 807 1660 enim
834 1631 930 1672 impia
946 1631 1089 1661 doctrina
1105 1640 1168 1660 non
1184 1640 1295 1672 omnes
1325 1631 1384 1660 sibi
1403 1632 1612 1672 constabant,
1634 1631 1797 1672 sedralius
1816 1634 1880 1664 alia

246 1671 435 1710 plerumque
457 1672 618 1702 contraria
639 1671 823 1706 dictitabat,
844 1671 926 1706 imo,
944 1673 979 1700 ut
1002 1679 1094 1700 error
1119 1672 1170 1700 vix
1189 1671 1366 1700 consistere
1382 1673 1507 1708 potest,
1525 1671 1621 1701 iidem
1645 1671 1705 1710 ipsi
1729 1680 1794 1702 non
1819 1673 1880 1703 sibi

250 1721 371 1750 semper
388 1711 640 1741 consentiebant.
936 1712 939 1715 ’

287 1752 436 1781 Dicebant
453 1751 547 1780 etiam
567 1751 647 1780 inter
662 1760 716 1779 eos
732 1750 835 1786 multi,
848 1750 962 1780 Filium
980 1759 1043 1780 non
1056 1759 1124 1780 e55e
1136 1751 1217 1780 Patri
1233 1751 1380 1779 similem.
1395 1750 1486 1781 Circa
1499 1750 1582 1780 hanc
1599 1759 1673 1780 vero
1688 1751 1880 1781 sententiam

251 1791 439 1822 Arianorum
462 1790 542 1820 facta
567 1793 642 1820 sunt
668 1790 814 1819 divortia.
836 1790 895 1819 Alii
910 1790 994 1818 enim
1008 1799 1134 1819 onmem
1155 1791 1287 1819 omnino
1303 1790 1544 1819 similitudinem
1566 1790 1800 1826 excludebant;
1823 1791 1879 1821 alii

245 1830 484 1860 similitudinem
499 1830 594 1860 etiam
613 1830 643 1859 in
659 1830 837 1860 substantia
854 1829 1077 1863 admittebant;
1098 1829 1127 1858 hi
1146 1838 1220 1858 vero
1236 1829 1428 1868 peculiarem
1453 1829 1545 1867 quasi
1566 1832 1684 1859 sectam
1705 1831 1881 1860 constitue.

247 1872 332 1906 runt,
349 1869 404 1909 qui
420 1872 539 1903 ἐμήνιεν
553 1869 617 1899 sive
636 1868 927 1909 consubstrmtiulcm
943 1869 1054 1909 Filium

1073 1878 1142 1909 esse
1158 1871 1328 1909 negabant,
1346 1869 1399 1897 sed
1419 1872 1573 1909 iactae-mel,
1590 1869 1718 1899 similent
1736 1869 1878 1899 substan-

246 1910 300 1942 (in,
316 1907 535 1944 admittebant,
553 1917 690 1947 cumque
704 1917 722 1939 a
739 1908 883 1947 perfectis
902 1908 1027 1937 Arianis
1043 1908 1074 1936 in
1094 1908 1202 1944 aliquo
1214 1908 1395 1941 deficerent,
1413 1907 1602 1938 Semiariani
1619 1911 1694 1938 sunt
1710 1909 1876 1947 appellati.

247 1949 282 1977 Hi
309 1957 403 1986 porro
418 1949 513 1978 etiam
529 1951 603 1977 sntit
625 1948 708 1979 inter
727 1958 761 1978 se
776 1947 880 1977 divisi.
903 1948 963 1976 Alii
987 1955 1126 1984 namque
1142 1947 1300 1982 (licebant,
1317 1948 1433 1976 Filium
1451 1948 1633 1978 substantia
1656 1947 1793 1977 similem
1808 1957 1879 1979 esse

246 1989 341 2019 l’alri.
355 1988 561 2018 similitudine
579 1987 762 2026 imperfecta
778 1987 883 2025 qualis
904 1989 1009 2025 posset
1026 1996 1096 2016 esse
1110 1990 1265 2016 creatura:
1277 1987 1315 2016 ad
1327 1988 1522 2021 Creatorem,
1538 1987 1684 2026 imaginis
1701 1987 1738 2017 ad
1754 1990 1876 2026 typum.

246 2028 420 2066 Imaginem
438 2037 551 2065 nempe
575 2030 603 2057 et
622 2027 861 2057 similitudinem
885 2027 971 2055 illam
996 2028 1088 2055 extra
1101 2026 1201 2055 Deum
1214 2049 1221 2060 ,
1238 2035 1254 2055 a
1269 2027 1334 2055 Deo
1359 2026 1472 2066 fictam
1495 2035 1565 2055 esse
1583 2027 1752 2062 dicebant,
1770 2031 1800 2056 et
1820 2028 1876 2057 Dei

245 2065 432 2097 substantiae.
445 2067 581 2097 similem
597 2075 679 2102 esse,
699 2069 858 2104 quatenus
876 2068 979 2104 potest
998 2074 1046 2095 res
1061 2069 1153 2095 extra
1168 2066 1266 2094 Deum
1284 2068 1403 2099 creata,
1420 2065 1580 2095 Creatoris
1603 2067 1791 2096 substantiae
1806 2076 1877 2096 esse

246 2107 369 2136 similis.
385 2107 423 2136 Hi
447 2115 521 2136 vero
543 2107 670 2136 nomine
694 2109 817 2136 tantum
835 2108 928 2135 tenus
948 2105 987 2134 ab
1005 2105 1130 2134 Arianis
1150 2105 1295 2142 perfectis
1309 2105 1508 2134 dilferebant.
1531 2106 1597 2134 Non
1616 2107 1701 2134 enim
1728 2109 1877 2144 poterant

249 2146 356 2177 Ariani
374 2155 491 2184 negare.
507 2146 560 2184 qui
578 2146 786 2184 Evangelium
801 2145 1028 2184 admittebant,
1044 2144 1185 2182 aliquam
1207 2145 1446 2174 siinilittnlincm
1463 2145 1677 2182 imperfectam
1695 2154 1764 2174 esse
1784 2155 1877 2182 posse.

248 2189 329 2215 inter
344 2183 558 2215 creaturas'ct
571 2183 754 2215 CreatOrcm
771 2194 778 2213 :
797 2183 1057 2223 quandoquidem
1080 2183 1111 2213 in
1129 2184 1303 2223 Evangelio
1321 2184 1468 2218 δαὴρ-ων,
1487 2185 1496 2213 l
1516 2189 1525 2213 t
1549 2185 1618 2214 silis
1641 2184 1755 2214 similes
1770 2185 1875 2214 Putris

245 2225 352 2258 rostri.
367 2227 426 2255 etc.

285 2265 331 2294 Ex
344 2263 550 2294 Semiarianis
563 2273 636 2294 vero
648 2264 714 2299 alii,
725 2272 863 2301 quorum
875 2263 1105 2302 antesignanus
1115 2265 1184 2293 erat
1195 2263 1331 2293 Basilius
1345 2263 1548 2302 Ancyranus,
1558 2268 1584 2289 τὸ
1595 2266 1751 2298 ὁμοισούτιον,
1762 2272 1876 2302 nempe

246 2303 486 2335 similitudinem
505 2304 691 2334 substantia:
702 2325 709 2339 ,
725 2303 819 2342 longe
836 2303 898 2332 alio
921 2303 1014 2332 modo
1030 2303 1335 2341 interpretabantur.
1350 2303 1571 2332 Omnimodam
1587 2302 1706 2341 quippe
1724 2303 1877 2333 similitu-

219 2368 230 2372 η
245 2345 353 2374 dinem
365 2343 552 2374 substantia:
566 2343 597 2372 in
612 2344 703 2373 Patre
714 2345 810 2381 atque
824 2342 904 2372 Filio
915 2342 1123 2372 admittebant
1138 2352 1145 2372 :
1160 2347 1186 2368 τὸ
1197 2345 1317 2374 emam;
1329 2351 1417 2378 vero,
1431 2342 1497 2371 sive
1511 2342 1876 2373 consubstantialitatem

247 2383 347 2414 Patris
364 2386 395 2413 et
409 2383 480 2413 Filii
495 2383 700 2422 rejiciebant;
717 2384 747 2412 et
760 2381 887 2422 quidem
906 2381 1014 2422 multis
1029 2381 1066 2412 de
1080 2382 1185 2422 causis
1208 2390 1289 2422 quas
1303 2384 1449 2411 recenset
1470 2385 1499 2411 et
1515 2381 1659 2411 eonfutat
1680 2382 1876 2422 Athanasius

246 2423 328 2454 libro
344 2422 381 2452 de
397 2421 543 2461 Synodis,
557 2432 587 2460 p.
601 2421 660 2451 76’s
671 2445 679 2459 ,
694 2424 725 2451 et
742 2422 775 2451 in
791 2421 901 2451 eodem
916 2421 1010 2456 libro,
1025 2431 1056 2460 p.
1072 2421 1142 2457 757,
1158 2421 1214 2457 ait,
1230 2421 1300 2450 ideo
1315 2421 1403 2450 illam
1420 2430 1540 2455 vocem,
1557 2423 1689 2456 610092-57,
1705 2421 1745 2451 ab
1764 2421 1814 2452 his
1839 2421 1876 2450 de

247 2463 364 2501 quibus
380 2460 545 2500 loquimur
559 2462 763 2492 Semiarianis
786 2461 886 2501 rejici,
902 2461 979 2499 quia
1003 2461 1035 2491 in
1054 2461 1190 2491 concilio
1207 2460 1426 2501 Antiocheno,
1443 2461 1496 2490 tibi
1514 2461 1631 2490 Paulus
1647 2460 1876 2501 Samosatenus

246 2499 683 2540 damnatus’fuit,proscripta
696 2501 797 2531 fuerat
812 2499 894 2537 {etsi
910 2509 974 2530 non
990 2509 1028 2530 eo
1049 2509 1145 2530 sensu
1160 2508 1224 2538 quo
1240 2503 1349 2540 postea
1365 2500 1396 2529 in
1412 2500 1538 2530 Niczena
1553 2499 1676 2539 synodo
1693 2502 1724 2529 et
1736 2499 1878 2531 admissa

246 2545 277 2572 ct
291 2539 555 2580 promulgata,’et
574 2541 605 2571 in
620 2541 690 2571 fidei
702 2541 901 2571 confessione
912 2540 1016 2578 posita
1031 2540 1099 2570 fuit.
1117 2540 1194 2570 Nam
1210 2539 1294 2578 quod
1314 2540 1344 2568 in
1362 2539 1560 2580 Antiocliena
1574 2540 1699 2580 synodo
1713 2545 1741 2580 ea
1754 2543 1878 2573 όμοούσιον

247 2579 312 2611 non
333 2579 479 2612 absolute
495 2580 680 2611 damnatum
695 2581 799 2616 fuerit,
816 2580 917 2618 liquet
937 2589 978 2610 ex
995 2580 1100 2610 verbis
1122 2579 1264 2618 Dionysii
1282 2579 1510 2612 Alexandrini,
1525 2579 1580 2618 qui
1597 2579 1802 2609 Antiochenaa
1817 2588 1878 2617 sy-

246 2621 330 2651 nodo
346 2620 535 2651 interfuerat
554 2623 584 2650 et
599 2620 843 2659 subscripserat.
860 2621 1036 2650 Accusatus
1057 2619 1141 2649 enim
1156 2619 1240 2657 apud
1258 2619 1447 2659 Dionysium
1471 2619 1650 2659 Romanum
1672 2618 1855 2659 Pontiﬁcem
1867 2640 1875 2651 .

245 2660 331 2699 quod
347 2669 424 2691 voce
438 2663 557 2693 ὁμειὺτιον
571 2669 633 2690 non
649 2658 793 2690 uteretur
815 2660 848 2689 in
874 2659 1082 2689 concionibus
1101 2659 1180 2694 suis,
1205 2658 1368 2696 respondit
1391 2658 1443 2699 ille
1461 2667 1494 2699 se
1519 2658 1701 2699 hujusmodi
1717 2666 1828 2699 vocem
1847 2660 1876 2688 et

245 2697 422 2735 admitlere,
444 2703 474 2730 et
495 2703 529 2730 ut
551 2700 681 2729 omnino
697 2700 886 2730 catholicam
905 2699 1033 2729 habere.
1053 2699 1099 2728 Ab
1115 2699 1168 2728 illa
1183 2701 1289 2727 autem
1305 2700 1379 2727 tunc
1405 2698 1605 2733 abstinebat,
1629 2698 1706 2736 quia
1726 2697 1787 2728 sibi
1804 2706 1876 2727 cum

244 2739 433 2770 Sabellianis
449 2750 500 2770 res
517 2743 595 2770 erat.
613 2740 686 2770 l-lzec
700 2748 774 2769 vero
787 2739 930 2777 pluribus
951 2739 1107 2776 descripta
1122 2738 1219 2767 habes
1236 2738 1268 2766 in
1285 2737 1450 2766 Athanasii
1475 2737 1556 2766 libro
1569 2737 1607 2767 de
1627 2737 1785 2767 sententia
1803 2736 1876 2766 Dio-

245 2780 326 2819 nysii
345 2790 352 2809 :
378 2779 431 2809 ubi
448 2780 501 2810 ille
519 2780 587 2819 ipsa
603 2779 746 2818 Dionysii
764 2776 860 2819 vei-ba
876 2778 982 2819 refert,
1000 2778 1161 2819 exscripta
1177 2786 1217 2806 ex
1240 2777 1380 2819 ejusdem
1397 2777 1541 2819 epistola.
1559 2779 1705 2819 Attamen
1721 2776 1754 2819 _bi
1773 2777 1878 2806 milio-

245 2812 293 2849 res
307 2819 495 2850 Semiariani
515 2812 540 2846 τὲ
554 2823 673 2853 almo-27m
687 2812 886 2857 i-ejiciebaut,
903 2817 1013 2855 illique
1042 2812 1149 2847 voci‘ré
1165 2812 1308 2850 mea-Lm
1323 2812 1570 2846 sulntituebant.
1585 2817 1706 2857 Ycrum
1720 2817 1806 2857 inea
1821 2825 1877 2857 ca—

243 2859 389 2898 piicanda
408 2868 483 2890 voce
505 2859 549 2890 ita
564 2856 789 2898 procedebant,
805 2861 840 2887 ut
865 2865 884 2887 a
914 2866 987 2898 vera
1004 2857 1242 2898 Catholicorum
1267 2856 1428 2898 sententia
1452 2856 1529 2885 nihil
1547 2856 1722 2898 differrent,
1741 2856 1815 2885 licet
1845 2856 1875 2885 in

246 2895 347 2930 verbis
365 2899 440 2940 ipsis
458 2895 649 2939 pugnarent.
666 2898 751 2928 inter
772 2897 983 2928 substanliam
1001 2898 1083 2927 enim
1105 2897 1203 2927 Patris
1225 2899 1253 2926 et
1270 2895 1340 2925 Filii
1356 2895 1527 2934 perfectam
1545 2895 1786 2926 similitudinem
1812 2899 1875 2924 sta-
