2044 3113
149 129 178 156 ις
373 139 375 141 ι
864 123 1054 152 ιιιςΑέμκκτιο.
1494 158 1496 161 τ
1744 129 1774 156 tt

148 186 278 225 luebant
292 207 299 220 ,
317 185 347 214 et
365 185 479 214 Filium
501 183 585 225 Patri
602 183 757 225 agqualem
779 183 1023 225 profitebantur,
1044 182 1117 225 licet
1131 192 1227 225 porr_o
1249 183 1326 214 illud
1340 187 1481 218 ἐμιιαθΰειοτ
1497 185 1690 224 impietatem
1715 197 1779 225 pra:

150 234 181 255 se
199 224 279 254 ferat
298 233 392 254 :nam
406 225 431 254 si
449 224 559 253 similis
576 221 755 253 substantia
778 221 862 253 Patri
879 222 919 252 sit
930 221 1043 257 Filius,
1061 223 1086 252 si
1109 231 1182 253 vere
1197 223 1292 258 Deus,
1309 227 1345 253 ut
1363 225 1408 254 illi
1436 221 1681 259 confitebantur.
1695 221 1778 257 alte-

148 265 213 294 rius
229 265 259 294 et
272 263 407 294 diversae
421 263 607 303 substantia:
621 262 716 292 fuerit
732 262 839 303 iidem
852 262 936 303 enim
953 261 1056 303 ipsum
1072 270 1247 303 numquam
1265 263 1367 293 simile
1380 264 1439 294 sibi
1455 264 1514 295 dici
1530 265 1640 303 possit.
1657 265 1687 295 Si
1704 274 1779 296 vero

148 303 279 334 diversa:
296 304 483 333 substantiae
499 302 674 343 sint_Pa_tgr
689 303 719 331 et
736 301 848 343 Filius,
865 301 890 330 si
902 301 1108 343 Patgj_l_)etis,
1126 301 1268 343 et_Filius
1284 311 1414 343 quoque
1426 304 1510 334 Deus
1524 301 1538 340 ;’
1556 313 1631 343 ergo
1650 305 1714 335 duo
1736 305 1778 334 dii

147 345 257 377 erunt;
274 351 347 373 nam
373 342 553 372 substantia
567 341 625 370 Dei
637 341 722 371 Deus
739 340 807 379 ipse
828 343 885 370 est.
900 340 950 370 Sic
966 340 1066 370 Filius
1087 340 1170 370 Patri
1187 340 1369 372 substantia
1383 343 1512 379 similis,
1531 340 1690 375 eritVDeus
1711 344 1778 374 Deo

146 380 283 422 similis;
303 390 379 422 ergo
399 381 538 422 duondii.
557 381 677 410 Verum
700 380 784 410 hanc
809 380 1072 418 consequentiam
1094 389 1157 422 non
1178 380 1388 422 admittebant
1410 382 1459 418 hi,
1480 382 1517 412 de
1533 383 1650 421 quibus
1673 383 1779 422 loqui-

147 429 227 456 mur,
242 419 444 454 Semiariani.
461 421 534 451 licet
549 428 586 450 ea
601 421 711 458 aperte
723 428 764 449 ex
780 428 857 449 voce
870 422 1014 452 ἀμςιιούτιον
1028 420 1118 457 sequi
1135 419 1292 449 videatur.
1306 420 1345 449 lli
1364 424 1448 450 certe
1461 422 1518 451 etsi
1535 419 1573 452 ad
1589 419 1778 453 catholicam

147 461 336 490 sententiam
351 460 550 496 accederent,
565 459 648 500 male
672 461 778 489 tamen
805 459 887 500 hanc
904 459 1095 500 inducebant
1108 467 1235 500 vocem,
1253 461 1283 489 et
1297 460 1445 498 culpandi
1468 461 1562 491 etiam
1577 464 1669 492 erant
1691 462 1778 500 quod

147 507 255 532 vocem
271 502 391 533 5,uca:':uwu
406 500 438 529 in
459 507 551 529 sacra
566 499 693 539 Nicagna
717 498 1106 539 synodo,inductamrnon
1122 498 1335 539 admitterent.
1355 500 1502 529 Attamen
1524 508 1674 539 magnum
1700 498 1777 532 illud

146 539 421 580 Ecclesiielumen
431 538 625 580 Athanasius
643 537 700 567 hos
719 546 783 567 non
801 538 867 580 vu_lt
883 538 974 580 quasi
989 538 1199 580 adversarios
1210 538 1339 580 haberi.
1356 539 1451 580 Libro
1468 537 1606 580 namque
1621 539 1659 570 de
1670 540 1778 580 Syno—

144 578 203 612 dis,
222 588 252 617 p.
268 578 339 613 755,
356 579 399 608 ita
413 578 509 608 habet
524 587 530 606 :
562 578 653 617 Viros
677 581 781 617 autem
793 577 847 615 qui
863 577 926 606 alia
940 577 1059 616 quidem
1085 578 1187 607 omnia
1202 577 1315 608 Niceros
1336 579 1456 617 scripta
1470 578 1637 616 recipiunt,
1657 577 1776 610 de‘solo

145 615 245 648 autem
261 617 539 657 consubstantiaiis
553 615 701 657 vocabulo
723 615 892 657 ambigunt,
909 615 970 657 non
989 621 1020 645 ut
1043 617 1184 646 inimicos
1200 617 1335 656 spectari
1347 615 1408 656 paf
1424 621 1478 647 est.
1495 615 1600 657 Neque
1616 618 1696 648 enim
1710 619 1778 649 ocl-

145 661 179 686 ιιι
195 657 408 687 Ariomanitas
423 660 477 686 aut
493 656 623 696 Patrum
649 655 843 685 adversarios
867 655 1003 696 homines
1030 657 1247 694 aggredimur,
1263 657 1317 686 sed
1345 655 1537 696 disputamus
1549 655 1650 687 nam
1664 658 1779 696 fratres

145 706 213 736 cum
235 696 409 736 fratribus,
426 696 481 735 qui
501 695 601 725 eadem
624 704 685 736 qua
700 704 762 736 nos
781 699 854 736 sapt
871 695 1041 736 sententia,
1067 696 1133 726 solo
1156 696 1279 736 nomine
1301 696 1336 726 in
1359 695 1602 727 controrersimn
1630 695 1777 727 adducto.

145 735 221 765 Cum
235 734 318 765 enim
331 734 539 775 conﬁteantur
556 744 595 764 ea:
608 734 784 775 substantia
808 735 927 775 Patris,
945 739 972 764 ct
987 744 1051 764 non
1067 745 1106 764 car
1121 735 1185 765 alia
1199 735 1373 766 substantia
1387 746 1447 766 esse
1469 737 1600 770 Filium,
1617 745 1672 766 nec
1688 746 1779 766 crea-

146 780 246 804 turam
259 775 305 806 ccl
318 773 476 814 opiﬁcium
491 774 580 805 illum
594 783 664 807 esse,
685 773 736 803 sed
751 782 806 812 gen
813 774 918 814 uinum
931 775 1162 814 naturalemque
1174 775 1302 813 prolem,
1312 779 1338 804 et
1350 775 1386 805 ab
1398 779 1510 805 (rterno
1525 785 1586 805 ima
1602 785 1668 805 cum
1684 776 1778 805 I’nlre

150 814 281 844 Verbum
305 813 343 844 ct,
354 814 547 853 Sapientiam
570 814 733 845 exsistere.
749 822 813 843 non
828 813 919 852 longe
938 813 1050 843 absunt
1069 823 1086 842 α
1105 814 1283 853 recipienda
1298 815 1580 845 eonsubstantialis
1593 825 1675 845 voce.
1693 815 1779 845 Talis

144 859 187 883 est
194 854 333 884 Basilius
347 854 488 893 Ancyra',
504 853 558 893 qui
571 853 607 882 de
622 853 679 892 [ἱαο
694 853 832 893 scripsit.
847 853 928 893 Nam
940 853 968 883 si
982 853 1092 883 similis
1109 857 1228 883 tantum
1244 854 1369 884 dicatur
1383 855 1548 885 secundum
1564 855 1776 887 substantiam.

146 893 177 922 id
189 902 254 923 non
270 893 348 923 idem
359 892 491 933 prorsus
505 892 662 933 signiﬁcat
680 892 880 933 atque‘illud,
897 901 939 922 ex
954 893 1144 930 substantia,
1160 902 1219 932 quo
1233 893 1323 924 verba
1335 894 1444 933 magis,
1458 898 1492 923 ut
1507 895 1570 933 ipsi
1586 894 1704 928 (limere,
1719 893 1779 923 Pa-

147 933 203 962 tris
219 931 398 972 germanum
418 932 539 972 Filium
553 931 653 971 ipsum
668 941 730 960 esse
753 931 975 972 signiﬁcatur,
996 934 1055 962 etc.
1072 932 1119 961 Ex
1144 931 1193 962 his
1210 933 1296 963 vides
1321 931 1618 963 hosvSemiarianos
1647 933 1777 963 vocibus

146 975 269 1002 tantum
283 980 302 1002 a
318 972 490 1002 Catholicis
503 971 704 1005 dissensisse,
717 980 752 1000 re
766 974 873 1001 autem
887 971 1031 1010 ejusdem
1047 972 1213 1003 sententiae
1225 972 1334 1003 fuisse.
1344 973 1432 1003 Unde
1446 973 1571 1002 videtur
1581 972 1777 1002 Athanasius

145 1020 276 1050 sperare
290 1012 360 1041 illos
379 1011 505 1041 tandem
517 1010 556 1041 ad
572 1010 761 1041 catholicam
773 1020 838 1040 non
852 1011 946 1041 modo
959 1011 1127 1047 sentiendi,
1145 1012 1198 1042 sed
1214 1013 1311 1042 etiam
1325 1012 1477 1050 loquendi
1493 1013 1648 1042 rationem
1664 1021 1778 1042 acces—

145 1059 241 1081 suros
253 1060 333 1086 esse,
348 1060 419 1080 cum
434 1051 489 1086 ait,
508 1051 593 1088 ipsos
604 1058 668 1080 non
682 1050 776 1088 longe
792 1051 905 1080 abesse
914 1058 930 1080 a
939 1050 1122 1089 recipienda
1132 1051 1422 1082 Consubstantialis
1437 1060 1525 1082 voce.
1534 1052 1571 1082 Et
1587 1061 1660 1081 vere
1675 1051 1731 1087 illi,
1743 1054 1778 1080 ut

144 1090 274 1128 quidem
294 1090 427 1125 videtur,
445 1092 556 1128 postea
578 1089 906 1129 Catholicisﬁadjuncti
923 1092 1019 1119 sunt:
1044 1099 1107 1119 non
1126 1090 1180 1120 diu
1201 1092 1285 1121 enim
1306 1091 1457 1129 loquendi
1473 1091 1626 1120 formulas
1651 1091 1692 1120 ab
1717 1090 1778 1120 illis

145 1133 318 1167 usurpatas
336 1130 479 1160 videmus
504 1129 536 1159 in
559 1129 697 1158 medium
716 1128 835 1159 afferri.
851 1129 889 1159 Ut
904 1138 982 1159 vero
1007 1129 1039 1159 hi
1061 1129 1251 1160 Semiariani
1267 1139 1301 1160 re
1323 1128 1390 1168 ipsa
1415 1140 1487 1160 eum
1510 1130 1682 1160 Catholicis
1698 1138 1778 1160 con—

145 1169 338 1204 sentiebant,
355 1169 396 1199 ita
411 1177 542 1207 quoque
557 1169 611 1199 alii
631 1167 834 1203 Semiariani,
849 1168 904 1207 qui
920 1169 1035 1198 Filium
1050 1178 1117 1198 rem
1135 1169 1247 1200 factam
1264 1167 1407 1199 essenec
1420 1172 1613 1200 coaeternum
1628 1169 1714 1199 Patri
1727 1169 1779 1198 di-

144 1209 270 1248 cebant,
288 1208 346 1238 etsi
367 1209 455 1238 illum
472 1211 627 1243 ἐμςιιοῡςιον,
642 1208 672 1237 id
688 1208 866 1248 est,Patris
882 1208 1061 1248 substantia
1084 1209 1219 1238 similem
1236 1209 1378 1239 dicerent
1393 1231 1400 1242 ,
1415 1209 1465 1239 vel
1484 1217 1611 1248 parum,
1627 1209 1675 1238 vel
1697 1208 1777 1238 nihil

143 1247 333 1278 differebant
348 1249 388 1278 ab
404 1247 530 1278 Arianis
544 1250 575 1278 et
591 1248 631 1277 ab
648 1248 685 1277 iis
710 1247 764 1285 qui
783 1249 902 1282 ἀνὸμςιρν,
921 1247 950 1276 id
965 1249 1024 1283 est,
1039 1248 1226 1277 dissimilem
1244 1249 1328 1278 Patri
1339 1248 1455 1278 Filium
1469 1247 1674 1283 asserebant;
1689 1255 1781 1286 qua—

145 1290 275 1325 propter
298 1288 330 1317 hi
346 1288 440 1317 etiam
456 1286 646 1318 Semiariani
664 1295 728 1317 non
756 1287 810 1317 diu
827 1288 867 1318 ab
884 1287 1011 1317 Arianis
1025 1289 1056 1316 et
1070 1288 1111 1317 ab
1127 1287 1287 1318 Anomceis
1304 1288 1461 1326 segregati
1482 1287 1638 1317 mansisse
1663 1287 1777 1325 vidcn~

144 1329 206 1361 tur,
224 1330 254 1357 et
271 1327 316 1357 sic
328 1327 455 1357 demum
471 1326 535 1357 fere
550 1335 673 1361 omnes,
690 1326 879 1364 utiequidem
892 1327 1053 1363 existimo,
1071 1328 1297 1357 Anomoeorum
1312 1328 1441 1357 nomine
1456 1330 1530 1357 sunt
1544 1326 1708 1365 appellati.

184 1367 328 1396 Anoin
347 1375 422 1397 vero
441 1366 485 1396 illi
499 1366 609 1396 eodem
625 1365 748 1396 suborti
764 1369 904 1404 tempore
923 1366 1048 1396 Aetium
1065 1368 1229 1396 auctorem
1244 1367 1396 1397 habuisse
1411 1366 1775 1405 perhibentur,Aetium,

144 1404 288 1444 inquam,
305 1406 407 1441 illum,
422 1406 477 1444 qui
495 1406 665 1444 impietatis
682 1414 779 1445 causa
795 1405 900 1435 atheus
916 1405 1003 1444 (ἄθεσς)
1019 1406 1262 1445 cognominatus
1287 1409 1344 1436 est.
1361 1404 1430 1437 Jam
1447 1415 1542 1445 porro
1562 1406 1606 1435 illi
1632 1407 1775 1444 tempore

144 1445 310 1475 Athanasii
329 1447 440 1476 turbas
455 1445 532 1476 dare
556 1448 721 1484 emperunt
733 1467 740 1479 ,
754 1444 966 1483 dicebantque
983 1444 1099 1474 Filium
1115 1445 1198 1475 Patri
1218 1446 1348 1475 omnino
1369 1444 1566 1482 dissimilem,
1587 1454 1658 1484 qua:
1676 1445 1779 1475 haere~

144 1485 198 1519 sis,
213 1494 286 1515 eum
302 1485 367 1515 Arii
384 1488 414 1515 et
430 1485 624 1515 Arianorum
639 1484 803 1515 erroribus
817 1485 948 1514 omnino
971 1485 1200 1516 consentiebal.
1215 1484 1293 1515 Cum
1309 1485 1393 1515 enim
1407 1486 1522 1515 Filium
1537 1493 1603 1515 rem
1618 1485 1732 1514 factam
1748 1487 1777 1514 et

143 1527 284 1554 creatam
299 1525 409 1555 Ariani
427 1525 580 1559 dicerent,
595 1524 669 1553 hinc
691 1532 768 1554 sane
782 1524 977 1562 sequebatur
994 1526 1115 1554 tantam
1134 1533 1205 1554 esse
1222 1525 1346 1554 Patrem
1362 1525 1486 1554 interet
1499 1524 1615 1553 Filium
1631 1524 1777 1553 dissimi-

144 1563 323 1600 litudinem,
340 1569 462 1603 quanta
485 1566 533 1594 est
547 1564 730 1594 Creatorem
744 1563 834 1603 inter
848 1565 878 1592 ct
895 1572 961 1593 rem
982 1567 1134 1593 creatam.
1147 1563 1225 1593 Cum
1244 1572 1340 1602 porro
1357 1564 1440 1594 inter
1455 1566 1631 1594 creatorem
1655 1566 1686 1593 et
1710 1572 1777 1592 rem

143 1606 283 1641 creatam
312 1602 468 1635 immensa
491 1603 532 1633 sit
548 1602 773 1633 dissimilitudo
786 1625 793 1637 ,
811 1606 896 1632 certe
923 1603 1066 1633 eamdem
1090 1612 1160 1632 esse
1184 1604 1268 1632 inter
1287 1604 1412 1633 Patrem
1436 1606 1466 1633 et
1481 1603 1596 1632 Filium
1613 1603 1778 1641 sequeba-

144 1647 206 1672 tur.
222 1639 335 1676 Ᾱνάμοιον
352 1643 460 1681 itaque
482 1652 539 1674 seu
562 1642 748 1673 dissimilem
768 1641 929 1672 Christum
951 1642 1115 1677 dicebant,
1134 1642 1272 1681 hincque
1294 1643 1340 1672 illi
1362 1642 1507 1672 Anommi
1524 1644 1597 1672 sunt
1613 1639 1776 1680 appellati.

144 1682 238 1712 initio
254 1686 360 1713 autem
383 1683 466 1713 inter
479 1683 649 1712 Anomoeos
665 1684 695 1712 et
710 1682 846 1712 Arianos
861 1682 1077 1711 dissensiones
1094 1683 1233 1712 subortaa
1248 1684 1343 1717 sunt;
1366 1690 1432 1711 non
1448 1690 1559 1712 omnes
1574 1681 1666 1720 paria
1687 1681 1779 1711 dice—

144 1723 230 1757 bant,
247 1726 278 1752 et
300 1722 485 1760 aliquando,
501 1722 574 1752 licet
589 1731 623 1751 re
637 1722 707 1759 ipsa
726 1721 816 1760 paria
842 1722 1008 1756 sentirent,
1026 1721 1130 1752 verbis
1147 1724 1254 1751 tamen
1268 1721 1544 1760 digladiabantur;
1561 1721 1621 1750 sub
1636 1721 1702 1751 hazc
1721 1728 1778 1751 au—

144 1765 203 1791 tem
232 1762 376 1792 Anomu‘i
403 1762 521 1792 sensim
546 1762 711 1791 invaluere
734 1763 764 1791 et
788 1760 952 1790 Orientem
975 1770 1055 1799 pene
1079 1763 1179 1790 totum
1204 1763 1413 1799 occuparunt.
1438 1761 1529 1791 Certe
1549 1769 1614 1799 quo
1635 1763 1780 1799 tempore

143 1801 391 1840 Chrysoslomus
411 1801 594 1831 concionari
613 1801 716 1839 cmpit,
737 1810 850 1838 nempe
865 1809 950 1830 anno
964 1800 1033 1834 386,
1049 1801 1143 1838 plena
1159 1801 1319 1830 Anommis
1337 1800 1505 1830 Antiochia
1521 1803 1608 1840 erat;
1633 1808 1779 1838 quapro—

145 1839 215 1878 pter
227 1849 266 1871 eo
286 1841 354 1878 ipso
369 1849 455 1870 anno
469 1841 623 1870 Homilias
638 1841 708 1870 illas
724 1839 760 1870 de
780 1839 1215 1878 lncomprehcnsibili,empit,
1227 1840 1379 1878 ipsosque
1391 1840 1517 1879 egregie
1532 1839 1705 1870 confutavit
1723 1840 1779 1869 illo

145 1883 173 1909 et
196 1881 408 1919 sequentibus
437 1880 550 1915 annis;
574 1889 640 1911 una
666 1888 805 1917 namque
830 1880 912 1910 serie
927 1879 1093 1909 duodecim
1109 1879 1256 1910 homilias
1271 1879 1414 1910 dedimus
1431 1880 1530 1912 Tomo
1545 1879 1665 1918 primo,
1685 1879 1778 1918 queis

145 1921 373 1949 Anommorum
390 1922 579 1959 argumenta
595 1919 722 1958 depellit
739 1919 998 1958 Chrysostomus.

181 1959 210 1988 3.
223 1958 453 1991 Praeterautem
464 1959 617 1989 Arianam
629 1961 726 1988 totam
741 1958 887 1988 hreresim
902 1967 999 1997 quam
1011 1959 1071 1997 ipsi
1083 1959 1358 1997 amplectebantur
1371 1961 1401 1990 et
1414 1960 1597 1994 tuebantur,
1609 1958 1672 1989 alia
1682 1958 1778 1989 etiam

143 1998 331 2029 addiderant
341 1999 486 2029 amentia:
495 1999 675 2037 plena,quae
684 1998 802 2036 passim
811 1998 872 2027 illis
883 1999 1057 2037 exprobrat
1066 2001 1195 2029 sanctus
1205 1998 1603 2037 doctor.Dicebantitaque
1613 1997 1779 2036 illi,utjam

144 2039 331 2068 monuimus
348 2048 381 2069 se
397 2047 524 2068 omnem
548 2038 714 2068 scientiam
729 2038 891 2076 accepisse
911 2047 918 2066 :
934 2047 967 2067 se
982 2038 1082 2067 Deum
1102 2038 1232 2077 perinde
1247 2047 1359 2073 nosse,
1374 2040 1472 2076 atque
1486 2048 1520 2069 sc
1538 2038 1606 2076 ipse
1624 2040 1775 2070 noverat;

144 2086 207 2115 qua
231 2078 359 2109 insania
381 2087 453 2116 qua:
474 2077 577 2117 major
592 2086 662 2107 esse
687 2077 829 2115 poterat!
846 2077 909 2106 Nec
925 2077 1020 2107 modo
1038 2078 1068 2107 in
1082 2078 1283 2109 orationibus
1309 2078 1389 2113 illis,
1406 2086 1488 2116 quas
1505 2077 1670 2117 speciatim
1692 2085 1778 2106 con—

143 2120 193 2149 tra
209 2118 380 2148 Auerno-os
392 2115 532 2152 habuit,
546 2117 617 2147 illos
634 2117 777 2156 exagitat
791 2117 1054 2154 Chrysostomus;
1076 2117 1129 2147 sed
1145 2117 1239 2147 etiam
1258 2118 1378 2155 passim
1394 2115 1426 2146 in
1442 2117 1513 2146 aliis
1530 2115 1670 2156 homiliis
1686 2117 1779 2146 Ano—

143 2165 242 2187 meros
260 2166 343 2195 smpe
368 2157 400 2189 in
423 2157 560 2187 medium
579 2157 706 2186 adducit
733 2159 763 2185 et
790 2157 951 2191 conl‘utat,
979 2158 1010 2186 et
1035 2157 1163 2195 quidem
1188 2156 1378 2194 aliquando,
1397 2158 1429 2186 ut
1444 2157 1480 2185 'l‘.
1499 2156 1529 2191 3,
1545 2156 1605 2186 col.
1622 2155 1672 2189 3t,
1690 2164 1779 2194 pra:—

144 2202 265 2226 sentes.
286 2197 364 2226 Nam
389 2205 500 2226 eorum
523 2196 669 2234 plerique
692 2196 902 2226 coneionibus
921 2196 989 2234 ejus
1018 2195 1195 2226 intererant
1209 2199 1262 2231 ,ut
1276 2196 1341 2234 jam
1356 2196 1505 2225 diximus.
1520 2196 1584 2225 Nec
1598 2195 1691 2225 modo
1714 2197 1779 2225 An-

144 2235 270 2269 tiochia:
283 2258 290 2271 ,
308 2236 364 2268 sed
374 2236 469 2266 etiam
483 2235 759 2274 Constantinopoli
778 2236 894 2265 multos
913 2235 1033 2273 reperit
1047 2236 1216 2265 Anommos
1231 2258 1238 2271 ,
1253 2244 1333 2273 quos
1348 2237 1444 2266 etiam
1465 2235 1584 2274 passim
1607 2243 1778 2274 aggressus

143 2277 201 2305 est.
217 2275 256 2306 Hi
269 2276 355 2305 enim
371 2275 535 2305 catholicae
550 2275 634 2313 plebi
651 2275 783 2305 admixti
798 2275 941 2313 quotidie
957 2275 1170 2305 velitabantur
1187 2284 1258 2305 eum
1275 2275 1376 2304 obviis
1393 2275 1588 2312 quibusque.
1604 2274 1678 2304 Haec
1699 2283 1780 2312 pra:-

143 2315 238 2352 eipua
256 2323 335 2345 cura
346 2315 404 2345 fuit
419 2315 648 2353 Chrysostomo
666 2324 739 2344 eum
755 2314 931 2345 Antiochia:
943 2335 951 2349 ,
969 2316 1034 2344 tum
1050 2314 1340 2352 Constantinopoli.
1357 2314 1415 2344 Sed
1429 2314 1506 2352 quia
1521 2315 1552 2344 in
1568 2313 1628 2344 hac
1647 2317 1780 2352 postre—

143 2363 195 2385 ma
209 2355 339 2384 civitate
352 2377 360 2390 ,
377 2355 431 2384 ubi
448 2354 617 2393 episcopus
635 2354 906 2388 concionabatur,
924 2354 1121 2392 gravissimis
1136 2353 1206 2383 aliis
1223 2354 1308 2384 euris
1324 2354 1526 2392 negotiisque
1539 2353 1695 2384 distentus
1706 2353 1776 2387 fuit,

143 2394 307 2432 impolitus
326 2402 345 2424 a
368 2393 475 2423 multis
489 2416 496 2429 ,
511 2402 548 2424 ac
570 2394 616 2424 bis
637 2394 669 2423 in
686 2393 836 2424 exsilium
852 2395 940 2423 actus
953 2415 960 2429 ,
981 2401 1045 2423 non
1064 2394 1167 2432 potuit
1189 2396 1310 2423 tantam
1333 2393 1405 2423 istic
1424 2396 1579 2432 quantam
1603 2393 1780 2423 Antiochia:

144 2433 372 2471 propulsandis
392 2433 551 2463 Anomoeis
564 2433 715 2464 adhibere.
732 2441 854 2463 curam.
868 2432 934 2463 Etsi
951 2441 1044 2468 vero,
1063 2433 1107 2462 uti
1120 2432 1185 2472 jam
1204 2433 1343 2463 diximus
1356 2433 1495 2471 ,passim
1509 2433 1541 2462 in
1555 2433 1695 2462 homiliis
1712 2433 1778 2463 suis

143 2476 254 2503 contra
272 2473 443 2503 Anommos
458 2474 543 2511 agat,
560 2473 633 2502 licet
648 2481 702 2502 eos
716 2481 791 2504 raro
808 2481 867 2502 suo
881 2473 1008 2502 nomine
1024 2473 1193 2502 Anomaeos
1209 2472 1364 2511 appellet:
1382 2480 1559 2511 numquam
1574 2472 1704 2502 illorum
1719 2480 1780 2502 ar—

143 2515 295 2550 gumenta
320 2512 364 2542 ita
378 2512 543 2550 speciatim
563 2511 655 2542 affert
676 2520 713 2542 ac
729 2512 864 2547 refellit,
890 2514 926 2541 ut
947 2511 998 2541 hic
1020 2511 1051 2540 in
1074 2511 1221 2542 l-lomiliis
1248 2512 1278 2541 in
1303 2512 1471 2541 Joannem.
1492 2512 1706 2548 Quamobrem
1728 2511 1779 2542 hic

143 2553 256 2582 saltem
285 2552 447 2590 praecipua
482 2560 649 2582 recensere
685 2551 811 2582 animus
838 2553 886 2581 est
909 2561 915 2580 :
942 2551 1068 2590 longius
1100 2551 1186 2581 enim
1211 2560 1385 2582 excurrere
1406 2553 1588 2590 oporteret,
1612 2551 1637 2581 si
1669 2551 1778 2581 omnia

142 2591 345 2621 afferremus.

143 2645 158 2680 §
183 2643 236 2673 IV.
263 2643 402 2673 ΛηοΜωί
426 2651 464 2672 ex
481 2642 609 2673 Arianis
630 2642 710 2674 orti:
734 2650 790 2671 cur
817 2651 854 2670 an
880 2641 1053 2679 Evangelia
1076 2641 1212 2671 Joannis
1230 2645 1412 2679 argumenta
1427 2644 1618 2670 mutuantur.
1645 2639 1779 2671 Illorum

552 2686 734 2720 argumenta
745 2691 782 2711 ex
798 2682 852 2711 illo
870 2681 936 2720 ipso
958 2681 1128 2719 Eimngelio
1151 2681 1367 2720 confutcmtur.

185 2735 230 2764 Ex
248 2734 378 2764 Arianis
395 2733 454 2762 orti
472 2733 626 2768 Anonin,
641 2732 701 2762 hac
715 2735 789 2762 nota
804 2734 833 2762 et
855 2736 976 2761 tessera
991 2732 1031 2761 ab
1047 2731 1109 2761 illis
1125 2731 1277 2770 distingui
1298 2731 1505 2766 videbantur,
1528 2729 1614 2768 quod
1639 2730 1780 2762 dicerent

141 2783 176 2803 se
192 2773 412 2803 omnimodam
433 2772 598 2802 scientiam
614 2771 744 2809 adeptos
761 2781 830 2802 csse
844 2782 851 2807 ;
866 2780 900 2801 se
919 2771 1050 2809 perinde
1070 2771 1170 2801 Deum
1186 2779 1282 2800 nosse
1297 2773 1333 2800 ut
1347 2771 1431 2800 Deus
1449 2770 1535 2808 ipsos
1550 2774 1685 2800 noverat
1698 2793 1705 2802 .
1729 2774 1780 2801 at-

141 2823 205 2848 que
222 2814 321 2845 etiam
333 2834 340 2845 ,
360 2815 395 2842 ut
410 2813 493 2842 Deus
506 2820 539 2841 se
556 2812 659 2850 ipsum
679 2814 833 2841 noverat:
850 2811 934 2849 quod
951 2811 1099 2840 insanum
1127 2810 1222 2840 simul
1237 2813 1267 2840 et
1281 2810 1414 2847 impium
1435 2812 1514 2839 erat.
1533 2809 1600 2840 Hac
1626 2820 1659 2839 se
1682 2810 1777 2840 fultos

143 2853 280 2884 scicntia
299 2855 462 2891 putantes,
479 2851 657 2882 Catholicos
675 2851 793 2890 ubique
810 2850 1005 2881 conﬁdenter
1019 2850 1298 2888 aggrediebantur.
1316 2849 1474 2887 Quoniam
1496 2857 1572 2881 vero
1586 2859 1625 2880 ex
1644 2850 1780 2887 livangn
