2044 3113
121 178 153 204 35
743 184 773 210 IN
793 185 948 217 JUANNEM
969 192 1081 223 llOMlL.
1104 199 1122 226 ι.
1723 213 1757 240 εδ

121 235 200 266 riaut,
217 242 309 262 omnes
322 241 474 270 accurrunt,
487 242 515 264 ut
528 237 584 272 ejus
598 246 708 274 pugnas,
724 245 818 274 artem,
832 243 912 271 rnhur

120 286 241 316 spectare
252 282 368 316 possint;
380 281 493 317 hincque
509 284 597 311 videas
611 285 811 315 inmnnerorum
826 288 912 316 homi-

120 334 182 353 num
207 327 355 360 theatrum,
379 329 424 362 qui
449 329 473 355 in
496 336 525 356 ea
543 337 571 357 re
593 335 619 357 et
641 333 736 359 mentis
751 337 777 359 et
792 335 912 369 corporis

119 373 204 400 octtlis
219 375 266 400 toti
282 374 454 407 incumbunt,
470 380 497 402 ιιι
512 376 575 402 nihil
589 377 621 403 ad
636 379 813 412 spectaculum
828 382 910 415 perti-

119 427 181 446 nens
196 427 226 446 se
248 421 386 454 ιινίυιριιὶιο
401 421 493 455 possit.
510 422 576 449 Tum
591 423 611 449 si
626 424 685 458 quis
700 425 813 452 eximius
830 427 910 454 musi-

119 472 161 491 eus
169 464 363 496 adventaverit,
376 466 400 492 hi
413 475 505 494 omnes
514 468 636 496 similiter
645 469 776 497 theatrum
790 473 908 506 implent,

121 511 257 545 missisque
270 513 394 540 oumibus
414 521 473 547 qua:
488 521 542 548 pne
558 515 680 542 manibus
694 515 802 549 habent,
815 519 863 545 etsi
878 527 908 546 ea

119 564 182 590 stt-pe
203 558 355 584 necessaria
370 559 424 586 sint
438 565 461 586 et
480 561 599 594 urgentia
612 581 619 594 ,
641 569 789 590 conscenso
806 563 908 591 theatro

116 603 214 635 sedent,
226 603 399 639 studioseque
409 610 516 632 cantum
527 611 553 632 et
564 606 804 636 instrmnentorum
812 617 906 638 somun

115 649 292 683 excipientes,
309 650 342 677 de
356 655 530 687 utrorumque
552 659 685 681 concentu
699 655 845 689 disputant.
869 657 905 684 Ita

114 695 217 730 quidem
233 696 322 723 ntulti.
337 696 386 730 Qui
402 701 489 724 autem
505 699 530 725 in
543 699 682 727 rhetoricis
693 702 768 735 periti
780 707 851 734 sunt,
867 703 907 730 id-

113 741 194 774 ipsum
216 748 279 776 erga
299 742 433 777 sophistas
449 743 485 779 (α)
504 749 641 778 ριιεειηιιι.
657 745 722 772 Nam
743 747 812 782 apud
841 749 904 775 istos

111 794 214 820 quoque
229 788 333 814 theatra
349 792 411 815 Sunt.
421 793 448 815 et
460 789 605 823 auditores,
621 791 740 825 plausus,
756 794 902 827 strepitus,

110 837 136 860 et
154 832 287 860 dictorum
303 841 418 862 examen
431 836 600 870 exquisitum.
618 837 694 872 Quod
710 839 731 865 si
743 839 879 867 rhetorum
894 862 900 873 ,

110 878 245 906 tibicinum
259 880 474 915 athletarumque
490 888 536 908 seu
552 888 726 918 spectatores,
738 892 785 912 seu
799 885 903 912 audito-

109 932 152 951 res
165 924 245 951 simul
259 930 286 951 et
299 930 471 959 spectatores,
481 934 541 954 cum
551 932 624 955 tanta
634 929 725 956 sedent
736 931 898 959 attentione:

107 973 232 1004 quantum
248 970 339 1003 studii,
355 975 482 1005 quantum
494 972 637 1007 diligentia:
651 981 698 1001 vos
712 975 840 1003 adhibere
852 985 900 1011 par

105 1019 148 1042 est
160 1035 168 1047 ,
185 1023 246 1042 cum
264 1016 317 1050 jam
333 1024 383 1043 non
399 1017 496 1045 tibicen
509 1038 517 1050 .
533 1027 585 1046 non
599 1019 716 1054 sophista
730 1041 737 1053 ,
753 1021 799 1048 sed
815 1023 854 1049 vir
867 1023 900 1050 de

103 1060 173 1086 c:elo
187 1061 288 1087 tonitru
301 1062 437 1089 clariorem
453 1063 580 1090 emittens
597 1072 691 1092 vocem
705 1066 713 1081 ¹
724 1087 731 1098 ,
745 1066 777 1093 ad
794 1073 898 1101 specta-

102 1105 192 1132 culum
208 1113 256 1132 vos
267 1107 375 1134 evocet?
390 1107 484 1135 Totum
500 1109 598 1144 quippe
612 1111 702 1137 orbem
719 1111 768 1138 hoc
782 1112 898 1140 clamore

101 1151 252 1185 occupavit,
264 1152 476 1187 comprehendit;
488 1155 616 1189 implevit,
632 1164 685 1183 non
700 1157 826 1185 clamoris
842 1167 898 1186 ma-

100 1197 250 1231 gnitudine,
262 1198 307 1225 sed
324 1199 411 1233 lingua
421 1207 454 1226 cx
467 1200 564 1228 divin-.12
576 1203 668 1236 gratia:
679 1207 750 1230 motu
760 1204 894 1238 loquente.

99 1241 230 1276 Quodque
244 1243 340 1270 mirum
356 1248 397 1271 est
409 1265 416 1277 ,
437 1249 525 1272 tantus
542 1246 587 1274 ille
608 1247 709 1274 clamor
721 1269 728 1280 ,
752 1257 803 1276 non
818 1257 896 1284 asper

98 1292 147 1319 est,
165 1295 219 1314 non
235 1288 368 1323 insuavis,
386 1290 432 1317 sed
448 1292 519 1318 omni
537 1292 637 1320 musica
651 1293 789 1322 harmonia
800 1295 896 1330 jucun-

96 1334 156 1360 dior
184 1337 212 1360 et
234 1334 439 1363 desiderabilior
474 1338 653 1372 captandique
683 1340 812 1374 majorem
842 1343 894 1369 vim

97 1378 200 1406 habens
211 1389 218 1407 :
229 1385 358 1414 pneterea
373 1382 558 1410 sanctissimus
572 1389 612 1411 est
624 1405 631 1416 ,
644 1389 671 1411 et
683 1385 825 1413 admodum
843 1393 895 1415 tre-

94 1426 212 1453 mendus
224 1447 232 1459 ,
246 1431 285 1454 tot
299 1428 406 1455 arcanis
421 1429 515 1463 plenus
526 1450 533 1460 ,
551 1434 589 1457 tot
605 1431 672 1458 bona
686 1432 828 1461 conferens
842 1455 848 1466 ,
866 1440 894 1462 ut

93 1471 136 1505 qui
152 1471 299 1506 diligenter
313 1473 386 1500 illum
400 1475 537 1509 excipiunt
550 1481 630 1510 atque
642 1484 804 1506 conservant
816 1500 823 1513 ,
840 1488 892 1508 non

91 1517 142 1551 jam
160 1517 286 1546 homines
300 1520 361 1552 sint,
374 1528 426 1547 non
435 1521 490 1555 jam
505 1523 529 1549 in
546 1528 615 1550 terra
631 1530 770 1558 maneant;
786 1527 834 1553 sed
848 1536 893 1554 su-

91 1570 137 1597 pra
151 1564 295 1590 smcularia
308 1566 398 1592 omnia
412 1571 438 1592 et
452 1574 511 1594 cum
523 1569 625 1602 angelis
637 1574 736 1597 sortem
752 1570 890 1606 habentes,

90 1613 192 1635 terram
211 1610 285 1644 quasi
302 1611 396 1637 ca-lum
414 1612 541 1639 incolant.
556 1613 660 1641 Etenim
682 1615 726 1643 ille
739 1617 846 1644 tonitrui
862 1619 892 1644 li-

88 1653 140 1682 lius
152 1653 255 1690 (Mart.
270 1656 296 1682 5.
315 1656 370 1692 17),
380 1656 487 1685 Christo
497 1658 624 1693 dilectus,
638 1662 761 1688 columna
771 1664 889 1691 onmium

86 1708 146 1735 quze
162 1701 191 1728 in
209 1702 275 1729 orbe
290 1706 353 1729 sunt.
367 1703 556 1736 Ecclesiarum,
572 1706 615 1740 qtti
629 1707 686 1733 caeli
698 1707 786 1736 claves
796 1708 887 1744 habet,

85 1748 128 1781 qui
140 1747 177 1774 de
192 1748 280 1775 calice
295 1748 390 1776 Christi
407 1750 489 1783 bibit,
505 1755 532 1778 et
547 1751 604 1785 ejus
622 1752 753 1787 haptisnlo
769 1754 887 1789 baptiza-

85 1797 126 1820 tus
140 1797 208 1826 est,
224 1794 270 1828 qui
286 1802 346 1822 cum
360 1803 454 1831 magna
469 1796 563 1825 ﬁducia
581 1805 659 1834 supra
677 1805 768 1834 pectus
784 1801 887 1831 Domini

83 1839 225 1872 recubuit,
241 1839 286 1867 hic
302 1840 355 1875 jam
369 1849 417 1868 nos
427 1843 561 1877 convenit;
574 1853 624 1872 non
641 1846 754 1873 fabulam
768 1854 886 1883 acturtts,

82 1891 136 1911 non
153 1891 321 1920 personatus
336 1887 438 1915 accedit
454 1888 553 1925 (neque
568 1891 638 1918 enim
655 1893 715 1919 talia
731 1893 886 1928 loquuturus

80 1931 145 1966 est),
164 1939 225 1958 non
246 1931 272 1959 in
286 1939 439 1968 suggestum
455 1936 585 1970 ascendit,
599 1945 650 1965 non
665 1939 828 1968 orchestram
842 1951 887 1976 pe-

79 1976 112 2003 de
125 1977 262 2011 percutit,
275 1986 327 2005 nou
340 1987 420 2007 aurea
435 1981 541 2008 indutus
556 1987 596 2010 est
609 1991 693 2017 veste;
708 1987 754 2013 sed
770 1987 885 2022 ingredi-

78 2027 121 2048 tnr
129 2029 198 2049 cum
213 2023 357 2058 singularis
366 2025 572 2059 pulchritudinis
582 2030 690 2057 amicttt.
699 2031 804 2060 Christo
814 2036 883 2061 enim

78 2066 194 2094 indutus
212 2069 378 2102 conspicitur
389 2070 464 2106 (Gal.
488 2073 514 2100 5.
528 2073 585 2108 ‘27).
602 2075 683 2108 pedes
697 2079 823 2111 speciosos
832 2080 886 2107 cal-

76 2119 174 2140 ceatos
192 2114 298 2142 habens
313 2116 338 2143 in
351 2119 546 2152 prmparatione
562 2123 692 2156 evangelii
709 2125 780 2158 pacis
796 2126 882 2160 (liam.

76 2159 120 2186 to.
138 2160 188 2195 15)
208 2169 215 2192 ;
233 2169 301 2188 zona
316 2170 370 2190 non
384 2168 478 2197 pectus
489 2185 496 2196 ,
513 2165 559 2192 sed
585 2166 689 2194 lumbos
705 2170 881 2204 prasciuctus,

73 2211 127 2231 non
144 2212 181 2232 ex
195 2213 333 2241 purpurea
349 2208 419 2242 pelle
431 2229 438 2240 ,
459 2217 544 2245 neque
558 2219 673 2246 superne
688 2221 753 2241 auro
768 2223 860 2244 ornata
874 2238 880 2250 ,

72 2249 121 2276 sed
139 2250 206 2284 ipsa
224 2252 340 2279 veritate
353 2257 479 2282 contexta
494 2261 520 2282 et
535 2257 702 2285 concinnata.
719 2259 791 2287 Talis
812 2269 883 2290 nunc

70 2297 152 2324 nobis
175 2297 297 2325 offertur
308 2299 366 2327 sine
381 2300 451 2327 larva
467 2310 474 2328 :
491 2303 560 2329 nulla
576 2304 647 2330 enim
664 2305 732 2339 apud
748 2306 833 2341 ipsum
846 2309 881 2336 si-

70 2344 206 2377 mulatio,
223 2345 296 2372 nttlla
312 2345 383 2374 ﬁctio
395 2348 434 2374 vel
450 2347 547 2381 fabula;
564 2350 609 2376 sed
626 2351 698 2378 nudo
710 2353 797 2387 capite
809 2375 816 2386 ,
833 2363 882 2382 Itlt-

67 2390 131 2417 dam
149 2391 272 2418 nuntiat
291 2393 441 2420 veritatem.
457 2394 549 2429 Neque
564 2403 625 2423 cum
645 2398 732 2432 reipsa
745 2399 814 2426 alius
828 2401 861 2427 sit
872 2421 879 2432 ,

66 2436 117 2462 alia
135 2443 174 2463 ex
196 2436 306 2468 habitu,
320 2439 415 2472 oculis,
432 2447 497 2467 voce
511 2441 678 2470 auditoribus
690 2445 821 2478 suadebit;
833 2454 881 2474 nec

63 2482 272 2509 instrumentis
285 2482 318 2510 ad
342 2484 399 2510 hzec
413 2486 557 2513 nuntianda
573 2495 641 2522 optts
656 2488 752 2521 habet,
769 2498 820 2518 non
840 2492 879 2519 ci-

64 2529 143 2555 thera
161 2549 170 2561 ,
193 2536 254 2555 non
270 2529 326 2563 lyra
341 2551 348 2562 ,
365 2539 415 2558 non
430 2531 483 2559 alio
506 2536 599 2567 quavis
614 2534 816 2570 hujuscemodi;
832 2539 878 2565 sed

61 2575 159 2601 οιιιιιίιι
188 2582 244 2609 per
269 2575 385 2610 linguam
405 2583 530 2611 operatur
542 2600 548 2609 ,
564 2585 590 2606 et
604 2582 698 2615 qttavis
721 2583 821 2610 cithara
838 2585 878 2611 vcl

60 2621 172 2648 musica
205 2621 362 2648 suaviorem
387 2623 571 2660 utilioremque
593 2634 684 2654 vocem
709 2629 815 2657 emittit.
831 2631 879 2658 Est

58 2689 124 2708 nam
139 2674 335 2723 Contntettlartl
349 2689 531 2723 partem,_int_er
542 2688 810 2723 homilias,retrquidem
818 2693 876 2723 jure

58 2715 168 2750 merito,
179 2718 365 2753 recensentes,
379 2717 443 2740 tituli
456 2719 532 2753 instar
543 2719 633 2753 habent
642 2728 649 2744 τ
658 2715 874 2753 ’ὁμιλῖαῆἥίὄιέιί

59 2750 129 2775 tero,
145 2746 176 2769 in
190 2745 439 2782 superscriotitmem
452 2749 525 2782 etrert
538 2756 544 2772 :
555 2745 688 2782 προοίιιιοιί.

86 2778 127 2808 (α)
141 2777 287 2817 δοξὴὶξιω
299 2778 445 2817 dicebautur
459 2777 580 2814 rhetores,
594 2785 683 2817 artium
697 2787 822 2817 magistri,
835 2795 875 2813 sa-

57 2808 175 2837 pientes,
185 2808 313 2845 doctorcs
324 2815 331 2837 ;
345 2810 543 2845 ιΗειειιιιοιιι-ῐρςςι
552 2808 597 2845 vox
609 2808 873 2845 aliquandonin‘nitilain

55 2842 159 2867 partem
173 2839 319 2869 accipitur,
330 2846 373 2870 pro
383 2840 412 2864 iis
421 2840 462 2871 qui
471 2839 593 2868 simulatis
602 2839 872 2874 ratiociniis

53 2869 256 2909 detoltjqucnlt.l
285 2904 290 2909 ι
331 2869 336 2870 ⁷
567 2904 572 2909 ⁸

81 2903 90 2917 ³
108 2900 193 2926 unus
212 2900 302 2930 habet.
315 2908 373 2928 voce
385 2900 514 2928 clariorem
525 2904 632 2932 amittens
643 2914 732 2934 vorent.

969 248 1005 275 illi
1018 255 1195 288 proscenium,
1212 259 1303 286 cadmn
1319 265 1419 296 totum;
1435 264 1578 300 tlteatrnm,
1595 267 1683 301 orbis;
1696 277 1757 304 spc~

965 299 1082 324 ctalores
1095 305 1120 325 et
1136 301 1271 331 auditores
1283 325 1290 337 ,
1306 314 1397 335 omnes
1408 310 1505 344 angeli,
1517 317 1544 339 et
1556 319 1586 339 ex
1602 313 1754 342 inplumibus

964 345 1092 376 quotquot
1112 347 1198 380 angeli
1212 354 1289 382 sunt,
1305 356 1350 378 aut
1368 353 1423 380 fieri
1443 356 1561 390 cupiunt.
1577 358 1608 385 lli
1639 367 1754 393 namque

964 387 1011 412 soli
1028 392 1138 422 possunt
1164 391 1231 420 hanc
1245 394 1411 425 harmoniam
1426 407 1550 430 accurate
1563 405 1670 432 auribus
1691 413 1753 441 per-

963 432 1062 465 cipere,
1078 441 1104 461 et
1116 438 1240 471 operibus
1255 441 1392 476 exhibere,
1407 450 1487 479 atque
1501 449 1646 482 auditores,
1660 452 1754 486 quales

961 484 1084 513 oportet,
1100 489 1160 510 eSse
1176 484 1195 510 ¹.
1212 486 1262 512 Alii
1286 495 1348 515 vero
1362 497 1472 524 omnes,
1494 500 1543 520 ceu
1555 484 1680 530 infantes,
1693 498 1752 534 [au-

964 523 1014 534 ,ηψ
1029 529 1034 534 ,
1086 527 1091 532 .
1105 527 1110 534 .

962 523 1037 551 diuut
1049 527 1165 560 quidem,
1179 539 1226 558 nec
1243 537 1330 560 tamen
1344 535 1432 562 audita
1448 537 1608 574 intelligunt,
1619 543 1679 579 sed]
1694 523 1752 578 pla-

961 571 1046 598 centis
1062 575 1262 611 puerililntsqne
1277 579 1344 607 ludis
1357 581 1449 609 intenti
1463 571 1545 611 snuti
1560 586 1592 613 ita
1603 571 1634 614 ibi
1646 571 1752 624 quoque

1655 615 1661 622 _
1710 615 1716 624 ,
1739 615 1751 618 -

960 615 1035 647 risui,
1051 617 1170 651 deliciis,
1187 623 1280 656 opibus
1292 645 1299 656 ,
1315 628 1442 660 potentia:
1457 628 1549 662 dediti,
1563 634 1699 668 ventrique
1715 636 1753 662 vi-

959 666 1061 694 ventes,
1075 663 1143 690 dicta
1156 667 1261 700 quidem
1277 670 1408 698 interdum
1424 674 1544 708 audiunt;
1555 677 1602 704 sed
1615 678 1680 706 nihil
1695 688 1751 706 tua-

957 711 1036 738 gnum
1051 710 1091 735 vel
1107 711 1221 739 sublime
1234 716 1360 748 operibus
1379 718 1507 746 exhibent
1517 742 1523 752 ,
1538 723 1608 756 qttod
1623 731 1653 750 se
1667 727 1751 753 setncl

956 751 1072 780 lateritio
1084 758 1158 790 operi
1181 764 1208 786 et
1221 760 1276 787 luto
1292 762 1452 792 dediderint.
1468 766 1536 794 Huic
1547 751 1681 803 lapostolu
1702 772 1750 799 ad-

956 803 1026 826 stant
1040 808 1162 836 superna:
1176 807 1298 841 virtutes,
1315 810 1385 838 illius
1400 812 1495 840 anima:
1512 816 1747 852 pulchritudinem,

956 845 1121 878 prudentiam
1138 851 1295 888 virtutisque
1308 857 1423 890 speciem
1438 860 1566 889 mirantes
1578 882 1586 895 ,
1607 870 1654 897 per
1670 873 1747 899 quam

955 891 1041 925 ipsum
1056 893 1190 924 Christum
1207 902 1330 934 attraxit,
1352 908 1379 930 et
1391 906 1557 939 spiritualem
1573 891 1750 946 accepitlgra-

955 937 1027 965 liam.
1046 939 1150 968 Etenim
1167 952 1215 970 ceu
1233 945 1315 981 lyram
1330 950 1472 983 quamdam
1487 954 1635 987 speciosam
1651 956 1749 992 lapillis

1503 983 1509 987 _
1678 983 1684 992 ,
1696 983 1747 986 μ-

952 983 1095 1019 aureisque
1120 987 1214 1016 ﬁdibus
1230 997 1370 1027 ornatam,
1388 996 1426 1022 sic
1449 998 1564 1025 animam
1585 1008 1748 1036 componens

952 1035 1027 1055 suam
1040 1050 1047 1061 ,
1069 1030 1094 1058 id
1109 1032 1197 1062 ell'ccit
1214 1040 1241 1062 ut
1263 1045 1386 1072 magnum
1409 1045 1436 1068 et
1455 1043 1590 1071 excelsum
1613 1047 1747 1082 quidpiam

952 1072 968 1082 ι.
993 1075 997 1080 .
1017 1075 1032 1082 ,Α

952 1072 1052 1108 Spiritu
1067 1083 1183 1107 sonaret.

986 1120 1012 1147 ‘2.
1027 1121 1136 1151 Joannis
1150 1127 1300 1156 sublimitas.
1318 1130 1450 1163 Quomodo
1471 1137 1625 1170 evangelium
1643 1139 1697 1173 ejus
1715 1141 1747 1167 sit

950 1168 1114 1197 audiendum.
1129 1187 1164 1192 —
1179 1174 1270 1210 Itaque
1286 1185 1338 1204 non
1361 1184 1389 1205 ιιι
1405 1180 1558 1215 piscatoris,
1579 1191 1627 1211 nec
1650 1190 1677 1212 ut
1698 1187 1744 1214 tilii

950 1212 1082 1265 gebcdmi,
1096 1218 1142 1245 sed
1155 1220 1247 1254 ntejus
1256 1223 1298 1256 qui
1311 1212 1439 1258 profunda
1454 1227 1500 1254 Dei
1515 1212 1598 1264 novit,
1612 1212 1740 1265 Spiritum

949 1258 1009 1286 dico
1022 1260 1089 1288 hanc
1105 1263 1190 1298 lyram
1202 1267 1361 1303 pulsantem,
1379 1272 1417 1298 sic
1427 1273 1576 1302 audiamus.
1588 1276 1658 1304 Nihil
1673 1280 1743 1306 enim

949 1303 1095 1333 humanum
1111 1309 1192 1342 dicet,
1208 1312 1254 1339 sed
1269 1315 1396 1350 quidquid
1412 1317 1535 1353 loquetur
1548 1330 1580 1349 ex
1594 1323 1742 1357 spirituali-

949 1349 997 1377 bus
1010 1351 1113 1386 abyssis
1129 1354 1250 1384 hansttun
1267 1364 1317 1392 est,
1336 1369 1366 1387 ex
1382 1364 1485 1391 arcanis
1497 1365 1559 1399 illis,
1575 1376 1633 1401 qua)
1647 1378 1680 1397 ne
1694 1379 1743 1398 an-

947 1395 998 1429 geli
1010 1397 1128 1432 quidem,
1143 1407 1284 1437 antequam
1299 1405 1341 1432 illa
1359 1407 1463 1442 fierent,
1480 1395 1618 1440 noverant.
1633 1415 1698 1442 Nam
1715 1422 1742 1444 et

948 1441 997 1476 ipsi
1014 1444 1152 1473 uobiscum
1161 1456 1213 1482 per
1226 1450 1336 1479 Joannis
1352 1461 1460 1489 vocem,
1472 1460 1499 1484 ct
1514 1465 1560 1492 per
1572 1468 1621 1487 nos
1639 1461 1740 1491 didice-

946 1493 1008 1515 runt
1022 1497 1052 1517 ea
1066 1499 1125 1526 qum
1141 1502 1189 1521 nos
1204 1497 1336 1525 novimus.
1356 1500 1386 1526 lit
1401 1500 1451 1528 ltoc
1461 1510 1566 1538 qttoque
1581 1501 1751 1542 signiﬁcavit.

946 1534 1014 1561 alius
1025 1537 1162 1570 apostolus
1179 1539 1219 1566 his
1240 1542 1345 1570 verbis:
1361 1544 1394 1571 Ut
1411 1546 1549 1574 innotescat
1563 1534 1630 1577 nmio
1644 1554 1739 1587 princi-

945 1579 1045 1611 patibus
1061 1587 1084 1608 cl
1099 1585 1263 1616 potestatibus
1288 1596 1332 1622 per
1355 1589 1493 1618 Ecclesium
1514 1579 1676 1630 ntultifortitis
1699 1608 1740 1626 su-

944 1624 1039 1659 pientiu
1050 1626 1099 1654 Dei
1117 1628 1223 1664 (Ep/trs.
1240 1632 1265 1659 5.
1281 1633 1336 1668 10).
1352 1635 1378 1661 Si
1393 1643 1456 1671 ergo
1470 1624 1631 1674 principatus
1645 1663 1651 1673 ,
1665 1624 1740 1677 pote-

943 1676 1034 1704 states,
1048 1673 1191 1702 Chernbim
1206 1682 1232 1704 et
1248 1679 1386 1714 Seraphim
1404 1683 1460 1711 lucc
1475 1693 1521 1718 per
1534 1673 1680 1716 Ecclesiam
1694 1691 1737 1717 di-

942 1715 1062 1745 dicerunt
1075 1740 1082 1751 ,
1099 1721 1186 1754 palam
1201 1729 1241 1750 cst
1262 1725 1320 1752 illos
1335 1735 1428 1762 magna
1444 1737 1503 1756 cum
1517 1733 1663 1760 attentione
1682 1735 1738 1763 iure

942 1762 1092 1795 edidicisse.
1108 1766 1186 1798 Certe
1212 1779 1263 1800 non
1283 1780 1365 1808 parvo
1388 1774 1448 1803 hinc
1460 1776 1565 1808 honore
1586 1781 1734 1819 alticimur,

941 1812 1011 1846 quod
1034 1815 1120 1849 angeli
1137 1825 1166 1843 ea
1181 1818 1318 1848 nobiscum
1344 1823 1463 1858 audiant,
1479 1834 1539 1861 qua:
1553 1828 1706 1863 ignorabant
1726 1842 1733 1859 :

940 1858 1010 1892 quod
1024 1864 1111 1887 autem
1125 1862 1204 1890 etiam
1221 1872 1268 1899 per
1281 1874 1338 1900 nos,
1357 1869 1473 1897 nondum
1490 1872 1574 1900 dicam
1589 1877 1734 1909 quotnodo.

939 1902 1050 1932 lllultum
1073 1914 1136 1942 ergo
1157 1909 1332 1940 adhibeamus
1346 1921 1405 1941 cutn
1427 1917 1556 1945 modestia
1577 1920 1713 1949 silentium
1726 1944 1733 1954 ,

939 1957 991 1977 nou
1005 1951 1084 1980 hodie
1099 1958 1210 1988 tantum,
1226 1963 1269 1984 aut
1285 1967 1317 1986 eo
1328 1960 1466 1990 dumtaxat
1481 1973 1534 1999 quo
1548 1967 1669 1997 audimus
1679 1970 1732 2003 die.

939 1997 984 2023 sed
1000 2005 1047 2032 per
1064 2003 1144 2027 totam
1162 2003 1252 2035 vitam;
1268 2006 1328 2039 quia
1344 2006 1417 2034 illum
1433 1997 1505 2037 omni
1521 2016 1640 2047 tempore
1654 2016 1733 2043 audi-

939 2051 968 2070 re
985 2043 1148 2073 fructuosum
1163 2053 1212 2075 est.
1229 2049 1292 2077 Nam
1309 2052 1330 2078 si
1344 2060 1374 2079 ea
1390 2062 1449 2088 qua:
1460 2056 1485 2082 in
1499 2059 1569 2092 regia
1583 2065 1711 2094 geruntur
1724 2083 1731 2093 .

937 2090 1007 2117 scire
1020 2096 1152 2126 optamus;
1169 2103 1265 2129 nempe
1280 2097 1342 2130 quid
1358 2098 1503 2133 Imperator
1517 2090 1604 2138 faciai,
1620 2106 1682 2140 qttid
1696 2107 1731 2135 de

937 2134 1050 2163 subditis
1064 2138 1201 2171 consulat,
1218 2141 1321 2168 etiamsi
1337 2150 1407 2177 saepe
1427 2144 1452 2171 id
1474 2146 1538 2174 nihil
1551 2148 1583 2175 ad
1604 2158 1652 2177 nos
1666 2153 1730 2178 atti-

937 2185 999 2207 neat
1015 2189 1021 2208 :
1038 2183 1122 2209 tnulto
1136 2185 1219 2219 magis
1237 2194 1297 2220 qua)
1314 2187 1382 2215 Deus
1397 2189 1463 2217 dixit
1476 2192 1568 2220 audire
1583 2197 1728 2229 optandum

935 2231 976 2253 est
991 2235 997 2253 :
1014 2235 1073 2254 cmn
1095 2230 1210 2257 maxime
1235 2231 1278 2258 illa
1300 2234 1388 2260 omnia
1403 2235 1436 2262 ad
1456 2244 1505 2264 nos
1520 2245 1651 2273 spectent.
1667 2242 1730 2270 Ha-c

936 2280 1016 2307 porro
1029 2280 1121 2301 cuneta
1138 2283 1263 2304 accurate
1276 2279 1320 2306 ille
1336 2280 1411 2307 nobis
1427 2284 1577 2318 enarrabit,
1601 2288 1670 2321 quod
1687 2297 1729 2316 re-

934 2318 974 2352 gis
988 2320 1089 2347 amicus
1109 2321 1153 2353 sit,
1170 2322 1222 2348 imo
1236 2323 1306 2358 quod
1322 2332 1411 2360 regem
1427 2327 1453 2354 in
1469 2336 1498 2355 se
1512 2329 1665 2364 loquentem
1680 2333 1729 2362 ha-

934 2365 996 2392 beat.
1010 2367 1152 2402 omniaqtte
1163 2368 1196 2394 ab
1207 2368 1251 2396 illo
1262 2370 1361 2403 audiat.
1378 2380 1436 2407 qua:
1448 2374 1512 2402 illea
1523 2375 1601 2404 Patre
1612 2379 1706 2413 accipit
1720 2390 1726 2407 z

935 2418 994 2437 nam
1015 2411 1053 2438 ait
1065 2432 1072 2444 ,
1101 2411 1151 2440 Vo:
1164 2414 1218 2440 dixi
1231 2416 1325 2443 amicos
1337 2437 1344 2449 ,
1368 2419 1427 2452 quia
1447 2421 1532 2447 omnia
1545 2431 1600 2458 qua:
1615 2425 1700 2451 audivi
1713 2434 1727 2451 τι

934 2455 1012 2483 Putre
1026 2465 1091 2490 meo,
1109 2464 1168 2486 uola
1181 2460 1229 2495 feci
1237 2462 1305 2488 vobis
1321 2461 1409 2497 (Joan.
1426 2466 1470 2493 13.
1483 2467 1537 2502 15).
1549 2455 1727 2502 Quemadmo-

933 2501 995 2528 dum
1011 2502 1090 2537 igitur
1101 2524 1108 2536 ,
1129 2504 1152 2531 si
1167 2513 1245 2539 quem
1259 2514 1273 2533 e
1287 2515 1392 2536 summo
1407 2510 1472 2537 ctelo
1488 2520 1599 2546 pronum
1616 2523 1726 2550 repente

932 2547 1093 2580 videremus,
1108 2550 1150 2583 qui
1164 2552 1330 2584 promitteret
1341 2561 1370 2580 se
1386 2555 1462 2583 nobis
1475 2557 1590 2585 molestia
1603 2567 1725 2589 accurate

931 2591 1073 2626 dicturmn,
1087 2602 1181 2622 omnes
1196 2604 1398 2627 accurreremus
1412 2609 1418 2626 :
1435 2601 1469 2629 ita
1485 2611 1554 2631 rntnc
1564 2613 1669 2639 quoque
1683 2608 1724 2633 af-

931 2637 993 2664 l'ecli
1008 2639 1102 2666 simus.
1117 2641 1155 2669 Ex
1171 2642 1237 2669 ctelo
1252 2651 1368 2678 namque
1382 2647 1422 2673 vir
1435 2647 1479 2674 ille
1493 2656 1541 2676 nos
1556 2650 1700 2685 alloquitur
1715 2662 1723 2680 :

931 2690 983 2710 non
996 2685 1066 2711 enitn
1081 2690 1164 2713 estex
1181 2686 1231 2714 hoc
1244 2689 1354 2723 mundo,
1368 2695 1395 2718 ut
1408 2692 1487 2719 etiam
1502 2693 1567 2721 dicit
1580 2695 1635 2730 ipse
1645 2697 1723 2725 Chri-

929 2733 986 2756 stus
1002 2739 1008 2757 :
1030 2731 1080 2758 Vos
1093 2732 1124 2759 de
1137 2732 1183 2759 hoc
1198 2735 1292 2761 mundo
1313 2744 1362 2763 non
1375 2738 1433 2765 estis
1448 2738 1538 2774 (lauit.
1554 2742 1598 2770 15.
1612 2743 1657 2778 19)
1671 2751 1679 2776 ;
1695 2750 1723 2772 et

930 2775 1095 2805 Paracletum
1111 2780 1137 2805 in
1161 2786 1191 2807 se
1213 2779 1364 2815 loquentem
1381 2783 1478 2819 habet,
1494 2785 1592 2822 ubique
1605 2775 1722 2823 praesen—

962 2853 1051 2893 ¹Ὶιιιιες1
1062 2856 1289 2893 ~atqueauditores,
1303 2858 1387 2887 quales
1397 2864 1488 2893 oportet
1497 2880 1504 2891 ,
1517 2869 1582 2893 esse,
1595 2863 1683 2888 desunt
1696 2866 1720 2890 in

927 2883 1007 2921 είιιὶιί,
1020 2889 1045 2909 et
1061 2887 1084 2909 in
1098 2883 1242 2921 quibusdam
1265 2883 1317 2921 Mss.
1339 2894 1395 2918 Quae
1412 2883 1486 2921 iuuit}
1627 2883 1719 2920 uncinis

927 2914 1079 2947 adauduntur,
1092 2914 1262 2942 desiderantur
1274 2919 1299 2944 iu
1309 2914 1361 2944 nsi.
1374 2914 1493 2953 plurimis.
