2044 3113
283 186 319 214 27
639 173 666 202 S.
687 172 825 201 JO.\L\'NIS
844 167 1080 198 CIIRYSOSTOMI
1101 166 1259 196 ABCIIIEP.
1280 164 1548 194 CONSTANTINOP.
1889 165 1920 192 es

284 246 348 271 ient,
362 238 406 273 qttl
423 238 456 264 ita
471 235 544 262 novit
557 241 587 259 ea
601 239 660 266 qua:
671 231 718 258 Dei
730 235 802 262 sunt,
815 234 843 256 ιιι
854 229 942 256 anima
957 226 1074 254 ‘tominis

285 292 327 311 res
343 271 404 310 suas
416 282 498 311 novit;
512 279 639 313 Spiritum
656 284 752 311 nempe
766 275 914 303 sanctitatis
925 295 932 306 ,
947 271 1075 308 Spiritum

284 334 385 357 rectum
395 347 401 358 .
417 326 461 361 qui
476 324 565 358 dirigit
577 327 604 351 ct
616 322 690 350 ducit
705 322 730 349 itt
751 322 846 349 caelum
858 341 864 352 ,
879 321 922 355 qui
939 325 1023 346 novos
1033 317 1078 344 dat

284 374 387 404 oculos,
402 372 446 407 qui
462 371 487 398 id
502 370 583 398 efﬁcit
594 373 623 396 ut
638 369 724 396 futura
737 373 869 402 tamquam
885 365 1023 400 pnesentia
1039 364 1078 390 vi-

283 421 394 447 deamus
406 439 414 451 ,
431 422 457 445 et
472 418 497 444 in
513 423 593 444 carne
608 415 723 442 cmlcstia
745 414 907 441 intueamur.
926 412 975 439 Per
995 415 1076 438 totatn

282 473 347 500 ergo
360 465 441 492 vitam
455 470 506 491 nos
519 463 543 490 ei
554 462 647 489 sedato
657 465 685 488 ct
696 460 839 495 tranquillo
852 459 941 486 animo
953 457 1076 485 exhibea-

285 518 360 539 mus:
371 517 449 537 nemo
458 510 584 544 ignavus.
602 514 679 535 nemo
690 506 895 537 somniculosus,
913 504 953 531 vel
970 503 1080 530 maculis

286 562 426 591 respersus
440 555 483 582 ltic
493 557 597 581 maneat
608 552 668 579 :scd
678 552 703 578 in
713 552 808 578 ca-lum
818 558 865 577 nos
875 549 1077 581 transferamus,

287 603 331 629 tibi
340 601 502 636 evangelista
511 600 626 635 loquitur
638 599 669 626 iis
680 598 724 633 qui
734 597 793 625 istic
802 605 850 624 con
856 595 1039 623 versantttt‘.Si
1054 595 1079 621 in

288 653 360 674 terra
376 653 541 677 maneamus,
561 645 623 672 ltinc
637 643 702 671 nihil
716 643 780 669 lucri
792 642 932 670 referimus
949 651 955 667 :
971 640 1081 668 Joannis

288 692 387 726 quippe
401 690 540 725 disciplina
550 689 616 717 nihil
626 689 719 716 attinet
729 688 761 714 ad
770 695 828 720 eos,
841 686 884 722 qui
899 695 913 713 ιι
926 686 978 712 vita
994 686 1082 720 porcis

288 738 367 772 digna
377 744 430 764 non
441 736 589 767 absistunt,
606 733 829 770 quemadmodum
845 732 909 759 nihil
921 732 1033 758 attinent
1048 730 1082 757 ad

290 790 351 809 cum
367 789 410 809 res
421 781 555 808 humana).
570 780 680 807 Tonitru
692 779 809 814 quidem.
826 777 992 805 incondittntt
1004 776 1082 804 entit-

292 831 350 854 lens
366 834 462 854 sonum
473 847 480 860 ,
504 825 608 854 animos
631 830 736 852 nostros
756 823 958 859 perterrefacit;
974 822 1084 850 Joannis

290 877 379 900 autent
395 880 447 900 vox
462 872 595 899 neminem
607 871 724 898 ﬁdelium
740 871 840 903 turbat,
857 870 911 897 imo
925 876 957 896 ex
971 867 1085 895 tumultu

291 924 317 946 ct
334 919 533 954 perlttrbatione
546 918 656 951 eximit,
671 917 788 952 solisque
803 916 968 944 daemonibus
991 915 1085 942 terrori

293 969 344 996 est,
359 969 386 992 et
398 964 548 992 dtcmonum
560 964 655 991 servis.
665 963 700 991 Ut
714 962 850 990 videamus
864 969 927 997 ergo
943 968 996 996 quo
1010 965 1086 995 pacto

296 1010 355 1037 illos
370 1014 479 1042 terreat,
493 1015 522 1037 et
533 1010 621 1037 animo
636 1009 763 1037 sileamus
778 1013 805 1036 et
819 1016 875 1038 ore,
891 1007 981 1035 animo
997 1012 1086 1034 tamen

294 1055 419 1082 maxime.
436 1055 563 1088 Quaenam
580 1055 678 1081 utilitas
688 1075 695 1086 ,
710 1062 770 1081 cuttt
787 1058 892 1081 tacente
907 1060 968 1085 ore,
982 1053 1088 1079 animus

297 1100 490 1126 tumultuatur?
505 1100 608 1126 Animae
632 1099 748 1134 quietem
763 1105 855 1133 (μιξετο
867 1118 875 1130 ,
889 1098 951 1132 quia
972 1098 1087 1124 animant

294 1145 445 1173 audientem
461 1150 568 1179 exopto.
584 1144 659 1171 Nulla
681 1150 746 1178 ergo
766 1151 814 1171 ttos
828 1147 995 1171 commoveat
1009 1150 1089 1177 pecu-

296 1191 347 1218 nia:
358 1191 501 1225 cupiditas,
518 1190 607 1217 nullus
617 1189 709 1224 glorise
724 1196 810 1220 amor,
825 1195 877 1215 non
889 1188 935 1214 inn
950 1188 1070 1223 tyrannis
1080 1208 1088 1221 ,

296 1244 349 1263 non
361 1236 474 1263 aliorum
486 1235 629 1263 affectuum
641 1234 778 1261 tumultus.
790 1233 846 1261 Non
857 1237 945 1268 potest
957 1233 1027 1260 enim
1036 1240 1090 1260 non

297 1287 425 1318 purgatus
437 1282 542 1309 auditus
557 1281 690 1308 dictorum
709 1280 912 1311 sublimitatem,
929 1284 958 1307 ut
970 1286 1017 1314 par
1029 1283 1069 1306 cst
1080 1298 1089 1310 ,

300 1329 340 1356 vel
366 1335 479 1364 capere,
505 1328 548 1355 vel
572 1334 697 1355 arcanam
724 1331 752 1354 et
774 1325 940 1354 tremendam
963 1325 1091 1353 horumce

299 1375 486 1411 mysteriorum
498 1374 640 1406 rationem,
655 1377 820 1408 etcterasque
834 1372 947 1399 virtutes
960 1379 1053 1398 omnes
1064 1371 1090 1397 in

300 1421 342 1448 his
356 1420 473 1448 oraculis
494 1423 634 1447 contentas
653 1423 777 1446 accurate
791 1424 963 1452 cognoscere.
977 1416 1005 1443 Si
1020 1415 1092 1443 enim

300 1466 364 1494 tibia
379 1471 405 1493 et
420 1465 520 1493 cithara
541 1464 634 1492 lttdere
649 1471 727 1491 nemo
747 1462 888 1494 didicerit,
911 1462 961 1489 nisi
981 1462 1012 1488 iis
1034 1461 1091 1488 ani-

301 1519 372 1539 mum
385 1511 548 1542 adhibuerit,
558 1509 692 1545 quomodo
705 1509 831 1544 mysticas
841 1515 920 1535 voces
929 1507 988 1542 quis
996 1506 1093 1534 sedens

300 1557 399 1588 audiat.
414 1557 436 1584 si
451 1556 554 1583 animus
569 1555 594 1582 in
608 1554 720 1589 segnitie
732 1554 831 1589 degat?

335 1603 361 1629 3.
385 1601 448 1629 ideo
467 1601 588 1628 Christus
611 1601 652 1626 Itis
670 1607 718 1626 uos
739 1599 826 1626 verbis
846 1598 988 1626 admonet:
1007 1597 1094 1624 Nolite

299 1649 361 1675 dare
374 1652 462 1675 sancta
475 1647 594 1678 cultibus,
611 1653 690 1678 neque
710 1644 850 1679 proﬁciatis
868 1644 1022 1678 margaritas
1037 1647 1095 1670 autc

300 1701 390 1728 porcos
407 1692 522 1727 (Matth.
540 1692 567 1719 7.
584 1691 631 1726 6).
647 1691 800 1725 Margaritas
814 1690 870 1717 lucc
884 1690 963 1717 verba
980 1690 1093 1723 vocavit,

301 1739 363 1766 licet
377 1739 434 1766 ltazc
448 1737 598 1773 margaritis
612 1736 690 1771 longe
709 1735 866 1771 pretiosiora
881 1735 952 1767 sint,
971 1735 1031 1770 quia
1047 1735 1096 1762 hac

302 1785 412 1812 materia
436 1783 508 1811 ttulla
531 1782 709 1817 praestantior.
736 1781 797 1808 Ideo
822 1781 916 1808 horum
941 1788 1094 1807 sermonum

301 1830 456 1857 suavitatem
466 1829 536 1856 melli
549 1835 704 1862 comparare
712 1827 790 1859 solet,
803 1834 855 1854 non
864 1826 934 1862 quod
948 1827 1000 1853 mel
1012 1827 1095 1861 ipsam

302 1883 408 1910 :equarc
434 1875 527 1909 possit,
539 1874 586 1901 sed
613 1874 682 1908 quod
709 1873 772 1900 nihil
797 1873 875 1900 tnellc
900 1873 1002 1899 dulcius
1025 1873 1095 1908 apttd

303 1928 352 1948 nos
371 1921 415 1948 sit.
436 1920 500 1947 Nam
521 1919 592 1954 quod
607 1923 633 1946 et
645 1926 808 1954 gemmarum
824 1918 948 1953 pretium.
967 1922 994 1945 et
1009 1918 1096 1945 mellis

302 1967 458 1993 suavitatem
473 1966 552 2000 longo
567 1965 707 1992 intervallo
720 1969 856 1999 superent,
867 1965 926 1990 audi
940 1964 1094 1999 prophetam

304 2012 361 2039 haec
372 2017 534 2039 asserentem
547 2011 587 2038 his
600 2011 689 2037 verbis
701 2019 707 2037 :
725 2010 907 2037 Desiderabilia
919 2019 994 2045 super
1007 2020 1096 2037 aurum

302 2062 325 2084 et
346 2057 456 2092 lapidem
476 2058 611 2091 pretiosum
626 2056 747 2088 mullum,
771 2060 794 2083 et
813 2056 928 2082 dulciora
949 2065 1025 2090 super
1048 2057 1096 2083 mel

301 2108 325 2130 et
347 2105 430 2138 favum
445 2103 455 2138 (
472 2102 544 2130 Pcal.
568 2102 611 2130 18.
630 2102 674 2130 ll.
697 2102 768 2136 42);
792 2101 839 2129 sed
859 2102 926 2129 bene
946 2102 1096 2129 valentibus

304 2153 422 2181 tantum;
437 2148 497 2176 ideo
507 2148 640 2179 subdidit,
656 2147 756 2174 Etenim
767 2155 853 2174 servus
866 2152 923 2174 tuus
935 2148 1043 2174 custodit
1055 2156 1095 2174 ea.

305 2194 337 2221 Et
352 2195 414 2221 alibi
427 2201 533 2229 quoque
543 2215 550 2227 ,
565 2201 626 2221 cum
641 2193 728 2220 dulcia
747 2192 876 2225 dixisset,
893 2193 1010 2225 addidit,
1027 2193 1098 2219 Fau-

303 2241 372 2267 cibus
386 2240 457 2268 meis.
475 2240 556 2272 Quam
567 2239 663 2272 dulcia,
680 2238 775 2273 inquit,
791 2238 906 2274 faucibus
921 2239 981 2265 meis
998 2238 1098 2273 eloquia

302 2290 346 2311 tua
356 2293 366 2317 ;
378 2290 403 2313 et
428 2285 613 2312 excellentiam
628 2284 741 2312 efferens
756 2283 845 2315 addit,
862 2284 946 2318 Super
958 2284 1007 2310 mel
1019 2289 1042 2310 et
1055 2284 1097 2318 [a-

303 2339 362 2358 uum
372 2333 411 2359 ori
426 2341 479 2359 meo
493 2331 580 2366 (Psat.
591 2332 602 2358 l
612 2332 651 2358 l8.
663 2331 735 2365 105),
747 2331 808 2366 quia
823 2339 886 2358 sana
903 2335 990 2358 tuente
1002 2331 1097 2365 praedi-

304 2383 346 2404 tus
363 2382 429 2405 erat.
443 2377 482 2405 Ne
497 2378 584 2412 itaque
600 2377 693 2404 tttorbo
712 2377 797 2404 affecti
813 2377 870 2404 ltatc
890 2377 1026 2411 adeamus,
1049 2377 1096 2404 scd

305 2428 362 2457 post
389 2428 562 2458 cxpurgatunt
582 2423 715 2456 animum,
743 2422 814 2450 hunc
835 2423 922 2450 cibum
949 2431 1095 2451 sumamus.

305 2468 367 2495 ldcu
388 2476 503 2502 namque
524 2472 562 2495 tot
584 2468 673 2496 verbis
688 2469 832 2503 pncmissis
851 2468 968 2495 nondunt
992 2469 1024 2496 ad
1041 2468 1097 2496 lta‘c

303 2514 465 2541 devenerant
475 2534 483 2547 ,
496 2519 524 2541 ut
543 2515 638 2550 singuli
655 2515 726 2542 otnui
740 2515 851 2549 depulso
866 2516 975 2548 morbo,
989 2523 1019 2542 ac
1034 2515 1055 2543 si
1071 2515 1097 2542 in

304 2560 397 2587 eteluut
412 2561 541 2588 intrarent
553 2581 560 2592 ,
577 2561 615 2588 sic
629 2561 678 2592 ira,
688 2561 770 2595 curis,
782 2561 1004 2589 sollicitudinibus
1013 2567 1096 2590 cccle-

305 2606 394 2640 risque
420 2606 501 2633 animi
526 2606 664 2634 affectibus
698 2607 772 2634 vacui
800 2607 1010 2641 ingrederentur.
1038 2607 1096 2635 Non

306 2658 448 2685 possumus
457 2651 528 2679 cttitn
541 2651 603 2679 ltiuc
615 2651 677 2686 qttid
692 2659 814 2687 magnum
833 2653 946 2684 lucrari.
963 2653 1012 2680 ttisi
1025 2654 1097 2688 prius

305 2697 420 2724 animam
435 2699 469 2724 ita
485 2698 695 2733 purgaverimus.
709 2698 762 2726 Nec
777 2699 841 2726 milii
853 2699 912 2734 quis
922 2699 1002 2732 dicat,
1016 2699 1096 2727 breve

306 2748 412 2778 tempus
434 2744 504 2772 inter
526 2744 594 2772 ltanc
620 2749 648 2772 et
668 2749 822 2780 sequentem
845 2745 1000 2773 concionem
1024 2753 1095 2773 esse.

308 2788 380 2816 Licet
392 2789 463 2816 enim
484 2797 537 2816 non
561 2789 647 2817 solum
667 2789 770 2817 dierum
793 2789 910 2824 quinque
931 2790 1027 2824 spatio,
1049 2790 1096 2817 sed

305 2836 384 2862 etiam
409 2843 461 2863 uno
485 2836 613 2870 temporis
636 2840 771 2864 montento
792 2836 874 2862 vitam
890 2840 971 2862 totam
993 2840 1096 2863 mutare

304 2882 383 2915 Quid,
402 2890 501 2918 'ptzt-so,
519 2883 621 2910 latrone
636 2887 661 2909 et
678 2882 809 2909 homicida
824 2881 982 2909 scelestius?
1004 2889 1092 2909 annon

1130 228 1279 252 extremum
1294 223 1344 250 hoc
1357 221 1534 257 improbitatis
1544 227 1628 256 genus
1643 221 1704 248 est?
1718 222 1840 248 Attamen
1857 221 1924 247 latro

1130 270 1175 296 ille
1188 270 1221 297 ad
1234 277 1368 296 summum
1381 269 1485 295 virtutis
1498 267 1601 302 apicem
1612 267 1702 294 statim
1716 268 1847 302 pervenit,
1862 273 1885 294 et
1900 268 1923 294 in

1131 314 1281 350 paradisum
1302 314 1384 346 abiit,
1408 320 1457 340 ttcc
1478 312 1600 348 plurimis
1614 312 1718 343 diebus,
1742 319 1792 339 nec
1815 311 1926 339 ditttidio

1131 361 1173 387 die
1188 367 1254 395 opus
1268 359 1374 391 habuit,
1389 359 1436 386 sed
1453 358 1526 386 brevi
1551 362 1653 385 latttum
1667 362 1813 384 momento.
1836 357 1926 391 Itaque

1132 407 1193 434 licet
1206 410 1315 440 repente
1331 405 1437 438 ttttttari,
1452 409 1479 432 et
1493 412 1605 431 aurettm
1620 412 1651 431 ex
1676 404 1748 431 luteo
1765 403 1845 431 efﬁci.
1861 403 1925 430 Cum

1132 452 1202 479 enim
1218 459 1302 486 neque
1318 456 1412 482 virtus,
1437 458 1523 485 neque
1548 450 1639 477 vitium
1659 457 1691 476 ex
1716 453 1808 476 natura
1834 449 1925 480 insint,

1134 498 1219 525 facilis
1236 501 1278 524 est
1293 499 1419 530 mutatio,
1435 498 1507 523 onttti
1523 497 1683 524 necessitate
1697 496 1790 522 libera.
1803 495 1833 522 Si
1845 496 1929 522 eoluc-

1134 545 1189 571 ritis
1210 549 1233 571 et
1257 545 1386 571 audieritis
1411 553 1466 575 me,
1484 544 1586 578 ittquit,
1611 543 1675 570 bona
1697 547 1769 569 [ενι-(ε
1795 542 1928 569 comedetis

1136 589 1145 625 (
1160 589 1224 616 Isni.
1241 590 1252 616 Ι
1284 589 1345 624 l9).
1365 589 1456 616 Viden‘
1470 589 1526 616 Sola
1550 596 1617 622 optts
1641 596 1702 616 esse
1716 589 1868 615 voluntate:
1886 595 1930 613 vo-

1137 636 1254 665 luntate.
1276 636 1382 670 inquam
1396 656 1402 666 ,
1426 643 1478 662 non
1499 635 1601 670 vulgari
1618 634 1661 661 illa
1677 642 1736 668 qua:
1752 634 1928 669 plurimoruttt

1136 687 1193 712 est,
1207 683 1254 710 sed
1269 681 1399 717 diligenti.
1415 682 1475 709 Scio
1487 681 1584 716 quippe
1603 688 1696 707 omnes
1710 680 1735 707 iu
1755 680 1849 707 czclum
1866 687 1930 706 avo-

1138 729 1193 756 lare
1219 728 1308 760 velle;
1337 727 1384 755 sed
1409 727 1532 754 voluntas
1560 726 1686 761 operibus
1707 725 1857 753 exhibenda
1882 729 1930 752 est.

1137 773 1273 809 Siquidem
1285 778 1418 801 mercator
1429 773 1485 800 vult
1506 773 1652 804 ditescere,
1667 779 1752 807 neque
1766 771 1892 798 voluntas
1907 772 1930 797 iu

1138 819 1298 854 cogitatione
1312 823 1413 846 tantuttt
1426 818 1564 850 consistit;
1577 817 1624 845 sed
1638 817 1724 844 navim
1739 821 1823 851 parat,
1839 821 1932 843 nautas

1138 867 1219 902 cogit,
1243 867 1448 902 gubernatorem
1473 866 1604 898 accersit.
1628 865 1784 899 cmu-risilue
1808 865 1932 892 omnibus

1141 913 1228 940 navim
1244 912 1367 942 instruit.
1381 920 1475 939 aurum
1495 916 1640 944 mutuatur,
1661 911 1770 946 pelagus
1785 911 1892 945 Irajicit,
1909 911 1932 936 in

1139 957 1306 993 peregrinam
1317 962 1414 985 terrant
1429 957 1617 992 proﬁciscitur,
1630 957 1747 992 pericula
1758 957 1839 984 mttlta
1851 956 1932 988 subit,

1140 1004 1245 1039 aliaque
1267 1004 1378 1038 plurima
1392 1003 1501 1038 patitur,
1517 1011 1578 1038 qua:
1598 1006 1696 1030 norunt
1719 1003 1734 1029 ii
1748 1002 1793 1037 qui
1810 1002 1934 1036 navigare

1141 1051 1236 1078 solent.
1257 1050 1293 1078 Ita
1308 1058 1358 1077 nos
1376 1054 1482 1085 oportet
1494 1049 1656 1077 voluntatem
1670 1048 1806 1076 exhibere.
1822 1048 1933 1082 Naviga-

1141 1105 1202 1124 mus
1216 1102 1242 1124 et
1255 1104 1304 1124 nos
1317 1104 1431 1132 quoque,
1448 1104 1501 1123 non
1514 1096 1548 1123 ab
1559 1096 1611 1122 alia
1626 1095 1651 1122 in
1666 1095 1744 1122 aliam
1759 1099 1870 1126 terrain,
1886 1094 1932 1121 sed

1141 1153 1156 1172 a
1180 1150 1250 1173 terra
1276 1145 1302 1172 in
1326 1144 1430 1171 czelum.
1453 1143 1507 1170 Nos
1530 1150 1594 1178 ergo
1616 1146 1707 1170 mente
1729 1149 1888 1176 apparemus
1903 1139 1936 1167 ad

1142 1191 1372 1227 gubernationem,
1385 1197 1446 1225 qua:
1466 1197 1515 1217 nos
1534 1196 1650 1224 superne
1671 1188 1766 1219 ducat,
1787 1194 1819 1217 ac
1844 1191 1936 1214 nautas

1142 1237 1331 1271 obsequentes,
1341 1236 1498 1270 firmamque
1510 1235 1596 1262 navim
1609 1233 1686 1262 nobis
1695 1241 1893 1268 comparemus,
1904 1240 1937 1259 uc

1143 1282 1294 1309 calamitate
1309 1280 1422 1316 quadam
1446 1280 1569 1307 surculari
1593 1281 1635 1307 vel
1658 1279 1783 1307 mtestitia
1799 1279 1938 1313 demerga-

1145 1336 1214 1361 mur,
1226 1335 1295 1356 neve
1306 1327 1465 1362 arrogantia:
1479 1327 1573 1362 spiritu
1592 1325 1746 1359 efferamur.
1761 1325 1808 1353 sed
1826 1325 1898 1352 levt-s
1912 1329 1939 1352 et

1145 1373 1260 1408 expediti
1275 1373 1369 1399 simus.
1381 1372 1409 1400 Si
1423 1371 1458 1398 ita
1468 1371 1556 1398 navim
1566 1392 1574 1404 ,
1586 1371 1793 1406 gubernatorem
1804 1374 1833 1397 et
1845 1375 1939 1397 nautas

1145 1425 1279 1454 paremus,
1293 1417 1412 1445 secundo
1424 1422 1504 1444 vento
1515 1417 1707 1452 navigabimus,
1717 1416 1868 1450 Filiumque
1882 1415 1940 1447 Dei,

1145 1473 1237 1492 verum
1252 1464 1474 1500 gubernatorem,
1494 1463 1527 1490 ad
1551 1470 1600 1490 tios
1623 1462 1798 1495 attrabcmus,
1815 1461 1861 1497 qui
1887 1469 1939 1488 non

1147 1512 1217 1539 siuet
1231 1511 1357 1545 scapham
1373 1514 1490 1537 nostram
1506 1509 1625 1544 demergi
1640 1517 1647 1535 :
1662 1509 1708 1536 sed
1731 1509 1793 1535 licet
1807 1507 1940 1534 innumeri

1147 1557 1248 1592 spirent
1262 1556 1351 1588 venti,
1365 1559 1460 1582 ventos
1477 1555 1521 1582 ille
1535 1554 1683 1588 increpabit
1696 1559 1723 1581 et
1743 1561 1826 1585 mare,
1842 1558 1870 1580 ct
1885 1554 1942 1580 tice

1147 1603 1272 1638 procellae
1287 1602 1504 1636 tranquillitatem
1519 1601 1615 1628 efﬁciet
1628 1608 1761 1636 magnam.

1183 1651 1209 1677 4.
1232 1648 1372 1682 Descriptio
1390 1648 1582 1682 dispositionum
1599 1655 1655 1683 qua
1672 1647 1705 1673 ad
1719 1645 1874 1681 evangelium
1895 1654 1942 1672 nu.

1148 1695 1268 1722 diendum
1278 1695 1446 1728 requiruntur.
1461 1693 1628 1720 Tlteatrorum
1642 1692 1784 1727 spectacula
1807 1691 1943 1726 fugienda.

1151 1741 1236 1768 Paetis
1245 1749 1300 1767 cum
1311 1739 1363 1767 Deo
1372 1744 1394 1766 et
1411 1739 1524 1766 Ecclesia
1530 1739 1598 1766 initis
1608 1738 1735 1765 standum.
1746 1737 1859 1764 Attentas
1868 1745 1945 1763 aures

1149 1787 1320 1822 praebendum.
1333 1800 1369 1806 —
1379 1786 1423 1812 Sic
1437 1784 1582 1819 comparati
1595 1784 1628 1811 ad
1648 1788 1802 1819 sequentem
1823 1782 1947 1809 acerdite

1149 1831 1305 1858 concionem
1317 1851 1324 1863 ,
1339 1831 1360 1858 si
1375 1836 1462 1857 tamen
1475 1830 1588 1864 cupiatis
1602 1830 1666 1856 utile
1679 1829 1814 1864 quidpiam
1830 1828 1927 1854 audire.
1939 1848 1947 1859 ,

1149 1882 1177 1905 et
1197 1878 1223 1904 in
1247 1881 1335 1904 mcutc
1358 1883 1498 1910 reponere.
1522 1875 1606 1902 Nemo
1629 1875 1664 1901 sit
1685 1875 1737 1906 via,
1764 1882 1841 1901 nemo
1856 1879 1946 1907 petra,

1150 1931 1228 1951 nemo
1242 1923 1324 1957 spinis
1348 1922 1475 1956 repletus.
1502 1921 1640 1948 Faciamus
1655 1928 1704 1948 nos
1719 1921 1790 1955 ipsos
1810 1920 1926 1946 novales
1939 1929 1946 1946 ;

1150 1970 1240 2001 sicque
1258 1969 1347 1996 libent.
1361 1968 1449 1994 animo
1462 1967 1563 1994 sentina
1582 1967 1724 2001 iaciemus,
1740 1966 1762 1992 si
1779 1973 1874 1999 nempe
1891 1970 1949 1991 tcr~

1151 2024 1206 2043 rattt
1221 2023 1314 2050 puram
1328 2014 1482 2045 videamus;
1504 2013 1544 2040 sin
1557 2017 1650 2040 contra
1665 2017 1799 2047 petrosam
1813 2017 1839 2039 et
1861 2020 1949 2046 aspe-

1151 2069 1207 2089 ram
1218 2082 1225 2094 ,
1240 2060 1370 2096 ignoscite
1391 2060 1413 2086 si
1428 2059 1544 2087 nolintus
1565 2059 1662 2086 frustra
1683 2058 1824 2086 laborare:
1841 2066 1905 2085 nam
1924 2059 1949 2084 si

1154 2114 1169 2133 a
1180 2107 1295 2134 serendo
1306 2106 1477 2138 desistentes,
1501 2105 1662 2140 coeperimus
1689 2104 1780 2140 spinas
1808 2104 1930 2131 evellere
1942 2124 1950 2134 .

1151 2158 1214 2181 tunc
1244 2157 1370 2180 extrema:
1385 2151 1528 2179 dementire.
1549 2156 1620 2178 esset
1643 2151 1668 2178 in
1694 2155 1791 2177 terram
1816 2150 1951 2177 incultam

1151 2199 1252 2226 semina
1266 2198 1366 2232 jacere.
1383 2197 1466 2232 Hujus
1480 2197 1617 2224 concionis
1629 2196 1790 2229 auditorem,
1813 2203 1866 2223 non
1882 2196 1954 2223 licet

1151 2252 1251 2272 mensa:
1277 2243 1470 2270 daemoniorum
1493 2250 1552 2270 esse
1577 2243 1741 2278 participem.
1769 2241 1845 2275 Quod
1871 2242 1954 2269 enim

1151 2290 1314 2317 consortium
1324 2288 1454 2323 justitiam
1471 2288 1540 2315 inter
1551 2293 1576 2315 et
1589 2288 1753 2322 iniqttitatcttt
1764 2288 1775 2314 ?
1787 2287 1847 2314 Stas
1861 2287 1937 2313 .lomt
1947 2303 1959 2307 -

1152 2335 1193 2362 nis
1202 2335 1317 2366 auditor,
1332 2341 1363 2361 ac
1375 2342 1422 2368 per
1433 2334 1505 2360 illmn
1515 2341 1546 2361 ea
1558 2342 1616 2368 qua:
1627 2334 1741 2368 Spiritus
1752 2337 1814 2360 suttt
1826 2332 1936 2360 cdiscis
1948 2342 1958 2360 :

1151 2386 1179 2408 et
1201 2384 1291 2416 postea
1311 2379 1432 2407 abscedis
1458 2379 1611 2407 meretrices
1637 2379 1791 2410 auditurus,
1817 2378 1963 2406 obscaena

1152 2427 1308 2461 loquentes,
1324 2425 1491 2453 obscmniora
1505 2429 1728 2460 reprresentantes
1743 2424 1775 2459 (τι
1785 2425 1806 2458 ),
1829 2429 1858 2452 et
1881 2425 1967 2452 επε-

1152 2473 1266 2499 minatos
1279 2471 1322 2506 qui
1345 2479 1374 2498 se
1390 2476 1483 2498 mutuo
1498 2471 1582 2504 alapis
1597 2470 1724 2498 credunt?
1740 2469 1880 2503 Quomodo
1897 2478 1964 2504 po-

1153 2519 1215 2546 teris
1228 2518 1311 2554 probe
1323 2517 1392 2544 ablui
1404 2522 1432 2545 et
1442 2518 1558 2551 purgari,
1574 2517 1599 2544 itt
1615 2521 1687 2544 tanto
1699 2524 1777 2544 caeno
1791 2516 1938 2544 volutatus
1950 2520 1970 2545 Τ

1151 2564 1221 2599 Quid
1234 2571 1301 2598 opus
1320 2568 1362 2590 est
1374 2563 1575 2590 obscutnitatem
1592 2563 1664 2590 illam
1687 2567 1769 2590 totam
1792 2562 1971 2591 mintttatitu

1153 2609 1310 2637 recensere?
1324 2608 1418 2636 Omnia
1429 2609 1480 2636 illic
1495 2609 1574 2640 risus,
1585 2609 1674 2637 omnia
1687 2609 1872 2644 opprobrium,
1882 2617 1977 2638 con—

1153 2655 1280 2687 tutnelim,
1292 2654 1402 2681 dicteria
1416 2653 1520 2681 :omttia
1532 2654 1682 2688 dissolutio,
1697 2655 1785 2682 omnia
1800 2655 1974 2689 pernicies-

1153 2701 1221 2728 Ecce
1247 2699 1363 2734 praedico
1391 2704 1417 2726 et
1443 2699 1571 2727 annuntio
1593 2699 1718 2727 omnibus
1741 2701 1835 2727 vobis:
1866 2708 1976 2729 nemo

1151 2754 1256 2779 eorum,
1279 2745 1323 2780 qui
1341 2745 1389 2772 hac
1403 2753 1492 2772 mensa
1509 2744 1643 2779 fruuntur,
1659 2746 1775 2772 animam
1795 2753 1873 2773 suant
1889 2749 1978 2775 cxi-

1176 2823 1213 2858 (α)
1232 2822 1378 2858 ιιιμτιρωψ
1389 2829 1458 2858 more
1475 2824 1499 2847 In
1508 2822 1608 2857 theatro
1619 2827 1842 2858 rettrtesentatttes.
1853 2824 1982 2858 inqua:

1149 2851 1228 2908 :‘u'rpia
1248 2851 1399 2908 tllteatralltltn
1415 2853 1569 2878 meretricum
1583 2851 1721 2884 spectacula
1741 2861 1808 2886 smpe
1821 2851 1938 2881 ittvcltiu
1946 2851 1981 2883 ui-

1163 2903 1169 2909 .
1179 2891 1254 2915 trysos
1271 2890 1341 2908 unus.
