2044 3113
124 142 163 171 ευ
699 142 732 171 ΙΝ
751 143 906 171 JOANNEM

961 142 1041 170 ΜΠ..
1064 143 1093 170 ll.
1114 145 1151 172 al.
1169 146 1188 173 ῐ.
1739 153 1774 181 30

127 201 204 230 tiosis
219 200 271 229 illis
293 199 454 236 spectaculis
468 204 631 235 corrumpat.
653 199 699 227 Illa
720 201 818 236 quippe
833 201 922 229 omnia

123 248 196 274 dicta
212 252 239 274 et
262 246 348 279 facta,
373 253 469 281 pompa
492 246 608 273 satanica
635 250 705 273 sunt.
728 246 807 273 Scitis
833 252 922 274 autem

124 298 256 329 quotquot
271 292 364 320 initiati
377 293 442 319 estis
453 313 459 325 ,
475 298 535 327 quae
546 297 622 327 pacta
638 292 775 319 nobiseum
791 292 920 324 iuierilis;

124 340 180 366 imo
200 346 260 374 quae
280 345 340 366 cum
361 338 482 368 Christo,
502 337 609 372 quando
620 337 665 365 ille
681 337 739 372 ipse
759 341 801 364 est
814 338 857 372 qui
875 345 921 364 vos

124 387 231 413 iuitiat:
253 385 316 420 quid
339 385 376 412 illi
398 381 535 417 dixeritis;
550 392 609 419 quae
632 384 666 412 de
689 384 805 411 salanica
825 391 920 419 pompa

122 440 184 460 Cum
208 432 255 458 illo
279 432 359 459 verba
373 430 536 462 habueritis;
553 429 687 464 quomodo
713 435 741 457 et
765 433 867 456 satana:
893 433 921 456 et

123 477 226 512 angelis
240 476 300 511 ejus
313 476 391 503 simul
404 475 656 503 abrenuntiaveritis
666 496 673 508 ,
687 475 919 509 promiseritisque

125 531 170 550 vos
194 522 227 550 ad
253 523 298 550 illa
320 529 372 549 non
392 522 543 549 deﬂexuros
566 522 648 549 esse?
672 521 830 549 Timendum
854 528 919 556 ergo

122 569 267 596 admodum
294 576 327 596 ne
342 569 401 603 quis
424 568 466 596 his
481 568 586 596 violatis
610 568 842 603 promissionibus,
858 575 919 595 sese

122 613 163 639 his
179 613 319 648 indignum
335 613 469 648 mysteriis
488 613 618 640 effecerit.
635 614 731 640 Annon
756 612 831 640 vides
853 620 918 647 quo-

121 659 203 685 modo
227 659 254 685 in
270 659 350 694 regiis
371 659 483 691 aedibus,
500 666 551 685 non
567 658 585 685 ii
600 659 645 693 qui
662 658 687 685 in
703 658 792 691 aliquo
804 657 918 685 offende-

119 708 203 737 runt,
218 704 265 731 sed
278 704 322 739 qui
339 705 365 731 in
381 704 483 731 honore
496 703 640 736 habentur,
652 702 760 730 consilii
775 703 918 737 participes

119 749 305 782 advocentur,
330 754 358 777 et
386 750 455 777 inter
478 750 579 776 amicos
603 750 674 784 regis
702 749 917 776 constituantur?

119 795 237 830 Legatus
261 796 338 823 nobis
351 795 386 823 de
404 795 470 823 caelo
495 796 583 827 venit,
598 794 632 822 ab
653 795 711 830 ipso
731 795 786 822 Deo
808 795 913 826 missus,

117 841 154 869 de
173 841 335 869 necessariis
349 849 399 869 nos
417 841 496 869 rebus
509 839 705 875 alioq’uuturus.
729 841 764 868 At
787 847 834 867 vos
848 840 914 867 nihil

117 891 248 915 curantes
260 887 354 915 audire
373 887 436 922 quid
447 887 521 920 velit,
538 886 636 922 quidve
658 886 792 921 loquatur,
813 885 914 913 sedetis

973 200 1071 228 mimos
1084 201 1234 230 audientes.
1248 202 1282 230 Et
1295 209 1359 239 quot
1372 210 1533 242 quantisque
1546 207 1700 237 fulminibus
1714 211 1772 239 luce

974 247 1053 282 digna
1074 255 1126 274 non
1150 248 1266 276 fuerint?
1290 249 1325 277 Ut
1347 251 1418 278 enim
1445 260 1497 279 non
1520 253 1585 281 licet
1611 256 1770 291 participare

975 299 1074 320 mensm
1087 293 1278 321 daemoniorum
1289 316 1296 328 ,
1313 296 1351 322 sic
1365 304 1414 324 nec
1429 297 1473 324 illa
1495 298 1659 328 dtemoniaca
1674 302 1769 330 audire

973 337 1013 365 fas
1025 343 1075 371 est,
1093 346 1178 374 neque
1189 339 1296 367 sordida
1310 347 1384 369 veste
1395 342 1427 369 ad
1442 343 1540 372 lautam
1560 346 1631 374 illam
1647 355 1768 376 mensam

973 388 1013 411 tot
1037 385 1114 412 bonis
1136 385 1261 413 refertam
1283 387 1431 421 accedere,
1455 397 1534 424 quam
1559 394 1696 427 apparavit
1711 394 1769 429 ipse

973 431 1054 459 Deus.
1077 431 1162 459 Tanta
1177 433 1248 460 enim
1269 433 1326 468 ejus
1348 434 1389 461 vis
1409 439 1466 467 est,
1491 440 1520 463 ut
1539 444 1648 473 repente
1670 447 1720 467 nos
1734 440 1768 468 ad

973 478 1069 505 caelum
1090 479 1175 514 ipsum
1190 479 1294 514 rapiat:
1309 480 1332 507 si
1349 485 1436 508 tamen
1451 481 1522 517 vigili
1536 488 1626 511 mente
1642 486 1766 513 attenda-

972 533 1041 552 mus.
1063 525 1154 561 Neque
1165 526 1238 553 euim
1254 527 1299 562 qui
1311 527 1410 554 divinis
1423 529 1594 556 sermonibus
1611 529 1766 566 frequenter

971 572 1106 599 institutus
1119 576 1174 607 est,
1185 573 1211 600 in
1225 573 1275 600 hoc
1287 573 1331 601 vili
1343 578 1413 601 statu
1425 580 1514 602 manet
1528 584 1534 602 :
1547 575 1595 602 sed
1611 579 1761 605 necessario

970 618 1057 644 statim
1069 619 1168 652 evolat,
1182 623 1209 646 et
1223 619 1364 647 sublimem
1376 620 1449 648 illum
1462 622 1636 656 petitlocum,
1651 623 1765 651 immen-

969 662 1060 697 sisque
1083 664 1182 698 potitur
1205 665 1356 693 thesauris:
1380 673 1447 701 quos
1474 667 1574 694 utinam
1600 675 1648 695 nos
1668 676 1765 697 omnes

968 716 1173 744 consequamur,
1201 711 1284 746 gratia
1313 716 1339 739 et
1363 712 1527 747 benignitate
1553 714 1658 742 Domini
1680 716 1763 742 nostri

967 754 1030 782 Jesu
1052 755 1168 789 Christi,
1185 764 1233 791 per
1252 765 1330 791 quem
1354 763 1380 785 et
1402 766 1462 786 cum
1487 767 1540 794 quo
1564 759 1635 787 Patri
1661 760 1762 795 gloria,

967 807 1072 835 unaque
1087 806 1179 828 sancto
1191 801 1312 836 Spiritui,
1327 811 1399 831 mtuc
1412 809 1438 831 et
1450 811 1567 839 semper,
1579 811 1606 832 et
1621 806 1647 832 in
1661 806 1761 833 smcula

966 846 1136 874 szcculorum.
1148 847 1244 874 Amen.

828 991 1001 1022 HOMILIA
1024 993 1064 1023 II.

224 1079 289 1106 CAP.
301 1079 326 1106 1.
344 1086 369 1105 ν.
386 1079 411 1105 1.
426 1077 458 1104 In
477 1077 601 1113 principio
615 1080 668 1103 erat
681 1074 801 1102 Verbum.

151 1126 177 1152 1.
192 1124 222 1153 Si
243 1124 360 1152 Joannes
375 1132 423 1151 nos
436 1123 620 1158 alloquuturus
634 1125 722 1154 esset,
744 1125 771 1148 et
785 1128 832 1148 sua
846 1128 909 1147 nar-

116 1175 235 1203 raturus,
247 1177 263 1197 e
277 1177 307 1197 re
322 1169 400 1202 foret,
413 1169 470 1204 ejus
481 1175 566 1204 genus
576 1188 583 1200 ,
600 1167 712 1203 patriam
728 1170 755 1194 et
769 1166 908 1194 educatio-

115 1224 176 1243 nem
192 1223 344 1243 recensere.
361 1215 426 1249 Quia
446 1222 510 1242 vero
532 1222 585 1241 non
608 1214 680 1248 ipse,
706 1212 753 1240 sed
768 1219 816 1247 per
835 1211 908 1239 illum

116 1261 185 1288 Deus
200 1261 344 1288 humanam
360 1261 502 1295 alloquitur
516 1264 650 1292 naturam,
666 1258 829 1294 superﬂuum
844 1257 908 1284 mihi

115 1307 221 1335 videtur
236 1307 293 1334 hate
311 1307 476 1341 disquirere;
495 1306 548 1333 imo
567 1312 631 1333 vero
645 1305 670 1333 id
682 1313 735 1332 non
749 1311 909 1340 supervaca-

117 1362 195 1381 neum
210 1353 298 1386 fuerit,
316 1353 362 1380 sed
377 1352 454 1380 valde
466 1351 655 1379 necessarium.
672 1350 737 1378 Cum
758 1351 827 1378 enim
842 1349 910 1377 didi-

116 1399 185 1427 ceris
199 1399 260 1434 quis
270 1420 278 1433 ,
301 1398 389 1431 unde,
404 1405 419 1425 a
439 1397 535 1432 quibus
549 1402 624 1424 ortus
634 1417 642 1429 ,
658 1396 744 1431 qualis
758 1396 798 1423 vir
812 1395 907 1427 fuerit,

115 1445 264 1479 deindeque
287 1444 403 1471 audieris
423 1443 480 1478 ejus
493 1450 585 1470 vocem
599 1442 846 1478 philosophiamque
866 1446 908 1468 to-

115 1495 168 1517 tam
180 1511 187 1522 ,
201 1495 264 1517 tunc
280 1489 361 1524 probe
376 1490 444 1517 scies
458 1489 516 1516 lucc
536 1488 615 1516 verba
629 1495 681 1515 non
699 1488 757 1522 ejus
776 1494 846 1519 esse,
861 1486 908 1513 sed

114 1536 211 1564 divinze
238 1535 359 1568 virtutis,
382 1535 440 1570 ejus
461 1535 576 1562 animam
598 1535 739 1562 moventis.
767 1533 823 1567 Qua
844 1539 908 1568 ergo

115 1581 162 1608 fuit
172 1581 277 1616 patria?
288 1581 361 1608 Nulla
371 1580 475 1615 quidem
486 1581 568 1616 patria
581 1579 619 1613 (a)
627 1589 636 1612 ;
645 1579 692 1606 sed
698 1586 730 1606 ex
737 1580 797 1607 vico
809 1579 909 1616 prodiit

113 1627 264 1662 etJ‘egione
285 1626 388 1661 abjecta
399 1647 406 1657 ,
422 1634 482 1660 qua:
504 1625 569 1653 nihil
584 1625 695 1660 alicujus
710 1625 787 1660 pretii
812 1624 904 1652 ferret.

111 1674 251 1702 Galilaeam
268 1674 339 1700 enim
353 1678 526 1701 contemnunt
539 1672 633 1700 scribae
647 1679 707 1699 cum
722 1672 795 1699 aiunt
806 1681 813 1698 ε
824 1671 908 1698 Inter-

112 1727 175 1755 roga
203 1724 226 1746 et
250 1719 316 1752 uide,
341 1719 410 1754 quod
431 1727 463 1745 ea:
486 1718 593 1746 Galilwa
613 1726 664 1745 non
684 1719 764 1752 surgit
785 1717 908 1753 propheta

113 1764 217 1799 (Joan.
233 1765 260 1792 7.
276 1764 344 1800 ΒΞ).
370 1764 450 1792 Nihili
477 1763 538 1791 facit
563 1771 620 1792 eam
643 1764 687 1792 ille
714 1771 819 1798 quoque
846 1771 907 1790 vere

114 1810 233 1839 Israelita
257 1811 350 1838 dicens
364 1820 370 1837 :
387 1810 429 1837 Ea:
444 1810 556 1837 Natant
570 1814 650 1845 potest
663 1809 760 1845 aliquid
774 1809 832 1836 boni
854 1817 907 1836 esse

113 1858 212 1892 (Joan.
229 1859 255 1885 Ι.
270 1857 305 1885 46
316 1857 342 1892 )'.’
357 1857 449 1892 Neque
463 1857 542 1892 igitur
554 1865 585 1884 ex
603 1856 698 1892 insigni
713 1857 835 1892 quopiam
848 1857 906 1890 ejus

113 1903 231 1938 regionis
244 1903 304 1930 loco
316 1907 383 1930 erat.
397 1902 450 1930 Sed
466 1910 553 1937 neque
572 1909 668 1929 nomen
681 1902 739 1937 ejus
754 1902 787 1929 ibi
803 1906 903 1935 notum,

111 1954 188 1985 patre
210 1950 343 1984 piscatore
365 1956 481 1983 paupere
497 1956 504 1975 :
520 1948 583 1984 quin
604 1949 638 1975 ita
654 1956 770 1983 paupere
791 1952 819 1975 ut
837 1948 906 1976 ﬁlios

111 1997 205 2024 eadem
221 1997 247 2024 in
262 2001 321 2024 arte
333 2001 480 2024 exerceret.
494 1995 573 2024 Scitis
591 2004 671 2031 porro
685 2003 789 2029 omnes,
805 1997 905 2024 nullum

113 2042 242 2069 artiﬁcem
252 2049 349 2076 cupere
362 2042 445 2068 lilium
459 2048 514 2069 suae
526 2042 590 2069 artis
604 2041 728 2070 heredem
743 2042 904 2078 relinquere,

114 2088 165 2115 nisi
179 2095 284 2114 sutntna
298 2092 453 2122 paupertate
465 2092 585 2115 coactum
597 2096 604 2120 ;
621 2088 736 2116 maxime
748 2096 811 2115 vero
826 2089 848 2115 si
860 2096 906 2116 ars

113 2132 148 2160 sit
168 2132 238 2160 vilis.
264 2132 442 2160 Piscatoribus
472 2140 537 2160 vero
565 2133 629 2161 nihil
654 2135 814 2170 pauperius,
839 2135 904 2162 nihil

112 2177 259 2212 abjectios;
273 2178 328 2205 imo
338 2178 403 2205 nihil
417 2178 551 2206 indoctius
563 2188 570 2207 :
582 2184 698 2207 attamen
714 2180 783 2208 inter
792 2188 849 2214 eos,
860 2182 905 2209 alii

112 2223 240 2258 majores,
256 2223 300 2251 alii
315 2224 432 2252 minores
446 2228 519 2252 sunt.
535 2226 678 2259 Apostolus
690 2233 754 2253 vero
768 2227 838 2254 inter
853 2229 905 2255 mi-

111 2276 192 2296 nores
204 2269 408 2304 computabatur
418 2277 427 2296 :
437 2277 521 2305 neque
535 2271 605 2298 enim
620 2271 646 2298 iu
662 2272 727 2299 mari
742 2272 903 2308 piscabatur,

111 2315 159 2342 sed
176 2316 203 2342 in
218 2316 323 2343 modico
344 2320 439 2351 stagno
456 2316 565 2352 :ibique
580 2323 729 2346 versantem
745 2326 805 2346 cum
830 2324 904 2355 patre

108 2365 138 2388 et
151 2360 254 2388 Iacobo
276 2360 373 2395 fratre,
392 2362 548 2396 quibuscum
569 2364 636 2390 retia
658 2363 794 2392 reﬁciebat
809 2365 903 2401 (quod

109 2411 169 2434 erat
184 2411 312 2434 extremae
333 2408 496 2443 paupertatis
519 2408 674 2445 indicium),
690 2409 811 2438 Christus
825 2418 904 2439 voca-

109 2452 158 2479 vit.
185 2451 254 2479 Hinc
274 2453 430 2488 intelligitur
452 2461 531 2489 quam
554 2462 651 2490 expers
676 2455 756 2483 fuerit
783 2461 903 2486 externa:

109 2496 269 2532 disciplima
298 2498 420 2533 Alioquin
443 2507 507 2527 vero
527 2499 612 2527 Lucas
639 2501 795 2530 testiﬁcatur
817 2503 902 2538 ipsum

110 2550 163 2568 non
191 2543 272 2569 modo
299 2544 407 2571 idiotam
425 2565 432 2577 ,
459 2545 505 2573 sed
536 2547 616 2574 etiam
642 2547 796 2577 illiteratum
821 2550 903 2579 fuisse

111 2588 120 2622 (
134 2587 188 2614 Act.
205 2588 233 2615 4.
249 2589 283 2616 i3
295 2589 324 2624 );
348 2594 376 2617 et.
392 2590 453 2624 jure
471 2591 588 2626 quidem.
604 2592 668 2620 Nam
686 2594 730 2630 qui
751 2596 786 2622 ita
802 2603 903 2631 pauper

108 2637 184 2666 erat,
207 2637 238 2660 ut
258 2642 345 2670 neque
368 2635 454 2664 fotum
478 2638 579 2670 adiret.
602 2646 688 2675 neque
707 2647 767 2668 cum
783 2641 902 2671 honestis

108 2679 213 2707 civibus
223 2685 387 2714 versaretur,
402 2682 450 2710 ted
464 2689 525 2710 cum
538 2684 602 2712 solis
615 2686 726 2719 piscium
738 2689 902 2722 cauponibus

273 2748 375 2784 W‘Pm
383 2752 414 2784 ,εί
424 2750 504 2780 “VH-1
512 2755 565 2783 Ροεῑ
572 2759 655 2778 vocem
665 2754 752 2786 patria,
765 2756 902 2782 subintelli-

126 2782 286 2817 epuuniest,
402 2787 500 2817 {nemo
519 2789 583 2817 enim
604 2786 658 2817 sine
665 2782 751 2817 'patria'
758 2791 805 2812 est.
818 2788 902 2814 Melius

117 2810 173 2846 orte
179 2812 264 2846 textus
275 2810 462 2846 instauraretur,
469 2813 489 2837 si
502 2815 552 2838 voci
565 2816 644 2846 patria
655 2810 900 2845 substitueretur—vo;

227 2843 285 2866 tunc
298 2843 363 2867 enim
371 2841 508 2875 legeretur,
520 2852 552 2870 επ
563 2841 629 2873 nulla
640 2841 849 2882 quidemﬁciriidle,

106 2875 140 2893 (Σ
155 2875 215 2894 ιπυ.

269 2917 403 2950 ΡΑτιιοι.
427 2921 485 2951 Gn.
513 2922 589 2953 LIX.

964 1078 991 1101 et
1003 1075 1113 1111 coquis,
1130 1084 1181 1111 qua
1197 1077 1223 1104 in
1237 1085 1268 1105 re
1282 1077 1344 1105 feris
1354 1083 1384 1106 et
1398 1078 1481 1107 brutis
1494 1081 1613 1116 prmierri
1626 1084 1760 1117 potuerit?

963 1122 1096 1156 quomodo
1111 1130 1163 1150 non
1179 1124 1289 1158 piscium
1306 1124 1387 1151 instar
1400 1130 1488 1152 mutus
1501 1127 1598 1154 fuerit?
1613 1127 1660 1155 Hic
1669 1133 1758 1157 tamen

964 1167 1089 1201 piscator,
1101 1169 1144 1203 qui
1161 1170 1231 1197 circa
1246 1175 1348 1205 stagna,
1362 1171 1428 1198 retia
1443 1176 1470 1198 et
1483 1172 1570 1207 pisces
1584 1174 1739 1203 versabatur
1751 1198 1757 1210 ,

963 1219 994 1239 ex
1008 1213 1149 1240 ltetlisaida
1170 1214 1297 1248 Galilrea‘,
1316 1221 1391 1250 patre
1411 1216 1542 1251 piscatore
1560 1227 1693 1255 paupere,
1709 1229 1757 1249 ex-

937 1262 939 1264 ‘
964 1261 1047 1285 trema
1069 1257 1156 1294 inopia
1181 1259 1335 1294 laborante,
1361 1262 1404 1296 qui
1428 1262 1500 1290 rudis
1521 1269 1580 1291 erat
1605 1270 1633 1293 et
1653 1274 1758 1296 summe

963 1303 1110 1338 imperitus,
1127 1305 1172 1340 qui
1184 1306 1274 1334 literas
1287 1315 1336 1335 nec
1349 1313 1421 1341 ante,
1437 1316 1487 1337 nec
1498 1317 1637 1346 postquam
1649 1313 1757 1342 Christo

963 1348 1049 1381 haesit,
1065 1350 1192 1383 ledidicit,
1212 1351 1348 1379 rideamus
1369 1353 1432 1388 quid
1453 1355 1588 1390 loquatur,
1611 1363 1638 1385 et
1661 1360 1757 1394 quibus

962 1395 995 1422 de
1010 1395 1090 1423 rebus
1104 1396 1243 1424 edisseral.
1256 1397 1323 1424 Num
1339 1398 1373 1426 de
1387 1400 1468 1435 agris,
1486 1401 1520 1428 de
1540 1403 1708 1438 fluminibus,
1724 1405 1758 1433 do

963 1439 1074 1474 piscium
1086 1442 1267 1469 commercio?
1282 1443 1342 1470 talia
1358 1444 1428 1471 enim
1442 1445 1561 1474 fortassis
1576 1455 1607 1475 ex
1625 1449 1757 1483 piscatore

961 1485 1054 1513 audire
1081 1487 1141 1520 quis
1167 1492 1313 1522 exspectet.
1339 1489 1438 1517 Verum
1469 1499 1502 1519 ne
1527 1493 1666 1527 timentis;
1688 1497 1753 1524 nihil

961 1531 1059 1566 quippe
1074 1531 1393 1568 hujusmodiaudiemus;
1409 1536 1457 1564 sed
1467 1537 1583 1566 caelestia
1600 1543 1712 1575 tantum,
1730 1548 1757 1570 et.

960 1584 1020 1611 quas
1045 1585 1123 1605 nemo
1151 1578 1278 1607 hactenus
1303 1581 1420 1610 edidicit.
1446 1583 1511 1610 Tum
1537 1585 1659 1613 sublimia
1683 1589 1755 1616 enim

960 1621 1094 1656 dogmata,
1109 1627 1161 1651 tam
1177 1626 1334 1659 prmclarum
1350 1627 1410 1654 vitae
1422 1628 1580 1662 institutum,
1604 1635 1756 1668 tantamque

960 1666 1154 1703 philosophiam
1179 1671 1256 1698 nobis
1278 1671 1381 1704 afferet,
1406 1679 1532 1708 quantam
1555 1683 1604 1710 par
1625 1682 1667 1704 est
1680 1666 1753 1712 eum,

959 1713 1004 1747 qui
1017 1721 1049 1740 ex
1063 1713 1195 1743 thesauris
1205 1715 1321 1750 Spiritus
1335 1717 1438 1751 hausit;
1453 1719 1491 1755 (a)
1506 1720 1658 1756 [tamquam
1675 1724 1755 1752 modo

958 1764 992 1784 ex
1007 1759 1075 1785 cado
1088 1759 1273 1795 descenderit;
1290 1762 1343 1789 itno
1363 1771 1450 1799 neque
1472 1772 1567 1793 omnes
1580 1768 1624 1803 qui
1646 1768 1671 1795 in
1689 1771 1755 1797 cmlo

959 1808 1035 1830 erant
1048 1803 1106 1832 hinc
1118 1806 1227 1833 scivisse
1241 1807 1386 1836 verisimile
1401 1814 1459 1842 est.
1474 1811 1565 1845 utjam
1580 1813 1663 1850 dixi.]
1680 1815 1755 1843 Πωρ-

957 1849 1033 1882 cine,
1048 1857 1157 1884 quaeso,
1173 1851 1314 1886 piscatoris
1335 1856 1434 1882 erant?
1448 1863 1480 1883 an
1497 1857 1635 1886 rhetoris?
1656 1849 1689 1887 an
1705 1868 1752 1889 so-

959 1894 1055 1928 phistzn
1078 1896 1118 1923 vel
1143 1897 1314 1933 philosopr
1342 1908 1375 1927 an
1399 1901 1546 1937 cujuspiam
1573 1910 1687 1934 externa
1709 1907 1754 1934 illa

959 1940 1053 1968 imbuti
1073 1942 1223 1976 sapientia?
1243 1943 1425 1980 Nequaquam.
1439 1947 1529 1984 Neque
1540 1950 1614 1978 enim
1630 1952 1754 1980 humana:

958 1987 1055 2013 mentis
1069 1994 1178 2021 prorsus
1188 1994 1228 2016 est
1242 1989 1277 2017 de
1292 1990 1434 2019 immortali
1457 1993 1500 2020 illa
1518 1999 1544 2021 et
1567 1995 1643 2023 beata
1660 2002 1752 2025 natura

958 2031 993 2059 ita
1019 2032 1217 2068 philosophari.
1243 2043 1330 2070 neque
1352 2037 1387 2065 de
1410 2039 1587 2072 potestatibus
1611 2049 1671 2077 qua:
1694 2049 1754 2078 post

958 2077 1028 2105 illam
1046 2083 1125 2112 sunt,
1141 2080 1181 2107 vel
1197 2080 1231 2108 de
1247 2081 1448 2112 immortalitate
1467 2090 1494 2112 et
1513 2086 1565 2112 vita
1581 2077 1699 2120 aeterna,
1710 2090 1752 2117 vel

957 2124 992 2151 de
1013 2125 1170 2160 corporibus
1195 2128 1370 2161 mortalibus,
1397 2137 1457 2164 qua:
1478 2131 1636 2160 immortalia
1657 2139 1749 2169 postea

958 2169 1046 2198 futura
1070 2176 1147 2204 sttnt,
1172 2172 1206 2200 de
1227 2174 1370 2209 supplicio,
1391 2175 1425 2203 de
1450 2175 1540 2204 futuro
1565 2178 1700 2212 tribunali,
1717 2180 1752 2209 de

957 2215 1103 2244 rationibus
1128 2218 1266 2253 exigendis
1288 2227 1410 2254 operum,
1438 2222 1593 2258 verborum,
1611 2225 1753 2260 cogitatio-

957 2269 1037 2295 num;
1053 2264 1121 2291 scire
1136 2264 1198 2298 quid
1219 2265 1254 2292 sit
1276 2265 1366 2299 homo,
1383 2267 1446 2301 quid
1463 2269 1594 2302 mundus;
1609 2271 1672 2306 quid
1688 2279 1751 2299 vero

957 2306 1037 2334 homo
1051 2308 1103 2340 sit,
1119 2309 1182 2343 quid
1206 2310 1269 2337 illud
1283 2311 1355 2346 quod
1370 2312 1474 2340 videtur
1487 2321 1546 2342 esse
1557 2336 1563 2348 ,
1585 2323 1646 2343 cum
1660 2321 1749 2345 tamen

956 2360 1009 2380 non
1022 2354 1073 2386 sit;
1086 2354 1148 2389 quid
1163 2356 1291 2391 nequitia,
1305 2357 1368 2392 quid
1385 2359 1480 2387 virtus.

989 2400 1017 2426 2.
1035 2399 1187 2436 Philosophi
1199 2403 1295 2429 externi
1306 2411 1363 2430 cum
1374 2405 1475 2432 Joanne
1491 2408 1647 2442 comparati,
1663 2417 1747 2445 quan-

955 2446 1003 2472 tuli
1017 2446 1066 2473 sint
1081 2447 1303 2481 pretit'.—llorum
1317 2450 1439 2484 qumdam
1455 2452 1530 2480 Plato
1543 2459 1569 2480 et
1583 2454 1747 2490 Pythagoras

956 2491 1042 2519 rimati
1064 2498 1126 2520 sunt
1141 2495 1249 2522 :carteri
1264 2503 1378 2531 namque
1398 2497 1548 2533 philosophi
1570 2509 1622 2528 non
1644 2510 1747 2529 tuentu-

955 2538 1047 2570 randi;
1065 2539 1099 2566 ita
1123 2548 1219 2576 nempe
1240 2542 1342 2569 ridiculi
1369 2551 1462 2572 omnes
1482 2544 1599 2574 fuerunt.
1614 2548 1664 2580 Qui
1684 2556 1748 2576 vero

954 2584 1022 2619 apud
1038 2585 1098 2613 illos
1111 2586 1258 2616 admirandi
1279 2593 1306 2616 et
1327 2589 1474 2625 discipline
1495 2592 1630 2628 principes
1646 2594 1747 2623 haben-

955 2635 1007 2662 tur.
1023 2631 1050 2659 hi
1064 2633 1179 2661 maxime
1192 2639 1256 2662 sunt
1269 2644 1276 2663 :
1290 2637 1335 2670 qui
1351 2637 1386 2664 de
1398 2638 1533 2673 republica
1549 2645 1577 2667 et
1591 2640 1626 2667 de
1644 2640 1746 2675 legibus

953 2677 1073 2709 quaedam
1089 2679 1220 2715 scripsere
1230 2701 1236 2713 ,
1251 2685 1278 2709 et
1294 2686 1381 2710 tamen
1403 2684 1430 2710 in
1453 2684 1577 2712 omnibus
1593 2686 1651 2721 plus
1664 2695 1744 2722 quam

985 2763 1022 2800 (a)
1037 2768 1093 2794 Quae
1105 2767 1200 2800 suminis
1211 2767 1365 2800 clauduntur,
1378 2769 1482 2797 deerant
1493 2772 1517 2796 in
1535 2772 1607 2798 Savil.
1621 2776 1648 2798 et
1659 2777 1741 2800 ﬂoret.

952 2794 997 2830 Sed
1008 2801 1041 2830 ex_
1053 2803 1101 2830 uno
1111 2796 1199 2822 Codice
1208 2799 1333 2830 desumpta
1342 2794 1408 2829 sunt.
1417 2794 1449 2826 et
1457 2794 1524 2827 iii-dia
1536 2794 1743 2830 iiéih'niiir'r'a'iil

953 2826 1218 2866 eiscp‘éretinoiquod
1223 2826 1308 2866 autem
1319 2830 1377 2856 dicit
1387 2826 1621 2866 commntust;
1626 2826 1683 2866 quae

953 2859 1266 2896 rat-toannesJevangelista
1277 2879 1283 2890 ,
1294 2867 1349 2896 .non
1366 2859 1596 2896 omnibus‘angelis
1611 2859 1744 2892 natatiin

953 2885 1036 2918 luisse,
1047 2888 1098 2917 jam
1106 2885 1203 2915 dixerit
1208 2885 1283 2921 ευιινά
1293 2892 1316 2916 in
1330 2885 1453 2919 melisa.
