2044 3113
279 140 309 169 31
621 136 648 163 S.
669 133 806 163 JOANNIS
824 131 1059 162 CIIRYSOSTOMI
1079 131 1237 160 ARCIIIEP.
1258 129 1524 158 CONSTANTINOP.
1877 131 1912 160 δε

279 195 355 231 pueri
373 193 476 222 ridiculi
501 192 582 220 habiti
603 196 667 219 sunt
681 202 687 219 :
702 191 773 226 quod
800 190 925 218 mulieres
947 187 1071 216 omnibus

279 247 436 270 communes
450 238 579 270 fecerint,
595 237 675 264 vitam
690 237 775 271 ipsam
802 243 909 270 pessum
930 234 1070 267 dederim,

279 293 306 315 ct
321 287 450 315 honorem
462 283 587 312 connubii
601 282 771 317 deturparint
784 303 791 315 ,
806 282 910 316 aliaque
923 279 1071 315 hujusmodi

278 332 390 361 ridicule
405 331 563 362 statuerint;
579 334 605 357 et
626 329 652 356 iu
675 329 717 356 his
736 333 820 356 totum
834 328 894 354 vitae
909 331 1014 361 tempus
1027 326 1070 352 in-

278 376 452 411 sumpserim.
468 375 504 402 De
519 375 606 402 anima
627 381 691 401 vero
710 373 860 400 doctrinam
882 372 1001 398 omnium
1015 375 1072 398 tur-

277 422 414 457 piSsimam
428 425 590 453 statuerunt,
604 420 668 447 dum
679 420 782 447 animas
796 418 944 450 hominum,
953 424 1070 450 muscas,

277 467 397 498 culices,
414 467 522 494 frutices
537 466 605 498 fieri,
620 466 754 500 Deumque
774 465 859 499 ipsum
879 464 993 490 animam
1012 469 1072 489 esse

276 513 417 545 dicerent;
432 517 459 539 et
472 512 523 539 alia
537 511 658 547 qumdam
673 510 825 545 turpissima
840 513 1001 536 assererem.
1016 507 1072 535 Nec

277 565 309 586 ea
324 559 410 586 solum
424 557 458 585 de
467 564 546 584 causa
562 555 685 591 culpandi
698 565 705 584 ;
718 555 764 583 sed
775 559 802 583 et
813 562 925 590 magnus
946 558 988 581 est
1009 553 1072 588 ipsis

277 604 420 632 verbomm
443 601 814 638 Euripus.Quemadmodum
828 601 900 628 enim
922 600 948 627 in
974 600 1073 634 Euripo

279 649 332 677 huc
346 649 409 676 illuc
419 649 521 683 jactati,
534 648 573 675 sic
586 655 729 682 numquam
741 647 767 674 in
783 646 877 673 iisdem
889 645 1070 680 perstiterunt,

278 699 371 730 utpote
384 694 429 729 qui
440 702 471 721 ex
487 695 587 721 incerta
597 697 624 720 et
635 693 704 720 fluxa
717 696 807 720 mente
820 693 1001 726 loquerentur.
1021 690 1072 718 Ve-

277 747 337 766 rum
354 747 406 766 non
421 739 454 765 ita
467 739 584 773 piscator
599 738 651 771 hic,
663 738 706 773 qui
721 738 809 764 omnia
823 742 895 765 certa
908 737 1070 771 pronuntiat,

278 790 306 812 et
319 786 393 819 quasi
410 785 435 811 in
457 788 529 819 petra
544 789 627 814 stans.
643 791 787 818 numquam
801 783 904 811 titubat.
918 782 984 810 Cum
999 783 1071 810 enim

279 831 305 858 in
321 832 375 865 ipsa
390 831 468 865 adyta
483 830 570 857 induci
582 830 706 864 dignatus
717 830 762 861 sit,
774 834 801 856 et
816 830 901 864 ipsum
913 829 1010 856 habeat
1021 830 1072 856 Do-

278 876 379 902 minum
394 877 420 902 in
442 883 470 902 se
485 876 647 910 loquentem,
663 875 726 902 nihil
743 875 885 902 humanum
900 882 993 909 passus
1012 879 1070 907 est;

278 926 305 949 at
327 922 363 949 illi
388 922 457 948 haud
470 929 548 949 secus
567 929 646 956 quam
662 921 679 948 ii
695 921 737 955 qui
755 929 787 947 Ite
804 928 851 955 per
863 921 996 947 somnium
1010 920 1071 955 qui-

278 967 339 994 dcm
363 967 388 994 in
409 967 509 1001 regiam
524 966 634 993 admissi
654 971 732 997 sunt,
746 966 792 992 sed
808 966 832 992 iu
856 965 914 992 foro
929 973 988 992 cum
1012 966 1075 994 aliis

278 1013 431 1048 permixtim
462 1012 613 1039 hominibus
640 1017 802 1043 versantur,
817 1010 879 1038 dum
901 1018 936 1038 ex
965 1011 1071 1045 propria

277 1063 366 1086 mente
387 1059 422 1086 de
443 1059 618 1086 invisibilibus
634 1059 831 1092 conjectarent,
849 1058 875 1085 in
890 1065 1010 1085 summos
1024 1065 1070 1085 er-

270 1112 352 1132 rores
366 1104 527 1136 inciderunt,
541 1105 574 1132 de
589 1104 765 1132 ineﬂ'abilibus
777 1104 910 1132 disserere
921 1105 1039 1139 aggressi
1051 1105 1071 1137 ',

277 1155 307 1178 et
320 1150 395 1185 quasi
406 1150 470 1178 creci
482 1150 523 1177 vel
536 1149 604 1177 ebrii
618 1150 643 1177 in
655 1151 712 1185 ipso
726 1157 817 1177 errore
830 1154 925 1177 contra
938 1158 967 1177 se
981 1155 1072 1177 mutuo

276 1195 464 1230 impegernnt:
480 1202 530 1222 nec
544 1200 636 1222 mut-uo
649 1200 750 1222 tanttun
763 1195 808 1221 alii
821 1199 914 1222 contra
926 1195 993 1222 alios
1004 1215 1012 1228 ,
1024 1194 1071 1222 sed

276 1241 357 1270 etiarn
372 1248 462 1269 secum
478 1240 512 1270 de
526 1241 619 1270 iisdem
634 1241 714 1270 rebus
727 1248 834 1275 semper
847 1245 974 1275 pugnant.
991 1241 1070 1276 Atqui

278 1288 323 1315 hic
338 1288 479 1316 illiteratus
491 1309 498 1321 ,
515 1289 588 1316 rudis
600 1309 607 1320 ,
621 1296 655 1316 ex
673 1288 830 1318 Bethsaida,
842 1285 964 1314 Zebedzei
981 1286 1050 1313 filius
1063 1295 1070 1319 ;

278 1333 328 1360 etsi
343 1333 429 1361 Grmei
444 1333 583 1360 nominum
598 1333 769 1368 asperitatem
787 1332 929 1360 admodum
946 1332 1069 1364 rideant,

277 1378 362 1407 nihilo
375 1383 463 1407 taruen
476 1380 591 1413 minore,
607 1379 661 1407 imo
673 1379 773 1414 majore
786 1379 880 1406 ﬁducia
889 1379 944 1414 jam
955 1379 1048 1413 loquar
1063 1387 1069 1404 :

278 1429 380 1460 quanto
390 1426 461 1452 enim
476 1425 561 1460 magis
572 1424 684 1452 barbara
697 1425 761 1460 ipsis
773 1424 877 1452 videtur
890 1425 962 1452 natio
977 1424 1033 1456 illa,
1045 1428 1073 1451 ct

278 1478 293 1497 a
309 1470 403 1499 ϐιωοο
418 1470 539 1498 instituto
561 1470 646 1498 aliena
658 1491 666 1503 ,
681 1475 755 1498 tanto
779 1470 958 1506 splendidiora
981 1476 1072 1498 nostra

279 1517 451 1545 videbuntur.
465 1516 532 1544 Cum
555 1517 627 1544 enim
648 1516 776 1544 barbarus
800 1521 827 1544 et
848 1517 970 1544 indoctus
984 1524 1015 1544 ea
1031 1517 1073 1544 Io-

278 1567 384 1597 qnatur,
405 1570 464 1598 quae
478 1563 567 1589 nullus
576 1562 716 1589 hominum
738 1570 865 1597 umquam
880 1567 1009 1594 n0verat;
1024 1569 1073 1590 nec

279 1609 402 1644 loquatur
417 1609 508 1642 modo,
523 1609 568 1636 sed
585 1609 665 1636 etiam
686 1609 797 1636 suadeat
822 1609 902 1644 (quod
917 1610 939 1637 si
953 1609 1016 1636 illud
1030 1616 1074 1636 so-

279 1655 332 1681 lum
344 1659 426 1687 esset,
442 1661 567 1689 magnum
582 1654 652 1681 foret
666 1654 822 1681 miraculum
833 1663 841 1687 ;
852 1661 923 1682 nunc
933 1662 996 1682 vero
1011 1662 1075 1689 prae.

280 1705 320 1727 ter
336 1700 395 1732 hoc,
412 1700 491 1727 etiam
506 1700 576 1727 aliud
591 1700 677 1735 majus
691 1701 878 1735 suppeditetur
888 1706 1073 1736 argumentum

280 1746 349 1781 quod
373 1754 403 1773 ea
424 1755 484 1782 qum
498 1746 623 1773 dicuntur
637 1745 766 1774 divinitus
780 1747 907 1781 inspirata
927 1748 996 1780 sint,
1012 1747 1073 1782 quia

281 1801 378 1828 nempe
391 1793 558 1820 auditoribus
574 1793 698 1820 omnibus
718 1800 825 1828 semper
835 1793 983 1821 doctrinam
998 1802 1074 1822 suam

281 1839 500 1875 persuaserint);
515 1840 575 1874 quis
589 1839 779 1868 immanentem
796 1840 821 1867 in
836 1847 869 1867 eo
883 1840 1007 1869 virtutem
1021 1849 1074 1868 non

282 1885 441 1912 mirabitur?
464 1885 529 1911 Illud
551 1886 640 1916 enim,
656 1889 685 1912 ut
698 1884 752 1919 jam
775 1885 847 1918 dixi,
862 1886 979 1913 maximo
999 1887 1076 1922 signo

279 1935 333 1962 est,
342 1930 431 1964 ipsum
447 1938 498 1957 non
509 1937 542 1957 ex
555 1930 645 1964 seipso
658 1929 807 1957 doctrinam
819 1935 847 1958 et
858 1931 931 1966 leges
943 1931 1074 1966 proferre.

283 1976 332 2003 llic
346 1976 436 2010 itaque
455 1975 584 2002 barbarus
600 1975 738 2009 evangelio
756 1983 805 2003 suo
828 1976 981 2003 universum
1000 1984 1075 2004 com-

279 2019 423 2055 prehendit
447 2025 560 2052 orbem,
583 2027 698 2054 corpore
724 2024 813 2047 autem
849 2020 964 2048 mediam
992 2022 1077 2049 tenuit

283 2067 373 2093 Asiam
385 2087 392 2095 .
407 2065 450 2093 ubi
464 2066 527 2092 olim
542 2065 798 2100 philosophabantur
812 2074 906 2094 omnes
920 2067 1020 2095 Grmca:
1034 2067 1077 2095 di-

284 2112 403 2146 sciplina:
418 2111 557 2144 homines;
573 2111 687 2146 hincque
704 2111 870 2140 daemonibus
889 2117 929 2140 est
953 2113 1078 2141 formida-

280 2156 347 2183 .bilis
359 2158 382 2188 ¹,
394 2156 465 2191 quod
482 2157 507 2183 in
522 2157 637 2184 hostium
654 2157 742 2184 medio
756 2157 863 2192 fulgeat,
879 2159 984 2186 illorum
1009 2159 1076 2186 cali-

283 2202 372 2236 ginem
385 2203 544 2237 exstinguat,
554 2202 759 2238 daemonumque
769 2210 858 2231 arcem
869 2204 957 2231 diruat
972 2213 977 2232 :
990 2206 1077 2233 anima

285 2253 375 2274 autem
389 2247 414 2274 in
429 2255 489 2274 eum
506 2248 616 2275 secessit
629 2248 726 2281 locum,
742 2249 785 2283 qui
800 2250 861 2276 talia
875 2251 994 2285 operanti
1005 2259 1080 2278 com-

286 2293 450 2326 ρωποι-Ἀθ
471 2291 624 2319 Graecorum
646 2293 753 2328 quidem
773 2295 916 2329 opiniones
942 2297 1078 2324 exstinctae

286 2337 434 2372 «leletmque
454 2343 516 2364 sunt
529 2346 536 2369 ;
553 2338 632 2372 hujus
647 2347 709 2366 vero
724 2347 768 2367 res
780 2339 899 2374 quotidie
914 2341 1078 2375 splendidio-

288 2391 330 2410 res
343 2383 468 2410 evadunt.
484 2384 523 2411 Ex
545 2391 599 2418 quo
613 2384 684 2411 enim
703 2385 746 2412 hic
768 2390 795 2412 et
820 2386 913 2420 reliqui
933 2387 1080 2421 piscatores

287 2429 414 2461 fuerunt,
443 2428 600 2464 Pythagora;
626 2429 797 2466 Platonisque
830 2431 995 2466 disciplinae,
1020 2441 1079 2467 qua:

287 2474 362 2508 prius
372 2474 494 2501 obtinere
506 2474 674 2508 videbantur,
695 2476 801 2503 silentio
815 2477 903 2504 missa:
916 2483 988 2510 sunt,
1002 2486 1034 2506 ac
1047 2487 1080 2507 ne

288 2520 395 2547 nomine
411 2520 518 2554 quidem
533 2521 593 2548 illos
604 2526 702 2548 norunt
717 2522 845 2557 plerique.
858 2523 937 2557 Atqui
952 2524 1026 2551 I’lato
1040 2528 1081 2559 ty-

289 2574 389 2593 rannos
403 2565 468 2593 adiit
483 2566 593 2599 accitus,
609 2572 638 2594 ut
651 2567 734 2601 aiunt,
747 2568 849 2596 amicos
864 2570 956 2600 habuit
971 2571 1079 2604 multos,

287 2616 365 2647 atque
379 2612 405 2638 in
416 2612 531 2640 Siciliam
544 2613 676 2649 navigavit
689 2623 696 2641 ε
708 2614 873 2651 Pythagoras
883 2624 946 2644 vero
958 2625 1079 2652 magnam

320 2710 327 2724 ¹
346 2709 450 2744 ιιωορ-ᾴιι
462 2709 618 2744 irremrbilibtts
629 2711 877 2744 disserereraggressi,
891 2714 972 2744 posuit
984 2715 1007 2738 in
1020 2717 1080 2738 atar-

287 2740 346 2775 giue
356 2740 537 2775 saviliusLliEet
548 2742 572 2766 in
582 2741 673 2775 aliquot
680 2746 737 2775 loss.
750 2740 898 2774 habeantur,
902 2751 1004 2775 quorum
1017 2752 1080 2769 unus

288 2771 348 2801 legit
361 2770 525 2802 inuisibilibus,
540 2779 592 2803 pro,
604 2770 773 2804 irieﬂ'ubilibus.

304 2813 330 2867 1f
342 2816 403 2869 I‘Ilzic‘,
416 2813 518 2869 Iliaeque
531 2815 677 2840 (temonibus
689 2818 724 2840 est
735 2815 904 2846 formidabilis,
923 2817 947 2841 in
957 2816 1038 2848 Savil.,
1054 2821 1081 2842 et

290 2851 302 2868 ι
315 2851 343 2868 us
386 2850 392 2855 τ
404 2851 428 2868 ιιι

1126 187 1219 216 adiens
1225 187 1365 220 Graeciam,
1372 188 1519 222 praestigias
1529 186 1630 214 induxit
1639 186 1790 216 innumeras
1798 189 1844 223 (a);
1854 197 1915 217 nam

1126 232 1196 268 quod
1219 240 1279 259 cum
1304 231 1389 259 bobus
1414 231 1627 267 loqueretnr(id
1651 232 1723 259 enim
1738 233 1772 260 de
1792 233 1837 261 illo
1852 242 1916 262 nar-

1126 279 1238 313 ratur),
1263 287 1316 306 non
1344 278 1395 305 nisi
1424 279 1525 314 magica
1558 283 1617 306 arte
1647 279 1767 313 praestari
1801 285 1914 315 poterat.

1126 323 1247 359 Ilincque
1258 324 1374 351 maxime
1388 324 1475 359 palam
1488 328 1540 357 est,
1556 324 1626 359 quod
1641 324 1664 351 is
1678 326 1722 359 qui
1737 326 1814 353 bruta
1827 327 1866 354 sic
1875 327 1917 354 al-

1126 370 1295 404 loquebatur,
1310 369 1376 396 nihil
1388 370 1509 397 utilitatis
1522 369 1674 397 bominlbus
1689 375 1827 404 praestaret
1838 391 1846 403 ,
1863 371 1918 399 imo

1103 454 1108 457 ν
1125 415 1190 450 ipsis
1212 416 1324 442 multum
1345 420 1463 443 noceret.
1483 415 1563 443 Certe
1576 416 1663 450 aptior
1674 416 1707 444 ad
1722 416 1917 452 philosophiam

1124 465 1183 487 erat
1197 461 1333 488 hominum
1357 467 1450 489 natura
1467 470 1474 488 :
1488 466 1611 489 attamen-
1629 462 1672 490 ille
1694 469 1754 489 cum
1771 463 1868 498 aquilis
1890 467 1918 490 ct

1125 507 1221 540 bobus,
1236 512 1264 534 ut
1278 508 1369 539 aiunt,
1386 515 1435 542 per
1450 507 1598 543 praestigias
1614 508 1781 543 loquebatur.
1792 509 1850 536 Non
1871 510 1919 538 ille

1125 554 1236 581 rationis
1259 559 1395 587 expertem
1419 559 1541 581 naturam
1565 555 1724 582 rationalem
1749 555 1864 589 effecit;
1891 556 1917 584 id

1125 598 1195 633 quod
1217 599 1299 626 homo
1316 606 1369 626 non
1385 603 1472 633 potest
1487 609 1494 627 :
1513 599 1559 627 sed
1581 600 1722 636 praestigiis
1735 601 1831 629 stultos
1844 603 1917 629 deci-

1125 644 1224 677 piebat.
1239 643 1297 671 Non
1322 645 1379 672 utili
1401 645 1522 673 doctrina
1541 645 1662 673 homines
1679 647 1852 679 instituebat;
1869 647 1917 675 scd

1124 690 1236 718 docebat
1259 691 1328 718 idem
1354 698 1414 719 esse
1438 690 1512 718 fabas
1531 691 1612 719 edere
1627 696 1654 719 et
1667 698 1805 726 parentum
1831 694 1917 728 capita

1124 735 1274 769 devorare;
1288 736 1506 772 auditoribnsque
1526 737 1705 772 persuadebat
1716 759 1723 770 ,
1736 738 1856 767 doctoris
1876 740 1918 767 sui

1124 781 1240 808 animam
1254 802 1262 814 ,
1277 781 1356 808 modo
1378 781 1499 809 fruticem
1512 803 1520 814 ,
1534 782 1615 810 modo
1636 783 1751 818 puellam
1761 805 1768 816 ,
1786 785 1865 812 modo
1879 786 1919 819 pi-

1124 833 1196 853 scem
1213 826 1293 854 effici.
1309 828 1404 855 Annon
1417 828 1478 862 jure
1499 828 1541 855 illa
1554 829 1683 856 exstincta
1697 830 1804 864 penitus
1815 831 1920 859 delcta-

1124 881 1177 908 que
1190 875 1272 900 sunt?
1285 874 1363 901 Certe
1374 874 1434 909 jure
1448 882 1480 902 ac
1494 875 1606 907 merito,
1623 880 1652 902 ut
1671 876 1740 904 ratio
1754 878 1917 912 postulabat.

1124 919 1160 945 At
1171 926 1222 946 non
1237 919 1275 946 sic
1286 919 1328 946 illa
1342 927 1401 954 qua:
1411 920 1443 947 ad
1457 920 1550 947 rudem
1565 921 1638 948 illum
1650 925 1678 948 et
1690 921 1843 950 illiteratum
1858 930 1920 958 per-

1125 964 1228 993 tinent:
1244 973 1336 992 verum
1358 965 1418 1001 Syri
1432 986 1438 996 ,
1452 965 1587 1001 Egyptii,
1603 967 1675 1000 Indi,
1691 967 1795 1001 Persae,
1811 969 1920 997 [Ethio-

1125 1018 1183 1044 pes,
1198 1011 1398 1046 innumcrthue
1410 1012 1469 1038 alia:
1480 1017 1584 1047 gentes,
1596 1012 1720 1048 dogmata
1735 1014 1768 1041 ab
1779 1014 1825 1041 illo
1840 1015 1920 1043 indu~

1125 1061 1168 1083 cta
1193 1057 1218 1084 in
1245 1057 1360 1092 linguam
1387 1065 1463 1085 suam
1488 1058 1701 1093 transferentes,
1728 1060 1833 1088 barbari
1856 1061 1919 1090 licet

1125 1107 1226 1136 essent,
1241 1103 1424 1139 philosophari
1437 1104 1597 1132 didicerunt.

1160 1148 1186 1175 '5.
1207 1148 1264 1176 Non
1280 1157 1344 1184 ergo
1358 1149 1456 1176 frustra
1471 1150 1591 1177 dicebam
1602 1171 1611 1184 ,
1626 1154 1710 1178 totum
1730 1152 1824 1180 orbem
1839 1153 1918 1180 thea-

1126 1198 1194 1221 trum
1217 1194 1266 1229 ipsi
1288 1194 1379 1223 fuisse.
1392 1195 1484 1230 Neque
1503 1196 1575 1223 enim
1594 1197 1685 1224 missis
1704 1199 1917 1233 congeneribus,

1124 1248 1218 1267 vanam
1233 1241 1318 1268 brutis
1337 1241 1506 1268 instituendis
1519 1250 1628 1276 operam
1644 1243 1774 1278 ponebat;
1789 1245 1859 1280 quod
1873 1253 1920 1272 su-

1127 1293 1322 1321 pervacaneum
1348 1286 1464 1314 studium
1485 1291 1513 1314 et
1531 1288 1624 1322 ingens
1637 1288 1789 1324 insipientia
1803 1290 1916 1323 fuisset;

1125 1331 1171 1359 sed
1196 1337 1223 1359 et
1246 1332 1326 1367 hujus
1346 1337 1374 1360 et
1393 1332 1507 1360 aliorum
1531 1341 1628 1368 expers
1642 1335 1777 1368 vitiorum,
1794 1336 1819 1363 id
1836 1345 1917 1364 unum

1125 1378 1245 1410 curabat,
1255 1383 1283 1405 ut
1296 1382 1368 1405 totus
1382 1378 1455 1406 orbis
1470 1378 1533 1406 utile
1546 1379 1680 1415 quidpiam
1690 1381 1831 1415 edisceret,
1846 1384 1917 1418 quod

1125 1428 1216 1458 posset
1228 1424 1300 1451 illum
1314 1431 1328 1450 ιι
1341 1428 1410 1451 terra
1424 1424 1449 1451 in
1461 1424 1557 1452 caelum
1571 1425 1726 1453 transferre.
1739 1426 1853 1464 Ideoque
1865 1438 1917 1457 non

1125 1470 1240 1505 caligine
1252 1474 1279 1496 et
1292 1470 1410 1498 tenebris
1423 1470 1571 1499 doctrinam
1591 1480 1666 1499 suam
1682 1473 1811 1508 involvit,
1824 1480 1852 1502 ut
1869 1476 1915 1509 illi,

1125 1515 1170 1550 qui
1198 1523 1286 1550 prava:
1307 1515 1436 1543 doctrinae
1462 1523 1518 1544 suae
1543 1517 1733 1546 obscuritatem
1760 1527 1809 1547 ceu
1830 1521 1917 1549 velum

1125 1561 1268 1596 quodpiam
1281 1561 1479 1594 obtendebant;
1494 1562 1541 1590 sed
1558 1563 1637 1598 hujus
1651 1564 1775 1599 dogmata
1793 1572 1855 1594 sunt
1874 1575 1918 1594 ra-

1125 1607 1177 1634 diis
1196 1607 1328 1635 solaribus
1355 1608 1468 1636 clariora
1489 1618 1495 1635 :
1519 1608 1579 1637 ideo
1603 1611 1726 1638 omnibus
1752 1620 1798 1649 per
1826 1614 1918 1641 urbem

1126 1653 1279 1681 hominibus
1294 1655 1422 1689 patefacta
1437 1660 1508 1684 sunt.
1526 1655 1584 1683 Non
1605 1657 1676 1684 enim
1695 1659 1813 1693 quinque
1835 1668 1920 1689 alan-v

1126 1706 1186 1726 rum
1198 1699 1333 1726 silentium
1342 1701 1530 1728 accedentibus
1541 1702 1697 1736 imperabat,
1710 1709 1737 1731 ut
1747 1704 1807 1738 ille;
1822 1713 1871 1733 nec
1881 1707 1920 1734 sic

1126 1744 1237 1772 docebat
1251 1767 1257 1777 ,
1270 1751 1297 1772 ut
1313 1746 1510 1774 iusensibilibus
1525 1747 1655 1783 lapidibus
1670 1750 1817 1784 assideret;
1834 1760 1920 1788 neque

1127 1793 1247 1819 numeris
1260 1793 1347 1819 omnia
1359 1793 1463 1820 definiri
1477 1793 1661 1822 fabulabatur:
1673 1797 1719 1823 sed
1733 1797 1836 1830 abiecta
1846 1800 1918 1827 omni

1127 1836 1280 1872 Itujusmodi
1297 1838 1397 1873 ingrata
1411 1838 1532 1867 doctrina
1545 1845 1572 1867 et
1587 1842 1704 1874 pernicie
1718 1844 1846 1878 satanica,
1863 1851 1920 1873 tan-

1128 1887 1181 1909 tam
1194 1883 1280 1910 verbis
1293 1883 1434 1911 admiscuit
1445 1884 1606 1917 facilitatem,
1619 1891 1647 1912 ut
1659 1895 1710 1914 non
1725 1889 1805 1916 modo
1817 1891 1881 1918 viris
1894 1897 1920 1919 et

1128 1927 1291 1962 sapientibus
1302 1948 1310 1961 ,
1325 1928 1371 1956 sed
1384 1929 1463 1956 etiam
1479 1930 1642 1958 mulierculis
1659 1936 1684 1959 et
1708 1933 1920 1964 adolescentibus

1128 1973 1197 2000 dicta
1212 1973 1299 2000 omnia
1313 1975 1452 2008 perspicua
1466 1980 1565 2003 essent.
1582 1976 1626 2003 Illa
1641 1978 1712 2004 enim
1728 1986 1788 2006 vera
1807 1985 1834 2008 et
1848 1982 1919 2008 utilia

1128 2018 1270 2053 audituris,
1281 2020 1514 2047 esseconfirmavit
1527 2026 1621 2055 totum,
1635 2023 1707 2058 quod
1718 2030 1808 2059 postea
1823 2034 1921 2061 sequu-

1131 2069 1185 2092 tum
1199 2071 1251 2098 est,
1263 2070 1367 2100 tempus
1382 2075 1387 2093 :
1403 2075 1463 2094 nam
1478 2072 1562 2094 totum
1577 2069 1611 2095 ad
1627 2077 1656 2096 se
1671 2073 1801 2104 pertraxit
1816 2073 1919 2107 orbem,

1129 2114 1157 2138 et
1169 2110 1203 2137 ab
1217 2112 1289 2138 omni
1308 2112 1392 2139 aliena
1411 2113 1536 2147 tragmdia
1551 2114 1632 2141 vitam
1647 2121 1765 2144 nostram
1780 2117 1901 2145 liberavit
1912 2140 1920 2152 ,

1130 2163 1270 2192 postquam
1283 2158 1339 2185 haec
1349 2159 1437 2186 audita
1453 2159 1536 2186 fuere.
1545 2160 1713 2196 Quapropter
1725 2168 1854 2198 quotquot
1865 2164 1922 2192 haec

1130 2202 1253 2230 audimus
1272 2203 1387 2230 animam
1400 2204 1537 2232 elfundere
1551 2211 1674 2240 optamus
1692 2209 1779 2242 potius
1789 2229 1796 2240 ,
1812 2217 1891 2244 quam
1906 2217 1921 2237 ε

1131 2249 1298 2283 dogmatibus
1313 2250 1346 2277 ab
1367 2250 1413 2278 illo
1437 2251 1540 2279 traditis
1552 2253 1721 2281 absistamus.
1737 2254 1804 2282 lliuc
1818 2263 1884 2291 ergo
1897 2261 1924 2284 ct

1131 2297 1203 2323 omni
1217 2304 1249 2323 ex
1262 2302 1337 2331 parte
1351 2297 1442 2332 liquet,
1459 2298 1525 2325 nihil
1539 2298 1682 2327 humanum
1697 2301 1731 2327 ab
1742 2301 1810 2336 ipso,
1826 2303 1874 2330 sed
1888 2303 1926 2330 di-

1132 2344 1191 2370 viua
1207 2348 1232 2370 et
1247 2344 1362 2371 crclcstia
1376 2352 1436 2372 esse
1449 2345 1570 2380 dogmata
1584 2367 1591 2379 ,
1604 2355 1662 2382 qua:
1675 2355 1689 2375 ιι
1702 2348 1791 2377 divina
1810 2349 1853 2377 illa
1867 2350 1926 2376 aui-

1132 2396 1174 2415 ma
1189 2388 1222 2415 ad
1236 2396 1283 2416 nos
1297 2396 1484 2424 pervenerunt.
1506 2391 1596 2427 Neque
1609 2393 1681 2421 enim
1694 2395 1836 2422 verborum
1853 2400 1924 2423 stre-

1133 2435 1227 2469 pitum,
1244 2443 1295 2462 non
1309 2435 1433 2463 dictionis
1455 2437 1556 2470 fucum,
1573 2446 1658 2474 neque
1680 2441 1817 2467 nominum
1829 2441 1926 2469 verbo-

1133 2489 1246 2516 rumque
1267 2487 1389 2509 ornatum
1412 2489 1439 2510 et
1461 2485 1681 2518 compositionem
1702 2487 1864 2521 superfluam
1883 2487 1923 2514 vel

1134 2526 1254 2554 inutilem
1270 2527 1418 2555 videbimus
1432 2529 1501 2563 (haee
1515 2530 1613 2564 quippe
1625 2531 1716 2565 procul
1729 2537 1790 2558 sunt
1802 2531 1836 2558 ab
1851 2533 1924 2560 omni

1134 2572 1329 2608 philosophia);
1345 2574 1390 2600 sed
1407 2575 1459 2600 vim
1475 2575 1598 2602 invictam
1615 2580 1642 2602 et
1654 2576 1781 2608 divinam,
1798 2582 1825 2604 et
1839 2584 1927 2604 recto-

1135 2625 1192 2643 rum
1215 2618 1367 2652 dogmatum
1391 2619 1547 2647 immensam
1573 2621 1719 2655 virtutem,
1743 2623 1925 2652 innumerabi-

1165 2674 1202 2705 (a)
1225 2678 1258 2708 De
1271 2674 1405 2699 Platonisin
1417 2676 1518 2708 siciliam
1539 2677 1641 2708 appulsu
1661 2679 1731 2703 multi
1751 2682 1920 2704 narraverunt.

1134 2703 1174 2729 De
1187 2703 1336 2742 .‘l’ythagorze
1352 2713 1411 2742 .cum
1430 2707 1512 2742 bobus
1524 2703 1648 2742 et'a'guilis
1659 2708 1781 2742 colloquio
1796 2703 1926 2742 inusquant

1135 2741 1175 2760 me
1187 2734 1399 2772 legere'memini;
1413 2738 1457 2772 nisi
1469 2737 1531 2772 forte
1541 2734 1663 2772 referatur
1672 2741 1701 2764 ad
1711 2734 1738 2764 ια’
1743 2741 1807 2772 quod
1819 2743 1851 2765 att
1863 2734 1926 2766 ’Βίο-

1134 2772 1214 2801 genas
1234 2768 1340 2802 Laertius
1359 2769 1384 2802 _in
1398 2768 1514 2802 principio
1525 2770 1582 2802 vitae
1594 2770 1743 2801 Pythagorae,
1751 2768 1859 2795 'animam
1872 2772 1925 2802 ejus

1136 2775 1214 2796 genas
1234 2775 1340 2791 Laerttus
1361 2775 1384 2792 ιιι
1398 2775 1514 2823 principio
1526 2775 1582 2794 Viue
1594 2775 1743 2801 Pythagorae,
1756 2778 1859 2795 atttmnm
1872 2775 1924 2802 ejus

1136 2798 1160 2820 in
1171 2804 1232 2832 quas
1243 2797 1320 2832 vellet
1331 2799 1432 2823 arbores
1441 2805 1471 2823 ve
1492 2801 1627 2832 animantes
1638 2803 1824 2832 commigrasse:
1835 2807 1924 2826 cratera

1134 2834 1194 2883 ἱξἎὲ
1205 2828 1237 2853 de
1258 2828 1387 2860 Pythagora
1399 2834 1535 2862 sequuntur
1544 2849 1551 2862 ,
1566 2831 1620 2856 vide
1631 2832 1694 2863 apud
1705 2828 1844 2864 Diogenem
1856 2836 1924 2858 lacr-
