2044 3113
210 194 248 212 JJ

211 239 326 275 liumque
341 239 470 267 bonorum
492 240 670 276 largitionem.
685 241 751 269 Nam
767 243 792 270 in
807 243 995 279 praedicatione

210 287 290 313 nimia
305 286 444 313 verberum
457 287 597 314 curiositas
615 288 751 322 superﬂua
765 295 847 323 esset,
863 295 891 318 et
903 292 996 326 sophi-

208 332 255 358 stis
263 331 339 366 digna
350 339 357 364 ;
367 331 420 359 imo
430 340 483 359 non
491 332 628 368 sophistis,
636 334 683 361 sed
694 335 781 369 pueris
792 336 976 371 insipientibus
987 347 994 372 ;

207 378 242 405 ita
258 382 285 404 ut
296 377 364 412 apud
374 385 422 405 eos
436 378 492 413 ipse
505 379 678 414 philosophus
690 381 828 409 induceret
840 388 995 418 magistrum

207 431 282 450 suunt
296 431 373 458 quem
388 430 444 451 suze
460 425 524 452 artis
536 425 662 460 pudebat,
679 427 776 462 quique
788 428 892 455 dicebat
904 429 993 464 judici-

205 469 255 495 bus
270 468 340 502 ipsos
351 469 490 496 auditurus
502 471 535 496 ab
548 478 577 498 se
589 478 649 498 esse
663 472 743 498 verba
759 473 817 500 sine
831 474 951 505 artificio.
968 479 995 502 et

205 518 231 540 ut
253 521 330 540 casus
345 514 464 547 ferebat,
482 514 601 549 prolata;
618 524 671 543 non
686 518 824 552 exquisitis
841 524 933 546 ornata
951 519 993 546 di-

203 560 262 591 ctis,
276 567 327 586 non
349 559 437 587 verbis
450 565 477 587 ct
492 561 643 589 nominibus
660 562 767 590 selectis
791 563 886 591 fucata.
903 564 994 599 Neque

202 606 273 631 enitn
288 612 335 639 par
348 610 406 637 est,
422 606 567 640 inquiebat,
582 615 599 634 ο
614 607 674 641 viri,
691 609 768 643 hujus
788 611 874 637 aetatis
888 611 990 644 virum,

202 651 378 678 adolescentis
391 651 511 686 proferre
521 652 602 680 verba
615 661 704 681 coram
719 655 793 682 vobis
801 656 943 690 judicibus.
953 657 992 686 Ac

202 696 261 723 vide
273 703 353 731 quam
371 697 406 723 sit
427 697 490 724 illttd
506 698 656 727 ridiculum.
669 701 753 733 Quam
768 702 839 728 enim
853 710 910 729 rem
925 707 992 730 tam-

200 751 278 777 quam
296 749 411 780 turpem,
424 746 588 781 philosophia
605 748 750 782 indignam,
767 750 991 778 adolescentium-

199 797 250 823 quc
264 797 342 824 opus,
356 792 510 826 magistrum
524 800 601 820 suum
613 793 704 828 fugere
714 794 789 828 dixit,
805 795 865 823 huic
876 797 990 824 maxime

199 835 255 869 ipse
266 843 374 870 operam
385 837 467 864 dedit.
482 838 517 864 Ita
530 838 626 873 ubique
637 839 773 867 ambitioni
784 841 924 868 studebant
936 842 971 869 illi
981 851 988 874 ;

198 880 236 914 (a)
254 880 385 916 [nihilque
407 887 503 916 prteter
522 883 573 910 hoc
588 884 615 910 in
630 884 742 912 Platone
757 885 931 914 admiratione
952 887 990 914 di-

196 934 276 960 gnum
288 927 415 964 videtur.]
426 929 463 956 Ac
474 930 696 964 quemadmodum
706 932 856 966 sisepulcra
869 934 988 961 exterius

197 971 322 999 dealbata
338 975 484 1008 aperueris,
501 975 585 1008 sanie,
599 976 703 1009 foetore,
718 979 904 1014 corruptisque
917 981 986 1007 ossi-

196 1017 244 1044 bus
258 1018 336 1052 plena
348 1019 450 1046 videbis
463 1028 470 1046 :
486 1020 522 1047 ita
544 1021 565 1047 si
590 1021 742 1057 philosophi
756 1023 879 1058 dogmata
892 1025 985 1052 dictio-

195 1064 236 1090 nis
261 1069 357 1092 ornatu
381 1065 534 1099 nudaveris,
560 1068 641 1095 multa
663 1069 764 1096 videbis
789 1070 986 1099 abominatione

194 1109 290 1143 plena;
307 1111 422 1138 maxime
435 1112 456 1138 si
470 1112 503 1139 de
517 1113 604 1140 anima
621 1114 833 1150 philosophetur,
849 1124 927 1151 quam
943 1118 984 1144 tti-

192 1156 245 1182 mio
258 1156 360 1184 honore
380 1158 412 1184 ad
427 1158 619 1193 blasphemiam
643 1169 727 1196 usque
746 1162 837 1189 afﬁcit.
854 1163 901 1190 llic
913 1165 984 1191 enim

191 1201 340 1229 diabolicus
352 1204 462 1238 laqueus
477 1209 527 1238 est,
543 1213 696 1233 mensuram
711 1215 840 1242 nusquam
856 1216 963 1236 servare
974 1230 981 1242 ,

190 1248 236 1275 sed
250 1249 276 1275 itt
294 1253 435 1284 utrumque
451 1255 631 1278 extremorum
647 1252 692 1279 illo
706 1258 798 1287 captos
814 1262 861 1288 per
876 1262 982 1289 pravam

189 1294 339 1321 doctrinant
353 1295 497 1323 deducere.
514 1296 590 1323 Nunc
610 1298 680 1324 enim
707 1298 777 1325 illam
801 1307 833 1326 ex
855 1300 900 1327 Dei
921 1301 983 1328 sub-

189 1341 287 1369 stantia
302 1349 362 1369 esse
375 1342 455 1375 dicit;
473 1350 542 1370 nunc
559 1343 628 1370 illam
645 1349 740 1378 prmter
753 1346 861 1372 modum
885 1352 913 1374 et
934 1348 983 1374 itu-

191 1389 232 1423 pie
252 1389 351 1415 elatam
365 1410 372 1422 ,
388 1396 435 1423 per
457 1389 568 1416 alteram
588 1390 752 1425 hyperbolen
768 1392 902 1426 deturpat,
918 1393 981 1420 dum

189 1434 260 1461 illam
279 1434 304 1460 in
321 1441 426 1468 porcos,
438 1435 537 1468 asinos,
554 1435 633 1470 inque
647 1435 738 1463 viliora
753 1438 895 1464 animantia
910 1438 983 1465 indu-

188 1481 232 1507 cit.
249 1480 303 1507 Sed
320 1480 378 1507 lucc
396 1481 462 1507 satis
482 1487 578 1514 sunto;
593 1482 646 1509 imo
660 1482 728 1509 ultra
752 1483 859 1510 ntodum
883 1483 917 1511 de
939 1484 980 1511 his

187 1527 376 1557 disseruimus.
390 1529 417 1557 Si
428 1530 491 1564 quid
507 1530 576 1557 enim
593 1531 657 1558 utile
667 1531 700 1557 alt
715 1531 766 1558 illis
783 1532 863 1560 edisci
878 1536 979 1566 posset,

187 1574 309 1608 pluribus
331 1575 363 1602 iis
386 1575 509 1603 insistere
533 1577 712 1610 oportuisset;
737 1577 777 1604 sin
800 1585 863 1605 vero
878 1582 979 1605 tantum

185 1625 315 1655 quantum
334 1621 367 1647 ad
381 1629 475 1649 eorum
498 1622 684 1649 declarandam
709 1623 901 1657 turpitudinem
915 1624 979 1650 satis

185 1671 271 1700 esset,
286 1667 429 1694 dicendum
444 1669 571 1702 oportuit.
590 1668 646 1695 haec
662 1669 719 1703 plus
730 1676 808 1703 quant
827 1669 892 1696 satis
906 1673 977 1695 sunt.

185 1712 275 1745 Quare
290 1713 379 1740 missis
394 1713 497 1740 illorunt
512 1713 608 1740 fabulis
622 1735 629 1745 ,
645 1714 699 1747 jam
715 1718 803 1741 nostra
817 1715 978 1749 attingamus

184 1759 308 1793 dogmata
319 1779 327 1791 ,
341 1767 400 1793 quae
421 1759 496 1786 nobis
517 1766 564 1793 per
583 1759 693 1793 hujusce
709 1759 848 1793 piscatoris
860 1759 977 1794 linguam

184 1805 218 1832 de
229 1805 298 1832 casio
312 1806 426 1833 demissa
441 1809 519 1838 sunt,
536 1812 649 1840 quaeque
675 1805 742 1832 nihil
766 1805 863 1832 habent
882 1806 976 1832 huma-

184 1859 259 1878 num.
279 1852 333 1886 Age
347 1859 411 1886 ergo
423 1872 430 1883 ,
445 1851 502 1878 htec
518 1851 586 1878 dicta
601 1852 626 1878 in
643 1851 758 1878 mediunt
774 1851 916 1878 afferamus
926 1871 933 1884 ,
950 1855 976 1878 et

183 1902 213 1925 ut
224 1897 302 1924 initio
317 1897 414 1924 hortati
429 1904 530 1930 smnus,
545 1897 623 1924 dictis
638 1904 698 1924 esse
711 1897 910 1929 attendendum,
926 1897 976 1923 hoc

184 1950 258 1970 nunc
273 1944 367 1970 iterum
380 1950 529 1970 monemus.
542 1942 610 1975 Quid
624 1950 687 1977 ergo
698 1943 771 1969 initio
785 1942 848 1969 dicit
863 1949 976 1976 evange-

183 1989 267 2016 lista?
289 1990 314 2016 Ι.
339 1989 371 2016 1η
396 1989 520 2024 principio
535 1994 588 2016 erat
607 1988 724 2023 Verbum,
749 1994 772 2016 et
792 1988 898 2016 Verbum
922 1993 975 2016 erat

182 2036 253 2071 apud
266 2035 357 2063 Deum.
371 2036 495 2064 Vidistin‘
510 2036 632 2064 fiduciam
646 2041 672 2064 et
694 2037 746 2063 vim
760 2036 902 2064 verborum
917 2045 973 2063 ma-

183 2083 305 2110 ximam?
325 2083 458 2118 quomodo
480 2078 545 2109 nihil
566 2082 709 2114 dubitans,
726 2082 790 2109 nihil
813 2082 970 2117 eonjiciens,

182 2130 228 2156 scd
245 2130 333 2156 omnia
347 2129 505 2156 allirmantis
526 2136 600 2156 more
616 2128 758 2164 loquatur?
772 2128 827 2155 Hoc
844 2133 884 2155 est
901 2129 970 2155 enint

181 2175 315 2208 doctoris,
334 2183 388 2203 non
401 2175 527 2203 vacillare
542 2176 567 2202 itt
583 2176 614 2202 iis
629 2183 687 2209 qua:
708 2175 815 2209 profert.
832 2175 897 2201 Nam
911 2175 932 2202 si
949 2174 971 2201 is

180 2223 225 2257 qui
240 2223 308 2249 alios
323 2223 455 2255 instituit,
470 2222 552 2249 altero
565 2229 632 2256 opus
648 2222 760 2255 habeat,
777 2221 820 2256 qui
836 2221 904 2249 dicta
923 2228 970 2248 sua

179 2267 340 2295 conﬁrmare
355 2268 437 2302 possit
450 2288 457 2299 ,
472 2275 524 2294 non
547 2267 684 2294 doctorum
696 2287 703 2300 ,
718 2268 765 2294 scd
780 2267 969 2300 discipuloruttt

178 2314 299 2341 ordinem
309 2314 369 2349 jure
379 2314 507 2342 obtineat.
517 2314 545 2341 Si
559 2314 617 2349 quis
629 2322 692 2340 vero
707 2314 812 2345 dixerit,
821 2313 874 2341 Cur
885 2313 968 2348 prima

177 2361 276 2386 omissa
291 2367 380 2392 causa,
397 2360 484 2386 statim
506 2360 581 2386 nobis
595 2360 628 2386 de
644 2360 758 2387 secunda
773 2359 900 2386 disserit?
915 2359 969 2393 pri-

178 2413 249 2432 mum
264 2410 292 2433 et
304 2406 451 2433 secundum
466 2406 508 2433 hic
520 2406 610 2433 dicere
623 2406 805 2433 recusabimus
822 2415 828 2432 :
843 2405 967 2433 divinitas

176 2454 246 2479 enim
262 2457 288 2479 et
302 2460 413 2480 nttmero
427 2457 453 2480 et
467 2457 615 2487 temporum
636 2453 824 2488 consequentia
845 2453 967 2487 superior

175 2502 225 2525 est.
243 2498 357 2533 Ideoqtte
379 2498 419 2525 his
439 2498 597 2532 repudiatis,
621 2498 725 2526 Patrem
748 2498 907 2526 confitemur
929 2505 965 2526 ex

175 2543 248 2570 ttttllo
263 2551 334 2575 esse,
351 2542 499 2579 ﬁliumque
512 2552 544 2571 ex
560 2545 638 2571 Patre
652 2549 753 2572 natum.

208 2590 236 2617 4.
257 2589 308 2617 Cur
322 2589 444 2623 Joannes,
465 2591 551 2617 relicto
579 2590 674 2622 Patre,
700 2590 731 2616 de
752 2589 821 2617 Filio
845 2591 962 2617 disserat.

175 2633 357 2662 Describuntur
379 2636 504 2670 sapientia
536 2640 559 2662 et
584 2636 726 2662 sublimitas
748 2636 914 2671 evangelium.
929 2650 964 2656 —-

173 2680 265 2714 Recte,
284 2682 387 2716 inquies
404 2691 409 2707 :
425 2690 516 2709 verum
532 2690 580 2710 cur
600 2683 696 2710 relicto
721 2683 809 2716 Patre,
834 2683 868 2710 de
896 2683 963 2711 Filio

171 2725 298 2753 disserit?
316 2727 382 2761 Quia
397 2727 443 2755 ille
459 2729 581 2762 cognitus
593 2729 716 2755 omnibtts
730 2733 797 2760 erat,
819 2729 842 2755 si
861 2736 912 2755 non
934 2733 962 2756 ut

173 2771 260 2804 Pater,
275 2772 369 2800 saltem
384 2777 413 2799 ut
425 2773 493 2800 Deus
511 2781 517 2798 :
534 2772 690 2808 Uttigenitus
700 2782 764 2800 vero
779 2774 958 2808 ignorabatur.

173 2815 286 2850 Ideoque
301 2818 360 2852 iure
374 2825 389 2845 a
406 2818 535 2853 principio
550 2819 638 2846 statim
653 2819 711 2853 ejus
727 2819 845 2846 notitiam
869 2820 960 2847 ittdcre

202 2893 242 2925 (rt)
255 2900 312 2924 Qua:
324 2897 419 2922 uncinis
427 2896 578 2928 clauduntur,
592 2897 660 2921 sarit.
675 2898 698 2923 in
715 2898 825 2928 margine
835 2895 926 2928 pusuit.

774 186 807 214 IN
825 187 982 217 JOANNEM
1003 190 1117 220 IIOMIL.
1139 193 1170 220 Il.
1191 196 1226 223 al.
1247 196 1265 223 l.

1012 463 1033 474 Δ

1805 209 1839 239 34

1052 247 1159 277 festinat
1179 251 1211 278 iis
1231 253 1276 286 qui
1296 253 1380 288 ipsunt
1405 263 1458 283 non
1483 263 1621 286 noverant.
1636 260 1761 296 Alioquin
1776 271 1840 293 vero

1050 293 1156 322 Patrem
1171 296 1197 322 in
1209 296 1260 324 hoc
1273 305 1397 327 sermone
1409 308 1462 329 non
1479 304 1569 331 tacuit.
1584 305 1622 332 Ac
1636 306 1696 334 vide
1706 293 1769 336 inihi
1783 312 1839 344 spi-

1048 339 1170 368 ritualem
1185 342 1362 376 prudentiam.
1378 345 1455 374 Novit
1470 348 1591 377 homines
1599 350 1655 385 jam
1667 352 1730 380 olim
1741 339 1838 383 etanta

1047 386 1136 413 omnia
1155 387 1237 415 Deum
1256 396 1310 423 prre
1324 391 1448 419 omnibus
1461 394 1552 422 colere
1571 401 1598 423 et
1620 404 1750 426 asserere.
1774 400 1837 428 Ideo

1048 430 1110 458 inde
1125 432 1284 466 principium
1305 435 1376 468 fecit,
1395 441 1423 463 et
1438 445 1594 473 progressus
1614 441 1699 470 Deum
1712 452 1772 472 esse
1793 446 1837 474 di—

1046 477 1092 503 cit.
1108 476 1166 504 Non
1181 478 1250 505 sicut
1272 480 1347 508 Plato
1368 481 1481 510 alterum
1503 491 1630 519 utentem,
1653 489 1765 517 alterum
1779 492 1838 519 ani-

1046 529 1116 548 mam
1128 530 1186 550 esse
1199 524 1264 551 dicit
1279 534 1285 552 :
1306 525 1362 554 hcce
1382 528 1453 554 enim
1469 530 1562 562 procul
1583 537 1647 558 sunt
1661 541 1675 559 a
1690 534 1779 562 divina
1791 535 1840 564 illa.

1044 571 1072 595 et
1082 568 1224 596 immortali
1241 575 1343 598 natura.
1357 572 1448 607 Neque
1462 574 1533 601 enim
1546 582 1688 605 commune
1699 580 1836 614 quidpiam

1045 612 1182 641 nobiscum
1205 615 1294 649 habet,
1320 617 1367 644 sed
1394 617 1472 654 longe
1494 624 1534 646 est
1557 628 1572 647 a
1595 612 1836 653 communicatione

1044 664 1104 684 cum
1129 661 1280 693 creaturis;
1305 663 1451 690 secundum
1474 664 1650 693 substantiam
1672 668 1753 701 dico,
1781 678 1834 698 non

1043 705 1190 732 secundum
1214 706 1344 734 habitum.
1366 709 1428 736 Ideo
1444 711 1560 739 Verbum
1583 712 1658 739 illum
1680 714 1832 748 appellavit.

1041 748 1108 776 Cum
1124 751 1195 778 enim
1211 751 1337 780 docturus
1351 759 1423 782 esset
1443 755 1492 783 hoc
1507 756 1624 784 Verbum
1637 765 1697 786 esse
1712 761 1834 795 unigeni-

1043 800 1098 823 tum
1122 797 1217 825 Filium
1244 799 1302 832 Dei,
1330 807 1364 827 ne
1383 801 1443 835 quis
1463 803 1663 836 generationem
1680 806 1834 839 partsibilem

1041 842 1232 876 suspicaretur,
1257 846 1393 879 prremissa
1419 846 1498 874 Verbi
1520 850 1700 883 appellatione
1724 859 1833 880 omnem

1043 887 1110 914 tollit
1133 889 1231 916 malam
1253 891 1442 924 suspicionem,
1466 893 1528 920 dttm
1552 899 1580 921 et
1604 895 1701 922 Filium
1720 905 1759 923 ex.
1775 898 1833 932 ipso

1039 939 1109 965 esse,
1126 937 1154 960 et
1172 933 1373 968 intpassibiliter
1390 936 1486 965 Filium
1502 945 1561 966 esse
1584 939 1713 968 declarat.
1739 942 1831 971 Viden‘

1038 979 1182 1013 quomodo,
1195 985 1224 1007 ut
1235 981 1289 1015 jam
1305 982 1368 1015 dixi,
1384 990 1445 1010 cum
1459 983 1492 1012 de
1510 985 1577 1012 Filio
1591 985 1755 1021 loqueretur,
1779 989 1831 1016 Pa-

1039 1028 1106 1052 trem
1121 1033 1172 1052 non
1187 1027 1289 1054 tacuit?
1300 1028 1375 1061 Quod
1388 1030 1410 1056 si
1425 1029 1481 1057 lucc
1491 1037 1544 1057 non
1556 1031 1619 1058 satis
1634 1033 1688 1059 sint
1702 1033 1734 1060 ad
1749 1038 1837 1062 totum».

1038 1077 1094 1097 rem
1107 1070 1305 1105 declarandam,
1323 1081 1356 1100 ne
1372 1075 1487 1102 ntireris.
1505 1076 1541 1103 De
1558 1076 1613 1104 Deo
1627 1085 1741 1113 namque
1754 1079 1830 1108 nobis

1037 1121 1079 1143 est
1093 1124 1192 1150 sermo,
1210 1126 1288 1153 quem
1304 1127 1352 1154 pro
1365 1120 1494 1155 dignitate
1514 1130 1600 1158 neque
1622 1123 1722 1158 dicere,
1743 1133 1831 1160 neqtte

1036 1163 1154 1196 cogitare
1173 1171 1322 1198 possumus.
1338 1166 1400 1194 Ideo
1414 1167 1456 1194 ltic
1475 1168 1630 1197 substantia:
1644 1178 1742 1199 nomen
1763 1180 1829 1200 nus-

1036 1215 1114 1242 quam
1129 1211 1202 1243 ponit
1216 1218 1224 1236 :
1237 1211 1298 1245 quia
1321 1219 1399 1240 nemo
1422 1218 1508 1247 potest
1522 1214 1612 1242 dicere
1624 1216 1687 1250 quid
1705 1217 1774 1245 Deus
1793 1219 1828 1245 sit

1035 1254 1180 1281 secundum
1204 1256 1378 1284 substantiam
1405 1266 1411 1284 :
1439 1258 1537 1294 ubique
1558 1265 1647 1287 autem
1661 1261 1734 1289 illum
1748 1262 1827 1291 nobis

1034 1305 1067 1325 ex
1090 1300 1215 1332 operibus
1238 1300 1413 1329 demonstrat.
1437 1302 1572 1338 Siquidem
1587 1305 1638 1332 ltoc
1652 1306 1768 1334 Verbum
1784 1309 1825 1335 vi-

1034 1343 1098 1370 dere
1112 1349 1152 1371 cst
1171 1350 1261 1379 postea
1276 1346 1361 1374 lucem
1377 1347 1487 1380 dictmn,
1514 1352 1541 1375 et
1556 1349 1641 1377 Iucetn
1662 1358 1754 1378 rursus
1776 1359 1826 1387 ap-

1034 1390 1126 1424 pellari
1145 1392 1226 1418 vitam
1243 1393 1261 1418 ¹.
1279 1393 1370 1428 Neque
1389 1393 1438 1421 Itac
1457 1395 1542 1421 solum
1556 1395 1590 1422 de
1608 1403 1686 1423 causa
1701 1398 1739 1424 sic
1754 1398 1826 1425 illuttt

1034 1436 1138 1462 vocavit
1154 1445 1160 1462 :
1178 1437 1223 1463 sed
1237 1437 1293 1465 lucc
1307 1439 1391 1472 prima
1406 1446 1485 1466 causa
1499 1445 1540 1467 est
1555 1440 1682 1474 secunda,
1695 1442 1756 1477 quia
1767 1451 1827 1477 qua:

1033 1480 1118 1507 Patris
1138 1486 1215 1508 erant
1237 1483 1312 1509 ttohis
1323 1488 1381 1510 erat
1397 1485 1583 1517 nuntiaturus;
1608 1493 1669 1512 nam
1689 1487 1725 1514 ait
1742 1496 1748 1513 ί
1765 1487 1827 1515 0m-

1032 1528 1075 1553 m'a
1098 1535 1154 1562 qua:
1176 1529 1262 1555 audivi
1281 1538 1296 1555 a
1310 1529 1401 1562 Patre,
1425 1532 1572 1558 annuntiavi
1591 1533 1659 1560 vobis
1677 1533 1765 1568 (Joan.
1781 1534 1825 1562 I5.

1032 1573 1088 1607 15).
1113 1573 1195 1601 Vocat
1220 1580 1307 1602 autem
1330 1575 1403 1602 illum
1422 1580 1449 1603 et
1475 1576 1555 1603 vitam
1576 1581 1603 1604 et
1626 1578 1711 1605 lucem
1734 1588 1740 1605 ς
1762 1587 1823 1606 naut

1031 1618 1190 1653 cognitionis
1204 1619 1290 1647 lucent
1311 1620 1387 1647 nobis
1405 1621 1489 1653 dedit,
1506 1625 1532 1648 et
1545 1629 1576 1649 ex
1593 1622 1651 1649 luce
1671 1623 1763 1650 vitam.
1796 1624 1823 1651 lu

1030 1671 1133 1691 summa
1149 1672 1202 1691 non
1220 1673 1300 1692 unum
1316 1674 1423 1698 nomen,
1449 1675 1501 1694 non
1524 1668 1587 1700 duo,
1615 1676 1667 1695 tton
1690 1670 1749 1702 tria,
1770 1677 1823 1697 non

1031 1711 1105 1745 plura
1115 1711 1180 1738 satis
1194 1717 1255 1738 sunt
1268 1711 1301 1738 ad
1316 1719 1346 1739 ea
1361 1720 1419 1747 qua:
1433 1713 1515 1740 Deum
1529 1719 1651 1748 Spectant
1664 1715 1800 1742 educenda
1816 1725 1823 1742 ε

1029 1756 1077 1783 sed
1091 1756 1237 1790 oplandum
1249 1761 1301 1790 est,
1324 1763 1353 1784 ut
1366 1759 1447 1784 ctlant
1471 1766 1519 1792 per
1540 1759 1624 1786 nutlta
1648 1760 1689 1787 vel
1709 1760 1823 1789 obscure

1029 1802 1162 1836 possimus
1174 1810 1205 1830 ea
1220 1810 1279 1837 quae
1293 1803 1326 1830 ad
1339 1803 1424 1831 Deum
1444 1809 1566 1838 spectant
1587 1806 1740 1840 complecti.
1764 1807 1822 1834 Non

1027 1853 1116 1876 autem
1132 1848 1290 1883 simpliciter
1305 1848 1420 1876 Verbum
1437 1850 1587 1884 appellavit,
1616 1851 1663 1878 sed
1680 1858 1740 1878 cum
1756 1853 1821 1878 arti-

1027 1894 1079 1921 culi
1094 1893 1243 1928 adjectione
1255 1901 1269 1920 a
1283 1894 1396 1928 reliquis
1411 1895 1497 1929 ipsum
1511 1895 1645 1922 distinxit.
1661 1895 1754 1923 Viden'
1778 1905 1821 1924 me

1027 1947 1079 1967 non
1095 1940 1190 1967 frustra
1205 1939 1306 1968 dixisse
1318 1940 1389 1967 ltunc
1403 1941 1594 1976 evangelistam
1610 1942 1687 1969 nobis
1702 1942 1736 1969 de
1752 1942 1820 1969 ccelo

1027 1985 1118 2020 loqui?
1133 1986 1323 2013 Animadverte
1338 1987 1421 2018 enim,
1445 1994 1499 2022 quo
1517 1988 1688 2015 sublimitatis
1702 1989 1790 2015 statim
1805 1996 1819 2016 a

1025 2031 1156 2065 principio
1182 2031 1333 2058 attditorum
1358 2037 1474 2059 mentem
1497 2036 1524 2059 et
1548 2033 1664 2060 animam
1687 2036 1816 2062 evexerit.

1025 2076 1169 2111 Postquam
1183 2077 1253 2103 enim
1270 2077 1341 2104 illam
1356 2085 1435 2111 supra
1452 2078 1541 2104 omnia
1555 2085 1614 2112 qua;
1636 2079 1686 2105 sub
1708 2087 1816 2107 sensmn

1024 2123 1132 2154 cadunt,
1157 2130 1237 2156 supra
1264 2128 1374 2155 terram,
1401 2131 1484 2155 mare,
1500 2124 1594 2150 caelum
1609 2125 1711 2158 evexit,
1736 2127 1816 2154 etiam

1023 2175 1102 2201 supra
1116 2167 1273 2199 Clterultim,
1300 2167 1452 2201 Scrapltim,
1481 2167 1615 2201 Thronos,
1638 2169 1816 2205 Principatus,

1024 2213 1183 2245 Potestates,
1206 2220 1286 2247 supra
1314 2221 1420 2240 omttem
1446 2213 1561 2248 denique
1581 2219 1729 2242 creaturam
1745 2216 1815 2244 iace.

1022 2259 1086 2286 dere
1119 2260 1212 2286 suasit.
1239 2259 1307 2292 Quid
1322 2260 1421 2294 igitur?
1441 2268 1474 2287 an
1491 2266 1629 2295 postquam
1646 2269 1697 2289 nos
1709 2263 1740 2289 ad
1756 2268 1815 2290 tan-

1022 2310 1074 2332 tam
1100 2306 1290 2333 sublimitatent
1316 2306 1440 2339 deduxit,
1463 2307 1498 2333 ibi
1521 2314 1570 2334 nos
1589 2307 1685 2335 sistere
1706 2310 1814 2343 potuit?

1020 2350 1191 2386 Nequaquam
1204 2360 1211 2384 ;
1233 2351 1279 2379 sed
1293 2352 1405 2386 perinde
1417 2360 1448 2379 ac
1458 2352 1482 2380 si
1491 2353 1550 2387 quis
1564 2357 1678 2380 stantem
1694 2354 1727 2381 :td
1741 2355 1814 2382 littus

1021 2398 1110 2429 maris.
1135 2406 1167 2425 ac
1184 2398 1371 2433 respicientem
1394 2399 1485 2432 urbes,
1510 2406 1581 2433 oras,
1607 2404 1716 2434 portus;
1741 2405 1813 2435 post-

1020 2452 1098 2478 quam
1112 2445 1137 2471 in
1152 2444 1268 2472 medium
1282 2444 1392 2480 pelagus
1403 2445 1554 2477 adduxerit,
1571 2453 1585 2472 a
1601 2446 1734 2480 prioribus
1749 2447 1811 2481 qui-

1019 2490 1079 2517 dem
1103 2491 1212 2523 atnovit,
1238 2495 1266 2517 at
1287 2491 1404 2525 aspectui
1420 2490 1479 2525 ejus
1496 2491 1623 2518 terminos
1638 2499 1691 2518 non
1706 2495 1810 2525 p0suit,

1018 2535 1064 2562 sed
1076 2535 1234 2562 intmensuut
1249 2536 1298 2569 ipsi
1315 2535 1495 2570 spectaculum
1508 2535 1581 2562 dedit
1606 2545 1612 2562 :
1635 2536 1674 2563 sic
1688 2540 1716 2562 et
1730 2543 1811 2563 evan-

1017 2580 1111 2615 gelista
1135 2585 1273 2615 postquam
1298 2588 1347 2608 nos
1372 2588 1451 2615 supra
1466 2588 1572 2608 omnem
1598 2585 1749 2607 creaturam
1765 2581 1807 2607 itt-

1016 2626 1101 2657 duxit,
1118 2631 1144 2654 et
1164 2626 1196 2653 ad
1218 2627 1355 2661 superiora
1368 2627 1497 2654 creaturis
1514 2626 1609 2654 secula
1624 2626 1705 2657 misit,
1723 2627 1808 2654 subli-

1017 2681 1087 2700 mem
1102 2673 1208 2700 oculum
1224 2673 1321 2700 mentis
1333 2673 1468 2707 relinquit,
1495 2672 1539 2706 qui
1560 2672 1664 2699 nullum
1680 2672 1760 2699 linem
1779 2673 1804 2700 in

1016 2719 1138 2752 supernis
1158 2719 1289 2752 attingere
1310 2718 1406 2752 possit,
1423 2725 1455 2744 eo
1470 2717 1540 2753 quod
1558 2716 1648 2744 nttllus
1671 2717 1714 2744 sit.
1738 2717 1805 2744 Nam

1016 2765 1059 2792 ulti
1083 2765 1116 2792 ad
1138 2765 1295 2799 principium
1319 2763 1440 2791 ascendit
1465 2764 1544 2795 ratio,
1569 2763 1665 2797 quau-it
1686 2763 1748 2798 quid
1772 2763 1807 2790 sit

1016 2811 1078 2838 illttd
1104 2811 1259 2846 principium
1284 2819 1290 2836 :
1315 2810 1412 2837 deinde
1435 2809 1478 2836 ubi
1494 2809 1568 2842 illud,
1595 2809 1667 2842 Erat,
1694 2810 1803 2844 reperit,

1047 2868 1054 2883 ί
1073 2867 1154 2892 Morel.
1175 2868 1239 2892 ltunc
1260 2866 1338 2890 locum
1356 2867 1390 2891 sic
1406 2866 1550 2891 habet.......
1572 2869 1594 2890 rt
1616 2866 1693 2891 lucem
1715 2871 1800 2890 rursus

1013 2898 1227 2930 appellativum",
1246 2901 1267 2922 et
1280 2898 1351 2922 ritum
1366 2897 1445 2923 t'octtrt'
1465 2897 1596 2923 veritatem.
