2044 3113
194 195 230 224 35
563 187 590 214 S.
610 182 750 213 JOANNIS
768 177 1004 210 CllllYSOSTOlfl
1025 176 1181 205 ARCHIEP.
1205 174 1472 204 CONSTANTINOP.
1793 170 1827 198 56

195 256 303 284 semper
316 247 426 275 ulterius
442 248 529 272 mente
542 241 700 278 procedens,
724 239 768 266 ubi
789 237 980 273 cogitationem

196 297 276 323 sistat
292 301 344 321 non
366 291 444 319 habet
466 299 473 316 ς
497 288 545 316 scd
571 287 672 315 intente
689 285 846 320 respiciens,
859 290 918 310 cum
933 286 986 308 ter-

197 341 300 369 minum
320 345 372 365 non
398 335 524 371 reperiat,
547 332 669 361 defessus
692 338 797 359 rursum
812 329 844 357 ad
860 328 985 356 inferiora

198 384 345 414 descendit.
371 380 435 410 lllnd
449 380 532 413 enim,
558 378 591 406 In
611 378 736 412 principio
750 381 812 408 erat,
836 374 902 402 nihil
916 372 987 400 aliud

198 431 340 467 signiﬁcat,
353 435 433 462 quam
454 425 525 462 quod
543 432 651 459 semper
664 423 753 455 fuerit,
774 426 801 449 et
813 425 930 448 aeternus
942 419 986 446 sit.

199 476 294 504 Viden‘
321 481 412 502 veram
441 472 653 507 philosophiam,
681 475 709 496 ct
734 468 824 496 divina
844 467 986 500 dogmata,

199 530 252 550 non
267 520 357 556 qualia
371 519 539 551 Graecorum,
565 517 609 552 qui
631 520 750 549 tempora
772 513 948 543 constituunt,
962 516 989 538 et

199 567 265 595 deos
279 566 347 593 alios
360 566 494 596 seniores,
516 563 584 590 alios
602 562 722 597 juniores
743 559 854 587 dicunt?
871 559 906 585 At
925 556 989 584 nihil

199 612 270 648 apud
292 619 342 639 nos
363 611 460 639 simile.
485 609 514 637 Si
537 609 609 636 enim
630 608 698 633 lteus
713 610 766 638 est,
787 610 816 632 ut
831 611 923 632 revera
937 607 987 635 est,

200 658 267 687 nihil
280 662 322 686 est
334 662 397 684 ante
412 656 507 687 illum;
531 654 553 681 si
568 653 678 680 Creator
699 651 828 681 omnium.
856 650 912 684 ipse
934 648 990 682 pri-

201 712 262 733 mus
275 708 318 732 est
331 712 338 736 ;
364 702 387 730 si
405 701 531 729 Dominus
542 704 568 727 et
581 699 734 726 dominator
748 696 877 725 omnium.
901 693 991 721 omnia

201 754 262 785 post
282 749 368 784 ipsum
389 750 460 779 sunt,
482 749 510 773 et
533 743 638 779 opifleia
655 747 682 769 et
701 740 809 769 saecula.
822 739 949 767 Volebam
966 739 991 765 in

203 784 253 822 alia
268 793 414 822 certamina
429 790 604 821 descendere,
619 788 666 816 sed
677 788 791 815 fortasse
805 786 903 813 fatiscit
917 784 993 811 vobis

206 841 324 869 animus.
339 839 429 872 Quare
444 841 504 872 post
523 835 645 871 qutcdam
669 833 781 864 monita,
797 840 857 867 quas
872 831 947 858 vobis
959 829 993 856 ad

203 887 337 915 dictorum
353 889 381 912 et
393 883 568 911 dicendorum
581 885 689 916 captum
709 883 787 906 erunt
802 877 887 910 utilia,
915 875 993 903 fittcm

203 931 310 959 dicendi
323 930 429 957 faciam.
445 928 571 961 Qnmuam
587 926 665 960 igitur
679 932 710 951 ea
724 923 808 951 sunt?
821 922 884 949 Scio
898 921 995 948 multos

203 977 335 1004 dictorum
349 973 542 1010 longitudinem
560 971 689 998 fastidire.
714 969 770 996 Iloc
788 975 852 995 vero
870 971 933 994 tunc
955 966 993 998 fit,

203 1030 265 1050 cum
288 1022 375 1048 anima
401 1020 493 1048 multis
521 1017 692 1046 smcularibus
724 1015 796 1043 cttris
829 1013 996 1048 sarcinisque

205 1067 335 1094 obruitur.
351 1065 424 1093 Sicut
449 1065 520 1092 enim
544 1063 626 1093 visus,
651 1061 714 1089 dum
735 1068 816 1096 purus
837 1059 995 1093 lucidusqne

206 1117 259 1145 est,
286 1117 364 1141 acute
385 1109 466 1141 videt,
492 1117 578 1144 neque
600 1108 701 1135 laborat
714 1114 774 1133 cum
787 1105 830 1133 vel
842 1104 996 1132 tenuissima

206 1164 317 1192 corpora
340 1155 466 1190 perspicit
491 1163 498 1182 :
522 1153 629 1189 quando
649 1157 738 1179 autem
760 1151 792 1178 de
807 1150 895 1185 capite
912 1150 998 1177 malus

207 1203 303 1230 humor
318 1201 414 1235 aliquis
429 1199 529 1231 deﬂuit,
546 1199 587 1226 vel
605 1198 687 1226 densa
707 1197 827 1232 quzedam
843 1196 950 1229 nebula,
965 1203 997 1223 ex

208 1246 306 1273 infimis
318 1246 436 1280 partibus
448 1244 607 1276 ascendens,
619 1248 681 1270 ante
695 1242 822 1278 pupillam
835 1242 948 1274 sistitur,
965 1249 999 1269 nc

207 1292 340 1320 crassiora
363 1291 472 1326 quidem
491 1291 564 1318 clare
585 1289 737 1324 perspicere
751 1292 838 1323 potest
854 1295 861 1314 :
875 1288 915 1315 sic
932 1292 958 1314 ct
972 1287 998 1314 in

208 1339 297 1365 anima
313 1337 452 1372 contingit.
476 1337 541 1364 Cum
564 1337 635 1363 enim
651 1340 809 1370 expurgatu,
829 1334 902 1360 nullo
915 1333 999 1361 animi

210 1383 305 1410 morbo
328 1382 459 1415 turbatur,
483 1386 560 1409 acute
576 1380 694 1408 intuetur
705 1388 736 1408 ea
751 1387 809 1414 qum
822 1379 912 1406 videre
933 1386 1000 1413 opus

210 1433 273 1460 est;
292 1435 352 1455 cum
369 1435 449 1463 porro
469 1427 560 1454 multis
581 1426 678 1454 foedata
703 1425 851 1458 affectibus,
875 1425 999 1452 virtutem

212 1473 350 1508 pristinam
372 1473 502 1505 amiserit,
527 1481 579 1500 non
595 1472 672 1499 facile
686 1476 771 1507 potest
785 1471 908 1498 sublimia
922 1472 1002 1498 attin-

211 1526 275 1554 gere
298 1528 304 1546 :
328 1518 377 1546 sed
399 1519 489 1546 statim
508 1518 605 1545 fatiscit
623 1522 650 1545 et
667 1517 777 1548 decidit,
792 1522 818 1544 ct
831 1517 864 1544 ad
878 1524 1000 1544 somnum

212 1565 400 1600 ignaviamque
421 1563 549 1596 declinat,
570 1568 650 1598 atque
662 1571 704 1594 ea,
720 1570 779 1598 qua:
794 1562 827 1589 ad
838 1563 962 1590 virtutem
976 1567 1003 1589 et

213 1611 296 1639 vitam
319 1610 430 1645 probam
455 1610 606 1645 pertinent,
631 1609 826 1644 prtetermiltil,
851 1616 937 1642 neque
958 1608 1002 1635 illa

213 1657 354 1692 diligenter
368 1656 433 1683 adit.

248 1703 276 1731 5.
292 1701 423 1735 Quomodo
438 1705 462 1727 et
471 1708 548 1735 quare
558 1700 658 1726 animus
673 1699 742 1726 enini
754 1699 891 1733 cupiditate
905 1704 1004 1725 terrena

212 1757 306 1776 vacuus
322 1747 377 1780 ﬁeri
392 1747 480 1774 debeat
493 1746 528 1773 ad
541 1745 709 1781 euangelica":
723 1745 865 1772 doctrinam
880 1749 946 1771 recte
964 1745 1005 1772 ὺι-

213 1795 385 1830 telligendam.
411 1793 485 1820 Liber
504 1792 614 1819 Joannis
635 1796 730 1826 quanta
749 1799 806 1818 cum
820 1791 957 1818 attentione
969 1790 1005 1817 le-

213 1841 319 1876 gendus.
343 1839 450 1866 Morafis
465 1838 608 1865 exhortatio
622 1838 657 1864 ad
671 1842 738 1864 recte
753 1837 919 1864 audiendum.
948 1836 1004 1864 Ne-

215 1886 295 1922 quitia
308 1893 342 1912 ea:
354 1884 458 1911 arbitrio
472 1888 494 1910 et
508 1883 644 1910 voluntate.
658 1897 693 1902 —
707 1882 784 1915 Quod
799 1890 832 1909 ne
846 1883 923 1909 vobis
936 1882 1007 1909 acci-

215 1932 261 1959 dat
276 1931 374 1966 (neque
387 1930 458 1957 enim
470 1930 527 1956 haec
539 1929 644 1956 dicendi
659 1927 739 1956 finem
755 1928 873 1962 faciam),
887 1932 1005 1955 vestrum

216 1977 341 2004 roborate
353 1977 482 2007 animum,
507 1979 535 2002 ut
554 1982 587 2002 ne
602 1975 694 2002 cadent
709 1975 832 2007 audiatis,
845 1982 904 2010 qua:
919 1973 1006 2001 fideli-

216 2024 266 2050 bus
280 2022 402 2050 Hebrzeis
414 2029 429 2048 a
444 2021 526 2048 Paulo
537 2020 608 2048 dicta
622 2025 693 2047 Sttltl.
716 2019 782 2047 Nam
807 2021 859 2047 llllS
878 2020 1005 2055 grandetn

218 2068 282 2096 dicit
295 2076 357 2096 esse
369 2075 520 2096 sermonem
545 2071 573 2094 et
595 2067 769 2100 interpretato
783 2066 936 2094 difficilem:
953 2074 1006 2092 non

217 2114 288 2148 quod
303 2119 397 2141 natura
410 2120 457 2140 sua
474 2113 533 2140 talis
546 2117 628 2145 esset,
642 2111 690 2139 sed
703 2112 775 2146 quia,
797 2112 895 2146 inquit,
922 2112 1007 2138 Imu-

217 2161 287 2187 cilfet
299 2160 360 2194 (arti
372 2159 432 2186 estis
445 2159 479 2185 ad
494 2158 646 2185 audiendum
661 2157 753 2192 (Hebr.
769 2159 795 2185 5.
812 2158 867 2194 ff).
884 2158 949 2185 Nam
962 2157 1006 2192 qui

219 2205 369 2234 imbecillus
381 2209 424 2232 cst
437 2209 464 2231 et
479 2203 610 2236 infirmus,
628 2204 739 2239 perinde
753 2204 824 2231 brevi
840 2209 918 2239 atque
930 2205 1006 2240 longa

219 2251 339 2279 oratione
359 2250 491 2282 turbatur,
512 2254 539 2277 et
562 2257 622 2284 qua:
642 2249 714 2276 clara
737 2249 912 2284 expeditaque
933 2255 1006 2282 sunt,

219 2302 298 2332 captu
311 2296 427 2324 difficilia
441 2294 701 2323 arbitraturNernm
716 2296 805 2323 nullus
816 2295 858 2323 hic
872 2296 1006 2329 talisesto.

218 2344 266 2371 sed
277 2344 348 2371 omni
368 2342 479 2378 depulsa
499 2342 591 2369 strculi
605 2349 679 2374 cura,
693 2342 806 2377 quisque
825 2342 891 2370 hanc
905 2343 1008 2370 doctri-

220 2396 281 2418 nam
302 2388 402 2415 audiat.
426 2387 494 2415 Cum
509 2387 579 2415 enim
595 2387 702 2414 auditor
721 2389 891 2422 pecuniarum
907 2390 1008 2424 cupidi-

219 2439 274 2461 tate
287 2438 403 2466 tenetur,
425 2440 478 2460 non
491 2437 579 2467 potest
592 2437 666 2460 certe
681 2432 775 2467 cupide
790 2433 901 2466 audire;
922 2441 1008 2468 neque

218 2480 290 2508 enim
301 2483 389 2514 potest
398 2479 486 2505 anima
501 2487 550 2505 una
565 2478 654 2505 multis
669 2479 791 2506 sufficere
803 2480 1007 2514 cupiditatibus;

220 2525 268 2553 sed
283 2525 333 2552 alia
354 2525 433 2551 aliam
447 2524 620 2559 cupiditatem
638 2524 722 2558 pellit,
745 2529 772 2552 et
791 2525 901 2553 discissa
919 2526 1007 2553 anima

219 2571 351 2598 infirmior
375 2570 473 2602 evadit,
496 2570 559 2597 dum
583 2570 665 2597 altera
688 2571 836 2605 pra-valens
858 2572 1007 2606 cupiditas,

221 2620 305 2643 totout
320 2616 352 2643 ad
367 2624 396 2643 se
416 2615 506 2643 trahit.
522 2615 598 2649 Quod
613 2616 692 2643 etiam
707 2617 732 2644 in
749 2617 841 2645 liberis
853 2619 1008 2653 contingere

219 2662 297 2689 solet.
309 2660 375 2689 Nam
389 2669 449 2688 com
465 2669 545 2688 unum
562 2666 662 2688 tantum
677 2662 735 2697 quis
748 2662 838 2695 habet,
853 2671 913 2690 euro
927 2671 1008 2698 supra

221 2707 329 2735 modum
351 2713 441 2739 amat;
464 2715 523 2735 cum
545 2709 652 2740 multos,
669 2709 769 2736 divisus
783 2717 859 2736 amor
873 2710 961 2736 minor
975 2709 1007 2737 ad

217 2753 337 2788 singulos
351 2754 473 2781 efficitur.
486 2754 561 2788 Quod
574 2755 595 2781 si
612 2755 655 2782 ubi
672 2754 715 2781 illa
731 2754 770 2781 vis
783 2759 812 2781 ct
825 2762 874 2782 ceu
888 2755 1008 2786 tyrannis

218 2805 271 2833 est,
287 2805 366 2835 atque
379 2801 498 2835 ejusdem
513 2801 618 2836 generis
635 2806 695 2828 sunt
710 2801 727 2827 ii
741 2800 785 2836 qui
799 2800 955 2835 diliguntur.
973 2801 1006 2828 ita

220 2845 350 2880 contingit
361 2855 367 2872 :
378 2847 439 2882 quid
456 2846 602 2874 dixerimus
615 2847 648 2874 de
661 2854 753 2873 amore
768 2846 813 2881 qui
824 2853 856 2874 ex
872 2847 1009 2874 voluntate

219 2893 247 2920 et
262 2891 354 2922 ail'ccut
371 2893 466 2928 prodit,
492 2893 607 2921 maxime
623 2899 686 2920 vero
699 2900 759 2920 cum
772 2899 879 2920 amores
893 2892 930 2928 illi
947 2900 1008 2921 sese

1040 239 1132 261 mutuo
1148 233 1325 268 impugnant?
1345 232 1499 260 Contrarias
1515 230 1585 258 enim
1601 234 1642 257 est
1658 229 1827 265 pecuniarum

1038 288 1114 307 amor
1128 279 1256 307 doctrinm
1272 279 1350 313 hujus
1363 277 1457 305 amori.
1472 276 1500 304 In
1515 276 1609 304 etclnm
1624 276 1756 302 intramus
1766 282 1826 301 cum

1039 326 1090 354 huc
1106 326 1279 360 ingredimur.
1292 324 1350 352 Non
1365 325 1399 351 de
1415 324 1484 355 loco,
1499 323 1546 350 sed
1559 322 1592 350 de
1605 321 1699 349 affectu
1714 321 1808 356 loquor
1821 330 1828 348 :

1040 378 1127 408 potest
1137 373 1207 400 enim
1221 373 1266 407 qui
1282 372 1308 398 in
1322 376 1392 399 terra
1408 370 1490 405 degit,
1506 370 1533 396 in
1549 369 1615 396 caelo
1628 372 1712 400 stare,
1736 371 1763 394 et
1777 374 1831 394 cat-

1040 419 1118 446 lestia
1136 419 1264 453 cogitare,
1289 418 1343 444 imo
1362 416 1464 444 audire.
1480 415 1564 443 Nemo
1587 415 1666 449 igitur
1687 414 1714 441 in
1736 413 1830 440 cautum

1042 470 1146 492 terrena
1168 464 1275 492 inducat
1292 473 1298 489 :
1314 471 1393 490 nemo
1408 463 1471 490 dum
1486 462 1529 489 hic
1543 466 1675 492 versatur,
1690 460 1723 487 de
1739 467 1770 488 re
1782 459 1832 486 do-

1041 511 1150 537 mestim
1162 510 1291 537 sollicitus
1305 509 1349 536 sit.
1363 508 1505 543 Oporteret
1519 508 1591 534 enim
1605 511 1676 533 lucra
1693 506 1754 533 hinc
1768 506 1834 532 bau-

1042 563 1082 584 sta
1095 557 1203 584 domum
1215 561 1241 584 et
1255 556 1281 583 in
1294 555 1381 583 forum
1395 554 1505 587 deferri,
1521 561 1572 581 non
1585 558 1674 580 autem
1693 552 1834 579 ecclesiam

1042 601 1198 629 domesticis
1212 606 1239 629 et
1253 601 1403 628 forensibus
1417 600 1530 628 sarcinis
1544 599 1660 634 gravari.
1683 597 1744 624 Ideo
1758 605 1836 624 natu-

1043 656 1094 683 qne
1116 648 1149 675 ad
1168 647 1298 675 doctrinae
1313 647 1437 674 thronum
1452 646 1460 661 ί
1476 645 1649 680 ingredimur,
1667 648 1697 671 ut
1709 643 1770 670 hinc
1786 649 1835 669 ex-

1045 699 1134 721 ternas
1156 693 1215 720 illas
1237 693 1331 720 sordes
1352 692 1529 726 tleponamus.
1549 691 1625 724 Quod
1646 691 1668 717 si
1691 690 1837 716 debeamus

1045 740 1096 768 hoc
1111 739 1246 767 tantillum
1264 739 1310 766 otii
1324 738 1443 766 externis
1460 738 1512 764 illis
1525 737 1602 764 dictis
1613 741 1640 764 et
1657 736 1739 770 gestis
1762 736 1837 762 labe-

1045 785 1154 817 factare,
1167 785 1262 812 melius
1277 789 1348 812 esset
1363 783 1397 810 ab
1411 784 1531 817 ingressu
1545 789 1654 816 prorsus
1664 781 1836 808 abstinuisse.

1044 831 1128 858 Νιτηο
1141 830 1220 865 igitur
1234 830 1260 856 in
1274 829 1387 856 ecclesia
1402 836 1444 855 res
1457 827 1620 854 domesticas
1629 827 1719 854 animo
1733 831 1837 858 verset;

1048 875 1094 903 sed
1113 875 1186 903 domi
1200 882 1243 903 res
1257 875 1378 902 ecclesia:
1387 874 1496 907 cogitet.
1521 873 1583 900 Ifac
1597 873 1703 900 ca'teris
1713 872 1839 899 omnibus

1047 922 1125 948 nobis
1144 921 1197 948 sint
1212 921 1378 954 pretiosiora.
1394 919 1457 946 llaec
1469 919 1541 946 enini
1555 918 1587 945 ad
1602 918 1730 951 animum,
1746 918 1789 945 illa
1804 917 1838 944 ad

1047 975 1144 1002 corpus
1160 967 1315 1005 pertinent;
1340 966 1395 993 imo
1415 973 1474 1000 qua:
1489 965 1532 992 hie
1547 965 1672 991 dicuntur
1686 969 1714 991 et
1732 963 1839 998 corpori

1047 1019 1076 1042 et
1096 1014 1193 1041 anima:
1215 1017 1380 1047 competunt.
1402 1011 1463 1039 Ideo
1477 1012 1533 1039 ha-c
1547 1012 1622 1045 quasi
1635 1010 1767 1045 prmcipna
1784 1015 1841 1036 tra-

1048 1064 1165 1090 ctentur.
1179 1059 1229 1086 alia
1242 1058 1330 1085 omnia
1347 1057 1537 1092 perfunctorie.
1565 1057 1626 1084 llarc
1647 1057 1746 1091 quippe
1759 1061 1785 1083 et
1800 1055 1843 1083 fu—

1050 1111 1115 1134 turae
1131 1111 1157 1133 et
1168 1105 1308 1140 prmseutis
1328 1105 1389 1131 vitro
1410 1108 1492 1130 sunt:
1515 1103 1558 1130 illa
1572 1102 1606 1130 ad
1620 1107 1741 1130 neutram
1756 1102 1840 1137 porti-

1049 1157 1125 1184 nent,
1149 1151 1199 1178 nisi
1222 1151 1368 1178 secundum
1390 1151 1475 1185 legem
1488 1149 1575 1176 dehis
1592 1150 1705 1184 positam
1723 1153 1839 1176 tracten-

1051 1202 1104 1225 tur.
1129 1197 1187 1224 Non
1205 1197 1276 1224 enirn
1292 1197 1376 1223 solum
1389 1196 1432 1230 ιιιιί
1449 1200 1510 1231 post
1523 1195 1580 1222 haec
1596 1195 1675 1221 fttturi
1691 1195 1787 1225 sinitis,
1816 1199 1843 1221 et

1051 1242 1186 1278 qnmnodo
1210 1242 1264 1269 illic
1285 1242 1415 1274 vivemus,
1441 1241 1485 1268 hie
1505 1240 1669 1271 ediscimus;
1692 1240 1739 1267 sed
1762 1240 1843 1266 ctiam

1051 1296 1102 1322 qua
1126 1289 1230 1316 ratione
1252 1287 1296 1314 hic
1316 1287 1393 1314 nobis
1412 1287 1447 1313 sit
1468 1286 1620 1313 vivendum.
1638 1285 1703 1312 Nam
1725 1285 1844 1313 medica-

1051 1339 1204 1361 mentorum
1229 1333 1333 1360 ofﬁcina
1359 1332 1505 1366 spiritualis
1527 1331 1624 1358 domus
1645 1331 1703 1358 bmc
1725 1336 1783 1364 cst;
1813 1335 1843 1358 ut.

1051 1388 1111 1416 quae
1124 1380 1233 1407 vulnera
1248 1379 1311 1406 foris
1325 1379 1482 1413 accipimus,
1499 1378 1542 1405 hic
1554 1385 1697 1409 curemus;
1722 1386 1775 1404 non
1797 1385 1845 1404 au-

1053 1431 1106 1453 tem
1121 1432 1148 1453 ut
1163 1425 1208 1453 hic
1220 1425 1278 1452 aliis
1291 1425 1410 1459 acceptis
1422 1424 1576 1451 vulneribus
1591 1423 1757 1451 recedamus.
1780 1423 1845 1450 Nam

1052 1472 1075 1499 si
1087 1471 1196 1506 Spiritui
1212 1475 1304 1498 sancto
1319 1477 1368 1497 nos
1382 1469 1527 1505 alloqucuti
1553 1477 1604 1496 non
1627 1469 1745 1496 animum
1767 1470 1846 1496 adbi—

1052 1517 1176 1550 beatnus,
1188 1525 1240 1544 non
1255 1516 1334 1544 modo
1348 1517 1434 1552 priora
1447 1520 1554 1550 peccata
1566 1523 1618 1542 non
1633 1515 1780 1548 abluemns,
1794 1515 1841 1543 sed

1054 1564 1134 1591 etiam
1155 1564 1205 1590 alia
1228 1563 1410 1590 admittcmus.
1436 1562 1501 1589 Iluie
1527 1562 1606 1597 igitur
1620 1562 1688 1589 me
1702 1562 1778 1589 nobis
1799 1570 1846 1597 per

1055 1610 1247 1637 revelatiouem
1264 1609 1362 1636 tradito
1382 1616 1475 1643 magna
1493 1615 1553 1635 cum
1573 1608 1710 1641 diligentia
1724 1609 1845 1636 attenda-

1056 1662 1125 1682 mus.
1151 1654 1208 1682 Non
1233 1655 1304 1682 enim
1327 1655 1411 1681 mnlto
1435 1659 1525 1688 postea
1549 1654 1638 1681 studio
1660 1654 1807 1688 egebimus.
1824 1654 1846 1682 si

1056 1701 1184 1735 principia
1198 1706 1223 1726 et
1238 1705 1394 1734 argumenta
1408 1700 1581 1726 didicerimus
1598 1708 1603 1726 :
1622 1700 1670 1726 s--d
1683 1700 1705 1727 si
1717 1700 1847 1727 tantillum

1056 1746 1134 1774 initio
1147 1746 1246 1772 laboris
1260 1747 1466 1780 susceperimus,
1490 1745 1558 1772 alios
1580 1745 1677 1772 deinde
1699 1745 1847 1772 secundum

1057 1792 1167 1819 Paulum
1193 1799 1303 1819 monere
1324 1792 1481 1826 poterimus.
1507 1791 1555 1818 llic
1577 1799 1692 1826 namque
1713 1791 1849 1826 apostolus

1056 1837 1200 1864 admodum
1210 1837 1331 1863 sublimis
1347 1842 1398 1869 est,
1408 1836 1550 1871 multisque
1562 1837 1657 1871 plenus
1669 1837 1847 1872 dogmatibus,

1058 1883 1084 1910 in
1100 1883 1196 1918 quibus
1216 1883 1300 1917 magis
1313 1887 1444 1914 versatur,
1461 1890 1539 1917 qnam
1558 1883 1586 1910 in
1599 1883 1667 1910 aliis.
1683 1883 1730 1913 Ne.
1746 1891 1847 1918 qua-so,

1059 1928 1238 1963 perfunctorie
1251 1928 1400 1955 audiamus.
1421 1928 1483 1955 Ideo
1497 1929 1568 1955 enim
1585 1937 1635 1956 nos
1651 1929 1777 1963 paulatim
1793 1929 1849 1956 hmo

1058 1973 1231 2009 explicamus,
1256 1979 1282 2000 ut
1307 1974 1384 2001 vobis
1407 1978 1485 2008 captu
1509 1973 1596 2000 facilia
1609 1975 1696 2001 ottinia
1711 1975 1775 2006 sint,
1800 1982 1849 2002 nec

1058 2027 1090 2047 ex
1105 2020 1234 2047 memoria
1249 2019 1370 2047 effluant.
1386 2019 1540 2047 Timeamus
1555 2028 1628 2055 ergo.
1643 2028 1677 2048 ne
1689 2029 1721 2048 ex
1739 2026 1850 2049 senten-

1060 2066 1094 2092 tia
1112 2065 1155 2092 illa
1166 2065 1290 2100 culpandi
1306 2066 1399 2097 simus,
1415 2074 1466 2100 qua
1483 2066 1547 2093 dicit
1563 2075 1570 2093 :
1588 2066 1618 2094 Si
1633 2075 1682 2094 non
1696 2068 1816 2094 venissem
1827 2071 1850 2094 et

1059 2111 1177 2143 loquutus
1188 2112 1290 2146 fuissem
1304 2112 1351 2143 eis,
1360 2116 1487 2146 peccatum
1501 2119 1551 2138 non
1567 2112 1687 2138 haberent
1697 2111 1787 2145 (Joan.
1806 2113 1848 2140 f5.

1059 2156 1116 2192 22).
1131 2156 1198 2190 Quid
1215 2157 1274 2191 plus
1288 2156 1455 2189 hab-bimus,
1479 2165 1558 2191 quam
1580 2158 1595 2184 ii
1618 2159 1663 2192 qui
1680 2159 1744 2185 nihil
1759 2159 1851 2186 audie-

1060 2207 1131 2234 runt,
1145 2203 1251 2238 quando
1273 2209 1333 2238 pust
1356 2204 1513 2230 concionem
1540 2204 1603 2230 nihil
1624 2204 1732 2231 domtun
1747 2205 1849 2233 refere-

1060 2257 1136 2282 mus,
1150 2249 1196 2276 sed
1212 2249 1291 2276 verba
1305 2255 1404 2276 tantmn
1422 2250 1507 2276 mirati
1529 2250 1678 2278 fuerimus?
1694 2251 1758 2278 Date
1772 2252 1850 2279 nobis

1061 2295 1150 2330 igitur,
1175 2300 1203 2321 ut
1229 2295 1253 2321 in
1277 2295 1374 2322 bonam
1391 2302 1487 2322 terram
1503 2303 1592 2323 semen
1607 2296 1738 2330 jaciamns
1754 2306 1761 2324 ε
1777 2300 1850 2329 date,

1060 2346 1151 2368 tttnos
1165 2341 1249 2375 magis
1262 2340 1412 2370 attraltatis.
1438 2341 1472 2368 Et
1495 2341 1517 2367 si
1539 2342 1597 2376 quis
1620 2343 1710 2376 spinas
1734 2342 1851 2375 habeat,

1061 2388 1148 2423 igncm
1171 2387 1285 2422 Spiritus
1301 2387 1401 2422 injiciat
1419 2397 1425 2414 :
1443 2388 1464 2414 si
1484 2387 1544 2422 quis
1568 2395 1615 2415 cor
1635 2388 1731 2416 durum
1745 2395 1770 2416 ct
1784 2397 1852 2416 con-

1061 2439 1162 2466 tumax,
1186 2433 1281 2460 eodem
1308 2434 1367 2468 igne
1382 2434 1462 2461 molle
1474 2433 1536 2460 illud
1554 2438 1580 2461 ct
1594 2435 1733 2462 tractabile
1746 2435 1850 2463 reddat.

1061 2480 1088 2507 Si
1109 2480 1169 2514 quis
1192 2487 1239 2514 per
1253 2480 1322 2506 viam
1341 2487 1356 2507 a
1379 2480 1455 2506 turba
1479 2480 1669 2515 cogitationum
1693 2481 1850 2514 invadatur,

1061 2525 1188 2553 interiora
1204 2530 1286 2560 petat,
1312 2533 1361 2553 nec
1381 2525 1501 2552 attendat
1523 2526 1554 2552 iis
1571 2533 1630 2559 qua:
1648 2527 1680 2553 ad
1696 2527 1850 2561 rapiendum

1062 2573 1163 2599 intrare
1186 2572 1302 2603 vellent;
1327 2577 1354 2598 ut
1377 2577 1516 2600 comantes
1525 2577 1630 2606 segetes
1643 2577 1746 2600 vestras
1760 2574 1851 2601 videa-

1062 2626 1132 2646 mus.
1146 2618 1212 2646 Nam
1225 2618 1247 2644 si
1261 2626 1320 2645 eam
1335 2618 1369 2645 de
1389 2618 1466 2645 nobis
1480 2626 1572 2645 curam
1587 2613 1772 2652 exhibeamus,
1788 2625 1814 2647 et
1827 2621 1850 2648 si

1062 2672 1159 2699 magno
1172 2664 1262 2691 studio
1275 2663 1404 2698 spirituali
1417 2664 1539 2691 contioni
1555 2665 1723 2693 attendamus
1739 2675 1746 2694 :
1762 2666 1783 2693 si
1799 2674 1851 2693 non

1061 2709 1216 2739 confestim,
1239 2709 1334 2737 saltem
1356 2709 1482 2743 paulatim
1503 2717 1517 2736 a
1540 2710 1710 2738 srccularibns
1729 2712 1854 2739 omnibus

1062 2755 1143 2782 rebus
1164 2763 1212 2781 nos
1233 2754 1417 2789 expediemus.
1442 2754 1503 2782 Ideo
1527 2756 1644 2782 animum
1667 2756 1852 2788 adhibeamus.

1063 2808 1098 2830 ne
1121 2800 1154 2828 de
1175 2800 1253 2828 nobis
1276 2799 1381 2828 dicatur
1407 2809 1415 2827 :
1436 2801 1539 2835 Aspidis
1561 2802 1647 2829 surda
1666 2811 1741 2829 aures
1765 2811 1853 2830 eorum

1063 2866 1222 2923 ώνξωεὲὗιιιίιιε
1243 2865 1326 2892 mallct
1343 2865 1448 2899 legere,
1468 2870 1569 2899 tempus.
1587 2871 1640 2893 uss.
1660 2875 1745 2895 omne:
1759 2868 1852 2893 trahent
