2044 3113
191 161 225 188 37

192 226 276 259 that.
290 225 335 252 57.
352 223 391 259 5).
406 222 464 256 Qua
477 221 503 248 in
520 228 559 252 rc,
571 226 672 254 qumso,
689 226 703 245 a
720 217 775 245 fera
787 216 876 244 differt
889 215 980 250 hujus-

192 271 263 300 modi
275 269 402 298 auditor?
424 266 566 301 Quomodo
581 273 633 292 non
648 264 682 292 sit
697 261 874 291 irrationabili
889 261 984 296 quovis

192 315 412 347 irrationabilior,
433 313 478 347 qui
495 313 549 339 Deo
563 311 687 345 loquente
698 317 752 336 non
770 306 903 335 attendit?
918 306 983 333 Nam

192 363 215 390 si
228 363 334 397 placere
349 360 415 390 Deo,
434 357 497 386 illud
515 361 556 384 est
571 357 653 383 homo
665 362 725 382 esse
740 363 747 381 :
761 353 806 387 qui
820 356 849 379 ut
861 351 912 378 hoc
924 350 982 377 adi-

192 409 320 444 piscatur,
335 405 429 433 audire
448 412 501 431 non
516 403 582 436 vult,
604 401 669 428 nihil
681 399 750 426 aliud
763 405 843 433 quam
858 397 985 444 feranesse

191 440 306 481 dicatur.
320 451 413 486 Cogita
437 457 501 483 ergo
519 452 648 482 quantutn
664 446 697 472 sit
712 444 821 475 malum,
836 449 896 469 eum
909 440 985 468 Chri-

192 504 250 526 stus
273 505 323 525 nos
341 497 407 524 velit
420 503 453 522 ex
468 493 620 521 hominibus
634 490 737 525 angelis
752 489 870 524 mquales
885 487 985 517 facere.

191 544 214 571 si
228 550 277 570 nos
296 550 329 569 ex
352 540 504 568 hominibus
525 539 551 565 in
576 537 646 564 feras
673 538 889 562 transmutemus.
919 531 985 558 Nam

191 588 280 616 ventri
296 586 407 618 servire,
424 585 594 619 pecuniarum
612 580 756 616 cupiditate
779 578 874 610 teneri,
897 575 985 608 irasci,

191 633 325 664 mordere,
341 632 490 662 caleitrare,
505 637 556 656 non
572 628 720 658 hominum,
734 624 780 652 sed
799 623 916 650 ferarum
934 625 986 649 est.

192 680 272 715 Atqui
290 679 353 706 ferae
369 677 483 713 singulae
497 683 574 703 suum
587 673 687 701 habent
698 671 832 702 affectum,
856 668 934 702 idque
945 675 988 694 se-

191 713 310 754 cundum
322 729 442 751 naturant
460 731 466 750 :
483 727 511 749 at
527 721 606 748 homo
617 719 661 754 qui
678 717 835 753 principium
849 713 989 748 cogitatio-

193 778 270 802 num,
284 774 311 797 et
326 770 408 796 vitam
423 766 567 796 secundum
590 765 675 793 Dettm
699 759 889 790 instituendam
913 758 988 793 abje-

193 818 239 847 cit,
265 815 389 843 omnibus
409 820 469 841 sese
489 811 571 839 animi
589 809 691 837 morbis
713 806 827 838 addicit;
847 811 896 831 nec
909 802 989 830 modo

774 160 805 188 IN
824 158 979 187 JUANNEM
1000 157 1114 185 HOMIL.
1135 158 1179 186 Ill.
1199 159 1235 186 al.
1255 156 1286 186 ll.

1792 161 1828 188 38

1033 213 1088 241 fera
1113 213 1238 246 efticitur,
1261 213 1307 241 sed
1330 218 1359 241 et
1372 213 1535 242 multiforme
1555 219 1714 248 monstrum,
1740 223 1827 251 neque

1037 257 1180 286 secundum
1195 263 1315 286 naturam
1330 260 1435 287 veniam
1447 265 1574 288 meretur.
1598 260 1719 295 Nequitia
1731 261 1828 296 quippe

1035 304 1123 332 omnis
1137 312 1170 332 ex
1184 305 1295 331 arbitrio
1308 309 1335 332 et
1349 306 1486 333 voluntate
1499 311 1549 334 est.
1572 306 1624 335 Sed
1645 307 1714 334 absit
1734 312 1761 334 ut
1776 307 1828 335 hoc

1039 357 1154 384 unquam
1176 350 1210 377 de
1243 350 1362 378 Ecclesia
1383 351 1481 379 Christi
1502 353 1669 388 suspicemur
1685 362 1692 380 :
1706 353 1740 380 de
1753 353 1828 381 vobis

1037 395 1107 421 cnint
1124 394 1245 427 meliora,
1268 403 1380 430 qua:qu
1393 396 1426 422 ad
1440 398 1550 424 salutem
1566 398 1673 430 ducant,
1687 396 1828 425 sentimus.

1039 439 1138 467 Verum
1153 445 1252 474 quanto
1268 441 1352 476 magis
1366 441 1416 467 hoc
1435 442 1468 468 ita
1483 450 1541 469 esse
1556 443 1731 475 eontidemus,
1756 447 1829 470 tanto

1038 486 1166 521 majorem
1179 486 1310 513 cautelam
1327 487 1353 513 itt
1369 487 1541 514 concionibus
1556 489 1684 516 adhibere
1700 497 1752 516 non
1768 496 1829 516 ces-

1039 532 1178 565 sabimus;
1201 537 1230 559 ut
1251 537 1389 566 postquam
1414 532 1446 558 ad
1473 533 1557 567 ipsum
1577 534 1701 561 virtutum
1723 535 1828 562 culmen

1039 578 1256 611 pervenerimus,
1281 577 1358 604 nobis
1379 578 1509 613 promissa
1526 577 1595 605 bona
1609 586 1803 614 consequamur
1819 588 1826 605 :

1039 631 1098 659 qua:
1118 624 1217 651 utinam
1242 623 1431 659 adipiscamur,
1453 624 1538 659 gratia
1557 629 1583 651 et
1602 624 1763 659 benignitate
1778 626 1830 652 Do-

1039 669 1104 696 mitii
1121 669 1204 696 nostri
1219 669 1281 697 Jcsu
1301 670 1410 702 Christi,
1440 678 1488 705 per
1503 678 1581 705 quem
1597 674 1625 697 et
1639 678 1699 698 cum
1715 678 1769 705 quo
1784 671 1832 697 Pa-

1041 717 1073 742 tri
1096 715 1190 749 gloria,
1215 715 1348 750 simulque
1360 715 1470 751 Spiritui
1484 721 1575 743 sancto
1592 716 1617 742 in
1631 715 1726 743 smcula
1749 723 1833 743 szecu-

1040 761 1137 788 lorum.
1156 761 1251 788 Amen.

193 866 1829 892 ____________________________

876 903 1048 938 HOMlLlA
1070 904 1125 935 Ill.

408 981 441 1008 In
456 979 579 1015 principio
594 982 647 1005 erat
662 975 780 1003 Verbum.

232 1029 259 1056 Ι.
286 1028 520 1063 Supervacancum
541 1025 597 1059 jam
621 1027 693 1051 esset
717 1029 765 1048 vos
789 1019 822 1046 de
846 1017 993 1045 attentione

196 1061 334 1101 Concioniv
347 1070 497 1099 adhibenda
520 1076 648 1099 monere;
674 1073 727 1094 tam
752 1066 805 1092 cito
829 1070 924 1097 nempe
945 1061 993 1088 ad-

196 1119 354 1147 monitionis
369 1118 482 1144 frnctmn
495 1123 524 1143 re
539 1120 565 1142 et
584 1121 665 1149 opere
679 1110 847 1140 exhibuistis.
870 1109 991 1135 Concur—

197 1173 243 1193 sus
257 1165 343 1195 enim,
355 1163 467 1197 diligens
483 1161 604 1192 attentio,
618 1164 789 1195 prtepropera
803 1162 862 1182 cum
877 1153 992 1188 impulsu

197 1211 335 1239 festinatio
358 1210 390 1237 ad
414 1209 568 1237 interiorem
591 1205 774 1241 occupandum
800 1203 899 1233 locutn,
923 1199 995 1226 unde

198 1257 308 1284 facilius
322 1263 413 1283 vocem
429 1259 546 1282 nostram
562 1252 654 1279 audire
669 1250 777 1286 possitis
791 1257 797 1281 ;
820 1252 996 1283 perseveran-

198 1302 246 1333 tia,
278 1309 330 1335 qua
354 1301 394 1328 vel
415 1300 441 1327 in
454 1299 574 1335 angustia
589 1297 668 1333 positi
684 1295 811 1323 recedere
832 1301 885 1321 non
901 1293 993 1324 vultis.

197 1346 289 1374 donec
311 1346 448 1381 spirituale
471 1345 602 1373 theatrum
626 1342 740 1370 solutum
762 1340 861 1372 fuerit;
886 1339 1005 1374 plausus,

199 1392 341 1427 strepitus,
369 1396 520 1426 cmteraque
541 1390 648 1422 similia,
666 1394 692 1416 et
711 1388 840 1415 fervorem
863 1385 944 1412 animi
968 1388 996 1411 et

199 1437 332 1465 intentam
348 1437 470 1464 concioni
485 1441 601 1463 mentem
616 1435 743 1462 indicant.
769 1433 937 1466 Quapropter
950 1437 994 1456 su-

200 1483 337 1517 perfltunn
352 1486 422 1510 esset
439 1483 487 1509 hac
501 1481 534 1509 de
548 1489 576 1508 re
590 1488 700 1507 monere
715 1487 722 1511 ;
748 1478 794 1506 Sed
817 1477 879 1504 illud
906 1476 994 1503 dicere

199 1533 226 1555 et
248 1535 360 1555 monere
380 1535 468 1563 operae
492 1526 606 1562 pretium
622 1525 710 1558 fuerit,
726 1528 755 1551 ut
766 1524 817 1550 hoc
832 1522 921 1550 animo
935 1528 995 1548 esse

201 1574 384 1608 perseveretis
400 1582 406 1600 :
421 1580 470 1600 nec
486 1573 565 1599 modo
578 1572 622 1599 hic
637 1571 706 1598 idem
729 1569 844 1598 studium
867 1567 994 1596 exhibea-

202 1621 246 1650 tis,
263 1619 312 1647 sed
327 1619 406 1647 etiam
420 1619 493 1646 domi
509 1619 549 1644 vir
564 1625 676 1645 uxorem
688 1637 695 1650 ,
721 1621 796 1651 pater
808 1614 891 1641 filium
906 1613 939 1639 de
953 1612 996 1639 his

200 1666 392 1701 alloquamur;
409 1673 456 1692 sua
472 1664 498 1691 lii
512 1665 612 1696 dicant,
633 1668 660 1689 et
677 1662 750 1697 paria
763 1661 796 1687 ab
812 1659 863 1686 illis
878 1659 994 1693 exigant,

201 1719 352 1745 omnesque
376 1711 427 1737 hoc
451 1715 570 1736 mutuum
586 1709 679 1743 pignus
694 1707 719 1734 in
739 1705 855 1733 medium
871 1704 992 1731 afferant.

201 1757 241 1785 Ne
263 1758 323 1791 quis
347 1756 411 1784 mihi
437 1755 547 1786 dixerit,
572 1754 670 1790 pue'ros
692 1753 718 1779 in
739 1752 790 1778 hoc
804 1749 927 1785 occupari
943 1756 995 1775 non

201 1807 330 1838 oportere
346 1811 352 1829 :
369 1809 435 1835 opus
457 1805 529 1828 esset
553 1801 623 1827 enim
649 1807 700 1826 non
726 1797 806 1824 modo
829 1796 869 1822 his
895 1796 998 1822 incum-

202 1848 280 1880 bere,
292 1848 340 1876 sed
357 1848 424 1874 hanc
441 1848 523 1874 solatn
540 1846 640 1873 habere
654 1852 756 1872 curam.
783 1845 906 1870 Attamen
923 1841 996 1868 inlir-

202 1893 306 1920 mitatis
323 1898 418 1920 vestra:
433 1899 512 1919 causa
528 1892 553 1918 id
571 1899 622 1918 non
641 1891 711 1923 dico,
734 1897 820 1922 neque
842 1895 939 1923 pueros
963 1888 997 1914 ab

202 1943 317 1966 externo
340 1938 386 1965 illo
404 1937 492 1964 studio
516 1944 618 1968 avoeo;
644 1941 670 1963 ut
690 1943 775 1970 neque
789 1942 836 1962 vos
849 1942 863 1960 a
875 1933 996 1960 civilibus

203 1984 332 2019 negotiis.
354 1983 449 2010 Verum
471 1991 503 2010 ex
525 1987 625 2016 septem
649 1982 689 2008 his
708 1981 800 2007 diebus
815 1987 906 2012 unum,
920 1985 993 2012 rogo,

203 2030 340 2057 communi
356 2030 468 2056 Domino
481 2033 573 2056 nostro
591 2027 765 2055 consecrctis.
789 2027 884 2052 Annon
900 2025 991 2051 absur-

203 2077 267 2103 dum
285 2076 373 2109 fuerit,
387 2076 408 2103 si
421 2083 482 2103 cum
497 2082 588 2102 servos
601 2079 705 2100 nostros
718 2071 845 2106 obsequia
860 2079 905 2098 sua
921 2069 997 2097 nobis

180 2117 184 2121 ’
204 2131 313 2156 semper
325 2127 450 2157 pr:estare
463 2121 612 2156 iubeamus,
627 2128 675 2146 nos
691 2127 724 2146 ne
738 2119 875 2146 minimum
888 2116 996 2151 quidem

204 2170 251 2195 otii
267 2168 351 2195 nostri
372 2169 425 2195 Deo
439 2168 594 2194 addicamns
609 2175 616 2197 ;
632 2165 780 2201 prmsertim
794 2171 853 2190 cum
868 2162 925 2189 hate
938 2169 997 2188 ser-

204 2215 277 2241 vitus
292 2214 344 2241 Deo
368 2213 432 2240 nihil
454 2212 576 2240 conferat
592 2212 673 2247 (Deus
687 2210 758 2237 enim
780 2209 850 2236 nulla
865 2216 893 2235 re
906 2207 975 2242 eget)
988 2227 996 2238 ,

205 2259 253 2286 sed
269 2259 301 2285 ad
317 2262 433 2285 nastram
450 2257 581 2285 redundet
596 2255 759 2282 utilitatem?
779 2254 876 2281 Verum
891 2261 949 2280 cum
964 2251 996 2278 ad

205 2304 310 2331 theatra
326 2304 394 2330 filios
402 2303 542 2335 adducitis,
557 2310 641 2336 neque
651 2301 813 2335 disciplinas,
826 2306 911 2334 neque
925 2298 997 2325 aliud

205 2349 341 2384 quidpiam
357 2348 516 2380 obtenditis;
529 2349 550 2375 si
566 2355 629 2374 vero
650 2346 784 2380 quidpiam
799 2345 944 2380 spiritualis
959 2345 999 2370 lu-

204 2397 244 2423 cri
259 2395 293 2422 sit
305 2395 495 2430 colligendum,
510 2394 674 2421 vacationem
695 2393 758 2419 illttd
774 2399 834 2419 esse
853 2391 950 2418 dicitis.
964 2390 997 2417 Et

205 2441 342 2476 quomodo
362 2442 427 2468 iram
448 2440 494 2467 Dei
519 2449 570 2466 non
592 2439 782 2474 promcabitis,
810 2438 872 2465 dum
893 2437 998 2464 cmteris

206 2486 334 2513 onmibus
348 2495 396 2513 suo
411 2491 529 2520 tempore
544 2493 653 2519 operam
667 2484 770 2517 dantes,
782 2483 878 2510 divinis
889 2490 996 2517 operam

206 2531 283 2564 dare,
299 2532 440 2559 molestutn
454 2536 481 2558 et
498 2532 677 2564 itnportunum
692 2529 752 2556 filiis
766 2528 944 2556 existimatis?

241 2577 258 2604 ,Ι
263 2586 351 2605 uvenes
359 2577 482 2613 qumnodo
491 2576 643 2604 instituendi.
655 2576 782 2603 Doctrin
790 2574 899 2602 Joannis
906 2579 1000 2609 quanta

205 2625 254 2651 ris.
269 2623 342 2653 Mens
355 2632 411 2660 qua:
424 2624 508 2651 divina
520 2623 656 2650 meditatur
666 2622 765 2649 diabolo
775 2621 941 2658 formidabilis
952 2626 998 2648 cu.

204 2684 242 2692 —-
255 2670 294 2697 Ne
305 2671 339 2697 ita
350 2689 360 2704 ,
373 2679 406 2697 ne
418 2671 452 2697 ita
463 2691 469 2702 ,
490 2670 584 2697 fratres
604 2669 677 2702 mei,
701 2669 793 2704 agr-'is.
819 2669 920 2696 Etenim
944 2668 1000 2694 lucc

205 2717 324 2745 maxime
337 2721 401 2744 :rtas
416 2717 465 2743 ista
484 2721 544 2752 eget
566 2716 724 2750 disciplina:
740 2720 831 2742 tenera
855 2715 925 2742 enim
940 2722 999 2740 cum

205 2765 254 2796 sit,
271 2764 324 2790 cito
338 2763 381 2790 illa
396 2770 454 2797 qua:
469 2763 592 2789 dicuntur
602 2782 609 2794 ,
631 2761 752 2793 imbibit,
775 2760 948 2795 doctrinaque
965 2759 1001 2786 ibi

206 2816 258 2836 ceu
275 2809 389 2843 sigillum
404 2809 429 2835 in
443 2816 503 2836 cera
520 2808 686 2842 imprimitur.
707 2806 829 2840 Alioquin
843 2810 931 2832 autent
952 2805 1001 2833 hac

208 2855 338 2890 prinneva
351 2859 428 2882 actate
439 2854 480 2882 vel
491 2854 523 2881 ad
539 2854 630 2882 vitium
645 2853 686 2881 vel
702 2852 734 2880 ad
748 2853 870 2880 virtutem
881 2851 1000 2879 declina-

1046 971 1097 994 tur.
1114 967 1141 995 Si
1166 969 1225 1004 quis
1249 969 1329 1004 igitur
1349 977 1363 997 a
1387 971 1518 1006 principio
1536 976 1562 998 ct
1577 971 1651 1006 quasi
1667 978 1681 997 a
1705 971 1836 998 vestibulo

1046 1013 1103 1040 illos
1116 1021 1130 1040 a
1145 1015 1215 1041 vitiis
1230 1015 1380 1047 abduxerit,
1394 1021 1421 1043 et
1433 1016 1465 1043 ad
1477 1016 1604 1051 optimam
1619 1017 1687 1043 viam
1698 1017 1834 1048 direxerit,

1044 1067 1093 1087 ceu
1117 1061 1143 1087 in
1164 1062 1305 1096 quemdam
1330 1061 1449 1089 babittun
1465 1067 1492 1089 et
1506 1068 1605 1089 rectam
1631 1063 1691 1089 vita:
1707 1063 1836 1090 rationem

1044 1114 1091 1134 eos
1111 1108 1272 1135 constituet:
1299 1116 1383 1143 neque
1403 1113 1497 1143 sponte
1520 1116 1567 1135 sua
1582 1108 1660 1136 facile
1683 1108 1716 1135 ad
1738 1108 1837 1136 malum

1044 1152 1433 1185 declinabunt,consuetudine
1457 1153 1516 1180 illos
1529 1153 1562 1180 ad
1586 1153 1653 1181 bona
1678 1161 1758 1188 opera
1781 1158 1837 1180 tra-

1046 1198 1135 1226 hente.
1165 1199 1201 1226 lta
1227 1199 1303 1227 nobis
1333 1200 1374 1227 vel
1402 1200 1466 1235 ipsis
1497 1200 1605 1228 senibus
1631 1200 1838 1228 venerabiliores

1046 1249 1140 1278 erunt,
1156 1249 1182 1272 et
1196 1245 1305 1273 urbanis
1316 1246 1427 1280 negotiis
1443 1245 1566 1280 gerendis
1582 1246 1715 1280 aptiores,
1731 1246 1794 1273 dum
1811 1247 1837 1273 in

1044 1292 1184 1326 juventnte
1205 1291 1316 1319 senilem
1340 1296 1445 1318 mtatem
1469 1292 1628 1326 expriment.
1653 1292 1744 1327 Neque
1767 1293 1838 1320 enim

1046 1338 1104 1365 ﬁeri
1119 1342 1221 1372 potest.
1240 1344 1267 1364 ιιι
1279 1338 1333 1372 jam
1355 1338 1427 1371 dixi,
1443 1339 1528 1373 utqui
1545 1337 1696 1372 hujusmodi
1710 1338 1840 1366 concione

1046 1382 1186 1415 fruuntur,
1202 1388 1229 1410 et
1250 1387 1350 1410 tanttun
1366 1384 1515 1418 apostolum
1529 1383 1714 1418 frequentant,
1731 1392 1782 1411 non
1797 1385 1839 1410 in-

1046 1436 1112 1463 gens
1127 1428 1268 1463 quodpiam
1280 1429 1378 1455 bonum
1399 1437 1490 1456 secum
1512 1429 1642 1460 referant;
1656 1430 1712 1456 sive
1733 1429 1840 1456 tandem

1047 1476 1097 1506 vir,
1114 1475 1169 1502 sive
1182 1474 1286 1507 mulier,
1301 1475 1358 1502 sive
1375 1474 1481 1509 juvenis
1496 1475 1530 1501 sit
1544 1475 1565 1501 is
1585 1475 1629 1509 qui
1647 1474 1725 1508 hujus
1739 1482 1840 1502 mensa:

1047 1520 1179 1555 particeps
1194 1520 1318 1547 efﬁcitur.
1335 1519 1401 1547 Nam
1417 1521 1438 1546 si
1456 1519 1525 1546 feras
1540 1519 1622 1546 verbo
1635 1519 1750 1546 domitas
1768 1520 1841 1546 cicu-

1047 1574 1137 1593 ramns
1147 1587 1153 1598 ,
1169 1570 1266 1600 quanto
1280 1566 1362 1600 magis
1374 1566 1495 1592 homines
1508 1565 1557 1592 hac
1573 1565 1704 1600 spirituali
1717 1565 1839 1593 doctrina

1047 1613 1079 1640 ad
1095 1613 1195 1647 frugem
1208 1612 1371 1639 deducentus
1381 1633 1388 1645 ,
1403 1620 1463 1639 cum
1483 1613 1551 1640 inter
1565 1612 1723 1640 medicinam
1739 1617 1766 1640 et
1778 1621 1840 1641 eum

1048 1659 1090 1693 qui
1107 1663 1213 1685 cttratur
1229 1662 1330 1685 tantum
1344 1657 1378 1685 sit
1391 1658 1553 1685 discrimen?
1572 1658 1663 1692 Neque
1682 1658 1752 1685 enim
1769 1663 1840 1685 tanta

1048 1703 1124 1730 nobis
1148 1703 1217 1730 inest
1242 1703 1349 1732 feritas.
1374 1708 1470 1738 quanta
1494 1703 1613 1730 bellnis:
1635 1711 1695 1730 nam
1725 1704 1782 1731 ltzec
1807 1711 1840 1731 ex

1049 1753 1150 1780 natura,
1167 1748 1211 1774 illa
1222 1756 1254 1775 ex
1268 1748 1379 1775 arbitrio
1393 1748 1581 1782 proticisritnr:
1598 1755 1684 1782 neque
1697 1748 1839 1775 verborum

1048 1794 1142 1822 eadem
1164 1794 1204 1820 vis
1225 1798 1274 1820 est.
1297 1794 1342 1821 llla
1359 1794 1429 1821 enim
1453 1802 1484 1821 ex
1501 1794 1614 1821 humana
1632 1799 1721 1821 mente
1737 1795 1840 1829 prodit,

1049 1840 1107 1866 lnec
1122 1847 1154 1866 ex
1169 1839 1283 1874 Spiritus
1296 1839 1393 1866 virtute
1407 1844 1433 1866 et
1445 1839 1539 1874 gratia.
1555 1839 1582 1866 Si
1598 1840 1657 1874 quis
1673 1840 1751 1874 igitur
1765 1840 1798 1867 de
1812 1848 1841 1867 se

1049 1885 1183 1920 desperet,
1201 1889 1354 1911 mansuetas
1367 1884 1425 1911 illas
1439 1885 1508 1911 feras
1522 1885 1637 1919 cogitet,
1659 1889 1686 1912 et
1705 1893 1839 1919 nunquam

1049 1932 1075 1959 in
1092 1931 1304 1966 desperationem
1327 1930 1443 1957 incidet:
1464 1937 1535 1965 smpe
1549 1930 1617 1958 hanc
1632 1930 1842 1958 medicamento-

1050 1985 1109 2004 rum
1130 1976 1263 2004 ofticinam
1285 1976 1379 2008 adeat,
1403 1975 1506 2003 divinas
1530 1975 1600 2010 leges
1626 1976 1699 2002 omni
1723 1980 1842 2010 tempore

1049 2024 1153 2056 audiat,
1170 2028 1196 2050 et
1215 2023 1321 2049 domum
1346 2030 1485 2054 reversus,
1507 2029 1566 2056 qua:
1580 2021 1697 2053 audivit,
1713 2022 1738 2048 in
1753 2027 1843 2049 mente

1050 2070 1182 2097 describat
1195 2078 1201 2094 :
1218 2069 1308 2103 sicque
1321 2069 1346 2095 in
1360 2068 1427 2095 bona
1443 2076 1489 2102 spe
1499 2072 1525 2094 et
1538 2069 1681 2095 securitate
1696 2068 1843 2095 constitue-

1050 2122 1102 2147 tur,
1118 2121 1145 2143 et
1157 2115 1322 2149 experientia
1338 2114 1483 2149 profectutn
1497 2114 1603 2140 sentiet.
1619 2113 1685 2140 Cum
1699 2114 1770 2141 enim
1785 2113 1844 2141 dia-

1050 2164 1126 2190 bolus
1142 2163 1226 2197 legem
1248 2161 1294 2188 Dei
1318 2161 1344 2188 in
1358 2160 1445 2187 anitna
1460 2159 1620 2194 descriptam
1636 2160 1746 2192 videbit,
1760 2165 1788 2187 et
1800 2164 1842 2187 ta-

1050 2209 1127 2236 bulas
1140 2215 1199 2234 esse
1213 2215 1260 2234 cor
1273 2206 1357 2238 illius,
1374 2214 1426 2232 non
1440 2205 1548 2232 acccdet
1567 2205 1687 2233 ulterius.
1703 2205 1754 2233 Ubi
1770 2206 1840 2232 enim

1051 2254 1135 2281 litera:
1158 2253 1247 2288 regim,
1271 2260 1324 2278 non
1349 2252 1374 2278 in
1400 2259 1469 2278 πενιεο
1493 2251 1570 2285 cippo
1593 2251 1718 2285 sculptus,
1742 2251 1788 2278 sed
1817 2251 1844 2279 in

1052 2300 1176 2334 religioso
1202 2298 1290 2325 animo
1311 2305 1326 2324 a
1349 2297 1448 2332 Spiritu
1474 2301 1566 2323 sancto
1587 2296 1735 2323 ell'ormatzn
1760 2296 1843 2323 multa

1052 2345 1153 2379 fulgent
1165 2344 1246 2379 gratia
1257 2364 1264 2376 ,
1281 2351 1329 2370 nec
1349 2347 1441 2369 eontra
1463 2343 1597 2376 respicere
1617 2343 1662 2369 ille
1676 2342 1782 2376 poterit,
1797 2342 1844 2369 sed

1051 2390 1143 2426 procul
1158 2389 1234 2416 nobis
1255 2395 1327 2423 terga
1342 2393 1435 2416 verlct.
1457 2388 1525 2415 Nihil
1539 2388 1609 2415 enim
1624 2388 1658 2414 ita
1679 2387 1845 2416 formidabile

1051 2442 1091 2464 est
1104 2441 1130 2464 et
1145 2436 1181 2463 illi
1196 2441 1223 2462 et
1237 2435 1441 2469 cogitationibus
1455 2435 1488 2461 ab
1509 2435 1553 2461 illo
1569 2435 1710 2465 immissis,
1727 2439 1754 2461 ut
1769 2442 1844 2462 mens

1051 2491 1109 2517 qua!
1131 2482 1220 2509 divina
1246 2481 1402 2512 meditatur,
1425 2485 1453 2507 et
1467 2480 1528 2506 huic
1541 2487 1647 2513 semper
1662 2479 1745 2506 lueret
1769 2480 1843 2507 tonti.

1053 2528 1125 2555 llane
1139 2527 1210 2554 nulla
1224 2534 1311 2554 rerum
1335 2526 1506 2561 pra-Sentium
1531 2525 1660 2558 turbabit,
1677 2526 1846 2560 quantumvis

1055 2574 1165 2601 molesta
1190 2573 1239 2605 sit,
1266 2573 1336 2599 nulla
1358 2571 1459 2598 intlabit
1478 2576 1505 2598 et
1526 2571 1652 2602 extollet,
1677 2571 1846 2604 quantumvis

1055 2627 1183 2654 prospera
1198 2618 1295 2645 fuerit:
1315 2617 1360 2644 scd
1376 2618 1401 2644 in
1417 2621 1487 2643 tanta
1505 2616 1618 2651 procella
1632 2621 1659 2643 et
1671 2620 1845 2650 tempestate,

1057 2665 1248 2699 tranquillitate
1268 2671 1360 2698 magna
1379 2663 1488 2690 fruetttr.

1090 2712 1118 2740 2.
1136 2711 1195 2738 Non
1210 2710 1339 2737 turbantur
1348 2709 1396 2736 nisi
1405 2717 1436 2735 ex
1444 2708 1522 2734 animi
1531 2707 1609 2734 nostri
1617 2707 1772 2742 infirmitate.
1786 2707 1846 2735 Hre-

1055 2760 1188 2786 reticorum
1200 2757 1231 2784 de
1249 2755 1328 2783 Verba
1342 2755 1514 2782 sententia.—
1523 2753 1613 2788 Neque
1626 2754 1697 2781 enim
1710 2762 1741 2780 ex
1757 2762 1846 2782 rcrttm

1057 2810 1150 2833 natura
1175 2802 1321 2833 turbamur,
1341 2800 1387 2828 sed
1412 2807 1443 2827 ex
1468 2799 1548 2826 animi
1574 2799 1657 2826 nostri
1682 2799 1844 2826 infirmitate.

1058 2851 1122 2878 Nam
1146 2850 1167 2877 si
1183 2857 1213 2877 ex
1238 2847 1316 2875 rebus
1330 2855 1389 2882 qua:
1412 2845 1534 2873 accidunt
1549 2845 1731 2879 turbarentur,
1753 2852 1847 2873 omnes
