  <div class='ocr_page' id='page_1' title='image "/cluster/home/n/w/nwhite01/storage/ocr_20150623/59/njp.32101077772661/037.png"; bbox 0 0 2044 3113; ppageno 0'>
   <div class='ocr_carea' id='block_1_1' title="bbox 200 166 234 193">
    <p class='ocr_par' dir='ltr' id='par_1_1' title="bbox 200 166 234 193">
     <span class='ocr_line' id='line_1_1' title="bbox 200 166 234 193; baseline 0 0"><span class='ocrx_word' id='word_1_1' title='bbox 200 166 234 193; x_wconf 79' lang='lat'><strong>59</strong></span> 
     </span>
    </p>
   </div>
   <div class='ocr_carea' id='block_1_2' title="bbox 200 209 988 251">
    <p class='ocr_par' dir='ltr' id='par_1_2' title="bbox 200 209 988 251">
     <span class='ocr_line' id='line_1_2' title="bbox 200 209 988 251; baseline -0.019 -1"><span class='ocrx_word' id='word_1_2' title='bbox 200 223 321 251; x_wconf 78' lang='lat' dir='ltr'><strong>homines</strong></span> <span class='ocrx_word' id='word_1_3' title='bbox 345 219 444 247; x_wconf 85' lang='lat' dir='ltr'><strong>turbari</strong></span> <span class='ocrx_word' id='word_1_4' title='bbox 466 222 575 245; x_wconf 87' lang='lat' dir='ltr'><strong>necesse</strong></span> <span class='ocrx_word' id='word_1_5' title='bbox 596 218 676 241; x_wconf 82' lang='lat' dir='ltr'><strong>esset.</strong></span> <span class='ocrx_word' id='word_1_6' title='bbox 701 212 800 240; x_wconf 86' lang='lat' dir='ltr'><strong>Omnes</strong></span> <span class='ocrx_word' id='word_1_7' title='bbox 824 211 896 238; x_wconf 90' lang='lat' dir='ltr'><strong>enim</strong></span> <span class='ocrx_word' id='word_1_8' title='bbox 918 209 988 236; x_wconf 90' lang='lat' dir='ltr'><strong>idem</strong></span> 
     </span>
    </p>
   </div>
   <div class='ocr_carea' id='block_1_3' title="bbox 199 256 988 304">
    <p class='ocr_par' dir='ltr' id='par_1_3' title="bbox 199 256 988 304">
     <span class='ocr_line' id='line_1_3' title="bbox 199 256 988 304; baseline -0.022 -6"><span class='ocrx_word' id='word_1_9' title='bbox 199 270 354 304; x_wconf 83' lang='lat' dir='ltr'><strong>navigamus</strong></span> <span class='ocrx_word' id='word_1_10' title='bbox 372 266 489 301; x_wconf 79' lang='lat' dir='ltr'><strong>pelagus,</strong></span> <span class='ocrx_word' id='word_1_11' title='bbox 505 269 590 296; x_wconf 89' lang='lat' dir='ltr'><strong>neque</strong></span> <span class='ocrx_word' id='word_1_12' title='bbox 611 259 668 287; x_wconf 89' lang='lat' dir='ltr'><strong>lieri</strong></span> <span class='ocrx_word' id='word_1_13' title='bbox 684 262 790 294; x_wconf 90' lang='lat' dir='ltr'><strong>potest,</strong></span> <span class='ocrx_word' id='word_1_14' title='bbox 809 262 837 284; x_wconf 91' lang='lat' dir='ltr'><strong>ut</strong></span> <span class='ocrx_word' id='word_1_15' title='bbox 849 261 921 284; x_wconf 85' lang='lat' dir='ltr'><strong>extra</strong></span> <span class='ocrx_word' id='word_1_16' title='bbox 937 256 988 282; x_wconf 82' lang='lat' dir='ltr'><strong>flu-</strong></span> 
     </span>
    </p>
   </div>
   <div class='ocr_carea' id='block_1_4' title="bbox 199 303 987 347">
    <p class='ocr_par' dir='ltr' id='par_1_4' title="bbox 199 303 987 347">
     <span class='ocr_line' id='line_1_4' title="bbox 199 303 987 347; baseline -0.019 -3"><span class='ocrx_word' id='word_1_17' title='bbox 199 303 298 343; x_wconf 22' lang='lat' dir='ltr'><strong>ctusiet</strong></span> <span class='ocrx_word' id='word_1_18' title='bbox 315 315 484 347; x_wconf 86' lang='lat' dir='ltr'><strong>tempestates</strong></span> <span class='ocrx_word' id='word_1_19' title='bbox 497 314 644 335; x_wconf 85' lang='lat' dir='ltr'><strong>versemur.</strong></span> <span class='ocrx_word' id='word_1_20' title='bbox 664 304 740 338; x_wconf 84' lang='lat' dir='ltr'><strong>Quod</strong></span> <span class='ocrx_word' id='word_1_21' title='bbox 754 304 776 331; x_wconf 85' lang='lat' dir='ltr'><strong>si</strong></span> <span class='ocrx_word' id='word_1_22' title='bbox 791 303 897 338; x_wconf 90' lang='lat' dir='ltr'><strong>quidam</strong></span> <span class='ocrx_word' id='word_1_23' title='bbox 913 307 987 330; x_wconf 81' lang='lat' dir='ltr'><strong>extra</strong></span> 
     </span>
    </p>
   </div>
   <div class='ocr_carea' id='block_1_5' title="bbox 199 349 986 396">
    <p class='ocr_par' dir='ltr' id='par_1_5' title="bbox 199 349 986 396">
     <span class='ocr_line' id='line_1_5' title="bbox 199 349 986 396; baseline -0.019 -6"><span class='ocrx_word' id='word_1_24' title='bbox 199 364 383 396; x_wconf 72' lang='lat' dir='ltr'><strong>tempestatem</strong></span> <span class='ocrx_word' id='word_1_25' title='bbox 397 361 422 384; x_wconf 88' lang='lat' dir='ltr'><strong>et</strong></span> <span class='ocrx_word' id='word_1_26' title='bbox 437 355 607 383; x_wconf 80' lang='lat' dir='ltr'><strong>furibundum</strong></span> <span class='ocrx_word' id='word_1_27' title='bbox 622 360 694 380; x_wconf 87' lang='lat' dir='ltr'><strong>mare</strong></span> <span class='ocrx_word' id='word_1_28' title='bbox 707 352 823 386; x_wconf 73' lang='lat' dir='ltr'><strong>degant,</strong></span> <span class='ocrx_word' id='word_1_29' title='bbox 845 349 931 384; x_wconf 86' lang='lat' dir='ltr'><strong>palam</strong></span> <span class='ocrx_word' id='word_1_30' title='bbox 946 353 986 376; x_wconf 86' lang='lat' dir='ltr'><strong>est</strong></span> 
     </span>
    </p>
   </div>
   <div class='ocr_carea' id='block_1_6' title="bbox 197 394 987 440">
    <p class='ocr_par' dir='ltr' id='par_1_6' title="bbox 197 394 987 440">
     <span class='ocr_line' id='line_1_6' title="bbox 197 394 987 440; baseline -0.019 -5"><span class='ocrx_word' id='word_1_31' title='bbox 197 394 378 440; x_wconf 87' lang='lat' dir='ltr'><strong>tempestatem</strong></span> <span class='ocrx_word' id='word_1_32' title='bbox 395 409 447 429; x_wconf 89' lang='lat' dir='ltr'><strong>non</strong></span> <span class='ocrx_word' id='word_1_33' title='bbox 462 408 477 428; x_wconf 83' lang='lat' dir='ltr'><strong>a</strong></span> <span class='ocrx_word' id='word_1_34' title='bbox 496 400 609 434; x_wconf 81' lang='lat' dir='ltr'><strong>negotiis</strong></span> <span class='ocrx_word' id='word_1_35' title='bbox 624 398 697 429; x_wconf 86' lang='lat' dir='ltr'><strong>oriri,</strong></span> <span class='ocrx_word' id='word_1_36' title='bbox 713 396 760 424; x_wconf 88' lang='lat' dir='ltr'><strong>sed</strong></span> <span class='ocrx_word' id='word_1_37' title='bbox 773 404 788 422; x_wconf 72' lang='grc' dir='ltr'>ει</span> <span class='ocrx_word' id='word_1_38' title='bbox 807 400 877 422; x_wconf 86' lang='lat' dir='ltr'><strong>statu</strong></span> <span class='ocrx_word' id='word_1_39' title='bbox 890 394 987 421; x_wconf 88' lang='lat' dir='ltr'><strong>mentis</strong></span> 
     </span>
    </p>
   </div>
   <div class='ocr_carea' id='block_1_7' title="bbox 195 439 985 480">
    <p class='ocr_par' dir='ltr' id='par_1_7' title="bbox 195 439 985 480">
     <span class='ocr_line' id='line_1_7' title="bbox 195 439 985 480; baseline -0.018 -1"><span class='ocrx_word' id='word_1_40' title='bbox 195 439 303 479; x_wconf 64' lang='lat' dir='ltr'><strong>nostra}.</strong></span> <span class='ocrx_word' id='word_1_41' title='bbox 325 449 353 476; x_wconf 87' lang='lat' dir='ltr'><strong>Si</strong></span> <span class='ocrx_word' id='word_1_42' title='bbox 378 447 445 474; x_wconf 90' lang='lat' dir='ltr'><strong>hanc</strong></span> <span class='ocrx_word' id='word_1_43' title='bbox 469 446 548 480; x_wconf 78' lang='lat' dir='ltr'><strong>igitur</strong></span> <span class='ocrx_word' id='word_1_44' title='bbox 569 445 604 471; x_wconf 85' lang='lat' dir='ltr'><strong>ita</strong></span> <span class='ocrx_word' id='word_1_45' title='bbox 626 448 821 476; x_wconf 88' lang='lat' dir='ltr'><strong>comparemus,</strong></span> <span class='ocrx_word' id='word_1_46' title='bbox 847 445 874 467; x_wconf 91' lang='lat' dir='ltr'><strong>ut</strong></span> <span class='ocrx_word' id='word_1_47' title='bbox 896 439 985 467; x_wconf 85' lang='lat' dir='ltr'><strong>omnia</strong></span> 
     </span>
    </p>
   </div>
   <div class='ocr_carea' id='block_1_8' title="bbox 193 486 984 527">
    <p class='ocr_par' dir='ltr' id='par_1_8' title="bbox 193 486 984 527">
     <span class='ocr_line' id='line_1_8' title="bbox 193 486 984 527; baseline -0.018 -2"><span class='ocrx_word' id='word_1_48' title='bbox 193 498 270 525; x_wconf 87' lang='lat' dir='ltr'><strong>facile</strong></span> <span class='ocrx_word' id='word_1_49' title='bbox 287 496 363 527; x_wconf 86' lang='lat' dir='ltr'><strong>ferat,</strong></span> <span class='ocrx_word' id='word_1_50' title='bbox 386 493 450 520; x_wconf 89' lang='lat' dir='ltr'><strong>nulli</strong></span> <span class='ocrx_word' id='word_1_51' title='bbox 467 492 572 524; x_wconf 89' lang='lat' dir='ltr'><strong>Iluctus,</strong></span> <span class='ocrx_word' id='word_1_52' title='bbox 593 490 663 517; x_wconf 89' lang='lat' dir='ltr'><strong>nulla</strong></span> <span class='ocrx_word' id='word_1_53' title='bbox 679 492 831 522; x_wconf 88' lang='lat' dir='ltr'><strong>tempestas,</strong></span> <span class='ocrx_word' id='word_1_54' title='bbox 847 486 894 513; x_wconf 75' lang='lat' dir='ltr'><strong>Sed</strong></span> <span class='ocrx_word' id='word_1_55' title='bbox 910 490 984 512; x_wconf 91' lang='lat' dir='ltr'><strong>tran-</strong></span> 
     </span>
    </p>
   </div>
   <div class='ocr_carea' id='block_1_9' title="bbox 193 532 984 578">
    <p class='ocr_par' dir='ltr' id='par_1_9' title="bbox 193 532 984 578">
     <span class='ocr_line' id='line_1_9' title="bbox 193 532 984 578; baseline -0.015 -9"><span class='ocrx_word' id='word_1_56' title='bbox 193 542 310 578; x_wconf 92' lang='lat' dir='ltr'><strong>quillitas</strong></span> <span class='ocrx_word' id='word_1_57' title='bbox 334 540 410 567; x_wconf 88' lang='lat' dir='ltr'><strong>ttobis</strong></span> <span class='ocrx_word' id='word_1_58' title='bbox 437 545 542 571; x_wconf 83' lang='lat' dir='ltr'><strong>semper</strong></span> <span class='ocrx_word' id='word_1_59' title='bbox 565 535 660 563; x_wconf 88' lang='lat' dir='ltr'><strong>aderit.</strong></span> <span class='ocrx_word' id='word_1_60' title='bbox 688 533 786 561; x_wconf 84' lang='lat' dir='ltr'><strong>Verum</strong></span> <span class='ocrx_word' id='word_1_61' title='bbox 815 532 905 559; x_wconf 87' lang='lat' dir='ltr'><strong>nescio</strong></span> <span class='ocrx_word' id='word_1_62' title='bbox 930 538 984 566; x_wconf 88' lang='lat' dir='ltr'><strong>quo</strong></span> 
     </span>
    </p>
   </div>
   <div class='ocr_carea' id='block_1_10' title="bbox 195 577 982 624">
    <p class='ocr_par' dir='ltr' id='par_1_10' title="bbox 195 577 982 624">
     <span class='ocr_line' id='line_1_10' title="bbox 195 577 982 624; baseline -0.014 -10"><span class='ocrx_word' id='word_1_63' title='bbox 195 577 283 624; x_wconf 78' lang='lat' dir='ltr'><strong>pacto,</strong></span> <span class='ocrx_word' id='word_1_64' title='bbox 296 595 355 614; x_wconf 92' lang='lat' dir='ltr'><strong>cum</strong></span> <span class='ocrx_word' id='word_1_65' title='bbox 367 585 431 613; x_wconf 85' lang='lat' dir='ltr'><strong>nihil</strong></span> <span class='ocrx_word' id='word_1_66' title='bbox 446 584 540 611; x_wconf 85' lang='lat' dir='ltr'><strong>horum</strong></span> <span class='ocrx_word' id='word_1_67' title='bbox 553 582 643 609; x_wconf 83' lang='lat' dir='ltr'><strong>dicere</strong></span> <span class='ocrx_word' id='word_1_68' title='bbox 657 581 682 607; x_wconf 93' lang='lat' dir='ltr'><strong>in</strong></span> <span class='ocrx_word' id='word_1_69' title='bbox 695 578 830 614; x_wconf 85' lang='lat' dir='ltr'><strong>proposito</strong></span> <span class='ocrx_word' id='word_1_70' title='bbox 845 577 982 610; x_wconf 85' lang='lat' dir='ltr'><strong>haberem,</strong></span> 
     </span>
    </p>
   </div>
   <div class='ocr_carea' id='block_1_11' title="bbox 192 624 982 662">
    <p class='ocr_par' dir='ltr' id='par_1_11' title="bbox 192 624 982 662">
     <span class='ocr_line' id='line_1_11' title="bbox 192 624 982 662; baseline -0.018 0"><span class='ocrx_word' id='word_1_71' title='bbox 192 635 218 662; x_wconf 94' lang='lat' dir='ltr'><strong>in</strong></span> <span class='ocrx_word' id='word_1_72' title='bbox 229 639 326 662; x_wconf 87' lang='lat' dir='ltr'><strong>tantam</strong></span> <span class='ocrx_word' id='word_1_73' title='bbox 336 631 543 659; x_wconf 89' lang='lat' dir='ltr'><strong>adtnonitionem</strong></span> <span class='ocrx_word' id='word_1_74' title='bbox 554 627 721 655; x_wconf 88' lang='lat' dir='ltr'><strong>devenerim.</strong></span> <span class='ocrx_word' id='word_1_75' title='bbox 731 624 869 660; x_wconf 76' lang='lat' dir='ltr'><strong>Ignoscite,</strong></span> <span class='ocrx_word' id='word_1_76' title='bbox 881 631 982 659; x_wconf 74' lang='lat' dir='ltr'><strong>quaeso,</strong></span> 
     </span>
    </p>
   </div>
   <div class='ocr_carea' id='block_1_12' title="bbox 192 671 978 716">
    <p class='ocr_par' dir='ltr' id='par_1_12' title="bbox 192 671 978 716">
     <span class='ocr_line' id='line_1_12' title="bbox 192 671 978 716; baseline -0.015 -9"><span class='ocrx_word' id='word_1_77' title='bbox 192 679 393 716; x_wconf 77' lang='lat' dir='ltr'><strong>longitudinem.</strong></span> <span class='ocrx_word' id='word_1_78' title='bbox 417 677 520 704; x_wconf 81' lang='lat' dir='ltr'><strong>Etenim</strong></span> <span class='ocrx_word' id='word_1_79' title='bbox 534 681 639 705; x_wconf 88' lang='lat' dir='ltr'><strong>vereor,</strong></span> <span class='ocrx_word' id='word_1_80' title='bbox 665 676 692 700; x_wconf 93' lang='lat' dir='ltr'><strong>ct</strong></span> <span class='ocrx_word' id='word_1_81' title='bbox 705 671 848 698; x_wconf 79' lang='lat' dir='ltr'><strong>admodum</strong></span> <span class='ocrx_word' id='word_1_82' title='bbox 864 677 960 697; x_wconf 83' lang='lat' dir='ltr'><strong>vereor</strong></span> <span class='ocrx_word' id='word_1_83' title='bbox 970 690 978 702; x_wconf 87' lang='lat'><strong>,</strong></span> 
     </span>
    </p>
   </div>
   <div class='ocr_carea' id='block_1_13' title="bbox 191 717 980 754">
    <p class='ocr_par' dir='ltr' id='par_1_13' title="bbox 191 717 980 754">
     <span class='ocr_line' id='line_1_13' title="bbox 191 717 980 754; baseline -0.016 0"><span class='ocrx_word' id='word_1_84' title='bbox 191 732 220 754; x_wconf 90' lang='lat' dir='ltr'><strong>ut</strong></span> <span class='ocrx_word' id='word_1_85' title='bbox 243 727 293 754; x_wconf 90' lang='lat' dir='ltr'><strong>hoc</strong></span> <span class='ocrx_word' id='word_1_86' title='bbox 307 725 421 752; x_wconf 87' lang='lat' dir='ltr'><strong>studittm</strong></span> <span class='ocrx_word' id='word_1_87' title='bbox 445 730 532 750; x_wconf 91' lang='lat' dir='ltr'><strong>meum</strong></span> <span class='ocrx_word' id='word_1_88' title='bbox 556 721 659 748; x_wconf 81' lang='lat' dir='ltr'><strong>felicem</strong></span> <span class='ocrx_word' id='word_1_89' title='bbox 681 719 779 746; x_wconf 78' lang='lat' dir='ltr'><strong>exitum</strong></span> <span class='ocrx_word' id='word_1_90' title='bbox 795 717 904 748; x_wconf 79' lang='lat' dir='ltr'><strong>habeat;</strong></span> <span class='ocrx_word' id='word_1_91' title='bbox 920 723 980 742; x_wconf 90' lang='lat' dir='ltr'><strong>nam</strong></span> 
     </span>
    </p>
   </div>
   <div class='ocr_carea' id='block_1_14' title="bbox 190 762 981 803">
    <p class='ocr_par' dir='ltr' id='par_1_14' title="bbox 190 762 981 803">
     <span class='ocr_line' id='line_1_14' title="bbox 190 762 981 803; baseline -0.018 -3"><span class='ocrx_word' id='word_1_92' title='bbox 190 773 212 800; x_wconf 84' lang='lat' dir='ltr'><strong>si</strong></span> <span class='ocrx_word' id='word_1_93' title='bbox 228 773 291 800; x_wconf 85' lang='lat' dir='ltr'><strong>lisus</strong></span> <span class='ocrx_word' id='word_1_94' title='bbox 306 778 404 803; x_wconf 86' lang='lat' dir='ltr'><strong>essent,</strong></span> <span class='ocrx_word' id='word_1_95' title='bbox 419 769 570 803; x_wconf 82' lang='lat' dir='ltr'><strong>neutiquam</strong></span> <span class='ocrx_word' id='word_1_96' title='bbox 583 774 630 793; x_wconf 89' lang='lat' dir='ltr'><strong>vos</strong></span> <span class='ocrx_word' id='word_1_97' title='bbox 641 765 681 792; x_wconf 87' lang='lat' dir='ltr'><strong>his</strong></span> <span class='ocrx_word' id='word_1_98' title='bbox 692 764 725 791; x_wconf 89' lang='lat' dir='ltr'><strong>dc</strong></span> <span class='ocrx_word' id='word_1_99' title='bbox 741 763 819 790; x_wconf 90' lang='lat' dir='ltr'><strong>rebus</strong></span> <span class='ocrx_word' id='word_1_100' title='bbox 829 762 981 796; x_wconf 88' lang='lat' dir='ltr'><strong>alloquutus</strong></span> 
     </span>
    </p>
   </div>
   <div class='ocr_carea' id='block_1_15' title="bbox 190 807 981 848">
    <p class='ocr_par' dir='ltr' id='par_1_15' title="bbox 190 807 981 848">
     <span class='ocr_line' id='line_1_15' title="bbox 190 807 981 848; baseline -0.015 -4"><span class='ocrx_word' id='word_1_101' title='bbox 190 827 288 846; x_wconf 75' lang='lat' dir='ltr'><strong>essent.</strong></span> <span class='ocrx_word' id='word_1_102' title='bbox 305 816 375 844; x_wconf 90' lang='lat' dir='ltr'><strong>Satis</strong></span> <span class='ocrx_word' id='word_1_103' title='bbox 388 820 461 842; x_wconf 89' lang='lat' dir='ltr'><strong>certe</strong></span> <span class='ocrx_word' id='word_1_104' title='bbox 475 818 536 840; x_wconf 91' lang='lat' dir='ltr'><strong>sunt</strong></span> <span class='ocrx_word' id='word_1_105' title='bbox 548 820 607 848; x_wconf 64' lang='lat' dir='ltr'><strong>qua:</strong></span> <span class='ocrx_word' id='word_1_106' title='bbox 621 811 747 843; x_wconf 78' lang='lat' dir='ltr'><strong>diximus,</strong></span> <span class='ocrx_word' id='word_1_107' title='bbox 763 813 790 836; x_wconf 87' lang='grc' dir='ltr'><strong>ιιι</strong></span> <span class='ocrx_word' id='word_1_108' title='bbox 803 808 891 835; x_wconf 86' lang='lat' dir='ltr'><strong>omnia</strong></span> <span class='ocrx_word' id='word_1_109' title='bbox 906 807 981 834; x_wconf 83' lang='lat' dir='ltr'><strong>vobis</strong></span> 
     </span>
    </p>
   </div>
   <div class='ocr_carea' id='block_1_16' title="bbox 190 855 980 894">
    <p class='ocr_par' dir='ltr' id='par_1_16' title="bbox 190 855 980 894">
     <span class='ocr_line' id='line_1_16' title="bbox 190 855 980 894; baseline -0.018 -2"><span class='ocrx_word' id='word_1_110' title='bbox 190 865 276 892; x_wconf 85' lang='lat' dir='ltr'><strong>facilia</strong></span> <span class='ocrx_word' id='word_1_111' title='bbox 289 863 443 891; x_wconf 85' lang='lat' dir='ltr'><strong>reddantur.</strong></span> <span class='ocrx_word' id='word_1_112' title='bbox 458 861 574 894; x_wconf 85' lang='lat' dir='ltr'><strong>Tempus</strong></span> <span class='ocrx_word' id='word_1_113' title='bbox 589 863 677 885; x_wconf 86' lang='lat' dir='ltr'><strong>autent</strong></span> <span class='ocrx_word' id='word_1_114' title='bbox 692 860 732 883; x_wconf 85' lang='lat' dir='ltr'><strong>est</strong></span> <span class='ocrx_word' id='word_1_115' title='bbox 746 860 773 882; x_wconf 93' lang='lat' dir='ltr'><strong>nt</strong></span> <span class='ocrx_word' id='word_1_116' title='bbox 789 855 821 881; x_wconf 88' lang='lat' dir='ltr'><strong>ad</strong></span> <span class='ocrx_word' id='word_1_117' title='bbox 842 862 897 881; x_wconf 89' lang='lat' dir='ltr'><strong>rem</strong></span> <span class='ocrx_word' id='word_1_118' title='bbox 919 861 980 887; x_wconf 83' lang='lat' dir='ltr'><strong>pro—</strong></span> 
     </span>
    </p>
   </div>
   <div class='ocr_carea' id='block_1_17' title="bbox 190 899 978 946">
    <p class='ocr_par' dir='ltr' id='par_1_17' title="bbox 190 899 978 946">
     <span class='ocr_line' id='line_1_17' title="bbox 190 899 978 946; baseline -0.014 -9"><span class='ocrx_word' id='word_1_119' title='bbox 190 911 300 946; x_wconf 84' lang='lat' dir='ltr'><strong>positam</strong></span> <span class='ocrx_word' id='word_1_120' title='bbox 326 908 480 938; x_wconf 79' lang='lat' dir='ltr'><strong>veniamus,</strong></span> <span class='ocrx_word' id='word_1_121' title='bbox 505 913 538 932; x_wconf 92' lang='lat' dir='ltr'><strong>ne</strong></span> <span class='ocrx_word' id='word_1_122' title='bbox 564 912 611 931; x_wconf 90' lang='lat' dir='ltr'><strong>vos</strong></span> <span class='ocrx_word' id='word_1_123' title='bbox 633 902 729 930; x_wconf 78' lang='lat' dir='ltr'><strong>defessi</strong></span> <span class='ocrx_word' id='word_1_124' title='bbox 753 901 809 928; x_wconf 76' lang='lat' dir='ltr'><strong>lucc</strong></span> <span class='ocrx_word' id='word_1_125' title='bbox 834 899 978 927; x_wconf 85' lang='lat' dir='ltr'><strong>certamina</strong></span> 
     </span>
    </p>
   </div>
   <div class='ocr_carea' id='block_1_18' title="bbox 187 948 977 986">
    <p class='ocr_par' dir='ltr' id='par_1_18' title="bbox 187 948 977 986">
     <span class='ocr_line' id='line_1_18' title="bbox 187 948 977 986; baseline -0.015 -4"><span class='ocrx_word' id='word_1_126' title='bbox 187 955 298 982; x_wconf 79' lang='lat' dir='ltr'><strong>adeatis.</strong></span> <span class='ocrx_word' id='word_1_127' title='bbox 314 952 463 981; x_wconf 83' lang='lat' dir='ltr'><strong>Certamina</strong></span> <span class='ocrx_word' id='word_1_128' title='bbox 478 951 576 986; x_wconf 86' lang='lat' dir='ltr'><strong>quippe</strong></span> <span class='ocrx_word' id='word_1_129' title='bbox 600 948 676 975; x_wconf 89' lang='lat' dir='ltr'><strong>nobis</strong></span> <span class='ocrx_word' id='word_1_130' title='bbox 692 951 811 981; x_wconf 83' lang='lat' dir='ltr'><strong>prostant</strong></span> <span class='ocrx_word' id='word_1_131' title='bbox 823 949 915 972; x_wconf 85' lang='lat' dir='ltr'><strong>contra</strong></span> <span class='ocrx_word' id='word_1_132' title='bbox 931 952 977 971; x_wconf 88' lang='lat' dir='ltr'><strong>ve-</strong></span> 
     </span>
    </p>
   </div>
   <div class='ocr_carea' id='block_1_19' title="bbox 187 993 977 1031">
    <p class='ocr_par' dir='ltr' id='par_1_19' title="bbox 187 993 977 1031">
     <span class='ocr_line' id='line_1_19' title="bbox 187 993 977 1031; baseline -0.015 -3"><span class='ocrx_word' id='word_1_133' title='bbox 187 1002 273 1029; x_wconf 88' lang='lat' dir='ltr'><strong>ritatis</strong></span> <span class='ocrx_word' id='word_1_134' title='bbox 295 1000 395 1031; x_wconf 86' lang='lat' dir='ltr'><strong>hostes,</strong></span> <span class='ocrx_word' id='word_1_135' title='bbox 421 1002 513 1024; x_wconf 89' lang='lat' dir='ltr'><strong>contra</strong></span> <span class='ocrx_word' id='word_1_136' title='bbox 537 1003 584 1023; x_wconf 89' lang='lat' dir='ltr'><strong>eos</strong></span> <span class='ocrx_word' id='word_1_137' title='bbox 609 995 653 1029; x_wconf 86' lang='lat' dir='ltr'><strong>qui</strong></span> <span class='ocrx_word' id='word_1_138' title='bbox 679 993 743 1020; x_wconf 85' lang='lat' dir='ltr'><strong>nihil</strong></span> <span class='ocrx_word' id='word_1_139' title='bbox 766 999 819 1019; x_wconf 91' lang='lat' dir='ltr'><strong>non</strong></span> <span class='ocrx_word' id='word_1_140' title='bbox 834 995 931 1026; x_wconf 82' lang='lat' dir='ltr'><strong>agunt,</strong></span> <span class='ocrx_word' id='word_1_141' title='bbox 949 996 977 1017; x_wconf 93' lang='lat' dir='ltr'><strong>ut</strong></span> 
     </span>
    </p>
   </div>
   <div class='ocr_carea' id='block_1_20' title="bbox 187 1037 976 1081">
    <p class='ocr_par' dir='ltr' id='par_1_20' title="bbox 187 1037 976 1081">
     <span class='ocr_line' id='line_1_20' title="bbox 187 1037 976 1081; baseline -0.016 -6"><span class='ocrx_word' id='word_1_142' title='bbox 187 1047 246 1075; x_wconf 82' lang='lat' dir='ltr'><strong>Filii</strong></span> <span class='ocrx_word' id='word_1_143' title='bbox 269 1047 314 1074; x_wconf 89' lang='lat' dir='ltr'><strong>Dei</strong></span> <span class='ocrx_word' id='word_1_144' title='bbox 337 1045 460 1081; x_wconf 78' lang='lat' dir='ltr'><strong>gloriam,</strong></span> <span class='ocrx_word' id='word_1_145' title='bbox 487 1044 541 1070; x_wconf 90' lang='lat' dir='ltr'><strong>imo</strong></span> <span class='ocrx_word' id='word_1_146' title='bbox 565 1042 652 1077; x_wconf 85' lang='lat' dir='ltr'><strong>potius</strong></span> <span class='ocrx_word' id='word_1_147' title='bbox 674 1047 747 1067; x_wconf 89' lang='lat' dir='ltr'><strong>suam</strong></span> <span class='ocrx_word' id='word_1_148' title='bbox 770 1039 904 1073; x_wconf 84' lang='lat' dir='ltr'><strong>dejiciaut.</strong></span> <span class='ocrx_word' id='word_1_149' title='bbox 932 1037 976 1064; x_wconf 86' lang='lat' dir='ltr'><strong>Illa</strong></span> 
     </span>
    </p>
   </div>
   <div class='ocr_carea' id='block_1_21' title="bbox 185 1084 974 1129">
    <p class='ocr_par' dir='ltr' id='par_1_21' title="bbox 185 1084 974 1129">
     <span class='ocr_line' id='line_1_21' title="bbox 185 1084 974 1129; baseline -0.015 -8"><span class='ocrx_word' id='word_1_150' title='bbox 185 1095 282 1129; x_wconf 85' lang='lat' dir='ltr'><strong>quippe</strong></span> <span class='ocrx_word' id='word_1_151' title='bbox 304 1099 410 1127; x_wconf 83' lang='lat' dir='ltr'><strong>semper</strong></span> <span class='ocrx_word' id='word_1_152' title='bbox 432 1095 523 1118; x_wconf 89' lang='lat' dir='ltr'><strong>manet</strong></span> <span class='ocrx_word' id='word_1_153' title='bbox 545 1093 574 1116; x_wconf 88' lang='lat' dir='ltr'><strong>ttt</strong></span> <span class='ocrx_word' id='word_1_154' title='bbox 595 1093 652 1118; x_wconf 84' lang='lat' dir='ltr'><strong>est,</strong></span> <span class='ocrx_word' id='word_1_155' title='bbox 669 1087 733 1114; x_wconf 85' lang='lat' dir='ltr'><strong>nihil</strong></span> <span class='ocrx_word' id='word_1_156' title='bbox 750 1094 796 1120; x_wconf 83' lang='lat' dir='ltr'><strong>pcr</strong></span> <span class='ocrx_word' id='word_1_157' title='bbox 819 1084 974 1111; x_wconf 85' lang='lat' dir='ltr'><strong>maledicam</strong></span> 
     </span>
    </p>
   </div>
   <div class='ocr_carea' id='block_1_22' title="bbox 186 1131 976 1174">
    <p class='ocr_par' dir='ltr' id='par_1_22' title="bbox 186 1131 976 1174">
     <span class='ocr_line' id='line_1_22' title="bbox 186 1131 976 1174; baseline -0.015 -7"><span class='ocrx_word' id='word_1_158' title='bbox 186 1140 300 1174; x_wconf 74' lang='lat' dir='ltr'><strong>linguam</strong></span> <span class='ocrx_word' id='word_1_159' title='bbox 321 1137 480 1164; x_wconf 86' lang='lat' dir='ltr'><strong>imminuta:</strong></span> <span class='ocrx_word' id='word_1_160' title='bbox 503 1134 540 1162; x_wconf 87' lang='lat' dir='ltr'><strong>illi</strong></span> <span class='ocrx_word' id='word_1_161' title='bbox 561 1141 634 1165; x_wconf 86' lang='lat' dir='ltr'><strong>vero,</strong></span> <span class='ocrx_word' id='word_1_162' title='bbox 659 1131 721 1158; x_wconf 93' lang='lat' dir='ltr'><strong>dum</strong></span> <span class='ocrx_word' id='word_1_163' title='bbox 740 1138 819 1162; x_wconf 87' lang='lat' dir='ltr'><strong>eum,</strong></span> <span class='ocrx_word' id='word_1_164' title='bbox 845 1137 924 1164; x_wconf 87' lang='lat' dir='ltr'><strong>quem</strong></span> <span class='ocrx_word' id='word_1_165' title='bbox 945 1136 976 1156; x_wconf 84' lang='lat' dir='ltr'><strong>se</strong></span> 
     </span>
    </p>
   </div>
   <div class='ocr_carea' id='block_1_23' title="bbox 184 1175 973 1215">
    <p class='ocr_par' dir='ltr' id='par_1_23' title="bbox 184 1175 973 1215">
     <span class='ocr_line' id='line_1_23' title="bbox 184 1175 973 1215; baseline -0.016 -3"><span class='ocrx_word' id='word_1_166' title='bbox 184 1184 295 1212; x_wconf 85' lang='lat' dir='ltr'><strong>adorare</strong></span> <span class='ocrx_word' id='word_1_167' title='bbox 316 1182 426 1214; x_wconf 88' lang='lat' dir='ltr'><strong>dicunt,</strong></span> <span class='ocrx_word' id='word_1_168' title='bbox 453 1184 621 1215; x_wconf 87' lang='lat' dir='ltr'><strong>prosternere</strong></span> <span class='ocrx_word' id='word_1_169' title='bbox 635 1177 760 1208; x_wconf 88' lang='lat' dir='ltr'><strong>student,</strong></span> <span class='ocrx_word' id='word_1_170' title='bbox 781 1175 882 1202; x_wconf 88' lang='lat' dir='ltr'><strong>vultum</strong></span> <span class='ocrx_word' id='word_1_171' title='bbox 896 1182 973 1201; x_wconf 89' lang='lat' dir='ltr'><strong>suum</strong></span> 
     </span>
    </p>
   </div>
   <div class='ocr_carea' id='block_1_24' title="bbox 184 1221 974 1262">
    <p class='ocr_par' dir='ltr' id='par_1_24' title="bbox 184 1221 974 1262">
     <span class='ocr_line' id='line_1_24' title="bbox 184 1221 974 1262; baseline -0.015 -5"><span class='ocrx_word' id='word_1_172' title='bbox 184 1230 289 1258; x_wconf 86' lang='lat' dir='ltr'><strong>infamia</strong></span> <span class='ocrx_word' id='word_1_173' title='bbox 304 1228 417 1262; x_wconf 87' lang='lat' dir='ltr'><strong>replent,</strong></span> <span class='ocrx_word' id='word_1_174' title='bbox 429 1231 457 1254; x_wconf 92' lang='lat' dir='ltr'><strong>et</strong></span> <span class='ocrx_word' id='word_1_175' title='bbox 468 1227 584 1253; x_wconf 87' lang='lat' dir='ltr'><strong>animam</strong></span> <span class='ocrx_word' id='word_1_176' title='bbox 597 1223 728 1258; x_wconf 89' lang='lat' dir='ltr'><strong>supplicio</strong></span> <span class='ocrx_word' id='word_1_177' title='bbox 742 1221 878 1249; x_wconf 89' lang='lat' dir='ltr'><strong>addicunt.</strong></span> <span class='ocrx_word' id='word_1_178' title='bbox 896 1221 974 1253; x_wconf 79' lang='lat' dir='ltr'><strong>Qua:-</strong></span> 
     </span>
    </p>
   </div>
   <div class='ocr_carea' id='block_1_25' title="bbox 183 1265 969 1310">
    <p class='ocr_par' dir='ltr' id='par_1_25' title="bbox 183 1265 969 1310">
     <span class='ocr_line' id='line_1_25' title="bbox 183 1265 969 1310; baseline -0.015 -6"><span class='ocrx_word' id='word_1_179' title='bbox 183 1284 243 1304; x_wconf 84' lang='lat' dir='ltr'><strong>nam</strong></span> <span class='ocrx_word' id='word_1_180' title='bbox 258 1283 321 1310; x_wconf 71' lang='lat' dir='ltr'><strong>ergo</strong></span> <span class='ocrx_word' id='word_1_181' title='bbox 332 1275 422 1302; x_wconf 89' lang='lat' dir='ltr'><strong>dicunt</strong></span> <span class='ocrx_word' id='word_1_182' title='bbox 433 1273 481 1306; x_wconf 88' lang='lat' dir='ltr'><strong>illi,</strong></span> <span class='ocrx_word' id='word_1_183' title='bbox 496 1272 559 1299; x_wconf 91' lang='lat' dir='ltr'><strong>dum</strong></span> <span class='ocrx_word' id='word_1_184' title='bbox 572 1278 621 1298; x_wconf 90' lang='lat' dir='ltr'><strong>nos</strong></span> <span class='ocrx_word' id='word_1_185' title='bbox 632 1271 688 1296; x_wconf 66' lang='lat' dir='ltr'><strong>hare</strong></span> <span class='ocrx_word' id='word_1_186' title='bbox 703 1267 883 1303; x_wconf 81' lang='lat' dir='ltr'><strong>proferimus?</strong></span> <span class='ocrx_word' id='word_1_187' title='bbox 895 1265 969 1298; x_wconf 88' lang='lat' dir='ltr'><strong>Illud,</strong></span> 
     </span>
    </p>
   </div>
   <div class='ocr_carea' id='block_1_26' title="bbox 182 1312 973 1357">
    <p class='ocr_par' dir='ltr' id='par_1_26' title="bbox 182 1312 973 1357">
     <span class='ocr_line' id='line_1_26' title="bbox 182 1312 973 1357; baseline -0.016 -7"><span class='ocrx_word' id='word_1_188' title='bbox 182 1322 216 1350; x_wconf 86' lang='lat' dir='ltr'><strong>In</strong></span> <span class='ocrx_word' id='word_1_189' title='bbox 228 1321 350 1357; x_wconf 80' lang='lat' dir='ltr'><strong>principio</strong></span> <span class='ocrx_word' id='word_1_190' title='bbox 363 1325 416 1347; x_wconf 78' lang='lat' dir='ltr'><strong>erat</strong></span> <span class='ocrx_word' id='word_1_191' title='bbox 427 1318 526 1345; x_wconf 75' lang='lat' dir='ltr'><strong>verbum</strong></span> <span class='ocrx_word' id='word_1_192' title='bbox 536 1337 544 1350; x_wconf 84' lang='lat'><strong>,</strong></span> <span class='ocrx_word' id='word_1_193' title='bbox 561 1324 613 1343; x_wconf 89' lang='lat' dir='ltr'><strong>non</strong></span> <span class='ocrx_word' id='word_1_194' title='bbox 628 1314 802 1346; x_wconf 78' lang='lat' dir='ltr'><strong>:eternitatem</strong></span> <span class='ocrx_word' id='word_1_195' title='bbox 815 1312 973 1347; x_wconf 86' lang='lat' dir='ltr'><strong>simpliciter</strong></span> 
     </span>
    </p>
   </div>
   <div class='ocr_carea' id='block_1_27' title="bbox 182 1357 970 1394">
    <p class='ocr_par' dir='ltr' id='par_1_27' title="bbox 182 1357 970 1394">
     <span class='ocr_line' id='line_1_27' title="bbox 182 1357 970 1394; baseline -0.014 -1"><span class='ocrx_word' id='word_1_196' title='bbox 182 1367 317 1394; x_wconf 86' lang='lat' dir='ltr'><strong>iudieare:</strong></span> <span class='ocrx_word' id='word_1_197' title='bbox 334 1372 394 1391; x_wconf 90' lang='lat' dir='ltr'><strong>nam</strong></span> <span class='ocrx_word' id='word_1_198' title='bbox 411 1363 460 1391; x_wconf 91' lang='lat' dir='ltr'><strong>hoc</strong></span> <span class='ocrx_word' id='word_1_199' title='bbox 473 1363 507 1390; x_wconf 87' lang='lat' dir='ltr'><strong>de</strong></span> <span class='ocrx_word' id='word_1_200' title='bbox 527 1361 593 1388; x_wconf 69' lang='lat' dir='ltr'><strong>cmlo</strong></span> <span class='ocrx_word' id='word_1_201' title='bbox 607 1361 686 1387; x_wconf 87' lang='lat' dir='ltr'><strong>etiam</strong></span> <span class='ocrx_word' id='word_1_202' title='bbox 698 1363 725 1386; x_wconf 91' lang='lat' dir='ltr'><strong>et</strong></span> <span class='ocrx_word' id='word_1_203' title='bbox 740 1359 772 1386; x_wconf 90' lang='lat' dir='ltr'><strong>de</strong></span> <span class='ocrx_word' id='word_1_204' title='bbox 786 1363 856 1385; x_wconf 85' lang='lat' dir='ltr'><strong>terra</strong></span> <span class='ocrx_word' id='word_1_205' title='bbox 871 1357 970 1384; x_wconf 89' lang='lat' dir='ltr'><strong>dictutn</strong></span> 
     </span>
    </p>
   </div>
   <div class='ocr_carea' id='block_1_28' title="bbox 181 1402 970 1446">
    <p class='ocr_par' dir='ltr' id='par_1_28' title="bbox 181 1402 970 1446">
     <span class='ocr_line' id='line_1_28' title="bbox 181 1402 970 1446; baseline -0.015 -6"><span class='ocrx_word' id='word_1_206' title='bbox 181 1414 239 1441; x_wconf 87' lang='lat' dir='ltr'><strong>fttit.</strong></span> <span class='ocrx_word' id='word_1_207' title='bbox 255 1413 277 1439; x_wconf 86' lang='grc' dir='ltr'><strong>Ο</strong></span> <span class='ocrx_word' id='word_1_208' title='bbox 290 1411 479 1446; x_wconf 86' lang='lat' dir='ltr'><strong>impudentiam</strong></span> <span class='ocrx_word' id='word_1_209' title='bbox 493 1414 518 1436; x_wconf 91' lang='lat' dir='ltr'><strong>et</strong></span> <span class='ocrx_word' id='word_1_210' title='bbox 532 1408 692 1442; x_wconf 87' lang='lat' dir='ltr'><strong>impietatem</strong></span> <span class='ocrx_word' id='word_1_211' title='bbox 704 1404 852 1439; x_wconf 76' lang='lat' dir='ltr'><strong>ingentem!</strong></span> <span class='ocrx_word' id='word_1_212' title='bbox 869 1403 905 1429; x_wconf 89' lang='lat' dir='ltr'><strong>De</strong></span> <span class='ocrx_word' id='word_1_213' title='bbox 916 1402 970 1429; x_wconf 84' lang='lat' dir='ltr'><strong>Deo</strong></span> 
     </span>
    </p>
   </div>
   <div class='ocr_carea' id='block_1_29' title="bbox 181 1451 970 1492">
    <p class='ocr_par' dir='ltr' id='par_1_29' title="bbox 181 1451 970 1492">
     <span class='ocr_line' id='line_1_29' title="bbox 181 1451 970 1492; baseline -0.015 -6"><span class='ocrx_word' id='word_1_214' title='bbox 181 1464 206 1486; x_wconf 85' lang='lat' dir='ltr'><strong>to</strong></span> <span class='ocrx_word' id='word_1_215' title='bbox 220 1458 349 1492; x_wconf 87' lang='lat' dir='ltr'><strong>alloquor,</strong></span> <span class='ocrx_word' id='word_1_216' title='bbox 364 1462 391 1484; x_wconf 88' lang='lat' dir='ltr'><strong>et</strong></span> <span class='ocrx_word' id='word_1_217' title='bbox 405 1460 431 1482; x_wconf 89' lang='grc' dir='ltr'><strong>ιιι</strong></span> <span class='ocrx_word' id='word_1_218' title='bbox 447 1454 511 1481; x_wconf 91' lang='lat' dir='ltr'><strong>mihi</strong></span> <span class='ocrx_word' id='word_1_219' title='bbox 528 1459 624 1480; x_wconf 86' lang='lat' dir='ltr'><strong>terram</strong></span> <span class='ocrx_word' id='word_1_220' title='bbox 636 1457 662 1479; x_wconf 84' lang='lat' dir='ltr'><strong>et</strong></span> <span class='ocrx_word' id='word_1_221' title='bbox 677 1451 797 1477; x_wconf 86' lang='lat' dir='ltr'><strong>homines</strong></span> <span class='ocrx_word' id='word_1_222' title='bbox 812 1454 881 1476; x_wconf 90' lang='lat' dir='ltr'><strong>terra</strong></span> <span class='ocrx_word' id='word_1_223' title='bbox 896 1452 970 1475; x_wconf 90' lang='lat' dir='ltr'><strong>ortos</strong></span> 
     </span>
    </p>
   </div>
   <div class='ocr_carea' id='block_1_30' title="bbox 179 1494 969 1535">
    <p class='ocr_par' dir='ltr' id='par_1_30' title="bbox 179 1494 969 1535">
     <span class='ocr_line' id='line_1_30' title="bbox 179 1494 969 1535; baseline -0.014 -4"><span class='ocrx_word' id='word_1_224' title='bbox 179 1503 259 1530; x_wconf 87' lang='lat' dir='ltr'><strong>all&#39;crs</strong></span> <span class='ocrx_word' id='word_1_225' title='bbox 275 1503 300 1530; x_wconf 91' lang='lat' dir='ltr'><strong>iu</strong></span> <span class='ocrx_word' id='word_1_226' title='bbox 315 1501 451 1529; x_wconf 86' lang='lat' dir='ltr'><strong>medium?</strong></span> <span class='ocrx_word' id='word_1_227' title='bbox 467 1501 537 1535; x_wconf 76' lang='lat' dir='ltr'><strong>Ergo</strong></span> <span class='ocrx_word' id='word_1_228' title='bbox 549 1500 610 1534; x_wconf 90' lang='lat' dir='ltr'><strong>quia</strong></span> <span class='ocrx_word' id='word_1_229' title='bbox 625 1498 745 1525; x_wconf 88' lang='lat' dir='ltr'><strong>Christus</strong></span> <span class='ocrx_word' id='word_1_230' title='bbox 765 1496 848 1523; x_wconf 86' lang='lat' dir='ltr'><strong>Filius</strong></span> <span class='ocrx_word' id='word_1_231' title='bbox 868 1495 912 1522; x_wconf 87' lang='lat' dir='ltr'><strong>Dei</strong></span> <span class='ocrx_word' id='word_1_232' title='bbox 927 1494 969 1521; x_wconf 77' lang='lat' dir='ltr'><strong>di-</strong></span> 
     </span>
    </p>
   </div>
   <div class='ocr_carea' id='block_1_31' title="bbox 180 1539 968 1578">
    <p class='ocr_par' dir='ltr' id='par_1_31' title="bbox 180 1539 968 1578">
     <span class='ocr_line' id='line_1_31' title="bbox 180 1539 968 1578; baseline -0.014 -2"><span class='ocrx_word' id='word_1_233' title='bbox 180 1549 248 1576; x_wconf 87' lang='lat' dir='ltr'><strong>citur</strong></span> <span class='ocrx_word' id='word_1_234' title='bbox 270 1551 297 1575; x_wconf 90' lang='lat' dir='ltr'><strong>et</strong></span> <span class='ocrx_word' id='word_1_235' title='bbox 317 1547 396 1578; x_wconf 85' lang='lat' dir='ltr'><strong>Deus,</strong></span> <span class='ocrx_word' id='word_1_236' title='bbox 422 1549 449 1573; x_wconf 83' lang='lat' dir='ltr'><strong>et</strong></span> <span class='ocrx_word' id='word_1_237' title='bbox 464 1545 543 1572; x_wconf 87' lang='lat' dir='ltr'><strong>homo</strong></span> <span class='ocrx_word' id='word_1_238' title='bbox 567 1543 690 1571; x_wconf 87' lang='lat' dir='ltr'><strong>similiter</strong></span> <span class='ocrx_word' id='word_1_239' title='bbox 707 1541 777 1568; x_wconf 83' lang='lat' dir='ltr'><strong>filius</strong></span> <span class='ocrx_word' id='word_1_240' title='bbox 793 1540 838 1568; x_wconf 90' lang='lat' dir='ltr'><strong>Dei</strong></span> <span class='ocrx_word' id='word_1_241' title='bbox 853 1544 880 1567; x_wconf 91' lang='lat' dir='ltr'><strong>et</strong></span> <span class='ocrx_word' id='word_1_242' title='bbox 902 1539 968 1566; x_wconf 87' lang='lat' dir='ltr'><strong>deus</strong></span> 
     </span>
    </p>
   </div>
   <div class='ocr_carea' id='block_1_32' title="bbox 179 1584 968 1627">
    <p class='ocr_par' dir='ltr' id='par_1_32' title="bbox 179 1584 968 1627">
     <span class='ocr_line' id='line_1_32' title="bbox 179 1584 968 1627; baseline -0.014 -6"><span class='ocrx_word' id='word_1_243' title='bbox 179 1593 337 1627; x_wconf 60' lang='lat' dir='ltr'><strong>[medicatur</strong></span> <span class='ocrx_word' id='word_1_244' title='bbox 351 1592 359 1625; x_wconf 92' lang='lat'><strong>(</strong></span> <span class='ocrx_word' id='word_1_245' title='bbox 375 1598 436 1618; x_wconf 87' lang='lat' dir='ltr'><strong>nam</strong></span> <span class='ocrx_word' id='word_1_246' title='bbox 456 1589 511 1625; x_wconf 83' lang='lat' dir='ltr'><strong>Ego</strong></span> <span class='ocrx_word' id='word_1_247' title='bbox 525 1589 592 1620; x_wconf 76' lang='lat' dir='ltr'><strong>dixi,</strong></span> <span class='ocrx_word' id='word_1_248' title='bbox 616 1588 716 1622; x_wconf 89' lang='lat' dir='ltr'><strong>inquit,</strong></span> <span class='ocrx_word' id='word_1_249' title='bbox 731 1587 767 1613; x_wconf 87' lang='lat' dir='ltr'><strong>dii</strong></span> <span class='ocrx_word' id='word_1_250' title='bbox 787 1586 856 1618; x_wconf 76' lang='lat' dir='ltr'><strong>estis,</strong></span> <span class='ocrx_word' id='word_1_251' title='bbox 878 1591 901 1612; x_wconf 87' lang='lat' dir='ltr'><strong>et</strong></span> <span class='ocrx_word' id='word_1_252' title='bbox 919 1584 968 1618; x_wconf 86' lang='lat' dir='ltr'><strong>ﬁlii</strong></span> 
     </span>
    </p>
   </div>
   <div class='ocr_carea' id='block_1_33' title="bbox 181 1632 969 1672">
    <p class='ocr_par' dir='ltr' id='par_1_33' title="bbox 181 1632 969 1672">
     <span class='ocr_line' id='line_1_33' title="bbox 181 1632 969 1672; baseline -0.013 -6"><span class='ocrx_word' id='word_1_253' title='bbox 181 1638 278 1667; x_wconf 74' lang='lat' dir='ltr'><strong>Ezeclsi</strong></span> <span class='ocrx_word' id='word_1_254' title='bbox 289 1646 374 1664; x_wconf 74' lang='lat' dir='ltr'><strong>omnes</strong></span> <span class='ocrx_word' id='word_1_255' title='bbox 385 1636 395 1672; x_wconf 82' lang='lat'>[</span> <span class='ocrx_word' id='word_1_256' title='bbox 406 1635 476 1662; x_wconf 76' lang='grc' dir='ltr'>Ριαι.</span> <span class='ocrx_word' id='word_1_257' title='bbox 489 1635 534 1662; x_wconf 87' lang='lat' dir='ltr'><strong>8i.</strong></span> <span class='ocrx_word' id='word_1_258' title='bbox 549 1633 614 1670; x_wconf 83' lang='lat'><strong>6]),</strong></span> <span class='ocrx_word' id='word_1_259' title='bbox 629 1641 690 1660; x_wconf 90' lang='lat' dir='ltr'><strong>cum</strong></span> <span class='ocrx_word' id='word_1_260' title='bbox 703 1632 844 1667; x_wconf 75' lang='lat' dir='ltr'><strong>Unigenito</strong></span> <span class='ocrx_word' id='word_1_261' title='bbox 858 1635 969 1657; x_wconf 89' lang='lat' dir='ltr'><strong>conten-</strong></span> 
     </span>
    </p>
   </div>
   <div class='ocr_carea' id='block_1_34' title="bbox 177 1675 966 1713">
    <p class='ocr_par' dir='ltr' id='par_1_34' title="bbox 177 1675 966 1713">
     <span class='ocr_line' id='line_1_34' title="bbox 177 1675 966 1713; baseline -0.014 -1"><span class='ocrx_word' id='word_1_262' title='bbox 177 1685 224 1712; x_wconf 87' lang='lat' dir='ltr'><strong>des</strong></span> <span class='ocrx_word' id='word_1_263' title='bbox 236 1684 270 1711; x_wconf 86' lang='lat' dir='ltr'><strong>de</strong></span> <span class='ocrx_word' id='word_1_264' title='bbox 284 1683 426 1712; x_wconf 86' lang='lat' dir='ltr'><strong>ﬁliatione,</strong></span> <span class='ocrx_word' id='word_1_265' title='bbox 450 1686 477 1708; x_wconf 92' lang='lat' dir='ltr'><strong>et</strong></span> <span class='ocrx_word' id='word_1_266' title='bbox 498 1680 571 1707; x_wconf 86' lang='lat' dir='ltr'><strong>dices</strong></span> <span class='ocrx_word' id='word_1_267' title='bbox 593 1680 678 1713; x_wconf 87' lang='lat' dir='ltr'><strong>ipsum</strong></span> <span class='ocrx_word' id='word_1_268' title='bbox 693 1678 756 1704; x_wconf 87' lang='lat' dir='ltr'><strong>nihil</strong></span> <span class='ocrx_word' id='word_1_269' title='bbox 772 1676 830 1711; x_wconf 88' lang='lat' dir='ltr'><strong>plus</strong></span> <span class='ocrx_word' id='word_1_270' title='bbox 853 1675 966 1708; x_wconf 84' lang='lat' dir='ltr'><strong>habere,</strong></span> 
     </span>
    </p>
   </div>
   <div class='ocr_carea' id='block_1_35' title="bbox 179 1721 966 1766">
    <p class='ocr_par' dir='ltr' id='par_1_35' title="bbox 179 1721 966 1766">
     <span class='ocr_line' id='line_1_35' title="bbox 179 1721 966 1766; baseline -0.013 -8"><span class='ocrx_word' id='word_1_271' title='bbox 179 1738 256 1766; x_wconf 83' lang='lat' dir='ltr'><strong>quant</strong></span> <span class='ocrx_word' id='word_1_272' title='bbox 272 1733 299 1757; x_wconf 92' lang='lat' dir='ltr'><strong>tu</strong></span> <span class='ocrx_word' id='word_1_273' title='bbox 319 1728 435 1756; x_wconf 77' lang='lat' dir='ltr'><strong>habeas?</strong></span> <span class='ocrx_word' id='word_1_274' title='bbox 449 1727 632 1761; x_wconf 84' lang='lat' dir='ltr'><strong>Nequaquam,</strong></span> <span class='ocrx_word' id='word_1_275' title='bbox 646 1725 692 1751; x_wconf 91' lang='lat' dir='ltr'><strong>ait.</strong></span> <span class='ocrx_word' id='word_1_276' title='bbox 709 1725 788 1758; x_wconf 87' lang='lat' dir='ltr'><strong>Atqui</strong></span> <span class='ocrx_word' id='word_1_277' title='bbox 804 1721 866 1750; x_wconf 90' lang='lat' dir='ltr'><strong>illud</strong></span> <span class='ocrx_word' id='word_1_278' title='bbox 881 1722 966 1756; x_wconf 90' lang='lat' dir='ltr'><strong>ipsutn</strong></span> 
     </span>
    </p>
   </div>
   <div class='ocr_carea' id='block_1_36' title="bbox 177 1769 967 1812">
    <p class='ocr_par' dir='ltr' id='par_1_36' title="bbox 177 1769 967 1812">
     <span class='ocr_line' id='line_1_36' title="bbox 177 1769 967 1812; baseline -0.013 -8"><span class='ocrx_word' id='word_1_279' title='bbox 177 1778 248 1812; x_wconf 78' lang='lat' dir='ltr'><strong>agis,</strong></span> <span class='ocrx_word' id='word_1_280' title='bbox 262 1777 311 1803; x_wconf 82' lang='lat' dir='ltr'><strong>etsi</strong></span> <span class='ocrx_word' id='word_1_281' title='bbox 334 1783 386 1802; x_wconf 91' lang='lat' dir='ltr'><strong>non</strong></span> <span class='ocrx_word' id='word_1_282' title='bbox 400 1774 483 1801; x_wconf 89' lang='lat' dir='ltr'><strong>dicas.</strong></span> <span class='ocrx_word' id='word_1_283' title='bbox 500 1772 657 1806; x_wconf 87' lang='lat' dir='ltr'><strong>Quomodo?</strong></span> <span class='ocrx_word' id='word_1_284' title='bbox 678 1770 743 1804; x_wconf 84' lang='lat' dir='ltr'><strong>Quia</strong></span> <span class='ocrx_word' id='word_1_285' title='bbox 768 1769 849 1800; x_wconf 86' lang='lat' dir='ltr'><strong>dicis,</strong></span> <span class='ocrx_word' id='word_1_286' title='bbox 874 1773 900 1795; x_wconf 91' lang='lat' dir='ltr'><strong>te</strong></span> <span class='ocrx_word' id='word_1_287' title='bbox 921 1775 967 1802; x_wconf 82' lang='lat' dir='ltr'><strong>per</strong></span> 
     </span>
    </p>
   </div>
   <div class='ocr_carea' id='block_1_37' title="bbox 177 1815 964 1859">
    <p class='ocr_par' dir='ltr' id='par_1_37' title="bbox 177 1815 964 1859">
     <span class='ocr_line' id='line_1_37' title="bbox 177 1815 964 1859; baseline -0.014 -8"><span class='ocrx_word' id='word_1_288' title='bbox 177 1824 288 1859; x_wconf 73' lang='lat' dir='ltr'><strong>gratiam</strong></span> <span class='ocrx_word' id='word_1_289' title='bbox 301 1821 470 1856; x_wconf 87' lang='lat' dir='ltr'><strong>adoptionem</strong></span> <span class='ocrx_word' id='word_1_290' title='bbox 485 1818 652 1854; x_wconf 76' lang='lat' dir='ltr'><strong>percepisse,</strong></span> <span class='ocrx_word' id='word_1_291' title='bbox 671 1817 808 1851; x_wconf 89' lang='lat' dir='ltr'><strong>ipsutnqtte</strong></span> <span class='ocrx_word' id='word_1_292' title='bbox 822 1815 945 1842; x_wconf 87' lang='lat' dir='ltr'><strong>similiter</strong></span> <span class='ocrx_word' id='word_1_293' title='bbox 957 1822 964 1840; x_wconf 87' lang='lat'><strong>:</strong></span> 
     </span>
    </p>
   </div>
   <div class='ocr_carea' id='block_1_38' title="bbox 177 1861 964 1901">
    <p class='ocr_par' dir='ltr' id='par_1_38' title="bbox 177 1861 964 1901">
     <span class='ocr_line' id='line_1_38' title="bbox 177 1861 964 1901; baseline -0.01 -5"><span class='ocrx_word' id='word_1_294' title='bbox 177 1877 236 1897; x_wconf 88' lang='lat' dir='ltr'><strong>eum</strong></span> <span class='ocrx_word' id='word_1_295' title='bbox 249 1874 338 1896; x_wconf 86' lang='lat' dir='ltr'><strong>autem</strong></span> <span class='ocrx_word' id='word_1_296' title='bbox 356 1867 422 1895; x_wconf 89' lang='lat' dir='ltr'><strong>dicis</strong></span> <span class='ocrx_word' id='word_1_297' title='bbox 436 1867 521 1901; x_wconf 57' lang='lat' dir='ltr'><strong>iptum</strong></span> <span class='ocrx_word' id='word_1_298' title='bbox 536 1873 588 1892; x_wconf 90' lang='lat' dir='ltr'><strong>non</strong></span> <span class='ocrx_word' id='word_1_299' title='bbox 605 1869 697 1891; x_wconf 91' lang='lat' dir='ltr'><strong>natura</strong></span> <span class='ocrx_word' id='word_1_300' title='bbox 719 1864 800 1890; x_wconf 88' lang='lat' dir='ltr'><strong>lilium</strong></span> <span class='ocrx_word' id='word_1_301' title='bbox 813 1870 872 1890; x_wconf 79' lang='lat' dir='ltr'><strong>esse</strong></span> <span class='ocrx_word' id='word_1_302' title='bbox 882 1882 889 1895; x_wconf 90' lang='lat'><strong>,</strong></span> <span class='ocrx_word' id='word_1_303' title='bbox 902 1861 964 1889; x_wconf 91' lang='lat' dir='ltr'><strong>nihil</strong></span> 
     </span>
    </p>
   </div>
   <div class='ocr_carea' id='block_1_39' title="bbox 176 1910 964 1949">
    <p class='ocr_par' dir='ltr' id='par_1_39' title="bbox 176 1910 964 1949">
     <span class='ocr_line' id='line_1_39' title="bbox 176 1910 964 1949; baseline -0.009 -7"><span class='ocrx_word' id='word_1_304' title='bbox 176 1915 246 1942; x_wconf 84' lang='lat' dir='ltr'><strong>aliud</strong></span> <span class='ocrx_word' id='word_1_305' title='bbox 259 1915 364 1949; x_wconf 89' lang='lat' dir='ltr'><strong>probas,</strong></span> <span class='ocrx_word' id='word_1_306' title='bbox 379 1920 457 1948; x_wconf 89' lang='lat' dir='ltr'><strong>quam</strong></span> <span class='ocrx_word' id='word_1_307' title='bbox 472 1920 520 1947; x_wconf 86' lang='lat' dir='ltr'><strong>per</strong></span> <span class='ocrx_word' id='word_1_308' title='bbox 532 1911 642 1946; x_wconf 79' lang='lat' dir='ltr'><strong>gratiam</strong></span> <span class='ocrx_word' id='word_1_309' title='bbox 657 1911 738 1936; x_wconf 86' lang='lat' dir='ltr'><strong>tilium</strong></span> <span class='ocrx_word' id='word_1_310' title='bbox 753 1917 824 1937; x_wconf 86' lang='lat' dir='ltr'><strong>esse.</strong></span> <span class='ocrx_word' id='word_1_311' title='bbox 834 1910 964 1936; x_wconf 59' lang='lat' dir='ltr'><strong>Cancrum</strong></span> 
     </span>
    </p>
   </div>
   <div class='ocr_carea' id='block_1_40' title="bbox 176 1953 965 1994">
    <p class='ocr_par' dir='ltr' id='par_1_40' title="bbox 176 1953 965 1994">
     <span class='ocr_line' id='line_1_40' title="bbox 176 1953 965 1994; baseline -0.01 -6"><span class='ocrx_word' id='word_1_312' title='bbox 176 1961 312 1988; x_wconf 85' lang='lat' dir='ltr'><strong>videamus</strong></span> <span class='ocrx_word' id='word_1_313' title='bbox 339 1967 388 1991; x_wconf 85' lang='lat' dir='ltr'><strong>ea,</strong></span> <span class='ocrx_word' id='word_1_314' title='bbox 415 1966 474 1994; x_wconf 81' lang='lat' dir='ltr'><strong>qtue</strong></span> <span class='ocrx_word' id='word_1_315' title='bbox 499 1957 575 1984; x_wconf 87' lang='lat' dir='ltr'><strong>nobis</strong></span> <span class='ocrx_word' id='word_1_316' title='bbox 601 1956 714 1984; x_wconf 78' lang='lat' dir='ltr'><strong>atl‘erunt</strong></span> <span class='ocrx_word' id='word_1_317' title='bbox 737 1955 903 1983; x_wconf 81' lang='lat' dir='ltr'><strong>testimonia:</strong></span> <span class='ocrx_word' id='word_1_318' title='bbox 931 1953 965 1981; x_wconf 86' lang='lat' dir='ltr'><strong>In</strong></span> 
     </span>
    </p>
   </div>
   <div class='ocr_carea' id='block_1_41' title="bbox 177 2001 964 2042">
    <p class='ocr_par' dir='ltr' id='par_1_41' title="bbox 177 2001 964 2042">
     <span class='ocr_line' id='line_1_41' title="bbox 177 2001 964 2042; baseline -0.009 -9"><span class='ocrx_word' id='word_1_319' title='bbox 177 2006 299 2042; x_wconf 78' lang='lat' dir='ltr'><strong>principio</strong></span> <span class='ocrx_word' id='word_1_320' title='bbox 317 2005 375 2040; x_wconf 75' lang='lat' dir='ltr'><strong>fecit</strong></span> <span class='ocrx_word' id='word_1_321' title='bbox 388 2003 456 2030; x_wconf 83' lang='lat' dir='ltr'><strong>Deus</strong></span> <span class='ocrx_word' id='word_1_322' title='bbox 469 2003 558 2030; x_wconf 73' lang='lat' dir='ltr'><strong>artum</strong></span> <span class='ocrx_word' id='word_1_323' title='bbox 571 2007 594 2029; x_wconf 86' lang='lat' dir='ltr'><strong>et</strong></span> <span class='ocrx_word' id='word_1_324' title='bbox 606 2007 707 2028; x_wconf 84' lang='lat' dir='ltr'><strong>terram.</strong></span> <span class='ocrx_word' id='word_1_325' title='bbox 724 2001 802 2028; x_wconf 80' lang='lat' dir='ltr'><strong>Terra</strong></span> <span class='ocrx_word' id='word_1_326' title='bbox 815 2006 897 2026; x_wconf 83' lang='lat' dir='ltr'><strong>autem</strong></span> <span class='ocrx_word' id='word_1_327' title='bbox 911 2004 964 2026; x_wconf 84' lang='lat' dir='ltr'><strong>erat</strong></span> 
     </span>
    </p>
   </div>
   <div class='ocr_carea' id='block_1_42' title="bbox 175 2045 964 2084">
    <p class='ocr_par' dir='ltr' id='par_1_42' title="bbox 175 2045 964 2084">
     <span class='ocr_line' id='line_1_42' title="bbox 175 2045 964 2084; baseline -0.009 -6"><span class='ocrx_word' id='word_1_328' title='bbox 175 2051 305 2078; x_wconf 68' lang='lat' dir='ltr'><strong>inuisibilia</strong></span> <span class='ocrx_word' id='word_1_329' title='bbox 320 2055 342 2077; x_wconf 80' lang='lat' dir='ltr'><strong>et</strong></span> <span class='ocrx_word' id='word_1_330' title='bbox 354 2048 520 2084; x_wconf 76' lang='lat' dir='ltr'><strong>incomposita</strong></span> <span class='ocrx_word' id='word_1_331' title='bbox 531 2047 606 2084; x_wconf 83' lang='lat' dir='ltr'><strong>(Gen.</strong></span> <span class='ocrx_word' id='word_1_332' title='bbox 623 2048 649 2074; x_wconf 78' lang='grc'><strong>1.</strong></span> <span class='ocrx_word' id='word_1_333' title='bbox 660 2046 738 2081; x_wconf 57' lang='grc' dir='ltr'><strong>με).</strong></span> <span class='ocrx_word' id='word_1_334' title='bbox 757 2047 798 2078; x_wconf 82' lang='lat' dir='ltr'><strong>Et,</strong></span> <span class='ocrx_word' id='word_1_335' title='bbox 816 2045 878 2072; x_wconf 82' lang='lat' dir='ltr'><strong>Erat</strong></span> <span class='ocrx_word' id='word_1_336' title='bbox 890 2045 964 2072; x_wconf 84' lang='lat' dir='ltr'><strong>homo</strong></span> 
     </span>
    </p>
   </div>
   <div class='ocr_carea' id='block_1_43' title="bbox 175 2090 963 2128">
    <p class='ocr_par' dir='ltr' id='par_1_43' title="bbox 175 2090 963 2128">
     <span class='ocr_line' id='line_1_43' title="bbox 175 2090 963 2128; baseline -0.01 -4"><span class='ocrx_word' id='word_1_337' title='bbox 175 2105 206 2124; x_wconf 73' lang='lat' dir='ltr'><strong>ea:</strong></span> <span class='ocrx_word' id='word_1_338' title='bbox 225 2095 382 2123; x_wconf 72' lang='lat' dir='ltr'><strong>Amat/tuin:</strong></span> <span class='ocrx_word' id='word_1_339' title='bbox 397 2094 480 2128; x_wconf 82' lang='lat' dir='ltr'><strong>Sipha</strong></span> <span class='ocrx_word' id='word_1_340' title='bbox 494 2094 504 2127; x_wconf 91' lang='lat'><strong>(</strong></span> <span class='ocrx_word' id='word_1_341' title='bbox 516 2093 542 2119; x_wconf 80' lang='grc' dir='ltr'><strong>Ι.</strong></span> <span class='ocrx_word' id='word_1_342' title='bbox 558 2092 621 2127; x_wconf 82' lang='lat' dir='ltr'><strong>Reg.</strong></span> <span class='ocrx_word' id='word_1_343' title='bbox 637 2092 663 2118; x_wconf 82' lang='grc'><strong>1.</strong></span> <span class='ocrx_word' id='word_1_344' title='bbox 677 2092 687 2118; x_wconf 85' lang='grc'><strong>1</strong></span> <span class='ocrx_word' id='word_1_345' title='bbox 700 2091 720 2126; x_wconf 90' lang='grc'><strong>).</strong></span> <span class='ocrx_word' id='word_1_346' title='bbox 736 2091 797 2118; x_wconf 68' lang='grc' dir='ltr'><strong>ΙΙιιξε</strong></span> <span class='ocrx_word' id='word_1_347' title='bbox 813 2091 875 2123; x_wconf 83' lang='lat' dir='ltr'><strong>ipsis</strong></span> <span class='ocrx_word' id='word_1_348' title='bbox 889 2090 963 2116; x_wconf 84' lang='lat' dir='ltr'><strong>ﬁrma</strong></span> 
     </span>
    </p>
   </div>
   <div class='ocr_carea' id='block_1_44' title="bbox 174 2134 963 2169">
    <p class='ocr_par' dir='ltr' id='par_1_44' title="bbox 174 2134 963 2169">
     <span class='ocr_line' id='line_1_44' title="bbox 174 2134 963 2169; baseline -0.011 0"><span class='ocrx_word' id='word_1_349' title='bbox 174 2142 306 2169; x_wconf 88' lang='lat' dir='ltr'><strong>videntur.</strong></span> <span class='ocrx_word' id='word_1_350' title='bbox 323 2141 355 2167; x_wconf 88' lang='lat' dir='ltr'><strong>Et</strong></span> <span class='ocrx_word' id='word_1_351' title='bbox 367 2148 429 2167; x_wconf 89' lang='lat' dir='ltr'><strong>vere</strong></span> <span class='ocrx_word' id='word_1_352' title='bbox 442 2139 517 2166; x_wconf 82' lang='lat' dir='ltr'><strong>ﬁrma</strong></span> <span class='ocrx_word' id='word_1_353' title='bbox 531 2142 609 2169; x_wconf 90' lang='lat' dir='ltr'><strong>sunt,</strong></span> <span class='ocrx_word' id='word_1_354' title='bbox 623 2136 669 2164; x_wconf 92' lang='lat' dir='ltr'><strong>sed</strong></span> <span class='ocrx_word' id='word_1_355' title='bbox 683 2137 715 2162; x_wconf 89' lang='lat' dir='ltr'><strong>ad</strong></span> <span class='ocrx_word' id='word_1_356' title='bbox 729 2134 963 2163; x_wconf 87' lang='lat' dir='ltr'><strong>demonstrandam</strong></span> 
     </span>
    </p>
   </div>
   <div class='ocr_carea' id='block_1_45' title="bbox 174 2181 964 2215">
    <p class='ocr_par' dir='ltr' id='par_1_45' title="bbox 174 2181 964 2215">
     <span class='ocr_line' id='line_1_45' title="bbox 174 2181 964 2215; baseline -0.009 -1"><span class='ocrx_word' id='word_1_357' title='bbox 174 2188 302 2215; x_wconf 65' lang='lat' dir='ltr'><strong>doctrinae</strong></span> <span class='ocrx_word' id='word_1_358' title='bbox 312 2190 410 2213; x_wconf 61' lang='lat' dir='ltr'><strong>nostrae</strong></span> <span class='ocrx_word' id='word_1_359' title='bbox 425 2185 581 2212; x_wconf 87' lang='lat' dir='ltr'><strong>veritatem:</strong></span> <span class='ocrx_word' id='word_1_360' title='bbox 596 2191 655 2210; x_wconf 89' lang='lat' dir='ltr'><strong>nam</strong></span> <span class='ocrx_word' id='word_1_361' title='bbox 671 2183 704 2209; x_wconf 87' lang='lat' dir='ltr'><strong>ad</strong></span> <span class='ocrx_word' id='word_1_362' title='bbox 723 2182 828 2209; x_wconf 92' lang='lat' dir='ltr'><strong>illorum</strong></span> <span class='ocrx_word' id='word_1_363' title='bbox 844 2181 964 2215; x_wconf 82' lang='lat' dir='ltr'><strong>blasphe-</strong></span> 
     </span>
    </p>
   </div>
   <div class='ocr_carea' id='block_1_46' title="bbox 175 2227 963 2267">
    <p class='ocr_par' dir='ltr' id='par_1_46' title="bbox 175 2227 963 2267">
     <span class='ocr_line' id='line_1_46' title="bbox 175 2227 963 2267; baseline -0.01 -6"><span class='ocrx_word' id='word_1_364' title='bbox 175 2235 253 2261; x_wconf 89' lang='lat' dir='ltr'><strong>Iniam</strong></span> <span class='ocrx_word' id='word_1_365' title='bbox 266 2231 490 2267; x_wconf 87' lang='lat' dir='ltr'><strong>comprobandam</strong></span> <span class='ocrx_word' id='word_1_366' title='bbox 501 2229 618 2257; x_wconf 91' lang='lat' dir='ltr'><strong>omnium</strong></span> <span class='ocrx_word' id='word_1_367' title='bbox 631 2228 792 2256; x_wconf 86' lang='lat' dir='ltr'><strong>debilissima</strong></span> <span class='ocrx_word' id='word_1_368' title='bbox 808 2232 879 2254; x_wconf 90' lang='lat' dir='ltr'><strong>sunt.</strong></span> <span class='ocrx_word' id='word_1_369' title='bbox 895 2227 963 2260; x_wconf 88' lang='lat' dir='ltr'><strong>Quid</strong></span> 
     </span>
    </p>
   </div>
   <div class='ocr_carea' id='block_1_47' title="bbox 173 2273 960 2314">
    <p class='ocr_par' dir='ltr' id='par_1_47' title="bbox 173 2273 960 2314">
     <span class='ocr_line' id='line_1_47' title="bbox 173 2273 960 2314; baseline -0.01 -7"><span class='ocrx_word' id='word_1_370' title='bbox 173 2281 255 2311; x_wconf 89' lang='lat' dir='ltr'><strong>enim,</strong></span> <span class='ocrx_word' id='word_1_371' title='bbox 269 2286 370 2314; x_wconf 84' lang='lat' dir='ltr'><strong>qua-so,</strong></span> <span class='ocrx_word' id='word_1_372' title='bbox 386 2284 528 2304; x_wconf 90' lang='lat' dir='ltr'><strong>commune</strong></span> <span class='ocrx_word' id='word_1_373' title='bbox 542 2276 623 2302; x_wconf 83' lang='lat' dir='ltr'><strong>habet</strong></span> <span class='ocrx_word' id='word_1_374' title='bbox 638 2274 701 2302; x_wconf 89' lang='lat' dir='ltr'><strong>illttd</strong></span> <span class='ocrx_word' id='word_1_375' title='bbox 712 2295 719 2308; x_wconf 86' lang='lat'><strong>,</strong></span> <span class='ocrx_word' id='word_1_376' title='bbox 733 2273 818 2306; x_wconf 79' lang='lat' dir='ltr'><strong>Fecit,</strong></span> <span class='ocrx_word' id='word_1_377' title='bbox 833 2281 894 2301; x_wconf 91' lang='lat' dir='ltr'><strong>cttm</strong></span> <span class='ocrx_word' id='word_1_378' title='bbox 906 2273 960 2305; x_wconf 81' lang='lat' dir='ltr'><strong>illo,</strong></span> 
     </span>
    </p>
   </div>
   <div class='ocr_carea' id='block_1_48' title="bbox 175 2321 962 2360">
    <p class='ocr_par' dir='ltr' id='par_1_48' title="bbox 175 2321 962 2360">
     <span class='ocr_line' id='line_1_48' title="bbox 175 2321 962 2360; baseline -0.009 -7"><span class='ocrx_word' id='word_1_379' title='bbox 175 2325 258 2353; x_wconf 83' lang='lat' dir='ltr'><strong>Erat?</strong></span> <span class='ocrx_word' id='word_1_380' title='bbox 272 2325 334 2360; x_wconf 93' lang='lat' dir='ltr'><strong>quid</strong></span> <span class='ocrx_word' id='word_1_381' title='bbox 351 2325 422 2351; x_wconf 87' lang='lat' dir='ltr'><strong>Deus</strong></span> <span class='ocrx_word' id='word_1_382' title='bbox 442 2330 501 2350; x_wconf 90' lang='lat' dir='ltr'><strong>cum</strong></span> <span class='ocrx_word' id='word_1_383' title='bbox 517 2322 641 2349; x_wconf 84' lang='lat' dir='ltr'><strong>homine?</strong></span> <span class='ocrx_word' id='word_1_384' title='bbox 663 2322 717 2348; x_wconf 89' lang='lat' dir='ltr'><strong>Cur</strong></span> <span class='ocrx_word' id='word_1_385' title='bbox 731 2329 762 2348; x_wconf 91' lang='lat' dir='ltr'><strong>ea</strong></span> <span class='ocrx_word' id='word_1_386' title='bbox 786 2321 882 2348; x_wconf 86' lang='lat' dir='ltr'><strong>misces</strong></span> <span class='ocrx_word' id='word_1_387' title='bbox 903 2328 962 2354; x_wconf 76' lang='lat' dir='ltr'><strong>qua:</strong></span> 
     </span>
    </p>
   </div>
   <div class='ocr_carea' id='block_1_49' title="bbox 173 2366 960 2404">
    <p class='ocr_par' dir='ltr' id='par_1_49' title="bbox 173 2366 960 2404">
     <span class='ocr_line' id='line_1_49' title="bbox 173 2366 960 2404; baseline -0.009 -5"><span class='ocrx_word' id='word_1_388' title='bbox 173 2372 278 2400; x_wconf 88' lang='lat' dir='ltr'><strong>misceri</strong></span> <span class='ocrx_word' id='word_1_389' title='bbox 300 2378 353 2398; x_wconf 91' lang='lat' dir='ltr'><strong>non</strong></span> <span class='ocrx_word' id='word_1_390' title='bbox 378 2369 508 2404; x_wconf 88' lang='lat' dir='ltr'><strong>possunt?</strong></span> <span class='ocrx_word' id='word_1_391' title='bbox 523 2376 570 2395; x_wconf 90' lang='lat' dir='ltr'><strong>cur</strong></span> <span class='ocrx_word' id='word_1_392' title='bbox 591 2367 732 2395; x_wconf 86' lang='lat' dir='ltr'><strong>confundis</strong></span> <span class='ocrx_word' id='word_1_393' title='bbox 753 2374 783 2393; x_wconf 91' lang='lat' dir='ltr'><strong>ea</strong></span> <span class='ocrx_word' id='word_1_394' title='bbox 804 2375 864 2402; x_wconf 77' lang='lat' dir='ltr'><strong>qua:</strong></span> <span class='ocrx_word' id='word_1_395' title='bbox 877 2366 960 2393; x_wconf 84' lang='lat' dir='ltr'><strong>divisa</strong></span> 
     </span>
    </p>
   </div>
   <div class='ocr_carea' id='block_1_50' title="bbox 172 2413 960 2452">
    <p class='ocr_par' dir='ltr' id='par_1_50' title="bbox 172 2413 960 2452">
     <span class='ocr_line' id='line_1_50' title="bbox 172 2413 960 2452; baseline -0.008 -6"><span class='ocrx_word' id='word_1_396' title='bbox 172 2422 250 2450; x_wconf 83' lang='lat' dir='ltr'><strong>sunt.</strong></span> <span class='ocrx_word' id='word_1_397' title='bbox 275 2422 303 2445; x_wconf 88' lang='lat' dir='ltr'><strong>et</strong></span> <span class='ocrx_word' id='word_1_398' title='bbox 325 2424 385 2452; x_wconf 73' lang='lat' dir='ltr'><strong>qua:</strong></span> <span class='ocrx_word' id='word_1_399' title='bbox 407 2423 531 2448; x_wconf 83' lang='lat' dir='ltr'><strong>sursum,</strong></span> <span class='ocrx_word' id='word_1_400' title='bbox 556 2414 680 2441; x_wconf 91' lang='lat' dir='ltr'><strong>deorsum</strong></span> <span class='ocrx_word' id='word_1_401' title='bbox 700 2413 796 2448; x_wconf 84' lang='lat' dir='ltr'><strong>ponis?</strong></span> <span class='ocrx_word' id='word_1_402' title='bbox 819 2413 867 2440; x_wconf 80' lang='lat' dir='ltr'><strong>llic</strong></span> <span class='ocrx_word' id='word_1_403' title='bbox 890 2413 960 2440; x_wconf 89' lang='lat' dir='ltr'><strong>enim</strong></span> 
     </span>
    </p>
   </div>
   <div class='ocr_carea' id='block_1_51' title="bbox 172 2459 962 2496">
    <p class='ocr_par' dir='ltr' id='par_1_51' title="bbox 172 2459 962 2496">
     <span class='ocr_line' id='line_1_51' title="bbox 172 2459 962 2496; baseline -0.008 -5"><span class='ocrx_word' id='word_1_404' title='bbox 172 2463 234 2491; x_wconf 61' lang='lat' dir='ltr'><strong>ill‘ul</strong></span> <span class='ocrx_word' id='word_1_405' title='bbox 244 2485 251 2496; x_wconf 92' lang='lat'><strong>,</strong></span> <span class='ocrx_word' id='word_1_406' title='bbox 264 2462 338 2494; x_wconf 83' lang='lat' dir='ltr'><strong>Erat,</strong></span> <span class='ocrx_word' id='word_1_407' title='bbox 354 2470 404 2489; x_wconf 87' lang='lat' dir='ltr'><strong>non</strong></span> <span class='ocrx_word' id='word_1_408' title='bbox 419 2462 593 2489; x_wconf 77' lang='lat' dir='ltr'><strong>:eternitatem</strong></span> <span class='ocrx_word' id='word_1_409' title='bbox 607 2460 738 2491; x_wconf 88' lang='lat' dir='ltr'><strong>ostendit,</strong></span> <span class='ocrx_word' id='word_1_410' title='bbox 753 2459 774 2486; x_wconf 92' lang='lat' dir='ltr'><strong>si</strong></span> <span class='ocrx_word' id='word_1_411' title='bbox 795 2459 881 2486; x_wconf 89' lang='lat' dir='ltr'><strong>solum</strong></span> <span class='ocrx_word' id='word_1_412' title='bbox 900 2466 962 2493; x_wconf 84' lang='lat' dir='ltr'><strong>spe-</strong></span> 
     </span>
    </p>
   </div>
   <div class='ocr_carea' id='block_1_52' title="bbox 171 2504 959 2542">
    <p class='ocr_par' dir='ltr' id='par_1_52' title="bbox 171 2504 959 2542">
     <span class='ocr_line' id='line_1_52' title="bbox 171 2504 959 2542; baseline -0.006 -5"><span class='ocrx_word' id='word_1_413' title='bbox 171 2515 272 2542; x_wconf 85' lang='lat' dir='ltr'><strong>ctetur;</strong></span> <span class='ocrx_word' id='word_1_414' title='bbox 286 2508 332 2537; x_wconf 88' lang='lat' dir='ltr'><strong>sed</strong></span> <span class='ocrx_word' id='word_1_415' title='bbox 345 2508 368 2535; x_wconf 90' lang='lat' dir='ltr'><strong>si</strong></span> <span class='ocrx_word' id='word_1_416' title='bbox 382 2507 494 2534; x_wconf 86' lang='lat' dir='ltr'><strong>addatur</strong></span> <span class='ocrx_word' id='word_1_417' title='bbox 506 2514 566 2533; x_wconf 87' lang='lat' dir='ltr'><strong>ettnt</strong></span> <span class='ocrx_word' id='word_1_418' title='bbox 583 2506 643 2537; x_wconf 82' lang='lat' dir='ltr'><strong>illis,</strong></span> <span class='ocrx_word' id='word_1_419' title='bbox 660 2504 691 2532; x_wconf 87' lang='lat' dir='ltr'><strong>In</strong></span> <span class='ocrx_word' id='word_1_420' title='bbox 705 2505 828 2540; x_wconf 82' lang='lat' dir='ltr'><strong>principio</strong></span> <span class='ocrx_word' id='word_1_421' title='bbox 843 2509 906 2537; x_wconf 85' lang='lat' dir='ltr'><strong>erat,</strong></span> <span class='ocrx_word' id='word_1_422' title='bbox 922 2509 959 2534; x_wconf 87' lang='lat' dir='ltr'><strong>et.</strong></span> 
     </span>
    </p>
   </div>
   <div class='ocr_carea' id='block_1_53' title="bbox 178 2551 960 2586">
    <p class='ocr_par' dir='ltr' id='par_1_53' title="bbox 178 2551 960 2586">
     <span class='ocr_line' id='line_1_53' title="bbox 178 2551 960 2586; baseline -0.006 -5"><span class='ocrx_word' id='word_1_423' title='bbox 178 2554 282 2581; x_wconf 79' lang='lat' dir='ltr'><strong>Verbum</strong></span> <span class='ocrx_word' id='word_1_424' title='bbox 302 2558 365 2581; x_wconf 81' lang='lat' dir='ltr'><strong>erat.</strong></span> <span class='ocrx_word' id='word_1_425' title='bbox 382 2552 609 2586; x_wconf 79' lang='lat' dir='ltr'><strong>Quemadmodum</strong></span> <span class='ocrx_word' id='word_1_426' title='bbox 630 2558 693 2585; x_wconf 84' lang='lat' dir='ltr'><strong>ergo</strong></span> <span class='ocrx_word' id='word_1_427' title='bbox 709 2551 787 2582; x_wconf 78' lang='lat' dir='ltr'><strong>illud.</strong></span> <span class='ocrx_word' id='word_1_428' title='bbox 802 2551 884 2582; x_wconf 81' lang='lat' dir='ltr'><strong>Esse,</strong></span> <span class='ocrx_word' id='word_1_429' title='bbox 900 2557 960 2577; x_wconf 82' lang='lat' dir='ltr'><strong>cum</strong></span> 
     </span>
    </p>
   </div>
   <div class='ocr_carea' id='block_1_54' title="bbox 171 2596 959 2632">
    <p class='ocr_par' dir='ltr' id='par_1_54' title="bbox 171 2596 959 2632">
     <span class='ocr_line' id='line_1_54' title="bbox 171 2596 959 2632; baseline -0.006 -5"><span class='ocrx_word' id='word_1_430' title='bbox 171 2601 204 2628; x_wconf 86' lang='lat' dir='ltr'><strong>de</strong></span> <span class='ocrx_word' id='word_1_431' title='bbox 220 2600 326 2626; x_wconf 83' lang='lat' dir='ltr'><strong>homine</strong></span> <span class='ocrx_word' id='word_1_432' title='bbox 341 2599 448 2629; x_wconf 87' lang='lat' dir='ltr'><strong>dicitur,</strong></span> <span class='ocrx_word' id='word_1_433' title='bbox 463 2605 580 2632; x_wconf 70' lang='lat' dir='ltr'><strong>pra-sons</strong></span> <span class='ocrx_word' id='word_1_434' title='bbox 601 2601 701 2623; x_wconf 85' lang='lat' dir='ltr'><strong>tantum</strong></span> <span class='ocrx_word' id='word_1_435' title='bbox 724 2596 821 2623; x_wconf 89' lang='lat' dir='ltr'><strong>indicat</strong></span> <span class='ocrx_word' id='word_1_436' title='bbox 836 2600 959 2630; x_wconf 83' lang='lat' dir='ltr'><strong>tempus;</strong></span> 
     </span>
    </p>
   </div>
   <div class='ocr_carea' id='block_1_55' title="bbox 170 2643 962 2677">
    <p class='ocr_par' dir='ltr' id='par_1_55' title="bbox 170 2643 962 2677">
     <span class='ocr_line' id='line_1_55' title="bbox 170 2643 962 2677; baseline -0.005 -4"><span class='ocrx_word' id='word_1_437' title='bbox 170 2654 230 2673; x_wconf 87' lang='lat' dir='ltr'><strong>cum</strong></span> <span class='ocrx_word' id='word_1_438' title='bbox 245 2651 333 2672; x_wconf 86' lang='lat' dir='ltr'><strong>autem</strong></span> <span class='ocrx_word' id='word_1_439' title='bbox 348 2645 381 2672; x_wconf 90' lang='lat' dir='ltr'><strong>de</strong></span> <span class='ocrx_word' id='word_1_440' title='bbox 398 2644 466 2677; x_wconf 90' lang='lat' dir='ltr'><strong>Deo,</strong></span> <span class='ocrx_word' id='word_1_441' title='bbox 487 2643 661 2670; x_wconf 59' lang='lat' dir='ltr'><strong>aeternitatem</strong></span> <span class='ocrx_word' id='word_1_442' title='bbox 677 2643 858 2670; x_wconf 86' lang='lat' dir='ltr'><strong>demonstrat:</strong></span> <span class='ocrx_word' id='word_1_443' title='bbox 881 2643 919 2669; x_wconf 60' lang='lat' dir='ltr'><strong>sic</strong></span> <span class='ocrx_word' id='word_1_444' title='bbox 934 2646 962 2669; x_wconf 85' lang='lat' dir='ltr'><strong>et</strong></span> 
     </span>
    </p>
   </div>
   <div class='ocr_carea' id='block_1_56' title="bbox 171 2690 960 2724">
    <p class='ocr_par' dir='ltr' id='par_1_56' title="bbox 171 2690 960 2724">
     <span class='ocr_line' id='line_1_56' title="bbox 171 2690 960 2724; baseline -0.008 -5"><span class='ocrx_word' id='word_1_445' title='bbox 171 2692 252 2724; x_wconf 89' lang='lat' dir='ltr'><strong>illud,</strong></span> <span class='ocrx_word' id='word_1_446' title='bbox 273 2691 352 2722; x_wconf 79' lang='lat' dir='ltr'><strong>Erat.</strong></span> <span class='ocrx_word' id='word_1_447' title='bbox 375 2690 409 2718; x_wconf 91' lang='lat' dir='ltr'><strong>de</strong></span> <span class='ocrx_word' id='word_1_448' title='bbox 430 2695 518 2718; x_wconf 87' lang='lat' dir='ltr'><strong>nostra</strong></span> <span class='ocrx_word' id='word_1_449' title='bbox 543 2690 641 2717; x_wconf 88' lang='lat' dir='ltr'><strong>dictum</strong></span> <span class='ocrx_word' id='word_1_450' title='bbox 665 2694 771 2720; x_wconf 89' lang='lat' dir='ltr'><strong>natura,</strong></span> <span class='ocrx_word' id='word_1_451' title='bbox 799 2690 960 2722; x_wconf 73' lang='lat' dir='ltr'><strong>prtetcrttutn</strong></span> 
     </span>
    </p>
   </div>
   <div class='ocr_carea' id='block_1_57' title="bbox 171 2734 962 2774">
    <p class='ocr_par' dir='ltr' id='par_1_57' title="bbox 171 2734 962 2774">
     <span class='ocr_line' id='line_1_57' title="bbox 171 2734 962 2774; baseline -0.005 -10"><span class='ocrx_word' id='word_1_452' title='bbox 171 2744 274 2774; x_wconf 86' lang='lat' dir='ltr'><strong>tempus</strong></span> <span class='ocrx_word' id='word_1_453' title='bbox 291 2737 437 2772; x_wconf 78' lang='lat' dir='ltr'><strong>signiﬁcat,</strong></span> <span class='ocrx_word' id='word_1_454' title='bbox 457 2737 596 2772; x_wconf 87' lang='lat' dir='ltr'><strong>ipsumque</strong></span> <span class='ocrx_word' id='word_1_455' title='bbox 612 2736 728 2767; x_wconf 83' lang='lat' dir='ltr'><strong>liniltun;</strong></span> <span class='ocrx_word' id='word_1_456' title='bbox 745 2743 804 2762; x_wconf 87' lang='lat' dir='ltr'><strong>cum</strong></span> <span class='ocrx_word' id='word_1_457' title='bbox 824 2739 912 2761; x_wconf 88' lang='lat' dir='ltr'><strong>autem</strong></span> <span class='ocrx_word' id='word_1_458' title='bbox 928 2734 962 2761; x_wconf 86' lang='lat' dir='ltr'><strong>de</strong></span> 
     </span>
    </p>
   </div>
   <div class='ocr_carea' id='block_1_58' title="bbox 171 2780 962 2815">
    <p class='ocr_par' dir='ltr' id='par_1_58' title="bbox 171 2780 962 2815">
     <span class='ocr_line' id='line_1_58' title="bbox 171 2780 962 2815; baseline -0.008 -4"><span class='ocrx_word' id='word_1_459' title='bbox 171 2785 226 2811; x_wconf 84' lang='lat' dir='ltr'><strong>Deo</strong></span> <span class='ocrx_word' id='word_1_460' title='bbox 236 2803 242 2815; x_wconf 87' lang='grc'>,</span> <span class='ocrx_word' id='word_1_461' title='bbox 257 2784 429 2811; x_wconf 55' lang='lat' dir='ltr'><strong>aeternitatem</strong></span> <span class='ocrx_word' id='word_1_462' title='bbox 446 2783 553 2810; x_wconf 84' lang='lat' dir='ltr'><strong>indicat.</strong></span> <span class='ocrx_word' id='word_1_463' title='bbox 567 2782 636 2810; x_wconf 86' lang='lat' dir='ltr'><strong>Satis</strong></span> <span class='ocrx_word' id='word_1_464' title='bbox 652 2788 716 2815; x_wconf 78' lang='lat' dir='ltr'><strong>ergo</strong></span> <span class='ocrx_word' id='word_1_465' title='bbox 731 2785 786 2808; x_wconf 88' lang='lat' dir='ltr'><strong>erat</strong></span> <span class='ocrx_word' id='word_1_466' title='bbox 802 2780 844 2811; x_wconf 87' lang='lat' dir='ltr'><strong>ei,</strong></span> <span class='ocrx_word' id='word_1_467' title='bbox 858 2780 902 2814; x_wconf 85' lang='lat' dir='ltr'><strong>qui</strong></span> <span class='ocrx_word' id='word_1_468' title='bbox 914 2787 962 2806; x_wconf 73' lang='lat' dir='ltr'><strong>auo</strong></span> 
     </span>
    </p>
   </div>
   <div class='ocr_carea' id='block_1_59' title="bbox 171 2824 961 2860">
    <p class='ocr_par' dir='ltr' id='par_1_59' title="bbox 171 2824 961 2860">
     <span class='ocr_line' id='line_1_59' title="bbox 171 2824 961 2860; baseline -0.005 -5"><span class='ocrx_word' id='word_1_469' title='bbox 171 2829 239 2855; x_wconf 86' lang='lat' dir='ltr'><strong>diret</strong></span> <span class='ocrx_word' id='word_1_470' title='bbox 253 2828 378 2860; x_wconf 86' lang='lat' dir='ltr'><strong>Terram,</strong></span> <span class='ocrx_word' id='word_1_471' title='bbox 400 2834 427 2856; x_wconf 90' lang='lat' dir='ltr'><strong>ct</strong></span> <span class='ocrx_word' id='word_1_472' title='bbox 450 2827 608 2859; x_wconf 87' lang='lat' dir='ltr'><strong>Iloutinem,</strong></span> <span class='ocrx_word' id='word_1_473' title='bbox 635 2825 700 2853; x_wconf 91' lang='lat' dir='ltr'><strong>nihil</strong></span> <span class='ocrx_word' id='word_1_474' title='bbox 723 2824 835 2859; x_wconf 81' lang='lat' dir='ltr'><strong>amplius</strong></span> <span class='ocrx_word' id='word_1_475' title='bbox 856 2824 889 2852; x_wconf 93' lang='lat' dir='ltr'><strong>de</strong></span> <span class='ocrx_word' id='word_1_476' title='bbox 909 2824 961 2851; x_wconf 84' lang='lat' dir='ltr'><strong>illis</strong></span> 
     </span>
    </p>
   </div>
   <div class='ocr_carea' id='block_1_60' title="bbox 171 2869 960 2908">
    <p class='ocr_par' dir='ltr' id='par_1_60' title="bbox 171 2869 960 2908">
     <span class='ocr_line' id='line_1_60' title="bbox 171 2869 960 2908; baseline -0.004 -8"><span class='ocrx_word' id='word_1_477' title='bbox 171 2873 298 2908; x_wconf 73' lang='lat' dir='ltr'><strong>cogitare,</strong></span> <span class='ocrx_word' id='word_1_478' title='bbox 319 2882 398 2908; x_wconf 85' lang='lat' dir='ltr'><strong>quam</strong></span> <span class='ocrx_word' id='word_1_479' title='bbox 419 2877 520 2902; x_wconf 74' lang='lat' dir='ltr'><strong>natura:</strong></span> <span class='ocrx_word' id='word_1_480' title='bbox 534 2877 630 2900; x_wconf 74' lang='lat' dir='ltr'><strong>creatm</strong></span> <span class='ocrx_word' id='word_1_481' title='bbox 645 2870 794 2899; x_wconf 84' lang='lat' dir='ltr'><strong>conveniat.</strong></span> <span class='ocrx_word' id='word_1_482' title='bbox 810 2869 874 2897; x_wconf 76' lang='lat' dir='ltr'><strong>Nam</strong></span> <span class='ocrx_word' id='word_1_483' title='bbox 890 2869 960 2906; x_wconf 84' lang='lat' dir='ltr'><strong>quod</strong></span> 
     </span>
    </p>
   </div>
   <div class='ocr_carea' id='block_1_61' title="bbox 573 153 1832 195">
    <p class='ocr_par' dir='ltr' id='par_1_61' title="bbox 573 153 1832 195">
     <span class='ocr_line' id='line_1_61' title="bbox 573 153 1832 195; baseline 0.004 -10"><span class='ocrx_word' id='word_1_484' title='bbox 573 158 601 186; x_wconf 88' lang='lat' dir='ltr'><strong>S.</strong></span> <span class='ocrx_word' id='word_1_485' title='bbox 621 154 758 185; x_wconf 78' lang='lat' dir='ltr'><strong>JUANNIS</strong></span> <span class='ocrx_word' id='word_1_486' title='bbox 776 153 1014 181; x_wconf 72' lang='lat' dir='ltr'><strong>CIIRYSOSTOMI</strong></span> <span class='ocrx_word' id='word_1_487' title='bbox 1034 155 1191 185; x_wconf 74' lang='lat' dir='ltr'><strong>ARCIIIEP.</strong></span> <span class='ocrx_word' id='word_1_488' title='bbox 1212 157 1478 188; x_wconf 77' lang='lat' dir='ltr'><strong>CONSTANTINOI’.</strong></span> <span class='ocrx_word' id='word_1_489' title='bbox 1797 168 1832 195; x_wconf 66' lang='grc' dir='ltr'>ιο</span> 
     </span>
    </p>
   </div>
   <div class='ocr_carea' id='block_1_62' title="bbox 1046 211 1835 253">
    <p class='ocr_par' dir='ltr' id='par_1_62' title="bbox 1046 211 1835 253">
     <span class='ocr_line' id='line_1_62' title="bbox 1046 211 1835 253; baseline 0.011 -15"><span class='ocrx_word' id='word_1_490' title='bbox 1046 211 1143 239; x_wconf 81' lang='lat' dir='ltr'><strong>factum</strong></span> <span class='ocrx_word' id='word_1_491' title='bbox 1159 218 1200 241; x_wconf 86' lang='lat' dir='ltr'><strong>est</strong></span> <span class='ocrx_word' id='word_1_492' title='bbox 1210 234 1218 247; x_wconf 90' lang='lat'><strong>,</strong></span> <span class='ocrx_word' id='word_1_493' title='bbox 1233 215 1359 250; x_wconf 90' lang='lat' dir='ltr'><strong>quidquid</strong></span> <span class='ocrx_word' id='word_1_494' title='bbox 1376 216 1482 244; x_wconf 88' lang='lat' dir='ltr'><strong>tandem</strong></span> <span class='ocrx_word' id='word_1_495' title='bbox 1493 216 1544 249; x_wconf 85' lang='lat' dir='ltr'><strong>sit,</strong></span> <span class='ocrx_word' id='word_1_496' title='bbox 1557 216 1582 244; x_wconf 94' lang='lat' dir='ltr'><strong>in</strong></span> <span class='ocrx_word' id='word_1_497' title='bbox 1597 221 1718 253; x_wconf 82' lang='lat' dir='ltr'><strong>tempore</strong></span> <span class='ocrx_word' id='word_1_498' title='bbox 1727 218 1768 247; x_wconf 89' lang='lat' dir='ltr'><strong>vel</strong></span> <span class='ocrx_word' id='word_1_499' title='bbox 1783 228 1835 248; x_wconf 68' lang='lat' dir='ltr'><strong>5a:-</strong></span> 
     </span>
    </p>
   </div>
   <div class='ocr_carea' id='block_1_63' title="bbox 1042 258 1834 299">
    <p class='ocr_par' dir='ltr' id='par_1_63' title="bbox 1042 258 1834 299">
     <span class='ocr_line' id='line_1_63' title="bbox 1042 258 1834 299; baseline 0.01 -15"><span class='ocrx_word' id='word_1_500' title='bbox 1042 258 1102 286; x_wconf 90' lang='lat' dir='ltr'><strong>culo</strong></span> <span class='ocrx_word' id='word_1_501' title='bbox 1116 259 1212 287; x_wconf 85' lang='lat' dir='ltr'><strong>factum</strong></span> <span class='ocrx_word' id='word_1_502' title='bbox 1224 267 1283 288; x_wconf 88' lang='lat' dir='ltr'><strong>est:</strong></span> <span class='ocrx_word' id='word_1_503' title='bbox 1298 266 1326 289; x_wconf 84' lang='lat' dir='ltr'><strong>at</strong></span> <span class='ocrx_word' id='word_1_504' title='bbox 1345 261 1428 289; x_wconf 86' lang='lat' dir='ltr'><strong>Filius</strong></span> <span class='ocrx_word' id='word_1_505' title='bbox 1449 263 1513 296; x_wconf 85' lang='lat' dir='ltr'><strong>Dei,</strong></span> <span class='ocrx_word' id='word_1_506' title='bbox 1530 270 1582 290; x_wconf 90' lang='lat' dir='ltr'><strong>non</strong></span> <span class='ocrx_word' id='word_1_507' title='bbox 1597 265 1759 299; x_wconf 84' lang='lat' dir='ltr'><strong>temporibus</strong></span> <span class='ocrx_word' id='word_1_508' title='bbox 1773 270 1834 293; x_wconf 82' lang='lat' dir='ltr'><strong>tan-</strong></span> 
     </span>
    </p>
   </div>
   <div class='ocr_carea' id='block_1_64' title="bbox 1041 306 1832 343">
    <p class='ocr_par' dir='ltr' id='par_1_64' title="bbox 1041 306 1832 343">
     <span class='ocr_line' id='line_1_64' title="bbox 1041 306 1832 343; baseline 0.01 -13"><span class='ocrx_word' id='word_1_509' title='bbox 1041 307 1098 331; x_wconf 91' lang='lat' dir='ltr'><strong>tum</strong></span> <span class='ocrx_word' id='word_1_510' title='bbox 1109 325 1115 336; x_wconf 92' lang='lat'><strong>,</strong></span> <span class='ocrx_word' id='word_1_511' title='bbox 1129 306 1176 332; x_wconf 87' lang='lat' dir='ltr'><strong>sed</strong></span> <span class='ocrx_word' id='word_1_512' title='bbox 1190 307 1295 334; x_wconf 70' lang='lat' dir='ltr'><strong>sarculis</strong></span> <span class='ocrx_word' id='word_1_513' title='bbox 1307 307 1430 335; x_wconf 88' lang='lat' dir='ltr'><strong>omnibus</strong></span> <span class='ocrx_word' id='word_1_514' title='bbox 1443 308 1564 343; x_wconf 85' lang='lat' dir='ltr'><strong>superior</strong></span> <span class='ocrx_word' id='word_1_515' title='bbox 1579 313 1636 336; x_wconf 89' lang='lat' dir='ltr'><strong>est:</strong></span> <span class='ocrx_word' id='word_1_516' title='bbox 1651 316 1711 336; x_wconf 86' lang='lat' dir='ltr'><strong>nam</strong></span> <span class='ocrx_word' id='word_1_517' title='bbox 1727 310 1832 338; x_wconf 80' lang='lat' dir='ltr'><strong>illorum</strong></span> 
     </span>
    </p>
   </div>
   <div class='ocr_carea' id='block_1_65' title="bbox 1040 352 1833 390">
    <p class='ocr_par' dir='ltr' id='par_1_65' title="bbox 1040 352 1833 390">
     <span class='ocr_line' id='line_1_65' title="bbox 1040 352 1833 390; baseline 0.006 -14"><span class='ocrx_word' id='word_1_518' title='bbox 1040 353 1067 376; x_wconf 89' lang='lat' dir='ltr'><strong>et</strong></span> <span class='ocrx_word' id='word_1_519' title='bbox 1079 355 1183 377; x_wconf 87' lang='lat' dir='ltr'><strong>creator</strong></span> <span class='ocrx_word' id='word_1_520' title='bbox 1197 355 1224 378; x_wconf 89' lang='lat' dir='ltr'><strong>et</strong></span> <span class='ocrx_word' id='word_1_521' title='bbox 1238 352 1325 386; x_wconf 87' lang='lat' dir='ltr'><strong>opifex</strong></span> <span class='ocrx_word' id='word_1_522' title='bbox 1343 357 1385 379; x_wconf 90' lang='lat' dir='ltr'><strong>est</strong></span> <span class='ocrx_word' id='word_1_523' title='bbox 1397 362 1403 381; x_wconf 90' lang='lat'><strong>:</strong></span> <span class='ocrx_word' id='word_1_524' title='bbox 1415 353 1512 380; x_wconf 88' lang='lat' dir='ltr'><strong>dicitttr</strong></span> <span class='ocrx_word' id='word_1_525' title='bbox 1523 353 1606 386; x_wconf 88' lang='lat' dir='ltr'><strong>enim,</strong></span> <span class='ocrx_word' id='word_1_526' title='bbox 1625 353 1674 380; x_wconf 82' lang='lat' dir='ltr'><strong>Per</strong></span> <span class='ocrx_word' id='word_1_527' title='bbox 1688 363 1759 390; x_wconf 81' lang='lat' dir='ltr'><strong>quem</strong></span> <span class='ocrx_word' id='word_1_528' title='bbox 1775 355 1833 389; x_wconf 79' lang='lat' dir='ltr'><strong>fecit</strong></span> 
     </span>
    </p>
   </div>
   <div class='ocr_carea' id='block_1_66' title="bbox 1040 395 1832 434">
    <p class='ocr_par' dir='ltr' id='par_1_66' title="bbox 1040 395 1832 434">
     <span class='ocr_line' id='line_1_66' title="bbox 1040 395 1832 434; baseline 0.009 -14"><span class='ocrx_word' id='word_1_529' title='bbox 1040 399 1063 420; x_wconf 80' lang='lat' dir='ltr'><strong>et</strong></span> <span class='ocrx_word' id='word_1_530' title='bbox 1076 395 1169 421; x_wconf 75' lang='lat' dir='ltr'><strong>uetula</strong></span> <span class='ocrx_word' id='word_1_531' title='bbox 1194 396 1292 431; x_wconf 82' lang='lat' dir='ltr'><strong>(Hebr.</strong></span> <span class='ocrx_word' id='word_1_532' title='bbox 1308 398 1334 425; x_wconf 79' lang='grc'><strong>1.</strong></span> <span class='ocrx_word' id='word_1_533' title='bbox 1350 398 1399 432; x_wconf 75' lang='grc'><strong>2).</strong></span> <span class='ocrx_word' id='word_1_534' title='bbox 1413 398 1463 432; x_wconf 87' lang='lat' dir='ltr'><strong>Qui</strong></span> <span class='ocrx_word' id='word_1_535' title='bbox 1485 403 1572 426; x_wconf 88' lang='lat' dir='ltr'><strong>autem</strong></span> <span class='ocrx_word' id='word_1_536' title='bbox 1585 398 1674 434; x_wconf 78' lang='lat' dir='ltr'><strong>opifex</strong></span> <span class='ocrx_word' id='word_1_537' title='bbox 1698 405 1749 432; x_wconf 89' lang='lat' dir='ltr'><strong>est,</strong></span> <span class='ocrx_word' id='word_1_538' title='bbox 1770 405 1832 428; x_wconf 81' lang='lat' dir='ltr'><strong>ante</strong></span> 
     </span>
    </p>
   </div>
   <div class='ocr_carea' id='block_1_67' title="bbox 1039 439 1831 479">
    <p class='ocr_par' dir='ltr' id='par_1_67' title="bbox 1039 439 1831 479">
     <span class='ocr_line' id='line_1_67' title="bbox 1039 439 1831 479; baseline 0.008 -13"><span class='ocrx_word' id='word_1_539' title='bbox 1039 439 1143 474; x_wconf 81' lang='lat' dir='ltr'><strong>opilioia</strong></span> <span class='ocrx_word' id='word_1_540' title='bbox 1159 440 1228 468; x_wconf 85' lang='lat' dir='ltr'><strong>haud</strong></span> <span class='ocrx_word' id='word_1_541' title='bbox 1243 441 1323 470; x_wconf 84' lang='lat' dir='ltr'><strong>dubie</strong></span> <span class='ocrx_word' id='word_1_542' title='bbox 1339 443 1396 470; x_wconf 89' lang='lat' dir='ltr'><strong>fttit.</strong></span> <span class='ocrx_word' id='word_1_543' title='bbox 1408 443 1538 476; x_wconf 83' lang='lat' dir='ltr'><strong>Quoniam</strong></span> <span class='ocrx_word' id='word_1_544' title='bbox 1554 451 1617 471; x_wconf 81' lang='lat' dir='ltr'><strong>vero</strong></span> <span class='ocrx_word' id='word_1_545' title='bbox 1627 444 1733 479; x_wconf 89' lang='lat' dir='ltr'><strong>quidam</strong></span> <span class='ocrx_word' id='word_1_546' title='bbox 1745 446 1779 472; x_wconf 84' lang='lat' dir='ltr'><strong>ita</strong></span> <span class='ocrx_word' id='word_1_547' title='bbox 1791 446 1831 473; x_wconf 82' lang='lat' dir='ltr'><strong>in-</strong></span> 
     </span>
    </p>
   </div>
   <div class='ocr_carea' id='block_1_68' title="bbox 1037 486 1830 525">
    <p class='ocr_par' dir='ltr' id='par_1_68' title="bbox 1037 486 1830 525">
     <span class='ocr_line' id='line_1_68' title="bbox 1037 486 1830 525; baseline 0.009 -14"><span class='ocrx_word' id='word_1_548' title='bbox 1037 486 1136 512; x_wconf 83' lang='lat' dir='ltr'><strong>sensati</strong></span> <span class='ocrx_word' id='word_1_549' title='bbox 1149 491 1219 518; x_wconf 87' lang='lat' dir='ltr'><strong>suttt,</strong></span> <span class='ocrx_word' id='word_1_550' title='bbox 1238 493 1266 514; x_wconf 89' lang='lat' dir='ltr'><strong>ut</strong></span> <span class='ocrx_word' id='word_1_551' title='bbox 1278 493 1368 522; x_wconf 85' lang='lat' dir='ltr'><strong>postea</strong></span> <span class='ocrx_word' id='word_1_552' title='bbox 1384 489 1469 522; x_wconf 84' lang='lat' dir='ltr'><strong>majus</strong></span> <span class='ocrx_word' id='word_1_553' title='bbox 1483 489 1617 523; x_wconf 77' lang='lat' dir='ltr'><strong>quidpiam</strong></span> <span class='ocrx_word' id='word_1_554' title='bbox 1633 489 1667 516; x_wconf 88' lang='lat' dir='ltr'><strong>de</strong></span> <span class='ocrx_word' id='word_1_555' title='bbox 1681 497 1727 516; x_wconf 86' lang='lat' dir='ltr'><strong>sua</strong></span> <span class='ocrx_word' id='word_1_556' title='bbox 1741 490 1830 525; x_wconf 70' lang='lat' dir='ltr'><strong>digni-</strong></span> 
     </span>
    </p>
   </div>
   <div class='ocr_carea' id='block_1_69' title="bbox 1037 531 1828 569">
    <p class='ocr_par' dir='ltr' id='par_1_69' title="bbox 1037 531 1828 569">
     <span class='ocr_line' id='line_1_69' title="bbox 1037 531 1828 569; baseline 0.009 -13"><span class='ocrx_word' id='word_1_557' title='bbox 1037 535 1091 557; x_wconf 84' lang='lat' dir='ltr'><strong>tate</strong></span> <span class='ocrx_word' id='word_1_558' title='bbox 1103 531 1280 566; x_wconf 83' lang='lat' dir='ltr'><strong>suspicentur,</strong></span> <span class='ocrx_word' id='word_1_559' title='bbox 1297 533 1342 560; x_wconf 86' lang='lat' dir='ltr'><strong>illo</strong></span> <span class='ocrx_word' id='word_1_560' title='bbox 1355 534 1447 566; x_wconf 85' lang='lat' dir='ltr'><strong>verbo,</strong></span> <span class='ocrx_word' id='word_1_561' title='bbox 1463 534 1545 567; x_wconf 81' lang='lat' dir='ltr'><strong>Fecit,</strong></span> <span class='ocrx_word' id='word_1_562' title='bbox 1556 539 1583 562; x_wconf 90' lang='lat' dir='ltr'><strong>et</strong></span> <span class='ocrx_word' id='word_1_563' title='bbox 1597 535 1656 566; x_wconf 86' lang='lat' dir='ltr'><strong>illo,</strong></span> <span class='ocrx_word' id='word_1_564' title='bbox 1672 535 1754 562; x_wconf 82' lang='lat' dir='ltr'><strong>Homo</strong></span> <span class='ocrx_word' id='word_1_565' title='bbox 1763 542 1828 569; x_wconf 74' lang='lat' dir='ltr'><strong>erat,</strong></span> 
     </span>
    </p>
   </div>
   <div class='ocr_carea' id='block_1_70' title="bbox 1035 577 1828 617">
    <p class='ocr_par' dir='ltr' id='par_1_70' title="bbox 1035 577 1828 617">
     <span class='ocr_line' id='line_1_70' title="bbox 1035 577 1828 617; baseline 0.009 -14"><span class='ocrx_word' id='word_1_566' title='bbox 1035 577 1165 604; x_wconf 85' lang='lat' dir='ltr'><strong>auditoris</strong></span> <span class='ocrx_word' id='word_1_567' title='bbox 1185 584 1300 606; x_wconf 88' lang='lat' dir='ltr'><strong>ntentent</strong></span> <span class='ocrx_word' id='word_1_568' title='bbox 1318 584 1500 614; x_wconf 67' lang='lat' dir='ltr'><strong>prmoccttpat,</strong></span> <span class='ocrx_word' id='word_1_569' title='bbox 1515 585 1542 608; x_wconf 92' lang='lat' dir='ltr'><strong>et</strong></span> <span class='ocrx_word' id='word_1_570' title='bbox 1564 589 1668 609; x_wconf 90' lang='lat' dir='ltr'><strong>omnem</strong></span> <span class='ocrx_word' id='word_1_571' title='bbox 1687 583 1828 617; x_wconf 85' lang='lat' dir='ltr'><strong>impuden-</strong></span> 
     </span>
    </p>
   </div>
   <div class='ocr_carea' id='block_1_71' title="bbox 1036 623 1826 662">
    <p class='ocr_par' dir='ltr' id='par_1_71' title="bbox 1036 623 1826 662">
     <span class='ocr_line' id='line_1_71' title="bbox 1036 623 1826 662; baseline 0.006 -12"><span class='ocrx_word' id='word_1_572' title='bbox 1036 623 1098 650; x_wconf 85' lang='lat' dir='ltr'><strong>tiam</strong></span> <span class='ocrx_word' id='word_1_573' title='bbox 1113 625 1253 652; x_wconf 81' lang='lat' dir='ltr'><strong>exscindit.</strong></span> <span class='ocrx_word' id='word_1_574' title='bbox 1269 625 1335 652; x_wconf 88' lang='lat' dir='ltr'><strong>Nam</strong></span> <span class='ocrx_word' id='word_1_575' title='bbox 1351 634 1409 661; x_wconf 67' lang='lat' dir='ltr'><strong>quae</strong></span> <span class='ocrx_word' id='word_1_576' title='bbox 1424 627 1491 654; x_wconf 82' lang='lat' dir='ltr'><strong>facta</strong></span> <span class='ocrx_word' id='word_1_577' title='bbox 1513 631 1576 654; x_wconf 88' lang='lat' dir='ltr'><strong>sunt</strong></span> <span class='ocrx_word' id='word_1_578' title='bbox 1596 628 1699 660; x_wconf 84' lang='lat' dir='ltr'><strong>omnia,</strong></span> <span class='ocrx_word' id='word_1_579' title='bbox 1714 629 1806 655; x_wconf 74' lang='lat' dir='ltr'><strong>ctelum</strong></span> <span class='ocrx_word' id='word_1_580' title='bbox 1817 649 1826 662; x_wconf 94' lang='lat'><strong>,</strong></span> 
     </span>
    </p>
   </div>
   <div class='ocr_carea' id='block_1_72' title="bbox 1035 672 1824 709">
    <p class='ocr_par' dir='ltr' id='par_1_72' title="bbox 1035 672 1824 709">
     <span class='ocr_line' id='line_1_72' title="bbox 1035 672 1824 709; baseline 0.008 -13"><span class='ocrx_word' id='word_1_581' title='bbox 1035 673 1116 703; x_wconf 88' lang='lat' dir='ltr'><strong>terra,</strong></span> <span class='ocrx_word' id='word_1_582' title='bbox 1134 676 1251 706; x_wconf 90' lang='lat' dir='ltr'><strong>tempore</strong></span> <span class='ocrx_word' id='word_1_583' title='bbox 1268 672 1334 699; x_wconf 83' lang='lat' dir='ltr'><strong>facta</strong></span> <span class='ocrx_word' id='word_1_584' title='bbox 1349 678 1421 707; x_wconf 89' lang='lat' dir='ltr'><strong>sunt,</strong></span> <span class='ocrx_word' id='word_1_585' title='bbox 1437 674 1582 708; x_wconf 76' lang='lat' dir='ltr'><strong>temporale</strong></span> <span class='ocrx_word' id='word_1_586' title='bbox 1601 675 1757 709; x_wconf 89' lang='lat' dir='ltr'><strong>principium</strong></span> <span class='ocrx_word' id='word_1_587' title='bbox 1773 675 1824 702; x_wconf 82' lang='lat' dir='ltr'><strong>ha-</strong></span> 
     </span>
    </p>
   </div>
   <div class='ocr_carea' id='block_1_73' title="bbox 1035 715 1828 754">
    <p class='ocr_par' dir='ltr' id='par_1_73' title="bbox 1035 715 1828 754">
     <span class='ocr_line' id='line_1_73' title="bbox 1035 715 1828 754; baseline 0.006 -12"><span class='ocrx_word' id='word_1_588' title='bbox 1035 715 1111 749; x_wconf 89' lang='lat' dir='ltr'><strong>bent,</strong></span> <span class='ocrx_word' id='word_1_589' title='bbox 1128 724 1273 752; x_wconf 87' lang='lat' dir='ltr'><strong>eorumque</strong></span> <span class='ocrx_word' id='word_1_590' title='bbox 1292 718 1358 744; x_wconf 90' lang='lat' dir='ltr'><strong>nihil</strong></span> <span class='ocrx_word' id='word_1_591' title='bbox 1379 719 1437 745; x_wconf 88' lang='lat' dir='ltr'><strong>sine</strong></span> <span class='ocrx_word' id='word_1_592' title='bbox 1456 719 1587 754; x_wconf 80' lang='lat' dir='ltr'><strong>principio</strong></span> <span class='ocrx_word' id='word_1_593' title='bbox 1604 724 1663 753; x_wconf 73' lang='lat' dir='ltr'><strong>est,</strong></span> <span class='ocrx_word' id='word_1_594' title='bbox 1681 721 1741 754; x_wconf 89' lang='lat' dir='ltr'><strong>qttia</strong></span> <span class='ocrx_word' id='word_1_595' title='bbox 1755 719 1828 747; x_wconf 74' lang='lat' dir='ltr'><strong>facta</strong></span> 
     </span>
    </p>
   </div>
   <div class='ocr_carea' id='block_1_74' title="bbox 1033 762 1826 799">
    <p class='ocr_par' dir='ltr' id='par_1_74' title="bbox 1033 762 1826 799">
     <span class='ocr_line' id='line_1_74' title="bbox 1033 762 1826 799; baseline 0.005 -11"><span class='ocrx_word' id='word_1_596' title='bbox 1033 767 1105 788; x_wconf 88' lang='lat' dir='ltr'><strong>sunt.</strong></span> <span class='ocrx_word' id='word_1_597' title='bbox 1120 762 1209 797; x_wconf 82' lang='lat' dir='ltr'><strong>Itaque</strong></span> <span class='ocrx_word' id='word_1_598' title='bbox 1222 771 1282 791; x_wconf 92' lang='lat' dir='ltr'><strong>cum</strong></span> <span class='ocrx_word' id='word_1_599' title='bbox 1303 764 1378 791; x_wconf 84' lang='lat' dir='ltr'><strong>audis</strong></span> <span class='ocrx_word' id='word_1_600' title='bbox 1392 765 1477 799; x_wconf 89' lang='lat' dir='ltr'><strong>ipsum</strong></span> <span class='ocrx_word' id='word_1_601' title='bbox 1491 765 1586 792; x_wconf 85' lang='lat' dir='ltr'><strong>fecisse</strong></span> <span class='ocrx_word' id='word_1_602' title='bbox 1606 771 1719 797; x_wconf 86' lang='lat' dir='ltr'><strong>terram,</strong></span> <span class='ocrx_word' id='word_1_603' title='bbox 1736 771 1762 793; x_wconf 91' lang='lat' dir='ltr'><strong>et</strong></span> <span class='ocrx_word' id='word_1_604' title='bbox 1774 766 1826 794; x_wconf 80' lang='lat' dir='ltr'><strong>ho-</strong></span> 
     </span>
    </p>
   </div>
   <div class='ocr_carea' id='block_1_75' title="bbox 1033 808 1824 845">
    <p class='ocr_par' dir='ltr' id='par_1_75' title="bbox 1033 808 1824 845">
     <span class='ocr_line' id='line_1_75' title="bbox 1033 808 1824 845; baseline 0.005 -11"><span class='ocrx_word' id='word_1_605' title='bbox 1033 808 1131 834; x_wconf 90' lang='lat' dir='ltr'><strong>minem</strong></span> <span class='ocrx_word' id='word_1_606' title='bbox 1145 816 1221 841; x_wconf 82' lang='lat' dir='ltr'><strong>esse,</strong></span> <span class='ocrx_word' id='word_1_607' title='bbox 1239 810 1372 843; x_wconf 75' lang='lat' dir='ltr'><strong>superﬂue</strong></span> <span class='ocrx_word' id='word_1_608' title='bbox 1394 811 1500 845; x_wconf 79' lang='lat' dir='ltr'><strong>nugaris</strong></span> <span class='ocrx_word' id='word_1_609' title='bbox 1512 831 1519 843; x_wconf 87' lang='lat'><strong>,</strong></span> <span class='ocrx_word' id='word_1_610' title='bbox 1537 815 1563 838; x_wconf 93' lang='lat' dir='ltr'><strong>et</strong></span> <span class='ocrx_word' id='word_1_611' title='bbox 1578 811 1680 838; x_wconf 90' lang='lat' dir='ltr'><strong>intttilia</strong></span> <span class='ocrx_word' id='word_1_612' title='bbox 1696 811 1786 839; x_wconf 84' lang='lat' dir='ltr'><strong>elIutis</strong></span> <span class='ocrx_word' id='word_1_613' title='bbox 1803 817 1824 839; x_wconf 82' lang='grc' dir='ltr'>ι.</span> 
     </span>
    </p>
   </div>
   <div class='ocr_carea' id='block_1_76' title="bbox 1033 853 1825 890">
    <p class='ocr_par' dir='ltr' id='par_1_76' title="bbox 1033 853 1825 890">
     <span class='ocr_line' id='line_1_76' title="bbox 1033 853 1825 890; baseline 0.004 -10"><span class='ocrx_word' id='word_1_614' title='bbox 1033 853 1088 888; x_wconf 81' lang='lat' dir='ltr'><strong>Ego</strong></span> <span class='ocrx_word' id='word_1_615' title='bbox 1103 854 1173 880; x_wconf 87' lang='lat' dir='ltr'><strong>enim</strong></span> <span class='ocrx_word' id='word_1_616' title='bbox 1188 855 1265 881; x_wconf 86' lang='lat' dir='ltr'><strong>aliam</strong></span> <span class='ocrx_word' id='word_1_617' title='bbox 1280 854 1444 890; x_wconf 86' lang='lat' dir='ltr'><strong>hyperbolen</strong></span> <span class='ocrx_word' id='word_1_618' title='bbox 1455 855 1552 883; x_wconf 84' lang='lat' dir='ltr'><strong>afferre</strong></span> <span class='ocrx_word' id='word_1_619' title='bbox 1566 864 1684 890; x_wconf 91' lang='lat' dir='ltr'><strong>possum.</strong></span> <span class='ocrx_word' id='word_1_620' title='bbox 1695 857 1825 890; x_wconf 73' lang='lat' dir='ltr'><strong>Qumnam</strong></span> 
     </span>
    </p>
   </div>
   <div class='ocr_carea' id='block_1_77' title="bbox 1031 899 1822 936">
    <p class='ocr_par' dir='ltr' id='par_1_77' title="bbox 1031 899 1822 936">
     <span class='ocr_line' id='line_1_77' title="bbox 1031 899 1822 936; baseline 0.005 -11"><span class='ocrx_word' id='word_1_621' title='bbox 1031 899 1074 926; x_wconf 83' lang='lat' dir='ltr'><strong>illa</strong></span> <span class='ocrx_word' id='word_1_622' title='bbox 1088 899 1150 926; x_wconf 83' lang='lat' dir='ltr'><strong>est?</strong></span> <span class='ocrx_word' id='word_1_623' title='bbox 1165 899 1191 927; x_wconf 90' lang='lat' dir='ltr'><strong>Si</strong></span> <span class='ocrx_word' id='word_1_624' title='bbox 1204 900 1238 927; x_wconf 91' lang='lat' dir='ltr'><strong>de</strong></span> <span class='ocrx_word' id='word_1_625' title='bbox 1254 905 1323 927; x_wconf 86' lang='lat' dir='ltr'><strong>terra</strong></span> <span class='ocrx_word' id='word_1_626' title='bbox 1338 900 1438 928; x_wconf 89' lang='lat' dir='ltr'><strong>dicttun</strong></span> <span class='ocrx_word' id='word_1_627' title='bbox 1453 906 1541 934; x_wconf 90' lang='lat' dir='ltr'><strong>esset,</strong></span> <span class='ocrx_word' id='word_1_628' title='bbox 1557 901 1584 928; x_wconf 90' lang='lat' dir='ltr'><strong>In</strong></span> <span class='ocrx_word' id='word_1_629' title='bbox 1601 901 1732 936; x_wconf 91' lang='lat' dir='ltr'><strong>principio</strong></span> <span class='ocrx_word' id='word_1_630' title='bbox 1753 907 1822 929; x_wconf 90' lang='lat' dir='ltr'><strong>terra</strong></span> 
     </span>
    </p>
   </div>
   <div class='ocr_carea' id='block_1_78' title="bbox 1030 945 1823 982">
    <p class='ocr_par' dir='ltr' id='par_1_78' title="bbox 1030 945 1823 982">
     <span class='ocr_line' id='line_1_78' title="bbox 1030 945 1823 982; baseline 0.004 -11"><span class='ocrx_word' id='word_1_631' title='bbox 1030 949 1105 977; x_wconf 82' lang='lat' dir='ltr'><strong>erat;</strong></span> <span class='ocrx_word' id='word_1_632' title='bbox 1119 951 1146 972; x_wconf 91' lang='lat' dir='ltr'><strong>et</strong></span> <span class='ocrx_word' id='word_1_633' title='bbox 1159 945 1192 972; x_wconf 92' lang='lat' dir='ltr'><strong>de</strong></span> <span class='ocrx_word' id='word_1_634' title='bbox 1208 945 1332 978; x_wconf 88' lang='lat' dir='ltr'><strong>homine,</strong></span> <span class='ocrx_word' id='word_1_635' title='bbox 1350 946 1377 973; x_wconf 87' lang='lat' dir='ltr'><strong>Itt</strong></span> <span class='ocrx_word' id='word_1_636' title='bbox 1400 947 1530 981; x_wconf 90' lang='lat' dir='ltr'><strong>principio</strong></span> <span class='ocrx_word' id='word_1_637' title='bbox 1543 951 1601 974; x_wconf 87' lang='lat' dir='ltr'><strong>erat</strong></span> <span class='ocrx_word' id='word_1_638' title='bbox 1623 948 1713 979; x_wconf 90' lang='lat' dir='ltr'><strong>homo,</strong></span> <span class='ocrx_word' id='word_1_639' title='bbox 1737 955 1823 982; x_wconf 83' lang='lat' dir='ltr'><strong>neque</strong></span> 
     </span>
    </p>
   </div>
   <div class='ocr_carea' id='block_1_79' title="bbox 1030 990 1821 1027">
    <p class='ocr_par' dir='ltr' id='par_1_79' title="bbox 1030 990 1821 1027">
     <span class='ocr_line' id='line_1_79' title="bbox 1030 990 1821 1027; baseline 0.005 -11"><span class='ocrx_word' id='word_1_640' title='bbox 1030 990 1064 1016; x_wconf 81' lang='lat' dir='ltr'><strong>ita</strong></span> <span class='ocrx_word' id='word_1_641' title='bbox 1084 990 1145 1025; x_wconf 89' lang='lat' dir='ltr'><strong>quid</strong></span> <span class='ocrx_word' id='word_1_642' title='bbox 1160 991 1245 1025; x_wconf 84' lang='lat' dir='ltr'><strong>majus</strong></span> <span class='ocrx_word' id='word_1_643' title='bbox 1264 991 1298 1018; x_wconf 89' lang='lat' dir='ltr'><strong>de</strong></span> <span class='ocrx_word' id='word_1_644' title='bbox 1321 992 1372 1019; x_wconf 88' lang='lat' dir='ltr'><strong>illis</strong></span> <span class='ocrx_word' id='word_1_645' title='bbox 1394 991 1582 1027; x_wconf 73' lang='lat' dir='ltr'><strong>suspicandum</strong></span> <span class='ocrx_word' id='word_1_646' title='bbox 1603 991 1670 1024; x_wconf 88' lang='lat' dir='ltr'><strong>fore,</strong></span> <span class='ocrx_word' id='word_1_647' title='bbox 1685 1001 1762 1027; x_wconf 88' lang='lat' dir='ltr'><strong>quam</strong></span> <span class='ocrx_word' id='word_1_648' title='bbox 1777 993 1821 1020; x_wconf 86' lang='lat' dir='ltr'><strong>illa</strong></span> 
     </span>
    </p>
   </div>
   <div class='ocr_carea' id='block_1_80' title="bbox 1030 1037 1819 1072">
    <p class='ocr_par' dir='ltr' id='par_1_80' title="bbox 1030 1037 1819 1072">
     <span class='ocr_line' id='line_1_80' title="bbox 1030 1037 1819 1072; baseline 0.004 -10"><span class='ocrx_word' id='word_1_649' title='bbox 1030 1043 1089 1070; x_wconf 71' lang='lat' dir='ltr'><strong>qua:</strong></span> <span class='ocrx_word' id='word_1_650' title='bbox 1101 1043 1171 1063; x_wconf 92' lang='lat' dir='ltr'><strong>nunc</strong></span> <span class='ocrx_word' id='word_1_651' title='bbox 1190 1037 1386 1071; x_wconf 80' lang='lat' dir='ltr'><strong>cognoscimus.</strong></span> <span class='ocrx_word' id='word_1_652' title='bbox 1402 1037 1466 1064; x_wconf 83' lang='lat' dir='ltr'><strong>Nam</strong></span> <span class='ocrx_word' id='word_1_653' title='bbox 1480 1038 1617 1072; x_wconf 64' lang='lat' dir='ltr'><strong>pra&#39;missa</strong></span> <span class='ocrx_word' id='word_1_654' title='bbox 1632 1043 1710 1064; x_wconf 71' lang='lat' dir='ltr'><strong>terrm</strong></span> <span class='ocrx_word' id='word_1_655' title='bbox 1728 1043 1755 1065; x_wconf 86' lang='lat' dir='ltr'><strong>et</strong></span> <span class='ocrx_word' id='word_1_656' title='bbox 1771 1039 1819 1065; x_wconf 79' lang='lat' dir='ltr'><strong>lto-</strong></span> 
     </span>
    </p>
   </div>
   <div class='ocr_carea' id='block_1_81' title="bbox 1028 1082 1819 1117">
    <p class='ocr_par' dir='ltr' id='par_1_81' title="bbox 1028 1082 1819 1117">
     <span class='ocr_line' id='line_1_81' title="bbox 1028 1082 1819 1117; baseline 0.001 -9"><span class='ocrx_word' id='word_1_657' title='bbox 1028 1082 1107 1108; x_wconf 87' lang='lat' dir='ltr'><strong>tninis</strong></span> <span class='ocrx_word' id='word_1_658' title='bbox 1128 1082 1322 1116; x_wconf 79' lang='lat' dir='ltr'><strong>appellatione,</strong></span> <span class='ocrx_word' id='word_1_659' title='bbox 1347 1082 1473 1117; x_wconf 87' lang='lat' dir='ltr'><strong>quidquid</strong></span> <span class='ocrx_word' id='word_1_660' title='bbox 1498 1082 1533 1110; x_wconf 84' lang='lat' dir='ltr'><strong>de</strong></span> <span class='ocrx_word' id='word_1_661' title='bbox 1557 1083 1609 1110; x_wconf 87' lang='lat' dir='ltr'><strong>illis</strong></span> <span class='ocrx_word' id='word_1_662' title='bbox 1630 1082 1742 1113; x_wconf 89' lang='lat' dir='ltr'><strong>dicatur,</strong></span> <span class='ocrx_word' id='word_1_663' title='bbox 1767 1091 1819 1110; x_wconf 89' lang='lat' dir='ltr'><strong>nou</strong></span> 
     </span>
    </p>
   </div>
   <div class='ocr_carea' id='block_1_82' title="bbox 1027 1127 1819 1163">
    <p class='ocr_par' dir='ltr' id='par_1_82' title="bbox 1027 1127 1819 1163">
     <span class='ocr_line' id='line_1_82' title="bbox 1027 1127 1819 1163; baseline 0.001 -10"><span class='ocrx_word' id='word_1_664' title='bbox 1027 1131 1114 1160; x_wconf 86' lang='lat' dir='ltr'><strong>potest</strong></span> <span class='ocrx_word' id='word_1_665' title='bbox 1138 1127 1242 1154; x_wconf 86' lang='lat' dir='ltr'><strong>animus</strong></span> <span class='ocrx_word' id='word_1_666' title='bbox 1266 1127 1352 1162; x_wconf 86' lang='lat' dir='ltr'><strong>majus</strong></span> <span class='ocrx_word' id='word_1_667' title='bbox 1375 1128 1507 1162; x_wconf 86' lang='lat' dir='ltr'><strong>quidpiam</strong></span> <span class='ocrx_word' id='word_1_668' title='bbox 1533 1128 1566 1155; x_wconf 87' lang='lat' dir='ltr'><strong>de</strong></span> <span class='ocrx_word' id='word_1_669' title='bbox 1589 1128 1639 1154; x_wconf 86' lang='lat' dir='ltr'><strong>illis</strong></span> <span class='ocrx_word' id='word_1_670' title='bbox 1666 1128 1819 1163; x_wconf 77' lang='lat' dir='ltr'><strong>itnaginari,</strong></span> 
     </span>
    </p>
   </div>
   <div class='ocr_carea' id='block_1_83' title="bbox 1027 1173 1818 1208">
    <p class='ocr_par' dir='ltr' id='par_1_83' title="bbox 1027 1173 1818 1208">
     <span class='ocr_line' id='line_1_83' title="bbox 1027 1173 1818 1208; baseline 0.003 -9"><span class='ocrx_word' id='word_1_671' title='bbox 1027 1181 1105 1208; x_wconf 88' lang='lat' dir='ltr'><strong>qttam</strong></span> <span class='ocrx_word' id='word_1_672' title='bbox 1120 1181 1151 1201; x_wconf 87' lang='lat' dir='ltr'><strong>ea</strong></span> <span class='ocrx_word' id='word_1_673' title='bbox 1172 1181 1230 1208; x_wconf 74' lang='lat' dir='ltr'><strong>qua:</strong></span> <span class='ocrx_word' id='word_1_674' title='bbox 1254 1174 1373 1201; x_wconf 85' lang='lat' dir='ltr'><strong>scimus:</strong></span> <span class='ocrx_word' id='word_1_675' title='bbox 1390 1178 1419 1201; x_wconf 94' lang='lat' dir='ltr'><strong>ut</strong></span> <span class='ocrx_word' id='word_1_676' title='bbox 1439 1179 1548 1206; x_wconf 92' lang='lat' dir='ltr'><strong>contra,</strong></span> <span class='ocrx_word' id='word_1_677' title='bbox 1565 1173 1692 1205; x_wconf 83' lang='lat' dir='ltr'><strong>Verbum,</strong></span> <span class='ocrx_word' id='word_1_678' title='bbox 1714 1174 1818 1201; x_wconf 85' lang='lat' dir='ltr'><strong>etiamsi</strong></span> 
     </span>
    </p>
   </div>
   <div class='ocr_carea' id='block_1_84' title="bbox 1026 1218 1818 1253">
    <p class='ocr_par' dir='ltr' id='par_1_84' title="bbox 1026 1218 1818 1253">
     <span class='ocr_line' id='line_1_84' title="bbox 1026 1218 1818 1253; baseline 0 -8"><span class='ocrx_word' id='word_1_679' title='bbox 1026 1221 1105 1246; x_wconf 78' lang='lat' dir='ltr'><strong>tenue</strong></span> <span class='ocrx_word' id='word_1_680' title='bbox 1120 1219 1254 1253; x_wconf 88' lang='lat' dir='ltr'><strong>quidpiam</strong></span> <span class='ocrx_word' id='word_1_681' title='bbox 1270 1219 1304 1246; x_wconf 88' lang='lat' dir='ltr'><strong>de</strong></span> <span class='ocrx_word' id='word_1_682' title='bbox 1323 1220 1368 1246; x_wconf 91' lang='lat' dir='ltr'><strong>illo</strong></span> <span class='ocrx_word' id='word_1_683' title='bbox 1383 1219 1480 1246; x_wconf 86' lang='lat' dir='ltr'><strong>dictum</strong></span> <span class='ocrx_word' id='word_1_684' title='bbox 1497 1218 1590 1250; x_wconf 81' lang='lat' dir='ltr'><strong>fuerit,</strong></span> <span class='ocrx_word' id='word_1_685' title='bbox 1615 1227 1666 1246; x_wconf 85' lang='lat' dir='ltr'><strong>non</strong></span> <span class='ocrx_word' id='word_1_686' title='bbox 1692 1219 1818 1253; x_wconf 88' lang='lat' dir='ltr'><strong>permittit</strong></span> 
     </span>
    </p>
   </div>
   <div class='ocr_carea' id='block_1_85' title="bbox 1025 1264 1817 1298">
    <p class='ocr_par' dir='ltr' id='par_1_85' title="bbox 1025 1264 1817 1298">
     <span class='ocr_line' id='line_1_85' title="bbox 1025 1264 1817 1298; baseline 0.003 -8"><span class='ocrx_word' id='word_1_687' title='bbox 1025 1268 1113 1290; x_wconf 83' lang='lat' dir='ltr'><strong>tamen</strong></span> <span class='ocrx_word' id='word_1_688' title='bbox 1139 1264 1237 1298; x_wconf 89' lang='lat' dir='ltr'><strong>aliquid</strong></span> <span class='ocrx_word' id='word_1_689' title='bbox 1264 1264 1395 1298; x_wconf 88' lang='lat' dir='ltr'><strong>ahjectum</strong></span> <span class='ocrx_word' id='word_1_690' title='bbox 1419 1269 1446 1291; x_wconf 88' lang='lat' dir='ltr'><strong>et</strong></span> <span class='ocrx_word' id='word_1_691' title='bbox 1471 1265 1522 1291; x_wconf 90' lang='lat' dir='ltr'><strong>vile</strong></span> <span class='ocrx_word' id='word_1_692' title='bbox 1545 1264 1579 1291; x_wconf 86' lang='lat' dir='ltr'><strong>de</strong></span> <span class='ocrx_word' id='word_1_693' title='bbox 1605 1271 1635 1292; x_wconf 90' lang='lat' dir='ltr'><strong>se</strong></span> <span class='ocrx_word' id='word_1_694' title='bbox 1658 1265 1817 1292; x_wconf 82' lang='lat' dir='ltr'><strong>existimari.</strong></span> 
     </span>
    </p>
   </div>
   <div class='ocr_carea' id='block_1_86' title="bbox 1026 1309 1816 1344">
    <p class='ocr_par' dir='ltr' id='par_1_86' title="bbox 1026 1309 1816 1344">
     <span class='ocr_line' id='line_1_86' title="bbox 1026 1309 1816 1344; baseline 0.001 -8"><span class='ocrx_word' id='word_1_695' title='bbox 1026 1309 1168 1336; x_wconf 86' lang='lat' dir='ltr'><strong>Enimvero</strong></span> <span class='ocrx_word' id='word_1_696' title='bbox 1190 1310 1224 1337; x_wconf 92' lang='lat' dir='ltr'><strong>de</strong></span> <span class='ocrx_word' id='word_1_697' title='bbox 1246 1315 1315 1337; x_wconf 86' lang='lat' dir='ltr'><strong>terra</strong></span> <span class='ocrx_word' id='word_1_698' title='bbox 1339 1311 1376 1337; x_wconf 90' lang='lat' dir='ltr'><strong>sic</strong></span> <span class='ocrx_word' id='word_1_699' title='bbox 1398 1315 1487 1344; x_wconf 81' lang='lat' dir='ltr'><strong>postea</strong></span> <span class='ocrx_word' id='word_1_700' title='bbox 1510 1310 1625 1338; x_wconf 88' lang='lat' dir='ltr'><strong>dicitur:</strong></span> <span class='ocrx_word' id='word_1_701' title='bbox 1642 1310 1718 1337; x_wconf 81' lang='lat' dir='ltr'><strong>Terra</strong></span> <span class='ocrx_word' id='word_1_702' title='bbox 1732 1316 1816 1338; x_wconf 78' lang='lat' dir='ltr'><strong>autent</strong></span> 
     </span>
    </p>
   </div>
   <div class='ocr_carea' id='block_1_87' title="bbox 1024 1355 1816 1391">
    <p class='ocr_par' dir='ltr' id='par_1_87' title="bbox 1024 1355 1816 1391">
     <span class='ocr_line' id='line_1_87' title="bbox 1024 1355 1816 1391; baseline 0 -9"><span class='ocrx_word' id='word_1_703' title='bbox 1024 1360 1075 1382; x_wconf 80' lang='lat' dir='ltr'><strong>erat</strong></span> <span class='ocrx_word' id='word_1_704' title='bbox 1090 1355 1220 1382; x_wconf 79' lang='lat' dir='ltr'><strong>invisibilis</strong></span> <span class='ocrx_word' id='word_1_705' title='bbox 1240 1361 1262 1382; x_wconf 82' lang='lat' dir='ltr'><strong>et</strong></span> <span class='ocrx_word' id='word_1_706' title='bbox 1275 1356 1440 1391; x_wconf 80' lang='lat' dir='ltr'><strong>incomposita</strong></span> <span class='ocrx_word' id='word_1_707' title='bbox 1455 1356 1463 1389; x_wconf 92' lang='lat'>(</span> <span class='ocrx_word' id='word_1_708' title='bbox 1476 1355 1538 1382; x_wconf 79' lang='lat' dir='ltr'><strong>Gen.</strong></span> <span class='ocrx_word' id='word_1_709' title='bbox 1554 1357 1577 1383; x_wconf 78' lang='grc' dir='ltr'><strong>Ι.</strong></span> <span class='ocrx_word' id='word_1_710' title='bbox 1590 1356 1608 1382; x_wconf 74' lang='lat'><strong>‘2</strong></span> <span class='ocrx_word' id='word_1_711' title='bbox 1654 1356 1719 1383; x_wconf 90' lang='lat' dir='ltr'><strong>Cum</strong></span> <span class='ocrx_word' id='word_1_712' title='bbox 1733 1356 1816 1382; x_wconf 75' lang='lat' dir='ltr'><strong>dixis-</strong></span> 
     </span>
    </p>
   </div>
   <div class='ocr_carea' id='block_1_88' title="bbox 1023 1401 1815 1436">
    <p class='ocr_par' dir='ltr' id='par_1_88' title="bbox 1023 1401 1815 1436">
     <span class='ocr_line' id='line_1_88' title="bbox 1023 1401 1815 1436; baseline 0.001 -9"><span class='ocrx_word' id='word_1_713' title='bbox 1023 1406 1064 1428; x_wconf 88' lang='lat' dir='ltr'><strong>set</strong></span> <span class='ocrx_word' id='word_1_714' title='bbox 1078 1401 1148 1428; x_wconf 92' lang='lat' dir='ltr'><strong>enim</strong></span> <span class='ocrx_word' id='word_1_715' title='bbox 1164 1402 1249 1435; x_wconf 75' lang='lat' dir='ltr'><strong>ipsum</strong></span> <span class='ocrx_word' id='word_1_716' title='bbox 1263 1402 1356 1428; x_wconf 73' lang='lat' dir='ltr'><strong>fecisse</strong></span> <span class='ocrx_word' id='word_1_717' title='bbox 1372 1408 1480 1434; x_wconf 87' lang='lat' dir='ltr'><strong>terram,</strong></span> <span class='ocrx_word' id='word_1_718' title='bbox 1504 1406 1530 1428; x_wconf 86' lang='lat' dir='ltr'><strong>et</strong></span> <span class='ocrx_word' id='word_1_719' title='bbox 1546 1402 1594 1435; x_wconf 81' lang='lat' dir='ltr'><strong>ipsi</strong></span> <span class='ocrx_word' id='word_1_720' title='bbox 1612 1402 1746 1436; x_wconf 87' lang='lat' dir='ltr'><strong>proprittttt</strong></span> <span class='ocrx_word' id='word_1_721' title='bbox 1761 1406 1815 1428; x_wconf 90' lang='lat' dir='ltr'><strong>ter-</strong></span> 
     </span>
    </p>
   </div>
   <div class='ocr_carea' id='block_1_89' title="bbox 1023 1446 1812 1481">
    <p class='ocr_par' dir='ltr' id='par_1_89' title="bbox 1023 1446 1812 1481">
     <span class='ocr_line' id='line_1_89' title="bbox 1023 1446 1812 1481; baseline 0 -8"><span class='ocrx_word' id='word_1_722' title='bbox 1023 1447 1123 1473; x_wconf 88' lang='lat' dir='ltr'><strong>minutn</strong></span> <span class='ocrx_word' id='word_1_723' title='bbox 1136 1447 1276 1481; x_wconf 63' lang='lat' dir='ltr'><strong>publllsset,</strong></span> <span class='ocrx_word' id='word_1_724' title='bbox 1289 1454 1382 1474; x_wconf 83' lang='lat' dir='ltr'><strong>secure</strong></span> <span class='ocrx_word' id='word_1_725' title='bbox 1393 1446 1448 1481; x_wconf 88' lang='lat' dir='ltr'><strong>jam</strong></span> <span class='ocrx_word' id='word_1_726' title='bbox 1460 1455 1518 1481; x_wconf 72' lang='lat' dir='ltr'><strong>qua:</strong></span> <span class='ocrx_word' id='word_1_727' title='bbox 1530 1452 1677 1481; x_wconf 87' lang='lat' dir='ltr'><strong>sequuntur</strong></span> <span class='ocrx_word' id='word_1_728' title='bbox 1687 1451 1792 1474; x_wconf 83' lang='lat' dir='ltr'><strong>enarrat</strong></span> <span class='ocrx_word' id='word_1_729' title='bbox 1805 1455 1812 1478; x_wconf 83' lang='lat'><strong>;</strong></span> 
     </span>
    </p>
   </div>
   <div class='ocr_carea' id='block_1_90' title="bbox 1021 1493 1812 1528">
    <p class='ocr_par' dir='ltr' id='par_1_90' title="bbox 1021 1493 1812 1528">
     <span class='ocr_line' id='line_1_90' title="bbox 1021 1493 1812 1528; baseline 0.001 -9"><span class='ocrx_word' id='word_1_730' title='bbox 1021 1501 1120 1528; x_wconf 79' lang='lat' dir='ltr'><strong>gnarus</strong></span> <span class='ocrx_word' id='word_1_731' title='bbox 1134 1494 1266 1521; x_wconf 89' lang='lat' dir='ltr'><strong>neminetn</strong></span> <span class='ocrx_word' id='word_1_732' title='bbox 1283 1494 1316 1521; x_wconf 92' lang='lat' dir='ltr'><strong>ita</strong></span> <span class='ocrx_word' id='word_1_733' title='bbox 1332 1494 1441 1521; x_wconf 87' lang='lat' dir='ltr'><strong>stultum</strong></span> <span class='ocrx_word' id='word_1_734' title='bbox 1454 1502 1522 1525; x_wconf 80' lang='lat' dir='ltr'><strong>esse.</strong></span> <span class='ocrx_word' id='word_1_735' title='bbox 1541 1498 1567 1521; x_wconf 88' lang='lat' dir='ltr'><strong>ut</strong></span> <span class='ocrx_word' id='word_1_736' title='bbox 1584 1494 1653 1521; x_wconf 84' lang='lat' dir='ltr'><strong>illam</strong></span> <span class='ocrx_word' id='word_1_737' title='bbox 1667 1494 1724 1520; x_wconf 88' lang='lat' dir='ltr'><strong>sine</strong></span> <span class='ocrx_word' id='word_1_738' title='bbox 1739 1493 1812 1528; x_wconf 90' lang='lat' dir='ltr'><strong>prin-</strong></span> 
     </span>
    </p>
   </div>
   <div class='ocr_carea' id='block_1_91' title="bbox 1021 1540 1813 1575">
    <p class='ocr_par' dir='ltr' id='par_1_91' title="bbox 1021 1540 1813 1575">
     <span class='ocr_line' id='line_1_91' title="bbox 1021 1540 1813 1575; baseline -0.001 -7"><span class='ocrx_word' id='word_1_739' title='bbox 1021 1540 1091 1575; x_wconf 91' lang='lat' dir='ltr'><strong>cipio</strong></span> <span class='ocrx_word' id='word_1_740' title='bbox 1113 1545 1140 1568; x_wconf 93' lang='lat' dir='ltr'><strong>et</strong></span> <span class='ocrx_word' id='word_1_741' title='bbox 1163 1548 1216 1567; x_wconf 87' lang='lat' dir='ltr'><strong>non</strong></span> <span class='ocrx_word' id='word_1_742' title='bbox 1239 1541 1332 1567; x_wconf 87' lang='lat' dir='ltr'><strong>factam</strong></span> <span class='ocrx_word' id='word_1_743' title='bbox 1353 1548 1413 1568; x_wconf 85' lang='lat' dir='ltr'><strong>esse</strong></span> <span class='ocrx_word' id='word_1_744' title='bbox 1430 1540 1588 1575; x_wconf 88' lang='lat' dir='ltr'><strong>sttspicetur.</strong></span> <span class='ocrx_word' id='word_1_745' title='bbox 1603 1540 1695 1567; x_wconf 77' lang='lat' dir='ltr'><strong>Terra:</strong></span> <span class='ocrx_word' id='word_1_746' title='bbox 1714 1540 1813 1574; x_wconf 83' lang='lat' dir='ltr'><strong>quippe</strong></span> 
     </span>
    </p>
   </div>
   <div class='ocr_carea' id='block_1_92' title="bbox 1021 1584 1810 1619">
    <p class='ocr_par' dir='ltr' id='par_1_92' title="bbox 1021 1584 1810 1619">
     <span class='ocr_line' id='line_1_92' title="bbox 1021 1584 1810 1619; baseline -0.003 -6"><span class='ocrx_word' id='word_1_747' title='bbox 1021 1594 1129 1618; x_wconf 87' lang='lat' dir='ltr'><strong>nomen,</strong></span> <span class='ocrx_word' id='word_1_748' title='bbox 1151 1591 1178 1613; x_wconf 91' lang='lat' dir='ltr'><strong>et</strong></span> <span class='ocrx_word' id='word_1_749' title='bbox 1193 1586 1268 1619; x_wconf 88' lang='lat' dir='ltr'><strong>illttd,</strong></span> <span class='ocrx_word' id='word_1_750' title='bbox 1293 1585 1379 1618; x_wconf 78' lang='lat' dir='ltr'><strong>Fecit,</strong></span> <span class='ocrx_word' id='word_1_751' title='bbox 1395 1586 1459 1613; x_wconf 87' lang='lat' dir='ltr'><strong>satis</strong></span> <span class='ocrx_word' id='word_1_752' title='bbox 1478 1589 1540 1612; x_wconf 82' lang='lat' dir='ltr'><strong>SlIIII.</strong></span> <span class='ocrx_word' id='word_1_753' title='bbox 1563 1589 1591 1612; x_wconf 92' lang='lat' dir='ltr'><strong>ut</strong></span> <span class='ocrx_word' id='word_1_754' title='bbox 1613 1585 1653 1612; x_wconf 85' lang='lat' dir='ltr'><strong>vel</strong></span> <span class='ocrx_word' id='word_1_755' title='bbox 1667 1584 1810 1611; x_wconf 86' lang='lat' dir='ltr'><strong>admodum</strong></span> 
     </span>
    </p>
   </div>
   <div class='ocr_carea' id='block_1_93' title="bbox 1020 1631 1810 1666">
    <p class='ocr_par' dir='ltr' id='par_1_93' title="bbox 1020 1631 1810 1666">
     <span class='ocr_line' id='line_1_93' title="bbox 1020 1631 1810 1666; baseline -0.001 -8"><span class='ocrx_word' id='word_1_756' title='bbox 1020 1633 1101 1659; x_wconf 86' lang='lat' dir='ltr'><strong>stulto</strong></span> <span class='ocrx_word' id='word_1_757' title='bbox 1114 1633 1242 1659; x_wconf 88' lang='lat' dir='ltr'><strong>suadeant</strong></span> <span class='ocrx_word' id='word_1_758' title='bbox 1251 1653 1258 1663; x_wconf 85' lang='lat'><strong>,</strong></span> <span class='ocrx_word' id='word_1_759' title='bbox 1275 1633 1356 1666; x_wconf 87' lang='lat' dir='ltr'><strong>ipsam</strong></span> <span class='ocrx_word' id='word_1_760' title='bbox 1370 1639 1418 1658; x_wconf 89' lang='lat' dir='ltr'><strong>nec</strong></span> <span class='ocrx_word' id='word_1_761' title='bbox 1431 1637 1557 1658; x_wconf 65' lang='lat' dir='ltr'><strong>aeternam</strong></span> <span class='ocrx_word' id='word_1_762' title='bbox 1566 1652 1573 1663; x_wconf 95' lang='lat'><strong>,</strong></span> <span class='ocrx_word' id='word_1_763' title='bbox 1586 1639 1635 1658; x_wconf 90' lang='lat' dir='ltr'><strong>nec</strong></span> <span class='ocrx_word' id='word_1_764' title='bbox 1645 1639 1698 1657; x_wconf 87' lang='lat' dir='ltr'><strong>non</strong></span> <span class='ocrx_word' id='word_1_765' title='bbox 1714 1631 1810 1658; x_wconf 86' lang='lat' dir='ltr'><strong>factam</strong></span> 
     </span>
    </p>
   </div>
   <div class='ocr_carea' id='block_1_94' title="bbox 1020 1675 1809 1712">
    <p class='ocr_par' dir='ltr' id='par_1_94' title="bbox 1020 1675 1809 1712">
     <span class='ocr_line' id='line_1_94' title="bbox 1020 1675 1809 1712; baseline -0.003 -8"><span class='ocrx_word' id='word_1_766' title='bbox 1020 1684 1093 1710; x_wconf 88' lang='lat' dir='ltr'><strong>esse,</strong></span> <span class='ocrx_word' id='word_1_767' title='bbox 1109 1677 1156 1704; x_wconf 86' lang='lat' dir='ltr'><strong>sed</strong></span> <span class='ocrx_word' id='word_1_768' title='bbox 1169 1685 1202 1704; x_wconf 83' lang='lat' dir='ltr'><strong>ex</strong></span> <span class='ocrx_word' id='word_1_769' title='bbox 1215 1684 1307 1704; x_wconf 88' lang='lat' dir='ltr'><strong>eorum</strong></span> <span class='ocrx_word' id='word_1_770' title='bbox 1322 1684 1433 1704; x_wconf 88' lang='lat' dir='ltr'><strong>numero</strong></span> <span class='ocrx_word' id='word_1_771' title='bbox 1456 1685 1514 1712; x_wconf 75' lang='lat' dir='ltr'><strong>qua:</strong></span> <span class='ocrx_word' id='word_1_772' title='bbox 1527 1677 1553 1703; x_wconf 87' lang='lat' dir='ltr'><strong>in</strong></span> <span class='ocrx_word' id='word_1_773' title='bbox 1570 1682 1690 1711; x_wconf 87' lang='lat' dir='ltr'><strong>tempore</strong></span> <span class='ocrx_word' id='word_1_774' title='bbox 1703 1675 1809 1703; x_wconf 87' lang='lat' dir='ltr'><strong>condita</strong></span> 
     </span>
    </p>
   </div>
   <div class='ocr_carea' id='block_1_95' title="bbox 1019 1727 1091 1750">
    <p class='ocr_par' dir='ltr' id='par_1_95' title="bbox 1019 1727 1091 1750">
     <span class='ocr_line' id='line_1_95' title="bbox 1019 1727 1091 1750; baseline 0 0"><span class='ocrx_word' id='word_1_775' title='bbox 1019 1727 1091 1750; x_wconf 86' lang='lat' dir='ltr'><strong>sunt.</strong></span> 
     </span>
    </p>
   </div>
   <div class='ocr_carea' id='block_1_96' title="bbox 1055 1766 1809 1799">
    <p class='ocr_par' dir='ltr' id='par_1_96' title="bbox 1055 1766 1809 1799">
     <span class='ocr_line' id='line_1_96' title="bbox 1055 1766 1809 1799; baseline -0.003 -4"><span class='ocrx_word' id='word_1_776' title='bbox 1055 1769 1081 1795; x_wconf 84' lang='lat'><strong>5.</strong></span> <span class='ocrx_word' id='word_1_777' title='bbox 1095 1768 1226 1794; x_wconf 83' lang='lat' dir='ltr'><strong>Praeterea</strong></span> <span class='ocrx_word' id='word_1_778' title='bbox 1241 1772 1328 1794; x_wconf 91' lang='lat' dir='ltr'><strong>autem</strong></span> <span class='ocrx_word' id='word_1_779' title='bbox 1345 1766 1408 1793; x_wconf 90' lang='lat' dir='ltr'><strong>illud</strong></span> <span class='ocrx_word' id='word_1_780' title='bbox 1419 1787 1426 1799; x_wconf 89' lang='lat'><strong>,</strong></span> <span class='ocrx_word' id='word_1_781' title='bbox 1446 1766 1525 1797; x_wconf 78' lang='lat' dir='ltr'><strong>Erat,</strong></span> <span class='ocrx_word' id='word_1_782' title='bbox 1542 1766 1575 1794; x_wconf 90' lang='lat' dir='ltr'><strong>de</strong></span> <span class='ocrx_word' id='word_1_783' title='bbox 1589 1771 1657 1793; x_wconf 89' lang='lat' dir='ltr'><strong>terra</strong></span> <span class='ocrx_word' id='word_1_784' title='bbox 1670 1771 1696 1793; x_wconf 90' lang='lat' dir='ltr'><strong>et</strong></span> <span class='ocrx_word' id='word_1_785' title='bbox 1708 1766 1742 1793; x_wconf 90' lang='lat' dir='ltr'><strong>de</strong></span> <span class='ocrx_word' id='word_1_786' title='bbox 1758 1766 1809 1793; x_wconf 83' lang='lat' dir='ltr'><strong>ho-</strong></span> 
     </span>
    </p>
   </div>
   <div class='ocr_carea' id='block_1_97' title="bbox 1019 1813 1807 1847">
    <p class='ocr_par' dir='ltr' id='par_1_97' title="bbox 1019 1813 1807 1847">
     <span class='ocr_line' id='line_1_97' title="bbox 1019 1813 1807 1847; baseline -0.001 -6"><span class='ocrx_word' id='word_1_787' title='bbox 1019 1815 1090 1841; x_wconf 85' lang='lat' dir='ltr'><strong>mine</strong></span> <span class='ocrx_word' id='word_1_788' title='bbox 1108 1815 1118 1829; x_wconf 85' lang='grc'><strong>²</strong></span> <span class='ocrx_word' id='word_1_789' title='bbox 1137 1813 1252 1846; x_wconf 85' lang='lat' dir='ltr'><strong>dictum,</strong></span> <span class='ocrx_word' id='word_1_790' title='bbox 1267 1821 1318 1840; x_wconf 94' lang='lat' dir='ltr'><strong>non</strong></span> <span class='ocrx_word' id='word_1_791' title='bbox 1333 1813 1489 1847; x_wconf 86' lang='lat' dir='ltr'><strong>simpliciter</strong></span> <span class='ocrx_word' id='word_1_792' title='bbox 1502 1813 1683 1840; x_wconf 82' lang='lat' dir='ltr'><strong>exsistentiam</strong></span> <span class='ocrx_word' id='word_1_793' title='bbox 1705 1813 1807 1847; x_wconf 76' lang='lat' dir='ltr'><strong>signifi-</strong></span> 
     </span>
    </p>
   </div>
   <div class='ocr_carea' id='block_1_98' title="bbox 1018 1858 1808 1893">
    <p class='ocr_par' dir='ltr' id='par_1_98' title="bbox 1018 1858 1808 1893">
     <span class='ocr_line' id='line_1_98' title="bbox 1018 1858 1808 1893; baseline 0 -7"><span class='ocrx_word' id='word_1_794' title='bbox 1018 1864 1076 1891; x_wconf 84' lang='lat' dir='ltr'><strong>cat;</strong></span> <span class='ocrx_word' id='word_1_795' title='bbox 1088 1859 1134 1886; x_wconf 87' lang='lat' dir='ltr'><strong>sed</strong></span> <span class='ocrx_word' id='word_1_796' title='bbox 1149 1859 1182 1886; x_wconf 91' lang='lat' dir='ltr'><strong>de</strong></span> <span class='ocrx_word' id='word_1_797' title='bbox 1198 1860 1304 1886; x_wconf 91' lang='lat' dir='ltr'><strong>homine</strong></span> <span class='ocrx_word' id='word_1_798' title='bbox 1315 1859 1425 1892; x_wconf 90' lang='lat' dir='ltr'><strong>dictum,</strong></span> <span class='ocrx_word' id='word_1_799' title='bbox 1442 1858 1541 1885; x_wconf 88' lang='lat' dir='ltr'><strong>iudicat</strong></span> <span class='ocrx_word' id='word_1_800' title='bbox 1552 1859 1636 1893; x_wconf 88' lang='lat' dir='ltr'><strong>ipsutn</strong></span> <span class='ocrx_word' id='word_1_801' title='bbox 1649 1866 1681 1885; x_wconf 77' lang='lat' dir='ltr'><strong>ex</strong></span> <span class='ocrx_word' id='word_1_802' title='bbox 1694 1859 1736 1885; x_wconf 87' lang='lat' dir='ltr'><strong>tali</strong></span> <span class='ocrx_word' id='word_1_803' title='bbox 1748 1867 1808 1886; x_wconf 86' lang='lat' dir='ltr'><strong>esse</strong></span> 
     </span>
    </p>
   </div>
   <div class='ocr_carea' id='block_1_99' title="bbox 1019 1903 1808 1939">
    <p class='ocr_par' dir='ltr' id='par_1_99' title="bbox 1019 1903 1808 1939">
     <span class='ocr_line' id='line_1_99' title="bbox 1019 1903 1808 1939; baseline -0.001 -7"><span class='ocrx_word' id='word_1_804' title='bbox 1019 1905 1097 1937; x_wconf 82' lang='lat' dir='ltr'><strong>loco;</strong></span> <span class='ocrx_word' id='word_1_805' title='bbox 1123 1905 1156 1932; x_wconf 92' lang='lat' dir='ltr'><strong>de</strong></span> <span class='ocrx_word' id='word_1_806' title='bbox 1173 1910 1241 1931; x_wconf 89' lang='lat' dir='ltr'><strong>terra</strong></span> <span class='ocrx_word' id='word_1_807' title='bbox 1261 1910 1359 1937; x_wconf 86' lang='lat' dir='ltr'><strong>autem,</strong></span> <span class='ocrx_word' id='word_1_808' title='bbox 1376 1904 1446 1931; x_wconf 86' lang='lat' dir='ltr'><strong>illam</strong></span> <span class='ocrx_word' id='word_1_809' title='bbox 1463 1904 1507 1931; x_wconf 90' lang='lat' dir='ltr'><strong>tali</strong></span> <span class='ocrx_word' id='word_1_810' title='bbox 1527 1911 1588 1931; x_wconf 89' lang='lat' dir='ltr'><strong>esse</strong></span> <span class='ocrx_word' id='word_1_811' title='bbox 1607 1903 1695 1931; x_wconf 88' lang='lat' dir='ltr'><strong>modo.</strong></span> <span class='ocrx_word' id='word_1_812' title='bbox 1718 1903 1808 1939; x_wconf 88' lang='lat' dir='ltr'><strong>Neque</strong></span> 
     </span>
    </p>
   </div>
   <div class='ocr_carea' id='block_1_100' title="bbox 1017 1950 1806 1985">
    <p class='ocr_par' dir='ltr' id='par_1_100' title="bbox 1017 1950 1806 1985">
     <span class='ocr_line' id='line_1_100' title="bbox 1017 1950 1806 1985; baseline -0.001 -7"><span class='ocrx_word' id='word_1_813' title='bbox 1017 1952 1088 1978; x_wconf 86' lang='lat' dir='ltr'><strong>enim</strong></span> <span class='ocrx_word' id='word_1_814' title='bbox 1103 1951 1258 1985; x_wconf 88' lang='lat' dir='ltr'><strong>simpliciter</strong></span> <span class='ocrx_word' id='word_1_815' title='bbox 1276 1951 1342 1977; x_wconf 79' lang='lat' dir='ltr'><strong>dixit</strong></span> <span class='ocrx_word' id='word_1_816' title='bbox 1353 1971 1359 1982; x_wconf 99' lang='lat'><strong>,</strong></span> <span class='ocrx_word' id='word_1_817' title='bbox 1374 1950 1455 1977; x_wconf 76' lang='lat' dir='ltr'><strong>Terra</strong></span> <span class='ocrx_word' id='word_1_818' title='bbox 1469 1955 1542 1983; x_wconf 85' lang='lat' dir='ltr'><strong>orat,</strong></span> <span class='ocrx_word' id='word_1_819' title='bbox 1556 1955 1581 1977; x_wconf 89' lang='lat' dir='ltr'><strong>et</strong></span> <span class='ocrx_word' id='word_1_820' title='bbox 1599 1955 1690 1984; x_wconf 81' lang='lat' dir='ltr'><strong>postea</strong></span> <span class='ocrx_word' id='word_1_821' title='bbox 1708 1950 1806 1982; x_wconf 80' lang='lat' dir='ltr'><strong>tacuit;</strong></span> 
     </span>
    </p>
   </div>
   <div class='ocr_carea' id='block_1_101' title="bbox 1017 1995 1805 2031">
    <p class='ocr_par' dir='ltr' id='par_1_101' title="bbox 1017 1995 1805 2031">
     <span class='ocr_line' id='line_1_101' title="bbox 1017 1995 1805 2031; baseline -0.003 -7"><span class='ocrx_word' id='word_1_822' title='bbox 1017 1996 1063 2024; x_wconf 86' lang='lat' dir='ltr'><strong>sed</strong></span> <span class='ocrx_word' id='word_1_823' title='bbox 1086 1996 1171 2031; x_wconf 86' lang='lat' dir='ltr'><strong>qualis</strong></span> <span class='ocrx_word' id='word_1_824' title='bbox 1195 2000 1254 2030; x_wconf 88' lang='lat' dir='ltr'><strong>post</strong></span> <span class='ocrx_word' id='word_1_825' title='bbox 1276 1996 1438 2023; x_wconf 89' lang='lat' dir='ltr'><strong>creationem</strong></span> <span class='ocrx_word' id='word_1_826' title='bbox 1463 1999 1534 2022; x_wconf 66' lang='lat' dir='ltr'><strong>esset</strong></span> <span class='ocrx_word' id='word_1_827' title='bbox 1555 1995 1674 2028; x_wconf 84' lang='lat' dir='ltr'><strong>addidit,</strong></span> <span class='ocrx_word' id='word_1_828' title='bbox 1699 2003 1805 2031; x_wconf 82' lang='lat' dir='ltr'><strong>nempe,</strong></span> 
     </span>
    </p>
   </div>
   <div class='ocr_carea' id='block_1_102' title="bbox 1017 2040 1807 2076">
    <p class='ocr_par' dir='ltr' id='par_1_102' title="bbox 1017 2040 1807 2076">
     <span class='ocr_line' id='line_1_102' title="bbox 1017 2040 1807 2076; baseline -0.003 -7"><span class='ocrx_word' id='word_1_829' title='bbox 1017 2042 1154 2069; x_wconf 72' lang='lat' dir='ltr'><strong>Invisibilis</strong></span> <span class='ocrx_word' id='word_1_830' title='bbox 1166 2047 1218 2068; x_wconf 73' lang='lat' dir='ltr'><strong>erat</strong></span> <span class='ocrx_word' id='word_1_831' title='bbox 1232 2046 1254 2068; x_wconf 85' lang='lat' dir='ltr'><strong>et</strong></span> <span class='ocrx_word' id='word_1_832' title='bbox 1273 2041 1441 2076; x_wconf 74' lang='lat' dir='ltr'><strong>incomposita</strong></span> <span class='ocrx_word' id='word_1_833' title='bbox 1452 2061 1458 2072; x_wconf 92' lang='lat'><strong>,</strong></span> <span class='ocrx_word' id='word_1_834' title='bbox 1475 2040 1562 2067; x_wconf 86' lang='lat' dir='ltr'><strong>adhuc</strong></span> <span class='ocrx_word' id='word_1_835' title='bbox 1582 2040 1659 2074; x_wconf 85' lang='lat' dir='ltr'><strong>aquis</strong></span> <span class='ocrx_word' id='word_1_836' title='bbox 1676 2044 1766 2074; x_wconf 87' lang='lat' dir='ltr'><strong>operta</strong></span> <span class='ocrx_word' id='word_1_837' title='bbox 1779 2045 1807 2067; x_wconf 85' lang='lat' dir='ltr'><strong>et</strong></span> 
     </span>
    </p>
   </div>
   <div class='ocr_carea' id='block_1_103' title="bbox 1016 2085 1807 2121">
    <p class='ocr_par' dir='ltr' id='par_1_103' title="bbox 1016 2085 1807 2121">
     <span class='ocr_line' id='line_1_103' title="bbox 1016 2085 1807 2121; baseline -0.003 -7"><span class='ocrx_word' id='word_1_838' title='bbox 1016 2088 1143 2114; x_wconf 86' lang='lat' dir='ltr'><strong>admixta.</strong></span> <span class='ocrx_word' id='word_1_839' title='bbox 1160 2087 1192 2114; x_wconf 85' lang='lat' dir='ltr'><strong>Et</strong></span> <span class='ocrx_word' id='word_1_840' title='bbox 1211 2087 1244 2114; x_wconf 85' lang='lat' dir='ltr'><strong>de</strong></span> <span class='ocrx_word' id='word_1_841' title='bbox 1264 2087 1363 2114; x_wconf 86' lang='lat' dir='ltr'><strong>Elcana</strong></span> <span class='ocrx_word' id='word_1_842' title='bbox 1386 2094 1438 2113; x_wconf 92' lang='lat' dir='ltr'><strong>non</strong></span> <span class='ocrx_word' id='word_1_843' title='bbox 1461 2086 1528 2113; x_wconf 84' lang='lat' dir='ltr'><strong>dixit</strong></span> <span class='ocrx_word' id='word_1_844' title='bbox 1546 2086 1631 2113; x_wconf 85' lang='lat' dir='ltr'><strong>solum</strong></span> <span class='ocrx_word' id='word_1_845' title='bbox 1650 2085 1718 2121; x_wconf 87' lang='lat' dir='ltr'><strong>quod</strong></span> <span class='ocrx_word' id='word_1_846' title='bbox 1735 2091 1807 2112; x_wconf 73' lang='lat' dir='ltr'><strong>esset</strong></span> 
     </span>
    </p>
   </div>
   <div class='ocr_carea' id='block_1_104' title="bbox 1016 2131 1803 2168">
    <p class='ocr_par' dir='ltr' id='par_1_104' title="bbox 1016 2131 1803 2168">
     <span class='ocr_line' id='line_1_104' title="bbox 1016 2131 1803 2168; baseline -0.004 -8"><span class='ocrx_word' id='word_1_847' title='bbox 1016 2134 1106 2166; x_wconf 88' lang='lat' dir='ltr'><strong>homo,</strong></span> <span class='ocrx_word' id='word_1_848' title='bbox 1122 2133 1168 2161; x_wconf 86' lang='lat' dir='ltr'><strong>sed</strong></span> <span class='ocrx_word' id='word_1_849' title='bbox 1183 2133 1280 2168; x_wconf 88' lang='lat' dir='ltr'><strong>adjecit</strong></span> <span class='ocrx_word' id='word_1_850' title='bbox 1293 2132 1362 2160; x_wconf 91' lang='lat' dir='ltr'><strong>unde</strong></span> <span class='ocrx_word' id='word_1_851' title='bbox 1377 2136 1465 2165; x_wconf 82' lang='lat' dir='ltr'><strong>esset,</strong></span> <span class='ocrx_word' id='word_1_852' title='bbox 1485 2131 1522 2158; x_wconf 83' lang='lat' dir='ltr'><strong>De</strong></span> <span class='ocrx_word' id='word_1_853' title='bbox 1537 2131 1695 2158; x_wconf 78' lang='lat' dir='ltr'><strong>Armutlutim</strong></span> <span class='ocrx_word' id='word_1_854' title='bbox 1711 2131 1803 2166; x_wconf 84' lang='lat' dir='ltr'><strong>Siplm.</strong></span> 
     </span>
    </p>
   </div>
   <div class='ocr_carea' id='block_1_105' title="bbox 1017 2176 1806 2211">
    <p class='ocr_par' dir='ltr' id='par_1_105' title="bbox 1017 2176 1806 2211">
     <span class='ocr_line' id='line_1_105' title="bbox 1017 2176 1806 2211; baseline -0.006 -4"><span class='ocrx_word' id='word_1_855' title='bbox 1017 2180 1053 2207; x_wconf 86' lang='lat' dir='ltr'><strong>De</strong></span> <span class='ocrx_word' id='word_1_856' title='bbox 1069 2179 1155 2207; x_wconf 88' lang='lat' dir='ltr'><strong>Verbo</strong></span> <span class='ocrx_word' id='word_1_857' title='bbox 1167 2184 1254 2206; x_wconf 90' lang='lat' dir='ltr'><strong>autem</strong></span> <span class='ocrx_word' id='word_1_858' title='bbox 1274 2187 1326 2205; x_wconf 92' lang='lat' dir='ltr'><strong>non</strong></span> <span class='ocrx_word' id='word_1_859' title='bbox 1340 2178 1388 2205; x_wconf 88' lang='lat' dir='ltr'><strong>sic.</strong></span> <span class='ocrx_word' id='word_1_860' title='bbox 1408 2177 1440 2204; x_wconf 89' lang='lat' dir='ltr'><strong>Et</strong></span> <span class='ocrx_word' id='word_1_861' title='bbox 1457 2185 1500 2204; x_wconf 91' lang='lat' dir='ltr'><strong>me</strong></span> <span class='ocrx_word' id='word_1_862' title='bbox 1516 2176 1596 2211; x_wconf 89' lang='lat' dir='ltr'><strong>pudet</strong></span> <span class='ocrx_word' id='word_1_863' title='bbox 1611 2176 1728 2210; x_wconf 87' lang='lat' dir='ltr'><strong>profecto</strong></span> <span class='ocrx_word' id='word_1_864' title='bbox 1749 2176 1806 2202; x_wconf 55' lang='lat' dir='ltr'><strong>haec</strong></span> 
     </span>
    </p>
   </div>
   <div class='ocr_carea' id='block_1_106' title="bbox 1015 2221 1804 2258">
    <p class='ocr_par' dir='ltr' id='par_1_106' title="bbox 1015 2221 1804 2258">
     <span class='ocr_line' id='line_1_106' title="bbox 1015 2221 1804 2258; baseline -0.005 -6"><span class='ocrx_word' id='word_1_865' title='bbox 1015 2225 1093 2252; x_wconf 86' lang='lat' dir='ltr'><strong>simul</strong></span> <span class='ocrx_word' id='word_1_866' title='bbox 1108 2225 1242 2258; x_wconf 68' lang='lat' dir='ltr'><strong>indagare.</strong></span> <span class='ocrx_word' id='word_1_867' title='bbox 1259 2223 1285 2251; x_wconf 90' lang='lat' dir='ltr'><strong>Si</strong></span> <span class='ocrx_word' id='word_1_868' title='bbox 1300 2223 1369 2251; x_wconf 90' lang='lat' dir='ltr'><strong>enim</strong></span> <span class='ocrx_word' id='word_1_869' title='bbox 1383 2222 1603 2257; x_wconf 84' lang='lat' dir='ltr'><strong>reprehendimus</strong></span> <span class='ocrx_word' id='word_1_870' title='bbox 1616 2229 1661 2248; x_wconf 87' lang='lat' dir='ltr'><strong>cos</strong></span> <span class='ocrx_word' id='word_1_871' title='bbox 1678 2221 1720 2256; x_wconf 90' lang='lat' dir='ltr'><strong>qui</strong></span> <span class='ocrx_word' id='word_1_872' title='bbox 1735 2221 1804 2248; x_wconf 84' lang='lat' dir='ltr'><strong>circa</strong></span> 
     </span>
    </p>
   </div>
   <div class='ocr_carea' id='block_1_107' title="bbox 1015 2268 1804 2305">
    <p class='ocr_par' dir='ltr' id='par_1_107' title="bbox 1015 2268 1804 2305">
     <span class='ocr_line' id='line_1_107' title="bbox 1015 2268 1804 2305; baseline -0.005 -7"><span class='ocrx_word' id='word_1_873' title='bbox 1015 2271 1137 2299; x_wconf 82' lang='lat' dir='ltr'><strong>homines</strong></span> <span class='ocrx_word' id='word_1_874' title='bbox 1151 2271 1202 2298; x_wconf 88' lang='lat' dir='ltr'><strong>hnc</strong></span> <span class='ocrx_word' id='word_1_875' title='bbox 1215 2275 1305 2305; x_wconf 78' lang='lat' dir='ltr'><strong>agunt,</strong></span> <span class='ocrx_word' id='word_1_876' title='bbox 1320 2269 1426 2304; x_wconf 89' lang='lat' dir='ltr'><strong>quando</strong></span> <span class='ocrx_word' id='word_1_877' title='bbox 1440 2269 1551 2295; x_wconf 88' lang='lat' dir='ltr'><strong>tuulttuu</strong></span> <span class='ocrx_word' id='word_1_878' title='bbox 1563 2272 1604 2295; x_wconf 89' lang='lat' dir='ltr'><strong>est</strong></span> <span class='ocrx_word' id='word_1_879' title='bbox 1617 2268 1685 2295; x_wconf 93' lang='lat' dir='ltr'><strong>inter</strong></span> <span class='ocrx_word' id='word_1_880' title='bbox 1699 2275 1745 2294; x_wconf 90' lang='lat' dir='ltr'><strong>eos</strong></span> <span class='ocrx_word' id='word_1_881' title='bbox 1760 2269 1804 2302; x_wconf 89' lang='lat' dir='ltr'><strong>qui</strong></span> 
     </span>
    </p>
   </div>
   <div class='ocr_carea' id='block_1_108' title="bbox 1014 2314 1805 2353">
    <p class='ocr_par' dir='ltr' id='par_1_108' title="bbox 1014 2314 1805 2353">
     <span class='ocr_line' id='line_1_108' title="bbox 1014 2314 1805 2353; baseline -0.005 -9"><span class='ocrx_word' id='word_1_882' title='bbox 1014 2322 1200 2353; x_wconf 87' lang='lat' dir='ltr'><strong>comparantur</strong></span> <span class='ocrx_word' id='word_1_883' title='bbox 1213 2316 1317 2343; x_wconf 88' lang='lat' dir='ltr'><strong>virtutis</strong></span> <span class='ocrx_word' id='word_1_884' title='bbox 1332 2315 1486 2347; x_wconf 87' lang='lat' dir='ltr'><strong>discrimen,</strong></span> <span class='ocrx_word' id='word_1_885' title='bbox 1504 2314 1566 2341; x_wconf 84' lang='lat' dir='ltr'><strong>licet</strong></span> <span class='ocrx_word' id='word_1_886' title='bbox 1578 2314 1616 2340; x_wconf 94' lang='lat' dir='ltr'><strong>illi</strong></span> <span class='ocrx_word' id='word_1_887' title='bbox 1636 2321 1669 2340; x_wconf 78' lang='lat' dir='ltr'><strong>ex</strong></span> <span class='ocrx_word' id='word_1_888' title='bbox 1688 2322 1738 2340; x_wconf 87' lang='lat' dir='ltr'><strong>uua</strong></span> <span class='ocrx_word' id='word_1_889' title='bbox 1760 2322 1805 2341; x_wconf 88' lang='lat' dir='ltr'><strong>ea-</strong></span> 
     </span>
    </p>
   </div>
   <div class='ocr_carea' id='block_1_109' title="bbox 1014 2360 1806 2399">
    <p class='ocr_par' dir='ltr' id='par_1_109' title="bbox 1014 2360 1806 2399">
     <span class='ocr_line' id='line_1_109' title="bbox 1014 2360 1806 2399; baseline -0.006 -8"><span class='ocrx_word' id='word_1_890' title='bbox 1014 2365 1129 2399; x_wconf 86' lang='lat' dir='ltr'><strong>demque</strong></span> <span class='ocrx_word' id='word_1_891' title='bbox 1143 2362 1290 2391; x_wconf 81' lang='lat' dir='ltr'><strong>substantia</strong></span> <span class='ocrx_word' id='word_1_892' title='bbox 1304 2362 1357 2389; x_wconf 88' lang='lat' dir='ltr'><strong>sittt</strong></span> <span class='ocrx_word' id='word_1_893' title='bbox 1369 2370 1376 2388; x_wconf 91' lang='lat'><strong>:</strong></span> <span class='ocrx_word' id='word_1_894' title='bbox 1388 2361 1494 2395; x_wconf 85' lang='lat' dir='ltr'><strong>quando</strong></span> <span class='ocrx_word' id='word_1_895' title='bbox 1506 2364 1534 2387; x_wconf 83' lang='lat' dir='ltr'><strong>et</strong></span> <span class='ocrx_word' id='word_1_896' title='bbox 1552 2360 1622 2387; x_wconf 87' lang='lat' dir='ltr'><strong>circa</strong></span> <span class='ocrx_word' id='word_1_897' title='bbox 1637 2363 1757 2386; x_wconf 86' lang='lat' dir='ltr'><strong>naturam</strong></span> <span class='ocrx_word' id='word_1_898' title='bbox 1779 2364 1806 2386; x_wconf 91' lang='lat' dir='ltr'><strong>ct</strong></span> 
     </span>
    </p>
   </div>
   <div class='ocr_carea' id='block_1_110' title="bbox 1013 2405 1804 2441">
    <p class='ocr_par' dir='ltr' id='par_1_110' title="bbox 1013 2405 1804 2441">
     <span class='ocr_line' id='line_1_110' title="bbox 1013 2405 1804 2441; baseline -0.011 -2"><span class='ocrx_word' id='word_1_899' title='bbox 1013 2412 1083 2439; x_wconf 88' lang='lat' dir='ltr'><strong>circa</strong></span> <span class='ocrx_word' id='word_1_900' title='bbox 1098 2411 1148 2437; x_wconf 87' lang='lat' dir='ltr'><strong>alia</strong></span> <span class='ocrx_word' id='word_1_901' title='bbox 1165 2409 1296 2436; x_wconf 84' lang='lat' dir='ltr'><strong>infinitum</strong></span> <span class='ocrx_word' id='word_1_902' title='bbox 1321 2412 1362 2435; x_wconf 83' lang='lat' dir='ltr'><strong>est</strong></span> <span class='ocrx_word' id='word_1_903' title='bbox 1387 2406 1572 2436; x_wconf 86' lang='lat' dir='ltr'><strong>interstitium,</strong></span> <span class='ocrx_word' id='word_1_904' title='bbox 1595 2405 1730 2441; x_wconf 88' lang='lat' dir='ltr'><strong>quomodo</strong></span> <span class='ocrx_word' id='word_1_905' title='bbox 1753 2413 1804 2431; x_wconf 89' lang='lat' dir='ltr'><strong>non</strong></span> 
     </span>
    </p>
   </div>
   <div class='ocr_carea' id='block_1_111' title="bbox 1013 2450 1805 2486">
    <p class='ocr_par' dir='ltr' id='par_1_111' title="bbox 1013 2450 1805 2486">
     <span class='ocr_line' id='line_1_111' title="bbox 1013 2450 1805 2486; baseline -0.01 -2"><span class='ocrx_word' id='word_1_906' title='bbox 1013 2461 1141 2484; x_wconf 69' lang='lat' dir='ltr'><strong>extrema!</strong></span> <span class='ocrx_word' id='word_1_907' title='bbox 1159 2454 1303 2482; x_wconf 77' lang='lat' dir='ltr'><strong>dementia:</strong></span> <span class='ocrx_word' id='word_1_908' title='bbox 1326 2452 1405 2479; x_wconf 88' lang='lat' dir='ltr'><strong>fuerit</strong></span> <span class='ocrx_word' id='word_1_909' title='bbox 1428 2452 1476 2479; x_wconf 87' lang='lat' dir='ltr'><strong>has</strong></span> <span class='ocrx_word' id='word_1_910' title='bbox 1499 2451 1659 2486; x_wconf 68' lang='lat' dir='ltr'><strong>quaestiones</strong></span> <span class='ocrx_word' id='word_1_911' title='bbox 1677 2450 1805 2477; x_wconf 69' lang='lat' dir='ltr'><strong>movete”!</strong></span> 
     </span>
    </p>
   </div>
   <div class='ocr_carea' id='block_1_112' title="bbox 1013 2495 1805 2533">
    <p class='ocr_par' dir='ltr' id='par_1_112' title="bbox 1013 2495 1805 2533">
     <span class='ocr_line' id='line_1_112' title="bbox 1013 2495 1805 2533; baseline -0.01 -4"><span class='ocrx_word' id='word_1_912' title='bbox 1013 2503 1065 2530; x_wconf 82' lang='lat' dir='ltr'><strong>Sed</strong></span> <span class='ocrx_word' id='word_1_913' title='bbox 1081 2501 1157 2528; x_wconf 91' lang='lat' dir='ltr'><strong>nobis</strong></span> <span class='ocrx_word' id='word_1_914' title='bbox 1179 2500 1222 2527; x_wconf 90' lang='lat' dir='ltr'><strong>ille</strong></span> <span class='ocrx_word' id='word_1_915' title='bbox 1246 2499 1374 2533; x_wconf 89' lang='lat' dir='ltr'><strong>propitius</strong></span> <span class='ocrx_word' id='word_1_916' title='bbox 1393 2498 1441 2530; x_wconf 88' lang='lat' dir='ltr'><strong>sit,</strong></span> <span class='ocrx_word' id='word_1_917' title='bbox 1466 2504 1543 2530; x_wconf 85' lang='lat' dir='ltr'><strong>quem</strong></span> <span class='ocrx_word' id='word_1_918' title='bbox 1559 2496 1608 2531; x_wconf 88' lang='lat' dir='ltr'><strong>ipsi</strong></span> <span class='ocrx_word' id='word_1_919' title='bbox 1632 2495 1805 2529; x_wconf 81' lang='lat' dir='ltr'><strong>blasphemits</strong></span> 
     </span>
    </p>
   </div>
   <div class='ocr_carea' id='block_1_113' title="bbox 1014 2540 1804 2582">
    <p class='ocr_par' dir='ltr' id='par_1_113' title="bbox 1014 2540 1804 2582">
     <span class='ocr_line' id='line_1_113' title="bbox 1014 2540 1804 2582; baseline -0.009 -7"><span class='ocrx_word' id='word_1_920' title='bbox 1014 2549 1153 2582; x_wconf 87' lang='lat' dir='ltr'><strong>itupctuut.</strong></span> <span class='ocrx_word' id='word_1_921' title='bbox 1180 2544 1335 2579; x_wconf 86' lang='lat' dir='ltr'><strong>Hnjusmodi</strong></span> <span class='ocrx_word' id='word_1_922' title='bbox 1360 2551 1473 2577; x_wconf 87' lang='lat' dir='ltr'><strong>namque</strong></span> <span class='ocrx_word' id='word_1_923' title='bbox 1493 2542 1622 2569; x_wconf 90' lang='lat' dir='ltr'><strong>dictorum</strong></span> <span class='ocrx_word' id='word_1_924' title='bbox 1638 2540 1804 2568; x_wconf 84' lang='lat' dir='ltr'><strong>adhibendo-</strong></span> 
     </span>
    </p>
   </div>
   <div class='ocr_carea' id='block_1_114' title="bbox 1013 2586 1804 2622">
    <p class='ocr_par' dir='ltr' id='par_1_114' title="bbox 1013 2586 1804 2622">
     <span class='ocr_line' id='line_1_114' title="bbox 1013 2586 1804 2622; baseline -0.009 0"><span class='ocrx_word' id='word_1_925' title='bbox 1013 2603 1070 2622; x_wconf 88' lang='lat' dir='ltr'><strong>rum</strong></span> <span class='ocrx_word' id='word_1_926' title='bbox 1088 2593 1272 2621; x_wconf 87' lang='lat' dir='ltr'><strong>necessitatem</strong></span> <span class='ocrx_word' id='word_1_927' title='bbox 1296 2598 1347 2617; x_wconf 90' lang='lat' dir='ltr'><strong>non</strong></span> <span class='ocrx_word' id='word_1_928' title='bbox 1364 2598 1413 2617; x_wconf 83' lang='lat' dir='ltr'><strong>nos</strong></span> <span class='ocrx_word' id='word_1_929' title='bbox 1429 2589 1581 2616; x_wconf 81' lang='lat' dir='ltr'><strong>induximus</strong></span> <span class='ocrx_word' id='word_1_930' title='bbox 1593 2609 1600 2620; x_wconf 89' lang='lat'><strong>,</strong></span> <span class='ocrx_word' id='word_1_931' title='bbox 1615 2589 1661 2615; x_wconf 90' lang='lat' dir='ltr'><strong>sed</strong></span> <span class='ocrx_word' id='word_1_932' title='bbox 1675 2587 1712 2614; x_wconf 93' lang='lat' dir='ltr'><strong>illi</strong></span> <span class='ocrx_word' id='word_1_933' title='bbox 1726 2586 1804 2615; x_wconf 85' lang='lat' dir='ltr'><strong>nobis</strong></span> 
     </span>
    </p>
   </div>
   <div class='ocr_carea' id='block_1_115' title="bbox 1012 2636 1591 2673">
    <p class='ocr_par' dir='ltr' id='par_1_115' title="bbox 1012 2636 1591 2673">
     <span class='ocr_line' id='line_1_115' title="bbox 1012 2636 1591 2673; baseline -0.016 -5"><span class='ocrx_word' id='word_1_934' title='bbox 1012 2641 1141 2669; x_wconf 71' lang='lat' dir='ltr'><strong>obtulere,</strong></span> <span class='ocrx_word' id='word_1_935' title='bbox 1156 2638 1200 2673; x_wconf 88' lang='lat' dir='ltr'><strong>qtti</strong></span> <span class='ocrx_word' id='word_1_936' title='bbox 1214 2638 1324 2664; x_wconf 89' lang='lat' dir='ltr'><strong>salutem</strong></span> <span class='ocrx_word' id='word_1_937' title='bbox 1340 2636 1494 2670; x_wconf 80' lang='lat' dir='ltr'><strong>impuguant</strong></span> <span class='ocrx_word' id='word_1_938' title='bbox 1504 2641 1591 2660; x_wconf 80' lang='lat' dir='ltr'><strong>suam.</strong></span> 
     </span>
    </p>
   </div>
   <div class='ocr_carea' id='block_1_116' title="bbox 1048 2678 1801 2716">
    <p class='ocr_par' dir='ltr' id='par_1_116' title="bbox 1048 2678 1801 2716">
     <span class='ocr_line' id='line_1_116' title="bbox 1048 2678 1801 2716; baseline -0.011 -3"><span class='ocrx_word' id='word_1_939' title='bbox 1048 2687 1191 2713; x_wconf 61' lang='lat' dir='ltr'><strong>Amet-nilus</strong></span> <span class='ocrx_word' id='word_1_940' title='bbox 1207 2683 1269 2710; x_wconf 85' lang='lat' dir='ltr'><strong>Filii</strong></span> <span class='ocrx_word' id='word_1_941' title='bbox 1286 2683 1415 2716; x_wconf 82' lang='lat' dir='ltr'><strong>probatur.</strong></span> <span class='ocrx_word' id='word_1_942' title='bbox 1426 2697 1459 2701; x_wconf 92' lang='lat'><strong><em>—</em></strong></span> <span class='ocrx_word' id='word_1_943' title='bbox 1471 2681 1539 2714; x_wconf 86' lang='lat' dir='ltr'><strong>Quid</strong></span> <span class='ocrx_word' id='word_1_944' title='bbox 1555 2687 1618 2715; x_wconf 77' lang='lat' dir='ltr'><strong>ergo</strong></span> <span class='ocrx_word' id='word_1_945' title='bbox 1633 2680 1710 2706; x_wconf 86' lang='lat' dir='ltr'><strong>dico?</strong></span> <span class='ocrx_word' id='word_1_946' title='bbox 1723 2678 1801 2708; x_wconf 84' lang='lat' dir='ltr'><strong>Illntl.</strong></span> 
     </span>
    </p>
   </div>
   <div class='ocr_carea' id='block_1_117' title="bbox 1013 2726 1803 2763">
    <p class='ocr_par' dir='ltr' id='par_1_117' title="bbox 1013 2726 1803 2763">
     <span class='ocr_line' id='line_1_117' title="bbox 1013 2726 1803 2763; baseline -0.013 -3"><span class='ocrx_word' id='word_1_947' title='bbox 1013 2733 1095 2762; x_wconf 83' lang='lat' dir='ltr'><strong>Erat.</strong></span> <span class='ocrx_word' id='word_1_948' title='bbox 1110 2732 1143 2759; x_wconf 88' lang='lat' dir='ltr'><strong>de</strong></span> <span class='ocrx_word' id='word_1_949' title='bbox 1158 2730 1247 2758; x_wconf 84' lang='lat' dir='ltr'><strong>Verbo</strong></span> <span class='ocrx_word' id='word_1_950' title='bbox 1268 2729 1368 2756; x_wconf 91' lang='lat' dir='ltr'><strong>dictum</strong></span> <span class='ocrx_word' id='word_1_951' title='bbox 1379 2748 1386 2759; x_wconf 95' lang='lat'><strong>,</strong></span> <span class='ocrx_word' id='word_1_952' title='bbox 1403 2727 1552 2763; x_wconf 79' lang='lat' dir='ltr'><strong>signiﬁcare</strong></span> <span class='ocrx_word' id='word_1_953' title='bbox 1574 2726 1659 2760; x_wconf 69' lang='lat' dir='ltr'><strong>ipsum</strong></span> <span class='ocrx_word' id='word_1_954' title='bbox 1673 2729 1803 2751; x_wconf 79' lang='lat' dir='ltr'><strong>:ctcrnum</strong></span> 
     </span>
    </p>
   </div>
   <div class='ocr_carea' id='block_1_118' title="bbox 1045 2796 1800 2836">
    <p class='ocr_par' dir='ltr' id='par_1_118' title="bbox 1045 2796 1800 2836">
     <span class='ocr_line' id='line_1_118' title="bbox 1045 2796 1800 2836; baseline -0.017 -2"><span class='ocrx_word' id='word_1_955' title='bbox 1045 2811 1053 2826; x_wconf 81' lang='grc' dir='ltr'><strong>ι</strong></span> <span class='ocrx_word' id='word_1_956' title='bbox 1072 2807 1153 2834; x_wconf 80' lang='lat' dir='ltr'><strong>Morel.</strong></span> <span class='ocrx_word' id='word_1_957' title='bbox 1167 2807 1256 2835; x_wconf 88' lang='lat' dir='ltr'><strong>habet,</strong></span> <span class='ocrx_word' id='word_1_958' title='bbox 1268 2805 1317 2830; x_wconf 83' lang='lat' dir='ltr'><strong>noli</strong></span> <span class='ocrx_word' id='word_1_959' title='bbox 1329 2803 1449 2836; x_wconf 79' lang='lat' dir='ltr'><strong>superflue</strong></span> <span class='ocrx_word' id='word_1_960' title='bbox 1460 2802 1560 2833; x_wconf 73' lang='lat' dir='ltr'><strong>nugari,</strong></span> <span class='ocrx_word' id='word_1_961' title='bbox 1574 2804 1595 2826; x_wconf 81' lang='lat' dir='ltr'><strong>te</strong></span> <span class='ocrx_word' id='word_1_962' title='bbox 1616 2798 1738 2824; x_wconf 79' lang='lat' dir='ltr'><strong>inutilibus</strong></span> <span class='ocrx_word' id='word_1_963' title='bbox 1755 2796 1800 2822; x_wconf 81' lang='lat' dir='ltr'><strong>im-</strong></span> 
     </span>
    </p>
   </div>
   <div class='ocr_carea' id='block_1_119' title="bbox 1013 2837 1532 2873">
    <p class='ocr_par' dir='ltr' id='par_1_119' title="bbox 1013 2837 1532 2873">
     <span class='ocr_line' id='line_1_119' title="bbox 1013 2837 1532 2873; baseline 0.01 -14"><span class='ocrx_word' id='word_1_964' title='bbox 1013 2837 1266 2873; x_wconf 22' lang='lat' dir='ltr'><strong>plicmﬂrgtiunculis&#39;.</strong></span> <span class='ocrx_word' id='word_1_965' title='bbox 1321 2866 1326 2873; x_wconf 51' lang='grc' dir='ltr'><strong>Ι</strong></span> <span class='ocrx_word' id='word_1_966' title='bbox 1396 2872 1401 2873; x_wconf 22' lang='lat'><em>7</em></span> <span class='ocrx_word' id='word_1_967' title='bbox 1439 2864 1459 2873; x_wconf 28' lang='grc' dir='ltr'><strong>’μ</strong></span> <span class='ocrx_word' id='word_1_968' title='bbox 1472 2861 1532 2873; x_wconf 46' lang='lat' dir='ltr'><strong>Imm.</strong></span> 
     </span>
    </p>
   </div>
   <div class='ocr_carea' id='block_1_120' title="bbox 1045 2863 1571 2900">
    <p class='ocr_par' dir='ltr' id='par_1_120' title="bbox 1045 2863 1571 2900">
     <span class='ocr_line' id='line_1_120' title="bbox 1045 2863 1571 2900; baseline -0.019 -4"><span class='ocrx_word' id='word_1_969' title='bbox 1045 2863 1117 2896; x_wconf 37' lang='lat' dir='ltr'><strong>I&quot;alii</strong></span> <span class='ocrx_word' id='word_1_970' title='bbox 1132 2869 1228 2900; x_wconf 69' lang='lat' dir='ltr'><strong>legunt,</strong></span> <span class='ocrx_word' id='word_1_971' title='bbox 1241 2866 1272 2893; x_wconf 75' lang='lat' dir='ltr'><strong>de</strong></span> <span class='ocrx_word' id='word_1_972' title='bbox 1281 2866 1350 2896; x_wconf 76' lang='lat' dir='ltr'><strong>ctrlo,</strong></span> <span class='ocrx_word' id='word_1_973' title='bbox 1363 2872 1415 2898; x_wconf 87' lang='lat' dir='ltr'><strong>pro,</strong></span> <span class='ocrx_word' id='word_1_974' title='bbox 1429 2864 1459 2890; x_wconf 75' lang='lat' dir='ltr'><strong>de</strong></span> <span class='ocrx_word' id='word_1_975' title='bbox 1469 2863 1571 2889; x_wconf 64' lang='lat' dir='ltr'><strong>homine.</strong></span> 
     </span>
    </p>
   </div>
  </div>
