  <div class='ocr_page' id='page_1' title='image "/cluster/home/n/w/nwhite01/storage/ocr_20150623/59/njp.32101077772661/040.png"; bbox 0 0 2044 3113; ppageno 0'>
   <div class='ocr_carea' id='block_1_1' title="bbox 101 131 887 166">
    <p class='ocr_par' dir='ltr' id='par_1_1' title="bbox 101 131 887 165">
     <span class='ocr_line' id='line_1_1' title="bbox 101 131 887 165; baseline 0.009 -12"><span class='ocrx_word' id='word_1_1' title='bbox 101 136 127 165; x_wconf 64' lang='grc' dir='ltr'><strong>ιι</strong></span> <span class='ocrx_word' id='word_1_2' title='bbox 643 131 675 158; x_wconf 87' lang='grc' dir='ltr'><strong>1Ν</strong></span> <span class='ocrx_word' id='word_1_3' title='bbox 693 131 848 160; x_wconf 73' lang='grc' dir='ltr'><strong>,ΙΟᾹΝΝΕΜ</strong></span> <span class='ocrx_word' id='word_1_4' title='bbox 869 133 887 160; x_wconf 89' lang='grc'><strong>11</strong></span> 
     </span>
    </p>
   </div>
   <div class='ocr_carea' id='block_1_2' title="bbox 940 131 1726 166">
    <p class='ocr_par' dir='ltr' id='par_1_2' title="bbox 942 133 1726 166">
     <span class='ocr_line' id='line_1_2' title="bbox 942 133 1726 166; baseline 0.008 -6"><span class='ocrx_word' id='word_1_5' title='bbox 942 133 982 160; x_wconf 89' lang='lat' dir='ltr'><strong>lL.</strong></span> <span class='ocrx_word' id='word_1_6' title='bbox 1005 133 1047 160; x_wconf 92' lang='grc'><strong>111.</strong></span> <span class='ocrx_word' id='word_1_7' title='bbox 1068 134 1102 162; x_wconf 83' lang='lat' dir='ltr'><strong>al.</strong></span> <span class='ocrx_word' id='word_1_8' title='bbox 1124 133 1156 161; x_wconf 86' lang='grc'><strong>11.</strong></span> <span class='ocrx_word' id='word_1_9' title='bbox 1690 139 1726 166; x_wconf 61' lang='grc' dir='ltr'><strong>ΛΞ</strong></span> 
     </span>
    </p>
   </div>
   <div class='ocr_carea' id='block_1_3' title="bbox 98 185 882 224">
    <p class='ocr_par' dir='ltr' id='par_1_3' title="bbox 98 185 882 224">
     <span class='ocr_line' id='line_1_3' title="bbox 98 185 882 224; baseline -0.005 -5"><span class='ocrx_word' id='word_1_10' title='bbox 98 198 153 220; x_wconf 70' lang='lat' dir='ltr'><strong>esse</strong></span> <span class='ocrx_word' id='word_1_11' title='bbox 162 198 172 218; x_wconf 79' lang='grc' dir='ltr'><strong><em>τ</em></strong></span> <span class='ocrx_word' id='word_1_12' title='bbox 185 197 246 217; x_wconf 87' lang='lat' dir='ltr'><strong>nam</strong></span> <span class='ocrx_word' id='word_1_13' title='bbox 260 189 307 222; x_wconf 82' lang='lat' dir='ltr'><strong>ait,</strong></span> <span class='ocrx_word' id='word_1_14' title='bbox 319 187 352 216; x_wconf 81' lang='grc' dir='ltr'><strong>1η</strong></span> <span class='ocrx_word' id='word_1_15' title='bbox 368 187 492 224; x_wconf 79' lang='lat' dir='ltr'><strong>principio</strong></span> <span class='ocrx_word' id='word_1_16' title='bbox 507 191 559 214; x_wconf 80' lang='lat' dir='ltr'><strong>erat</strong></span> <span class='ocrx_word' id='word_1_17' title='bbox 576 185 701 220; x_wconf 81' lang='lat' dir='ltr'><strong>Verbum;</strong></span> <span class='ocrx_word' id='word_1_18' title='bbox 714 195 882 222; x_wconf 74' lang='lat' dir='ltr'><strong>consequens</strong></span> 
     </span>
    </p>
   </div>
   <div class='ocr_carea' id='block_1_4' title="bbox 99 231 886 269">
    <p class='ocr_par' dir='ltr' id='par_1_4' title="bbox 99 231 886 269">
     <span class='ocr_line' id='line_1_4' title="bbox 99 231 886 269; baseline -0.005 -4"><span class='ocrx_word' id='word_1_19' title='bbox 99 243 181 266; x_wconf 74' lang='lat' dir='ltr'><strong>autem</strong></span> <span class='ocrx_word' id='word_1_20' title='bbox 196 241 274 267; x_wconf 82' lang='lat' dir='ltr'><strong>erat,</strong></span> <span class='ocrx_word' id='word_1_21' title='bbox 290 240 320 262; x_wconf 91' lang='lat' dir='ltr'><strong>ut</strong></span> <span class='ocrx_word' id='word_1_22' title='bbox 331 234 401 269; x_wconf 84' lang='lat' dir='ltr'><strong>apud</strong></span> <span class='ocrx_word' id='word_1_23' title='bbox 414 234 529 268; x_wconf 84' lang='lat' dir='ltr'><strong>aliquem</strong></span> <span class='ocrx_word' id='word_1_24' title='bbox 541 238 623 260; x_wconf 88' lang='lat' dir='ltr'><strong>esset.</strong></span> <span class='ocrx_word' id='word_1_25' title='bbox 639 231 704 260; x_wconf 93' lang='lat' dir='ltr'><strong>Cum</strong></span> <span class='ocrx_word' id='word_1_26' title='bbox 718 233 788 260; x_wconf 88' lang='lat' dir='ltr'><strong>enim</strong></span> <span class='ocrx_word' id='word_1_27' title='bbox 803 233 886 261; x_wconf 76' lang='lat' dir='ltr'><strong>maxi-</strong></span> 
     </span>
    </p>
   </div>
   <div class='ocr_carea' id='block_1_5' title="bbox 101 279 885 316">
    <p class='ocr_par' dir='ltr' id='par_1_5' title="bbox 101 279 885 316">
     <span class='ocr_line' id='line_1_5' title="bbox 101 279 885 316; baseline -0.008 -5"><span class='ocrx_word' id='word_1_28' title='bbox 101 292 140 311; x_wconf 87' lang='lat' dir='ltr'><strong>me</strong></span> <span class='ocrx_word' id='word_1_29' title='bbox 153 282 216 310; x_wconf 85' lang='lat' dir='ltr'><strong>illud</strong></span> <span class='ocrx_word' id='word_1_30' title='bbox 230 282 275 309; x_wconf 89' lang='lat' dir='ltr'><strong>Dei</strong></span> <span class='ocrx_word' id='word_1_31' title='bbox 287 282 321 308; x_wconf 93' lang='lat' dir='ltr'><strong>sit</strong></span> <span class='ocrx_word' id='word_1_32' title='bbox 333 280 480 316; x_wconf 87' lang='lat' dir='ltr'><strong>proprium,</strong></span> <span class='ocrx_word' id='word_1_33' title='bbox 492 283 519 306; x_wconf 86' lang='grc' dir='ltr'><strong>ιιι</strong></span> <span class='ocrx_word' id='word_1_34' title='bbox 531 279 565 306; x_wconf 91' lang='lat' dir='ltr'><strong>sit</strong></span> <span class='ocrx_word' id='word_1_35' title='bbox 575 284 691 306; x_wconf 79' lang='lat' dir='ltr'><strong>:eternns</strong></span> <span class='ocrx_word' id='word_1_36' title='bbox 701 284 726 306; x_wconf 89' lang='lat' dir='ltr'><strong>et</strong></span> <span class='ocrx_word' id='word_1_37' title='bbox 742 279 799 306; x_wconf 82' lang='lat' dir='ltr'><strong>sine</strong></span> <span class='ocrx_word' id='word_1_38' title='bbox 810 279 885 313; x_wconf 73' lang='lat' dir='ltr'><strong>prin—</strong></span> 
     </span>
    </p>
   </div>
   <div class='ocr_carea' id='block_1_6' title="bbox 97 324 883 364">
    <p class='ocr_par' dir='ltr' id='par_1_6' title="bbox 97 324 883 364">
     <span class='ocr_line' id='line_1_6' title="bbox 97 324 883 364; baseline -0.006 -7"><span class='ocrx_word' id='word_1_39' title='bbox 97 329 173 364; x_wconf 84' lang='lat' dir='ltr'><strong>cipio,</strong></span> <span class='ocrx_word' id='word_1_40' title='bbox 186 328 234 354; x_wconf 90' lang='lat' dir='ltr'><strong>hoc</strong></span> <span class='ocrx_word' id='word_1_41' title='bbox 244 328 326 362; x_wconf 87' lang='lat' dir='ltr'><strong>prium</strong></span> <span class='ocrx_word' id='word_1_42' title='bbox 337 327 433 361; x_wconf 88' lang='lat' dir='ltr'><strong>posuit.</strong></span> <span class='ocrx_word' id='word_1_43' title='bbox 444 325 553 358; x_wconf 83' lang='lat' dir='ltr'><strong>Deinde,</strong></span> <span class='ocrx_word' id='word_1_44' title='bbox 568 333 602 352; x_wconf 87' lang='lat' dir='ltr'><strong>ne</strong></span> <span class='ocrx_word' id='word_1_45' title='bbox 616 325 675 360; x_wconf 85' lang='lat' dir='ltr'><strong>quis</strong></span> <span class='ocrx_word' id='word_1_46' title='bbox 688 325 797 352; x_wconf 80' lang='lat' dir='ltr'><strong>audiens</strong></span> <span class='ocrx_word' id='word_1_47' title='bbox 811 324 883 357; x_wconf 83' lang='lat' dir='ltr'><strong>illud,</strong></span> 
     </span>
    </p>
   </div>
   <div class='ocr_carea' id='block_1_7' title="bbox 100 371 885 410">
    <p class='ocr_par' dir='ltr' id='par_1_7' title="bbox 100 371 885 410">
     <span class='ocr_line' id='line_1_7' title="bbox 100 371 885 410; baseline -0.006 -8"><span class='ocrx_word' id='word_1_48' title='bbox 100 375 130 402; x_wconf 85' lang='grc' dir='ltr'><strong>1η</strong></span> <span class='ocrx_word' id='word_1_49' title='bbox 153 374 276 410; x_wconf 78' lang='lat' dir='ltr'><strong>principio</strong></span> <span class='ocrx_word' id='word_1_50' title='bbox 291 378 363 405; x_wconf 76' lang='lat' dir='ltr'><strong>erat,</strong></span> <span class='ocrx_word' id='word_1_51' title='bbox 387 372 466 399; x_wconf 89' lang='lat' dir='ltr'><strong>etiam</strong></span> <span class='ocrx_word' id='word_1_52' title='bbox 491 371 637 405; x_wconf 78' lang='lat' dir='ltr'><strong>ingenitum</strong></span> <span class='ocrx_word' id='word_1_53' title='bbox 660 371 781 403; x_wconf 74' lang='lat' dir='ltr'><strong>diceret,</strong></span> <span class='ocrx_word' id='word_1_54' title='bbox 797 371 885 397; x_wconf 83' lang='lat' dir='ltr'><strong>statim</strong></span> 
     </span>
    </p>
   </div>
   <div class='ocr_carea' id='block_1_8' title="bbox 98 415 882 455">
    <p class='ocr_par' dir='ltr' id='par_1_8' title="bbox 98 415 882 455">
     <span class='ocr_line' id='line_1_8' title="bbox 98 415 882 455; baseline -0.009 -7"><span class='ocrx_word' id='word_1_55' title='bbox 98 420 145 455; x_wconf 80' lang='lat' dir='ltr'><strong>ipsi</strong></span> <span class='ocrx_word' id='word_1_56' title='bbox 160 419 276 446; x_wconf 86' lang='lat' dir='ltr'><strong>occurrit</strong></span> <span class='ocrx_word' id='word_1_57' title='bbox 289 439 297 451; x_wconf 89' lang='lat'><strong>,</strong></span> <span class='ocrx_word' id='word_1_58' title='bbox 312 422 454 452; x_wconf 86' lang='lat' dir='ltr'><strong>antequam</strong></span> <span class='ocrx_word' id='word_1_59' title='bbox 471 416 572 443; x_wconf 85' lang='lat' dir='ltr'><strong>diceret</strong></span> <span class='ocrx_word' id='word_1_60' title='bbox 585 416 646 450; x_wconf 88' lang='lat' dir='ltr'><strong>quid</strong></span> <span class='ocrx_word' id='word_1_61' title='bbox 660 420 717 442; x_wconf 89' lang='lat' dir='ltr'><strong>erat</strong></span> <span class='ocrx_word' id='word_1_62' title='bbox 728 436 735 447; x_wconf 85' lang='lat'><strong>,</strong></span> <span class='ocrx_word' id='word_1_63' title='bbox 750 415 882 447; x_wconf 86' lang='lat' dir='ltr'><strong>dicendo,</strong></span> 
     </span>
    </p>
   </div>
   <div class='ocr_carea' id='block_1_9' title="bbox 99 460 884 500">
    <p class='ocr_par' dir='ltr' id='par_1_9' title="bbox 99 460 884 500">
     <span class='ocr_line' id='line_1_9' title="bbox 99 460 884 500; baseline -0.009 -7"><span class='ocrx_word' id='word_1_64' title='bbox 99 466 160 494; x_wconf 81' lang='lat' dir='ltr'><strong>Erat</strong></span> <span class='ocrx_word' id='word_1_65' title='bbox 180 465 250 500; x_wconf 82' lang='lat' dir='ltr'><strong>apud</strong></span> <span class='ocrx_word' id='word_1_66' title='bbox 267 464 357 490; x_wconf 82' lang='lat' dir='ltr'><strong>Deum.</strong></span> <span class='ocrx_word' id='word_1_67' title='bbox 373 463 406 489; x_wconf 83' lang='lat' dir='ltr'><strong>Et</strong></span> <span class='ocrx_word' id='word_1_68' title='bbox 421 469 454 489; x_wconf 93' lang='lat' dir='ltr'><strong>ne</strong></span> <span class='ocrx_word' id='word_1_69' title='bbox 468 462 527 496; x_wconf 83' lang='lat' dir='ltr'><strong>quis</strong></span> <span class='ocrx_word' id='word_1_70' title='bbox 543 462 628 496; x_wconf 87' lang='lat' dir='ltr'><strong>ipsum</strong></span> <span class='ocrx_word' id='word_1_71' title='bbox 643 460 760 487; x_wconf 84' lang='lat' dir='ltr'><strong>Verbum</strong></span> <span class='ocrx_word' id='word_1_72' title='bbox 776 460 884 495; x_wconf 78' lang='lat' dir='ltr'><strong>prolati—</strong></span> 
     </span>
    </p>
   </div>
   <div class='ocr_carea' id='block_1_10' title="bbox 99 504 884 542">
    <p class='ocr_par' dir='ltr' id='par_1_10' title="bbox 99 504 884 542">
     <span class='ocr_line' id='line_1_10' title="bbox 99 504 884 542; baseline -0.006 -4"><span class='ocrx_word' id='word_1_73' title='bbox 99 512 160 538; x_wconf 86' lang='lat' dir='ltr'><strong>tium</strong></span> <span class='ocrx_word' id='word_1_74' title='bbox 179 516 223 537; x_wconf 85' lang='lat' dir='ltr'><strong>aut</strong></span> <span class='ocrx_word' id='word_1_75' title='bbox 244 510 378 536; x_wconf 86' lang='lat' dir='ltr'><strong>internum</strong></span> <span class='ocrx_word' id='word_1_76' title='bbox 398 515 457 534; x_wconf 77' lang='lat' dir='ltr'><strong>csse</strong></span> <span class='ocrx_word' id='word_1_77' title='bbox 477 512 581 542; x_wconf 89' lang='lat' dir='ltr'><strong>putaret</strong></span> <span class='ocrx_word' id='word_1_78' title='bbox 603 504 668 542; x_wconf 85' lang='grc' dir='ltr'><strong>(α),</strong></span> <span class='ocrx_word' id='word_1_79' title='bbox 685 514 733 541; x_wconf 90' lang='lat' dir='ltr'><strong>per</strong></span> <span class='ocrx_word' id='word_1_80' title='bbox 745 506 884 533; x_wconf 86' lang='lat' dir='ltr'><strong>articulum</strong></span> 
     </span>
    </p>
   </div>
   <div class='ocr_carea' id='block_1_11' title="bbox 98 551 886 591">
    <p class='ocr_par' dir='ltr' id='par_1_11' title="bbox 98 551 886 591">
     <span class='ocr_line' id='line_1_11' title="bbox 98 551 886 591; baseline -0.005 -8"><span class='ocrx_word' id='word_1_81' title='bbox 98 555 259 591; x_wconf 59' lang='lat' dir='ltr'><strong>praemissum</strong></span> <span class='ocrx_word' id='word_1_82' title='bbox 277 555 328 590; x_wconf 75' lang='grc' dir='ltr'><strong>(ὁ)</strong></span> <span class='ocrx_word' id='word_1_83' title='bbox 339 575 346 585; x_wconf 82' lang='lat'><strong>,</strong></span> <span class='ocrx_word' id='word_1_84' title='bbox 361 558 388 580; x_wconf 84' lang='lat' dir='ltr'><strong>et</strong></span> <span class='ocrx_word' id='word_1_85' title='bbox 403 561 450 588; x_wconf 86' lang='lat' dir='ltr'><strong>per</strong></span> <span class='ocrx_word' id='word_1_86' title='bbox 463 552 606 580; x_wconf 88' lang='lat' dir='ltr'><strong>secundam</strong></span> <span class='ocrx_word' id='word_1_87' title='bbox 622 552 784 578; x_wconf 87' lang='lat' dir='ltr'><strong>additionem</strong></span> <span class='ocrx_word' id='word_1_88' title='bbox 795 573 802 585; x_wconf 83' lang='lat'><strong>,</strong></span> <span class='ocrx_word' id='word_1_89' title='bbox 817 551 886 579; x_wconf 87' lang='lat' dir='ltr'><strong>hanc</strong></span> 
     </span>
    </p>
   </div>
   <div class='ocr_carea' id='block_1_12' title="bbox 100 598 883 632">
    <p class='ocr_par' dir='ltr' id='par_1_12' title="bbox 100 598 883 632">
     <span class='ocr_line' id='line_1_12' title="bbox 100 598 883 632; baseline -0.005 -4"><span class='ocrx_word' id='word_1_90' title='bbox 100 608 200 629; x_wconf 82' lang='lat' dir='ltr'><strong>amovet</strong></span> <span class='ocrx_word' id='word_1_91' title='bbox 222 601 413 632; x_wconf 73' lang='lat' dir='ltr'><strong>suspicionem.</strong></span> <span class='ocrx_word' id='word_1_92' title='bbox 434 599 491 626; x_wconf 83' lang='lat' dir='ltr'><strong>Non</strong></span> <span class='ocrx_word' id='word_1_93' title='bbox 509 599 578 625; x_wconf 89' lang='lat' dir='ltr'><strong>enim</strong></span> <span class='ocrx_word' id='word_1_94' title='bbox 596 598 679 630; x_wconf 81' lang='lat' dir='ltr'><strong>dixit,</strong></span> <span class='ocrx_word' id='word_1_95' title='bbox 696 598 724 625; x_wconf 87' lang='lat' dir='ltr'><strong>In</strong></span> <span class='ocrx_word' id='word_1_96' title='bbox 741 598 793 625; x_wconf 92' lang='lat' dir='ltr'><strong>Deo</strong></span> <span class='ocrx_word' id='word_1_97' title='bbox 806 602 859 624; x_wconf 88' lang='lat' dir='ltr'><strong>eral</strong></span> <span class='ocrx_word' id='word_1_98' title='bbox 876 619 883 629; x_wconf 84' lang='grc'><em>,</em></span> 
     </span>
    </p>
   </div>
   <div class='ocr_carea' id='block_1_13' title="bbox 103 644 884 683">
    <p class='ocr_par' dir='ltr' id='par_1_13' title="bbox 103 644 884 683">
     <span class='ocr_line' id='line_1_13' title="bbox 103 644 884 683; baseline -0.008 -7"><span class='ocrx_word' id='word_1_99' title='bbox 103 648 146 676; x_wconf 79' lang='lat' dir='ltr'><strong>sed</strong></span> <span class='ocrx_word' id='word_1_100' title='bbox 157 669 164 681; x_wconf 83' lang='grc'><em>,</em></span> <span class='ocrx_word' id='word_1_101' title='bbox 180 648 255 683; x_wconf 79' lang='lat' dir='ltr'><strong>Apud</strong></span> <span class='ocrx_word' id='word_1_102' title='bbox 276 646 376 678; x_wconf 72' lang='lat' dir='ltr'><strong>Deum,</strong></span> <span class='ocrx_word' id='word_1_103' title='bbox 392 645 449 679; x_wconf 73' lang='lat' dir='ltr'><strong>ejus</strong></span> <span class='ocrx_word' id='word_1_104' title='bbox 463 645 540 672; x_wconf 80' lang='lat' dir='ltr'><strong>nobis</strong></span> <span class='ocrx_word' id='word_1_105' title='bbox 563 644 708 671; x_wconf 87' lang='lat' dir='ltr'><strong>secundum</strong></span> <span class='ocrx_word' id='word_1_106' title='bbox 732 644 884 680; x_wconf 65' lang='lat' dir='ltr'><strong>hypostasin</strong></span> 
     </span>
    </p>
   </div>
   <div class='ocr_carea' id='block_1_14' title="bbox 101 689 885 724">
    <p class='ocr_par' dir='ltr' id='par_1_14' title="bbox 101 689 885 724">
     <span class='ocr_line' id='line_1_14' title="bbox 101 689 885 724; baseline -0.005 -4"><span class='ocrx_word' id='word_1_107' title='bbox 101 693 272 721; x_wconf 81' lang='lat' dir='ltr'><strong>:eternilatetn</strong></span> <span class='ocrx_word' id='word_1_108' title='bbox 289 692 438 719; x_wconf 72' lang='lat' dir='ltr'><strong>declarans.</strong></span> <span class='ocrx_word' id='word_1_109' title='bbox 455 689 554 717; x_wconf 85' lang='lat' dir='ltr'><strong>Deinde</strong></span> <span class='ocrx_word' id='word_1_110' title='bbox 566 689 629 717; x_wconf 91' lang='lat' dir='ltr'><strong>illud</strong></span> <span class='ocrx_word' id='word_1_111' title='bbox 643 689 740 716; x_wconf 88' lang='lat' dir='ltr'><strong>clarius</strong></span> <span class='ocrx_word' id='word_1_112' title='bbox 754 689 885 724; x_wconf 78' lang='lat' dir='ltr'><strong>signiﬁca-</strong></span> 
     </span>
    </p>
   </div>
   <div class='ocr_carea' id='block_1_15' title="bbox 98 735 883 772">
    <p class='ocr_par' dir='ltr' id='par_1_15' title="bbox 98 735 883 772">
     <span class='ocr_line' id='line_1_15' title="bbox 98 735 883 772; baseline -0.005 -7"><span class='ocrx_word' id='word_1_113' title='bbox 98 740 134 765; x_wconf 82' lang='lat' dir='ltr'><strong>vit</strong></span> <span class='ocrx_word' id='word_1_114' title='bbox 153 738 296 772; x_wconf 80' lang='lat' dir='ltr'><strong>adjiciens.</strong></span> <span class='ocrx_word' id='word_1_115' title='bbox 312 737 430 764; x_wconf 69' lang='lat' dir='ltr'><strong>Verbum</strong></span> <span class='ocrx_word' id='word_1_116' title='bbox 454 735 524 763; x_wconf 90' lang='lat' dir='ltr'><strong>istud</strong></span> <span class='ocrx_word' id='word_1_117' title='bbox 547 735 630 762; x_wconf 79' lang='lat' dir='ltr'><strong>fuisse</strong></span> <span class='ocrx_word' id='word_1_118' title='bbox 647 736 739 762; x_wconf 89' lang='lat' dir='ltr'><strong>Deum.</strong></span> <span class='ocrx_word' id='word_1_119' title='bbox 757 735 825 768; x_wconf 85' lang='lat' dir='ltr'><strong>Sed,</strong></span> <span class='ocrx_word' id='word_1_120' title='bbox 842 736 883 762; x_wconf 89' lang='lat' dir='ltr'><strong>in-</strong></span> 
     </span>
    </p>
   </div>
   <div class='ocr_carea' id='block_1_16' title="bbox 97 780 886 818">
    <p class='ocr_par' dir='ltr' id='par_1_16' title="bbox 97 780 886 818">
     <span class='ocr_line' id='line_1_16' title="bbox 97 780 886 818; baseline -0.004 -8"><span class='ocrx_word' id='word_1_121' title='bbox 97 784 178 818; x_wconf 80' lang='lat' dir='ltr'><strong>quies,</strong></span> <span class='ocrx_word' id='word_1_122' title='bbox 191 783 299 810; x_wconf 81' lang='lat' dir='ltr'><strong>factum.</strong></span> <span class='ocrx_word' id='word_1_123' title='bbox 313 782 380 816; x_wconf 85' lang='lat' dir='ltr'><strong>Quid</strong></span> <span class='ocrx_word' id='word_1_124' title='bbox 393 789 457 816; x_wconf 82' lang='lat' dir='ltr'><strong>ergo</strong></span> <span class='ocrx_word' id='word_1_125' title='bbox 470 781 553 808; x_wconf 83' lang='lat' dir='ltr'><strong>obfuit</strong></span> <span class='ocrx_word' id='word_1_126' title='bbox 567 781 628 814; x_wconf 81' lang='lat' dir='ltr'><strong>quiti</strong></span> <span class='ocrx_word' id='word_1_127' title='bbox 643 780 741 808; x_wconf 87' lang='lat' dir='ltr'><strong>diceret</strong></span> <span class='ocrx_word' id='word_1_128' title='bbox 752 801 759 813; x_wconf 87' lang='lat'><strong>,</strong></span> <span class='ocrx_word' id='word_1_129' title='bbox 773 781 799 808; x_wconf 92' lang='lat' dir='ltr'><strong>ln</strong></span> <span class='ocrx_word' id='word_1_130' title='bbox 813 781 886 815; x_wconf 91' lang='lat' dir='ltr'><strong>prin-</strong></span> 
     </span>
    </p>
   </div>
   <div class='ocr_carea' id='block_1_17' title="bbox 97 827 883 864">
    <p class='ocr_par' dir='ltr' id='par_1_17' title="bbox 97 827 883 864">
     <span class='ocr_line' id='line_1_17' title="bbox 97 827 883 864; baseline -0.003 -8"><span class='ocrx_word' id='word_1_131' title='bbox 97 829 162 864; x_wconf 88' lang='lat' dir='ltr'><strong>cipio</strong></span> <span class='ocrx_word' id='word_1_132' title='bbox 177 828 240 855; x_wconf 77' lang='lat' dir='ltr'><strong>fecit</strong></span> <span class='ocrx_word' id='word_1_133' title='bbox 262 828 331 855; x_wconf 87' lang='lat' dir='ltr'><strong>Deus</strong></span> <span class='ocrx_word' id='word_1_134' title='bbox 350 827 484 854; x_wconf 73' lang='lat' dir='ltr'><strong>Verbum?</strong></span> <span class='ocrx_word' id='word_1_135' title='bbox 505 827 571 854; x_wconf 89' lang='lat' dir='ltr'><strong>Nam</strong></span> <span class='ocrx_word' id='word_1_136' title='bbox 585 834 643 853; x_wconf 90' lang='lat' dir='ltr'><strong>cum</strong></span> <span class='ocrx_word' id='word_1_137' title='bbox 659 827 692 853; x_wconf 89' lang='lat' dir='ltr'><strong>de</strong></span> <span class='ocrx_word' id='word_1_138' title='bbox 707 832 775 853; x_wconf 87' lang='lat' dir='ltr'><strong>terra</strong></span> <span class='ocrx_word' id='word_1_139' title='bbox 791 827 883 861; x_wconf 87' lang='lat' dir='ltr'><strong>loque-</strong></span> 
     </span>
    </p>
   </div>
   <div class='ocr_carea' id='block_1_18' title="bbox 98 871 882 909">
    <p class='ocr_par' dir='ltr' id='par_1_18' title="bbox 98 871 882 909">
     <span class='ocr_line' id='line_1_18' title="bbox 98 871 882 909; baseline -0.005 -7"><span class='ocrx_word' id='word_1_140' title='bbox 98 879 166 902; x_wconf 85' lang='lat' dir='ltr'><strong>retur</strong></span> <span class='ocrx_word' id='word_1_141' title='bbox 179 873 298 909; x_wconf 85' lang='lat' dir='ltr'><strong>Moyses,</strong></span> <span class='ocrx_word' id='word_1_142' title='bbox 314 880 365 900; x_wconf 86' lang='lat' dir='ltr'><strong>non</strong></span> <span class='ocrx_word' id='word_1_143' title='bbox 378 872 452 904; x_wconf 78' lang='lat' dir='ltr'><strong>dixit,</strong></span> <span class='ocrx_word' id='word_1_144' title='bbox 469 871 495 899; x_wconf 86' lang='lat' dir='ltr'><strong>lu</strong></span> <span class='ocrx_word' id='word_1_145' title='bbox 515 872 643 906; x_wconf 87' lang='lat' dir='ltr'><strong>principio</strong></span> <span class='ocrx_word' id='word_1_146' title='bbox 654 876 710 899; x_wconf 87' lang='lat' dir='ltr'><strong>erat</strong></span> <span class='ocrx_word' id='word_1_147' title='bbox 721 876 788 898; x_wconf 87' lang='lat' dir='ltr'><strong>terra</strong></span> <span class='ocrx_word' id='word_1_148' title='bbox 800 892 806 904; x_wconf 88' lang='grc'>,</span> <span class='ocrx_word' id='word_1_149' title='bbox 822 872 882 904; x_wconf 82' lang='lat' dir='ltr'><strong>sed,</strong></span> 
     </span>
    </p>
   </div>
   <div class='ocr_carea' id='block_1_19' title="bbox 97 917 882 955">
    <p class='ocr_par' dir='ltr' id='par_1_19' title="bbox 97 917 882 955">
     <span class='ocr_line' id='line_1_19' title="bbox 97 917 882 955; baseline -0.008 -6"><span class='ocrx_word' id='word_1_150' title='bbox 97 920 165 949; x_wconf 77' lang='lat' dir='ltr'><strong>Fecit</strong></span> <span class='ocrx_word' id='word_1_151' title='bbox 178 919 259 955; x_wconf 85' lang='lat' dir='ltr'><strong>(Gen.</strong></span> <span class='ocrx_word' id='word_1_152' title='bbox 275 920 301 947; x_wconf 77' lang='grc'><strong>1.</strong></span> <span class='ocrx_word' id='word_1_153' title='bbox 320 919 353 953; x_wconf 84' lang='grc'><strong>1)</strong></span> <span class='ocrx_word' id='word_1_154' title='bbox 367 926 425 946; x_wconf 87' lang='lat' dir='ltr'><strong>eam</strong></span> <span class='ocrx_word' id='word_1_155' title='bbox 438 939 446 950; x_wconf 88' lang='lat'><strong>,</strong></span> <span class='ocrx_word' id='word_1_156' title='bbox 460 923 487 946; x_wconf 88' lang='lat' dir='ltr'><strong>et</strong></span> <span class='ocrx_word' id='word_1_157' title='bbox 501 923 562 945; x_wconf 92' lang='lat' dir='ltr'><strong>luuc</strong></span> <span class='ocrx_word' id='word_1_158' title='bbox 577 918 633 944; x_wconf 85' lang='lat' dir='ltr'><strong>luit.</strong></span> <span class='ocrx_word' id='word_1_159' title='bbox 645 917 712 951; x_wconf 87' lang='lat' dir='ltr'><strong>Quid</strong></span> <span class='ocrx_word' id='word_1_160' title='bbox 727 918 805 952; x_wconf 78' lang='lat' dir='ltr'><strong>igitur</strong></span> <span class='ocrx_word' id='word_1_161' title='bbox 820 925 882 952; x_wconf 84' lang='lat' dir='ltr'><strong>pro-</strong></span> 
     </span>
    </p>
   </div>
   <div class='ocr_carea' id='block_1_20' title="bbox 99 963 884 1000">
    <p class='ocr_par' dir='ltr' id='par_1_20' title="bbox 99 963 884 1000">
     <span class='ocr_line' id='line_1_20' title="bbox 99 963 884 1000; baseline -0.005 -7"><span class='ocrx_word' id='word_1_162' title='bbox 99 966 177 993; x_wconf 90' lang='lat' dir='ltr'><strong>hibuit</strong></span> <span class='ocrx_word' id='word_1_163' title='bbox 191 965 336 1000; x_wconf 90' lang='lat' dir='ltr'><strong>quominus</strong></span> <span class='ocrx_word' id='word_1_164' title='bbox 350 964 468 992; x_wconf 90' lang='lat' dir='ltr'><strong>Joannes</strong></span> <span class='ocrx_word' id='word_1_165' title='bbox 482 964 516 990; x_wconf 90' lang='lat' dir='ltr'><strong>ita</strong></span> <span class='ocrx_word' id='word_1_166' title='bbox 531 963 647 994; x_wconf 82' lang='lat' dir='ltr'><strong>diceret.</strong></span> <span class='ocrx_word' id='word_1_167' title='bbox 663 963 690 990; x_wconf 85' lang='lat' dir='ltr'><strong>In</strong></span> <span class='ocrx_word' id='word_1_168' title='bbox 706 963 835 997; x_wconf 90' lang='lat' dir='ltr'><strong>principio</strong></span> <span class='ocrx_word' id='word_1_169' title='bbox 848 963 884 989; x_wconf 83' lang='lat' dir='ltr'><strong>fe-</strong></span> 
     </span>
    </p>
   </div>
   <div class='ocr_carea' id='block_1_21' title="bbox 97 1009 885 1042">
    <p class='ocr_par' dir='ltr' id='par_1_21' title="bbox 97 1009 885 1042">
     <span class='ocr_line' id='line_1_21' title="bbox 97 1009 885 1042; baseline -0.006 -3"><span class='ocrx_word' id='word_1_170' title='bbox 97 1012 132 1040; x_wconf 86' lang='lat' dir='ltr'><strong>cit</strong></span> <span class='ocrx_word' id='word_1_171' title='bbox 145 1012 213 1039; x_wconf 89' lang='lat' dir='ltr'><strong>Deus</strong></span> <span class='ocrx_word' id='word_1_172' title='bbox 226 1009 366 1038; x_wconf 80' lang='lat' dir='ltr'><strong>Verbum?</strong></span> <span class='ocrx_word' id='word_1_173' title='bbox 379 1009 407 1037; x_wconf 90' lang='lat' dir='ltr'><strong>Si</strong></span> <span class='ocrx_word' id='word_1_174' title='bbox 418 1010 488 1036; x_wconf 90' lang='lat' dir='ltr'><strong>enim</strong></span> <span class='ocrx_word' id='word_1_175' title='bbox 501 1009 535 1036; x_wconf 83' lang='lat' dir='ltr'><strong>ita</strong></span> <span class='ocrx_word' id='word_1_176' title='bbox 546 1009 613 1036; x_wconf 83' lang='lat' dir='ltr'><strong>dixit</strong></span> <span class='ocrx_word' id='word_1_177' title='bbox 625 1009 729 1042; x_wconf 83' lang='lat' dir='ltr'><strong>Moyses</strong></span> <span class='ocrx_word' id='word_1_178' title='bbox 743 1009 839 1035; x_wconf 90' lang='lat' dir='ltr'><strong>timens</strong></span> <span class='ocrx_word' id='word_1_179' title='bbox 853 1016 885 1035; x_wconf 88' lang='lat' dir='ltr'><strong>ne</strong></span> 
     </span>
    </p>
   </div>
   <div class='ocr_carea' id='block_1_22' title="bbox 97 1053 885 1093">
    <p class='ocr_par' dir='ltr' id='par_1_22' title="bbox 97 1053 885 1093">
     <span class='ocr_line' id='line_1_22' title="bbox 97 1053 885 1093; baseline -0.006 -8"><span class='ocrx_word' id='word_1_180' title='bbox 97 1058 152 1093; x_wconf 87' lang='lat' dir='ltr'><strong>quis</strong></span> <span class='ocrx_word' id='word_1_181' title='bbox 164 1063 260 1084; x_wconf 86' lang='lat' dir='ltr'><strong>terram</strong></span> <span class='ocrx_word' id='word_1_182' title='bbox 273 1064 327 1083; x_wconf 89' lang='lat' dir='ltr'><strong>non</strong></span> <span class='ocrx_word' id='word_1_183' title='bbox 342 1055 438 1082; x_wconf 82' lang='lat' dir='ltr'><strong>iactam</strong></span> <span class='ocrx_word' id='word_1_184' title='bbox 452 1055 571 1087; x_wconf 87' lang='lat' dir='ltr'><strong>diceret;</strong></span> <span class='ocrx_word' id='word_1_185' title='bbox 586 1054 668 1081; x_wconf 88' lang='lat' dir='ltr'><strong>multo</strong></span> <span class='ocrx_word' id='word_1_186' title='bbox 680 1054 763 1088; x_wconf 85' lang='lat' dir='ltr'><strong>magis</strong></span> <span class='ocrx_word' id='word_1_187' title='bbox 774 1053 807 1081; x_wconf 90' lang='lat' dir='ltr'><strong>de</strong></span> <span class='ocrx_word' id='word_1_188' title='bbox 818 1053 885 1080; x_wconf 84' lang='lat' dir='ltr'><strong>Filio</strong></span> 
     </span>
    </p>
   </div>
   <div class='ocr_carea' id='block_1_23' title="bbox 98 1101 885 1137">
    <p class='ocr_par' dir='ltr' id='par_1_23' title="bbox 98 1101 885 1137">
     <span class='ocr_line' id='line_1_23' title="bbox 98 1101 885 1137; baseline -0.006 -5"><span class='ocrx_word' id='word_1_189' title='bbox 98 1109 210 1132; x_wconf 85' lang='lat' dir='ltr'><strong>metuere</strong></span> <span class='ocrx_word' id='word_1_190' title='bbox 224 1103 367 1137; x_wconf 84' lang='lat' dir='ltr'><strong>oportebat</strong></span> <span class='ocrx_word' id='word_1_191' title='bbox 379 1102 525 1134; x_wconf 81' lang='lat' dir='ltr'><strong>Joannem,</strong></span> <span class='ocrx_word' id='word_1_192' title='bbox 540 1101 562 1128; x_wconf 87' lang='lat' dir='ltr'><strong>si</strong></span> <span class='ocrx_word' id='word_1_193' title='bbox 576 1106 681 1128; x_wconf 86' lang='lat' dir='ltr'><strong>creatus</strong></span> <span class='ocrx_word' id='word_1_194' title='bbox 696 1101 797 1128; x_wconf 81' lang='lat' dir='ltr'><strong>fuisset.</strong></span> <span class='ocrx_word' id='word_1_195' title='bbox 812 1101 885 1128; x_wconf 83' lang='lat' dir='ltr'><strong>Mnu-</strong></span> 
     </span>
    </p>
   </div>
   <div class='ocr_carea' id='block_1_24' title="bbox 103 1145 886 1180">
    <p class='ocr_par' dir='ltr' id='par_1_24' title="bbox 103 1145 886 1180">
     <span class='ocr_line' id='line_1_24' title="bbox 103 1145 886 1180; baseline -0.005 -4"><span class='ocrx_word' id='word_1_196' title='bbox 103 1150 146 1176; x_wconf 88' lang='lat' dir='ltr'><strong>dus</strong></span> <span class='ocrx_word' id='word_1_197' title='bbox 159 1149 228 1176; x_wconf 90' lang='lat' dir='ltr'><strong>enim</strong></span> <span class='ocrx_word' id='word_1_198' title='bbox 240 1156 303 1175; x_wconf 90' lang='lat' dir='ltr'><strong>cum</strong></span> <span class='ocrx_word' id='word_1_199' title='bbox 316 1148 349 1174; x_wconf 90' lang='lat' dir='ltr'><strong>sit</strong></span> <span class='ocrx_word' id='word_1_200' title='bbox 365 1147 485 1179; x_wconf 75' lang='lat' dir='ltr'><strong>visibilis,</strong></span> <span class='ocrx_word' id='word_1_201' title='bbox 501 1146 551 1174; x_wconf 91' lang='lat' dir='ltr'><strong>hoc</strong></span> <span class='ocrx_word' id='word_1_202' title='bbox 565 1147 622 1180; x_wconf 92' lang='lat' dir='ltr'><strong>ipso</strong></span> <span class='ocrx_word' id='word_1_203' title='bbox 634 1145 806 1173; x_wconf 85' lang='lat' dir='ltr'><strong>Conditorem</strong></span> <span class='ocrx_word' id='word_1_204' title='bbox 819 1154 886 1179; x_wconf 77' lang='lat' dir='ltr'><strong>prm-</strong></span> 
     </span>
    </p>
   </div>
   <div class='ocr_carea' id='block_1_25' title="bbox 98 1191 883 1230">
    <p class='ocr_par' dir='ltr' id='par_1_25' title="bbox 98 1191 883 1230">
     <span class='ocr_line' id='line_1_25' title="bbox 98 1191 883 1230; baseline -0.004 -9"><span class='ocrx_word' id='word_1_205' title='bbox 98 1194 161 1221; x_wconf 89' lang='lat' dir='ltr'><strong>dicat</strong></span> <span class='ocrx_word' id='word_1_206' title='bbox 176 1194 256 1230; x_wconf 87' lang='lat' dir='ltr'><strong>(nam</strong></span> <span class='ocrx_word' id='word_1_207' title='bbox 276 1194 354 1226; x_wconf 70' lang='lat' dir='ltr'><strong>Caeli,</strong></span> <span class='ocrx_word' id='word_1_208' title='bbox 375 1193 470 1227; x_wconf 89' lang='lat' dir='ltr'><strong>inquit,</strong></span> <span class='ocrx_word' id='word_1_209' title='bbox 483 1191 773 1227; x_wconf 83' lang='lat' dir='ltr'><strong>euarrunlgloriamDei</strong></span> <span class='ocrx_word' id='word_1_210' title='bbox 793 1191 883 1228; x_wconf 72' lang='lat' dir='ltr'><strong>[Pw].</strong></span> 
     </span>
    </p>
   </div>
   <div class='ocr_carea' id='block_1_26' title="bbox 100 1237 886 1276">
    <p class='ocr_par' dir='ltr' id='par_1_26' title="bbox 100 1237 886 1276">
     <span class='ocr_line' id='line_1_26' title="bbox 100 1237 886 1276; baseline -0.004 -9"><span class='ocrx_word' id='word_1_211' title='bbox 100 1240 139 1267; x_wconf 80' lang='grc'><strong>18.</strong></span> <span class='ocrx_word' id='word_1_212' title='bbox 152 1239 184 1276; x_wconf 90' lang='grc'><strong>1]</strong></span> <span class='ocrx_word' id='word_1_213' title='bbox 198 1249 204 1266; x_wconf 91' lang='lat'><strong>:</strong></span> <span class='ocrx_word' id='word_1_214' title='bbox 216 1239 302 1267; x_wconf 85' lang='lat' dir='ltr'><strong>Filius</strong></span> <span class='ocrx_word' id='word_1_215' title='bbox 316 1243 404 1265; x_wconf 74' lang='lat' dir='ltr'><strong>autem</strong></span> <span class='ocrx_word' id='word_1_216' title='bbox 421 1238 561 1265; x_wconf 77' lang='lat' dir='ltr'><strong>invisibilis</strong></span> <span class='ocrx_word' id='word_1_217' title='bbox 572 1242 612 1264; x_wconf 85' lang='lat' dir='ltr'><strong>est</strong></span> <span class='ocrx_word' id='word_1_218' title='bbox 623 1259 630 1271; x_wconf 88' lang='lat'><strong>,</strong></span> <span class='ocrx_word' id='word_1_219' title='bbox 646 1242 672 1265; x_wconf 88' lang='lat' dir='ltr'><strong>et</strong></span> <span class='ocrx_word' id='word_1_220' title='bbox 684 1243 831 1265; x_wconf 78' lang='lat' dir='ltr'><strong>creaturam</strong></span> <span class='ocrx_word' id='word_1_221' title='bbox 843 1237 886 1264; x_wconf 90' lang='lat' dir='ltr'><strong>in-</strong></span> 
     </span>
    </p>
   </div>
   <div class='ocr_carea' id='block_1_27' title="bbox 99 1283 886 1319">
    <p class='ocr_par' dir='ltr' id='par_1_27' title="bbox 99 1283 886 1319">
     <span class='ocr_line' id='line_1_27' title="bbox 99 1283 886 1319; baseline -0.003 -7"><span class='ocrx_word' id='word_1_222' title='bbox 99 1285 167 1313; x_wconf 83' lang='lat' dir='ltr'><strong>ﬁnito</strong></span> <span class='ocrx_word' id='word_1_223' title='bbox 179 1285 268 1312; x_wconf 86' lang='lat' dir='ltr'><strong>medio</strong></span> <span class='ocrx_word' id='word_1_224' title='bbox 280 1284 397 1311; x_wconf 80' lang='lat' dir='ltr'><strong>excedit.</strong></span> <span class='ocrx_word' id='word_1_225' title='bbox 410 1283 541 1318; x_wconf 88' lang='lat' dir='ltr'><strong>Si-itaque</strong></span> <span class='ocrx_word' id='word_1_226' title='bbox 553 1284 596 1310; x_wconf 93' lang='lat' dir='ltr'><strong>ubi</strong></span> <span class='ocrx_word' id='word_1_227' title='bbox 608 1291 695 1318; x_wconf 87' lang='lat' dir='ltr'><strong>neque</strong></span> <span class='ocrx_word' id='word_1_228' title='bbox 708 1285 790 1311; x_wconf 88' lang='lat' dir='ltr'><strong>verbo</strong></span> <span class='ocrx_word' id='word_1_229' title='bbox 800 1292 886 1319; x_wconf 90' lang='lat' dir='ltr'><strong>neque</strong></span> 
     </span>
    </p>
   </div>
   <div class='ocr_carea' id='block_1_28' title="bbox 97 1328 887 1364">
    <p class='ocr_par' dir='ltr' id='par_1_28' title="bbox 97 1328 887 1364">
     <span class='ocr_line' id='line_1_28' title="bbox 97 1328 887 1364; baseline -0.003 -7"><span class='ocrx_word' id='word_1_230' title='bbox 97 1331 212 1358; x_wconf 86' lang='lat' dir='ltr'><strong>doctrina</strong></span> <span class='ocrx_word' id='word_1_231' title='bbox 227 1337 297 1364; x_wconf 89' lang='lat' dir='ltr'><strong>opus</strong></span> <span class='ocrx_word' id='word_1_232' title='bbox 318 1335 393 1362; x_wconf 86' lang='lat' dir='ltr'><strong>erat,</strong></span> <span class='ocrx_word' id='word_1_233' title='bbox 411 1334 439 1356; x_wconf 88' lang='lat' dir='ltr'><strong>ut</strong></span> <span class='ocrx_word' id='word_1_234' title='bbox 453 1329 619 1356; x_wconf 85' lang='lat' dir='ltr'><strong>disceremus</strong></span> <span class='ocrx_word' id='word_1_235' title='bbox 634 1329 760 1356; x_wconf 90' lang='lat' dir='ltr'><strong>mundum</strong></span> <span class='ocrx_word' id='word_1_236' title='bbox 775 1336 834 1356; x_wconf 88' lang='lat' dir='ltr'><strong>esse</strong></span> <span class='ocrx_word' id='word_1_237' title='bbox 849 1328 887 1356; x_wconf 82' lang='lat' dir='ltr'><strong>ia-</strong></span> 
     </span>
    </p>
   </div>
   <div class='ocr_carea' id='block_1_29' title="bbox 98 1374 885 1409">
    <p class='ocr_par' dir='ltr' id='par_1_29' title="bbox 98 1374 885 1409">
     <span class='ocr_line' id='line_1_29' title="bbox 98 1374 885 1409; baseline -0.003 -7"><span class='ocrx_word' id='word_1_238' title='bbox 98 1381 174 1409; x_wconf 83' lang='lat' dir='ltr'><strong>ctum,</strong></span> <span class='ocrx_word' id='word_1_239' title='bbox 186 1379 277 1402; x_wconf 88' lang='lat' dir='ltr'><strong>tamen</strong></span> <span class='ocrx_word' id='word_1_240' title='bbox 288 1375 359 1402; x_wconf 84' lang='lat' dir='ltr'><strong>clare</strong></span> <span class='ocrx_word' id='word_1_241' title='bbox 370 1374 433 1401; x_wconf 90' lang='lat' dir='ltr'><strong>illud</strong></span> <span class='ocrx_word' id='word_1_242' title='bbox 446 1379 471 1401; x_wconf 87' lang='lat' dir='ltr'><strong>et</strong></span> <span class='ocrx_word' id='word_1_243' title='bbox 482 1380 544 1401; x_wconf 90' lang='lat' dir='ltr'><strong>ante</strong></span> <span class='ocrx_word' id='word_1_244' title='bbox 554 1374 643 1400; x_wconf 85' lang='lat' dir='ltr'><strong>omnia</strong></span> <span class='ocrx_word' id='word_1_245' title='bbox 657 1375 728 1408; x_wconf 93' lang='lat' dir='ltr'><strong>ponit</strong></span> <span class='ocrx_word' id='word_1_246' title='bbox 741 1374 885 1409; x_wconf 80' lang='lat' dir='ltr'><strong>propheta;</strong></span> 
     </span>
    </p>
   </div>
   <div class='ocr_carea' id='block_1_30' title="bbox 98 1419 884 1455">
    <p class='ocr_par' dir='ltr' id='par_1_30' title="bbox 98 1419 884 1455">
     <span class='ocr_line' id='line_1_30' title="bbox 98 1419 884 1455; baseline -0.004 -7"><span class='ocrx_word' id='word_1_247' title='bbox 98 1421 177 1448; x_wconf 90' lang='lat' dir='ltr'><strong>multo</strong></span> <span class='ocrx_word' id='word_1_248' title='bbox 200 1420 287 1455; x_wconf 81' lang='lat' dir='ltr'><strong>magis</strong></span> <span class='ocrx_word' id='word_1_249' title='bbox 307 1420 332 1447; x_wconf 89' lang='lat' dir='ltr'><strong>id</strong></span> <span class='ocrx_word' id='word_1_250' title='bbox 347 1420 379 1446; x_wconf 87' lang='lat' dir='ltr'><strong>de</strong></span> <span class='ocrx_word' id='word_1_251' title='bbox 395 1419 462 1446; x_wconf 84' lang='lat' dir='ltr'><strong>Filio</strong></span> <span class='ocrx_word' id='word_1_252' title='bbox 478 1419 607 1446; x_wconf 86' lang='lat' dir='ltr'><strong>Joannem</strong></span> <span class='ocrx_word' id='word_1_253' title='bbox 623 1419 712 1446; x_wconf 88' lang='lat' dir='ltr'><strong>dicere</strong></span> <span class='ocrx_word' id='word_1_254' title='bbox 726 1419 863 1453; x_wconf 77' lang='lat' dir='ltr'><strong>oportebat</strong></span> <span class='ocrx_word' id='word_1_255' title='bbox 877 1439 884 1451; x_wconf 93' lang='lat'><strong>,</strong></span> 
     </span>
    </p>
   </div>
   <div class='ocr_carea' id='block_1_31' title="bbox 99 1463 886 1496">
    <p class='ocr_par' dir='ltr' id='par_1_31' title="bbox 99 1463 886 1496">
     <span class='ocr_line' id='line_1_31' title="bbox 99 1463 886 1496; baseline -0.004 -2"><span class='ocrx_word' id='word_1_256' title='bbox 99 1467 118 1494; x_wconf 90' lang='lat' dir='ltr'><strong>si</strong></span> <span class='ocrx_word' id='word_1_257' title='bbox 130 1473 233 1494; x_wconf 87' lang='lat' dir='ltr'><strong>creatus</strong></span> <span class='ocrx_word' id='word_1_258' title='bbox 247 1465 352 1492; x_wconf 82' lang='lat' dir='ltr'><strong>fuisset.</strong></span> <span class='ocrx_word' id='word_1_259' title='bbox 368 1465 470 1496; x_wconf 81' lang='lat' dir='ltr'><strong>Etiam,</strong></span> <span class='ocrx_word' id='word_1_260' title='bbox 488 1465 580 1492; x_wconf 87' lang='lat' dir='ltr'><strong>dices:</strong></span> <span class='ocrx_word' id='word_1_261' title='bbox 597 1463 648 1491; x_wconf 87' lang='lat' dir='ltr'><strong>Sed</strong></span> <span class='ocrx_word' id='word_1_262' title='bbox 665 1464 760 1491; x_wconf 80' lang='lat' dir='ltr'><strong>Petrus</strong></span> <span class='ocrx_word' id='word_1_263' title='bbox 777 1463 801 1490; x_wconf 91' lang='lat' dir='ltr'><strong>id</strong></span> <span class='ocrx_word' id='word_1_264' title='bbox 815 1464 886 1491; x_wconf 83' lang='lat' dir='ltr'><strong>clare</strong></span> 
     </span>
    </p>
   </div>
   <div class='ocr_carea' id='block_1_32' title="bbox 99 1511 886 1548">
    <p class='ocr_par' dir='ltr' id='par_1_32' title="bbox 99 1511 886 1548">
     <span class='ocr_line' id='line_1_32' title="bbox 99 1511 886 1548; baseline -0.001 -8"><span class='ocrx_word' id='word_1_265' title='bbox 99 1513 160 1541; x_wconf 86' lang='lat' dir='ltr'><strong>dixit</strong></span> <span class='ocrx_word' id='word_1_266' title='bbox 173 1519 199 1540; x_wconf 89' lang='lat' dir='ltr'><strong>et</strong></span> <span class='ocrx_word' id='word_1_267' title='bbox 215 1513 369 1548; x_wconf 86' lang='lat' dir='ltr'><strong>perspicue.</strong></span> <span class='ocrx_word' id='word_1_268' title='bbox 387 1513 498 1540; x_wconf 83' lang='lat' dir='ltr'><strong>Ubinam</strong></span> <span class='ocrx_word' id='word_1_269' title='bbox 515 1517 541 1540; x_wconf 90' lang='lat' dir='ltr'><strong>et</strong></span> <span class='ocrx_word' id='word_1_270' title='bbox 562 1512 687 1548; x_wconf 82' lang='lat' dir='ltr'><strong>quando?</strong></span> <span class='ocrx_word' id='word_1_271' title='bbox 701 1511 767 1539; x_wconf 89' lang='lat' dir='ltr'><strong>Cum</strong></span> <span class='ocrx_word' id='word_1_272' title='bbox 781 1511 886 1539; x_wconf 85' lang='lat' dir='ltr'><strong>Juda:os</strong></span> 
     </span>
    </p>
   </div>
   <div class='ocr_carea' id='block_1_33' title="bbox 101 1556 887 1594">
    <p class='ocr_par' dir='ltr' id='par_1_33' title="bbox 101 1556 887 1594">
     <span class='ocr_line' id='line_1_33' title="bbox 101 1556 887 1594; baseline -0.005 -8"><span class='ocrx_word' id='word_1_273' title='bbox 101 1559 233 1594; x_wconf 87' lang='lat' dir='ltr'><strong>alloquens</strong></span> <span class='ocrx_word' id='word_1_274' title='bbox 248 1559 352 1585; x_wconf 90' lang='lat' dir='ltr'><strong>diceret</strong></span> <span class='ocrx_word' id='word_1_275' title='bbox 365 1566 371 1584; x_wconf 94' lang='lat'>:</span> <span class='ocrx_word' id='word_1_276' title='bbox 390 1557 478 1593; x_wconf 79' lang='lat' dir='ltr'><strong>Ipsum</strong></span> <span class='ocrx_word' id='word_1_277' title='bbox 493 1557 630 1584; x_wconf 86' lang='lat' dir='ltr'><strong>Dominum</strong></span> <span class='ocrx_word' id='word_1_278' title='bbox 644 1562 666 1584; x_wconf 86' lang='lat' dir='ltr'><strong>et</strong></span> <span class='ocrx_word' id='word_1_279' title='bbox 680 1557 805 1584; x_wconf 73' lang='lat' dir='ltr'><strong>Clu-istum</strong></span> <span class='ocrx_word' id='word_1_280' title='bbox 819 1556 887 1583; x_wconf 74' lang='lat' dir='ltr'><strong>Deus</strong></span> 
     </span>
    </p>
   </div>
   <div class='ocr_carea' id='block_1_34' title="bbox 98 1601 887 1639">
    <p class='ocr_par' dir='ltr' id='par_1_34' title="bbox 98 1601 887 1639">
     <span class='ocr_line' id='line_1_34' title="bbox 98 1601 887 1639; baseline -0.004 -9"><span class='ocrx_word' id='word_1_281' title='bbox 98 1605 160 1639; x_wconf 74' lang='lat' dir='ltr'><strong>fecit.</strong></span> <span class='ocrx_word' id='word_1_282' title='bbox 173 1604 227 1631; x_wconf 78' lang='lat' dir='ltr'><strong>Cur</strong></span> <span class='ocrx_word' id='word_1_283' title='bbox 248 1611 315 1638; x_wconf 86' lang='lat' dir='ltr'><strong>ergo</strong></span> <span class='ocrx_word' id='word_1_284' title='bbox 328 1603 353 1630; x_wconf 88' lang='lat' dir='ltr'><strong>id</strong></span> <span class='ocrx_word' id='word_1_285' title='bbox 369 1602 439 1638; x_wconf 84' lang='lat' dir='ltr'><strong>quod</strong></span> <span class='ocrx_word' id='word_1_286' title='bbox 453 1604 573 1637; x_wconf 85' lang='lat' dir='ltr'><strong>sequitur</strong></span> <span class='ocrx_word' id='word_1_287' title='bbox 587 1610 638 1629; x_wconf 91' lang='lat' dir='ltr'><strong>non</strong></span> <span class='ocrx_word' id='word_1_288' title='bbox 660 1601 779 1636; x_wconf 76' lang='lat' dir='ltr'><strong>adjecisli</strong></span> <span class='ocrx_word' id='word_1_289' title='bbox 790 1622 797 1634; x_wconf 87' lang='lat'><strong>,</strong></span> <span class='ocrx_word' id='word_1_290' title='bbox 812 1601 887 1628; x_wconf 86' lang='lat' dir='ltr'><strong>Hunc</strong></span> 
     </span>
    </p>
   </div>
   <div class='ocr_carea' id='block_1_35' title="bbox 97 1647 887 1684">
    <p class='ocr_par' dir='ltr' id='par_1_35' title="bbox 97 1647 887 1684">
     <span class='ocr_line' id='line_1_35' title="bbox 97 1647 887 1684; baseline -0.004 -9"><span class='ocrx_word' id='word_1_291' title='bbox 97 1648 180 1676; x_wconf 73' lang='lat' dir='ltr'><strong>lcum:</strong></span> <span class='ocrx_word' id='word_1_292' title='bbox 192 1657 266 1684; x_wconf 79' lang='lat' dir='ltr'><strong>quem</strong></span> <span class='ocrx_word' id='word_1_293' title='bbox 281 1648 503 1682; x_wconf 64' lang='lat' dir='ltr'><strong>vos&#39;crut&#39;ifixistis</strong></span> <span class='ocrx_word' id='word_1_294' title='bbox 517 1648 588 1682; x_wconf 84' lang='lat' dir='ltr'><strong>(Act.</strong></span> <span class='ocrx_word' id='word_1_295' title='bbox 602 1647 630 1675; x_wconf 76' lang='lat'><strong>&#39;2.</strong></span> <span class='ocrx_word' id='word_1_296' title='bbox 647 1647 715 1683; x_wconf 77' lang='lat'><strong>56)?</strong></span> <span class='ocrx_word' id='word_1_297' title='bbox 729 1648 769 1674; x_wconf 87' lang='lat' dir='ltr'><strong>An</strong></span> <span class='ocrx_word' id='word_1_298' title='bbox 783 1647 887 1682; x_wconf 76' lang='lat' dir='ltr'><strong>ignoras</strong></span> 
     </span>
    </p>
   </div>
   <div class='ocr_carea' id='block_1_36' title="bbox 101 1693 886 1726">
    <p class='ocr_par' dir='ltr' id='par_1_36' title="bbox 101 1693 886 1726">
     <span class='ocr_line' id='line_1_36' title="bbox 101 1693 886 1726; baseline -0.001 -5"><span class='ocrx_word' id='word_1_299' title='bbox 101 1702 130 1721; x_wconf 85' lang='lat' dir='ltr'><strong>ex</strong></span> <span class='ocrx_word' id='word_1_300' title='bbox 143 1694 219 1722; x_wconf 88' lang='lat' dir='ltr'><strong>dictis</strong></span> <span class='ocrx_word' id='word_1_301' title='bbox 231 1695 285 1721; x_wconf 89' lang='lat' dir='ltr'><strong>alia</strong></span> <span class='ocrx_word' id='word_1_302' title='bbox 301 1694 334 1721; x_wconf 86' lang='lat' dir='ltr'><strong>ad</strong></span> <span class='ocrx_word' id='word_1_303' title='bbox 349 1694 522 1721; x_wconf 88' lang='lat' dir='ltr'><strong>immortalem</strong></span> <span class='ocrx_word' id='word_1_304' title='bbox 541 1699 672 1726; x_wconf 88' lang='lat' dir='ltr'><strong>naturam,</strong></span> <span class='ocrx_word' id='word_1_305' title='bbox 686 1694 735 1720; x_wconf 79' lang='lat' dir='ltr'><strong>alia</strong></span> <span class='ocrx_word' id='word_1_306' title='bbox 750 1693 783 1720; x_wconf 86' lang='lat' dir='ltr'><strong>ad</strong></span> <span class='ocrx_word' id='word_1_307' title='bbox 799 1693 886 1720; x_wconf 85' lang='lat' dir='ltr'><strong>incar-</strong></span> 
     </span>
    </p>
   </div>
   <div class='ocr_carea' id='block_1_37' title="bbox 100 1739 886 1775">
    <p class='ocr_par' dir='ltr' id='par_1_37' title="bbox 100 1739 886 1775">
     <span class='ocr_line' id='line_1_37' title="bbox 100 1739 886 1775; baseline -0.003 -8"><span class='ocrx_word' id='word_1_308' title='bbox 100 1741 228 1768; x_wconf 80' lang='lat' dir='ltr'><strong>nationem</strong></span> <span class='ocrx_word' id='word_1_309' title='bbox 245 1739 403 1775; x_wconf 82' lang='lat' dir='ltr'><strong>pertinere?</strong></span> <span class='ocrx_word' id='word_1_310' title='bbox 418 1739 445 1767; x_wconf 91' lang='lat' dir='ltr'><strong>Si</strong></span> <span class='ocrx_word' id='word_1_311' title='bbox 461 1744 549 1766; x_wconf 87' lang='lat' dir='ltr'><strong>autcm</strong></span> <span class='ocrx_word' id='word_1_312' title='bbox 569 1747 622 1766; x_wconf 91' lang='lat' dir='ltr'><strong>non</strong></span> <span class='ocrx_word' id='word_1_313' title='bbox 639 1739 673 1765; x_wconf 83' lang='lat' dir='ltr'><strong>ita</strong></span> <span class='ocrx_word' id='word_1_314' title='bbox 688 1747 717 1766; x_wconf 83' lang='lat' dir='ltr'><strong>se</strong></span> <span class='ocrx_word' id='word_1_315' title='bbox 732 1747 775 1766; x_wconf 88' lang='lat' dir='ltr'><strong>res</strong></span> <span class='ocrx_word' id='word_1_316' title='bbox 791 1739 886 1771; x_wconf 80' lang='lat' dir='ltr'><strong>habet,</strong></span> 
     </span>
    </p>
   </div>
   <div class='ocr_carea' id='block_1_38' title="bbox 99 1784 887 1819">
    <p class='ocr_par' dir='ltr' id='par_1_38' title="bbox 99 1784 887 1819">
     <span class='ocr_line' id='line_1_38' title="bbox 99 1784 887 1819; baseline -0.005 -5"><span class='ocrx_word' id='word_1_317' title='bbox 99 1786 142 1814; x_wconf 86' lang='lat' dir='ltr'><strong>sed</strong></span> <span class='ocrx_word' id='word_1_318' title='bbox 161 1787 251 1814; x_wconf 81' lang='lat' dir='ltr'><strong>omnia</strong></span> <span class='ocrx_word' id='word_1_319' title='bbox 267 1786 301 1814; x_wconf 87' lang='lat' dir='ltr'><strong>de</strong></span> <span class='ocrx_word' id='word_1_320' title='bbox 316 1785 413 1813; x_wconf 87' lang='lat' dir='ltr'><strong>deitate</strong></span> <span class='ocrx_word' id='word_1_321' title='bbox 433 1785 566 1819; x_wconf 83' lang='lat' dir='ltr'><strong>accipias,</strong></span> <span class='ocrx_word' id='word_1_322' title='bbox 584 1785 665 1812; x_wconf 90' lang='lat' dir='ltr'><strong>Deum</strong></span> <span class='ocrx_word' id='word_1_323' title='bbox 680 1785 829 1819; x_wconf 86' lang='lat' dir='ltr'><strong>passibilcm</strong></span> <span class='ocrx_word' id='word_1_324' title='bbox 845 1784 887 1811; x_wconf 91' lang='lat' dir='ltr'><strong>in-</strong></span> 
     </span>
    </p>
   </div>
   <div class='ocr_carea' id='block_1_39' title="bbox 101 1830 885 1866">
    <p class='ocr_par' dir='ltr' id='par_1_39' title="bbox 101 1830 885 1866">
     <span class='ocr_line' id='line_1_39' title="bbox 101 1830 885 1866; baseline -0.003 -8"><span class='ocrx_word' id='word_1_325' title='bbox 101 1832 195 1860; x_wconf 85' lang='lat' dir='ltr'><strong>duces:</strong></span> <span class='ocrx_word' id='word_1_326' title='bbox 212 1833 235 1859; x_wconf 89' lang='lat' dir='ltr'><strong>si</strong></span> <span class='ocrx_word' id='word_1_327' title='bbox 249 1839 318 1859; x_wconf 86' lang='lat' dir='ltr'><strong>vero</strong></span> <span class='ocrx_word' id='word_1_328' title='bbox 333 1839 387 1858; x_wconf 92' lang='lat' dir='ltr'><strong>non</strong></span> <span class='ocrx_word' id='word_1_329' title='bbox 405 1831 546 1866; x_wconf 76' lang='lat' dir='ltr'><strong>passibilis,</strong></span> <span class='ocrx_word' id='word_1_330' title='bbox 563 1838 616 1857; x_wconf 91' lang='lat' dir='ltr'><strong>non</strong></span> <span class='ocrx_word' id='word_1_331' title='bbox 633 1830 717 1857; x_wconf 81' lang='lat' dir='ltr'><strong>factus</strong></span> <span class='ocrx_word' id='word_1_332' title='bbox 732 1830 821 1865; x_wconf 83' lang='lat' dir='ltr'><strong>utique</strong></span> <span class='ocrx_word' id='word_1_333' title='bbox 836 1835 885 1856; x_wconf 83' lang='lat' dir='ltr'><strong>cst.</strong></span> 
     </span>
    </p>
   </div>
   <div class='ocr_carea' id='block_1_40' title="bbox 101 1876 887 1911">
    <p class='ocr_par' dir='ltr' id='par_1_40' title="bbox 101 1876 887 1911">
     <span class='ocr_line' id='line_1_40' title="bbox 101 1876 887 1911; baseline -0.001 -7"><span class='ocrx_word' id='word_1_334' title='bbox 101 1878 161 1906; x_wconf 80' lang='lat' dir='ltr'><strong>Nam</strong></span> <span class='ocrx_word' id='word_1_335' title='bbox 177 1878 198 1906; x_wconf 92' lang='lat' dir='ltr'><strong>si</strong></span> <span class='ocrx_word' id='word_1_336' title='bbox 212 1886 244 1906; x_wconf 84' lang='lat' dir='ltr'><strong>ex</strong></span> <span class='ocrx_word' id='word_1_337' title='bbox 261 1878 352 1905; x_wconf 84' lang='lat' dir='ltr'><strong>divina</strong></span> <span class='ocrx_word' id='word_1_338' title='bbox 368 1882 395 1904; x_wconf 88' lang='lat' dir='ltr'><strong>et</strong></span> <span class='ocrx_word' id='word_1_339' title='bbox 410 1876 533 1904; x_wconf 74' lang='lat' dir='ltr'><strong>int-ll‘ahili</strong></span> <span class='ocrx_word' id='word_1_340' title='bbox 550 1882 642 1904; x_wconf 79' lang='lat' dir='ltr'><strong>natura</strong></span> <span class='ocrx_word' id='word_1_341' title='bbox 657 1876 763 1911; x_wconf 78' lang='lat' dir='ltr'><strong>sanguis</strong></span> <span class='ocrx_word' id='word_1_342' title='bbox 776 1876 887 1903; x_wconf 82' lang='lat' dir='ltr'><strong>clﬁuxe-</strong></span> 
     </span>
    </p>
   </div>
   <div class='ocr_carea' id='block_1_41' title="bbox 100 1921 888 1958">
    <p class='ocr_par' dir='ltr' id='par_1_41' title="bbox 100 1921 888 1958">
     <span class='ocr_line' id='line_1_41' title="bbox 100 1921 888 1958; baseline -0.006 -6"><span class='ocrx_word' id='word_1_343' title='bbox 100 1925 148 1956; x_wconf 84' lang='lat' dir='ltr'><strong>rit,</strong></span> <span class='ocrx_word' id='word_1_344' title='bbox 161 1930 188 1952; x_wconf 85' lang='lat' dir='ltr'><strong>et</strong></span> <span class='ocrx_word' id='word_1_345' title='bbox 205 1925 228 1952; x_wconf 90' lang='lat' dir='ltr'><strong>si</strong></span> <span class='ocrx_word' id='word_1_346' title='bbox 248 1925 310 1951; x_wconf 84' lang='lat' dir='ltr'><strong>vice</strong></span> <span class='ocrx_word' id='word_1_347' title='bbox 329 1923 416 1951; x_wconf 87' lang='lat' dir='ltr'><strong>carnis</strong></span> <span class='ocrx_word' id='word_1_348' title='bbox 442 1923 497 1958; x_wconf 89' lang='lat' dir='ltr'><strong>ipsa</strong></span> <span class='ocrx_word' id='word_1_349' title='bbox 512 1923 538 1950; x_wconf 93' lang='lat' dir='ltr'><strong>in</strong></span> <span class='ocrx_word' id='word_1_350' title='bbox 554 1931 633 1950; x_wconf 88' lang='lat' dir='ltr'><strong>cruce</strong></span> <span class='ocrx_word' id='word_1_351' title='bbox 647 1923 728 1950; x_wconf 84' lang='lat' dir='ltr'><strong>clavis</strong></span> <span class='ocrx_word' id='word_1_352' title='bbox 762 1921 888 1948; x_wconf 61' lang='lat' dir='ltr'><strong>transﬁxa</strong></span> 
     </span>
    </p>
   </div>
   <div class='ocr_carea' id='block_1_42' title="bbox 101 1969 886 2004">
    <p class='ocr_par' dir='ltr' id='par_1_42' title="bbox 101 1969 886 2004">
     <span class='ocr_line' id='line_1_42' title="bbox 101 1969 886 2004; baseline -0.005 -6"><span class='ocrx_word' id='word_1_353' title='bbox 101 1971 251 1998; x_wconf 85' lang='lat' dir='ltr'><strong>etdissecta</strong></span> <span class='ocrx_word' id='word_1_354' title='bbox 275 1971 330 2003; x_wconf 85' lang='lat' dir='ltr'><strong>sit,</strong></span> <span class='ocrx_word' id='word_1_355' title='bbox 355 1970 458 1997; x_wconf 79' lang='lat' dir='ltr'><strong>ratione</strong></span> <span class='ocrx_word' id='word_1_356' title='bbox 481 1969 570 1996; x_wconf 87' lang='lat' dir='ltr'><strong>nixum</strong></span> <span class='ocrx_word' id='word_1_357' title='bbox 587 1976 629 1997; x_wconf 88' lang='lat' dir='ltr'><strong>est</strong></span> <span class='ocrx_word' id='word_1_358' title='bbox 651 1969 785 2004; x_wconf 85' lang='lat' dir='ltr'><strong>sophisma</strong></span> <span class='ocrx_word' id='word_1_359' title='bbox 803 1973 886 1995; x_wconf 84' lang='lat' dir='ltr'><strong>tuum.</strong></span> 
     </span>
    </p>
   </div>
   <div class='ocr_carea' id='block_1_43' title="bbox 101 2014 889 2051">
    <p class='ocr_par' dir='ltr' id='par_1_43' title="bbox 101 2014 889 2051">
     <span class='ocr_line' id='line_1_43' title="bbox 101 2014 889 2051; baseline -0.005 -7"><span class='ocrx_word' id='word_1_360' title='bbox 101 2017 171 2050; x_wconf 84' lang='lat' dir='ltr'><strong>Quod</strong></span> <span class='ocrx_word' id='word_1_361' title='bbox 183 2017 204 2044; x_wconf 87' lang='lat' dir='ltr'><strong>si</strong></span> <span class='ocrx_word' id='word_1_362' title='bbox 219 2025 254 2043; x_wconf 91' lang='lat' dir='ltr'><strong>ne</strong></span> <span class='ocrx_word' id='word_1_363' title='bbox 269 2016 393 2044; x_wconf 87' lang='lat' dir='ltr'><strong>diabolus</strong></span> <span class='ocrx_word' id='word_1_364' title='bbox 405 2016 511 2051; x_wconf 89' lang='lat' dir='ltr'><strong>quidem</strong></span> <span class='ocrx_word' id='word_1_365' title='bbox 528 2016 561 2042; x_wconf 85' lang='lat' dir='ltr'><strong>ita</strong></span> <span class='ocrx_word' id='word_1_366' title='bbox 585 2014 809 2049; x_wconf 71' lang='lat' dir='ltr'><strong>blasphemaverit</strong></span> <span class='ocrx_word' id='word_1_367' title='bbox 819 2034 826 2045; x_wconf 90' lang='lat'><strong>,</strong></span> <span class='ocrx_word' id='word_1_368' title='bbox 840 2021 889 2040; x_wconf 93' lang='lat' dir='ltr'><strong>cur</strong></span> 
     </span>
    </p>
   </div>
   <div class='ocr_carea' id='block_1_44' title="bbox 101 2060 889 2099">
    <p class='ocr_par' dir='ltr' id='par_1_44' title="bbox 101 2060 889 2099">
     <span class='ocr_line' id='line_1_44' title="bbox 101 2060 889 2099; baseline -0.006 -8"><span class='ocrx_word' id='word_1_369' title='bbox 101 2063 283 2099; x_wconf 84' lang='lat' dir='ltr'><strong>iuexpiabilem</strong></span> <span class='ocrx_word' id='word_1_370' title='bbox 297 2063 471 2098; x_wconf 76' lang='lat' dir='ltr'><strong>ignorantiam</strong></span> <span class='ocrx_word' id='word_1_371' title='bbox 485 2062 605 2093; x_wconf 84' lang='lat' dir='ltr'><strong>simulas,</strong></span> <span class='ocrx_word' id='word_1_372' title='bbox 617 2061 688 2096; x_wconf 86' lang='lat' dir='ltr'><strong>quali</strong></span> <span class='ocrx_word' id='word_1_373' title='bbox 703 2069 737 2088; x_wconf 89' lang='lat' dir='ltr'><strong>ne</strong></span> <span class='ocrx_word' id='word_1_374' title='bbox 753 2060 889 2087; x_wconf 71' lang='lat' dir='ltr'><strong>theinnnes</strong></span> 
     </span>
    </p>
   </div>
   <div class='ocr_carea' id='block_1_45' title="bbox 103 2105 890 2144">
    <p class='ocr_par' dir='ltr' id='par_1_45' title="bbox 103 2105 890 2144">
     <span class='ocr_line' id='line_1_45' title="bbox 103 2105 890 2144; baseline -0.004 -10"><span class='ocrx_word' id='word_1_375' title='bbox 103 2109 206 2142; x_wconf 85' lang='lat' dir='ltr'><strong>quidem</strong></span> <span class='ocrx_word' id='word_1_376' title='bbox 230 2116 349 2144; x_wconf 88' lang='lat' dir='ltr'><strong>unquam</strong></span> <span class='ocrx_word' id='word_1_377' title='bbox 367 2107 407 2135; x_wconf 88' lang='lat' dir='ltr'><strong>usi</strong></span> <span class='ocrx_word' id='word_1_378' title='bbox 428 2106 508 2134; x_wconf 76' lang='lat' dir='ltr'><strong>sunt?</strong></span> <span class='ocrx_word' id='word_1_379' title='bbox 524 2106 655 2134; x_wconf 73' lang='lat' dir='ltr'><strong>Przeterea</strong></span> <span class='ocrx_word' id='word_1_380' title='bbox 670 2106 726 2132; x_wconf 79' lang='lat' dir='ltr'><strong>hmc</strong></span> <span class='ocrx_word' id='word_1_381' title='bbox 738 2126 746 2138; x_wconf 84' lang='lat'><strong>,</strong></span> <span class='ocrx_word' id='word_1_382' title='bbox 763 2105 890 2132; x_wconf 85' lang='lat' dir='ltr'><strong>Dominus</strong></span> 
     </span>
    </p>
   </div>
   <div class='ocr_carea' id='block_1_46' title="bbox 103 2150 891 2186">
    <p class='ocr_par' dir='ltr' id='par_1_46' title="bbox 103 2150 891 2186">
     <span class='ocr_line' id='line_1_46' title="bbox 103 2150 891 2186; baseline -0.006 -6"><span class='ocrx_word' id='word_1_383' title='bbox 103 2158 127 2180; x_wconf 87' lang='lat' dir='ltr'><strong>et</strong></span> <span class='ocrx_word' id='word_1_384' title='bbox 138 2153 270 2186; x_wconf 83' lang='lat' dir='ltr'><strong>Christus,</strong></span> <span class='ocrx_word' id='word_1_385' title='bbox 286 2161 338 2180; x_wconf 88' lang='lat' dir='ltr'><strong>non</strong></span> <span class='ocrx_word' id='word_1_386' title='bbox 355 2156 418 2180; x_wconf 87' lang='lat' dir='ltr'><strong>sunt</strong></span> <span class='ocrx_word' id='word_1_387' title='bbox 425 2150 648 2184; x_wconf 67' lang='lat' dir='ltr'><strong>substanttm,sed</strong></span> <span class='ocrx_word' id='word_1_388' title='bbox 662 2150 811 2185; x_wconf 75' lang='lat' dir='ltr'><strong>dignitatis;</strong></span> <span class='ocrx_word' id='word_1_389' title='bbox 825 2150 891 2176; x_wconf 88' lang='lat' dir='ltr'><strong>alte-</strong></span> 
     </span>
    </p>
   </div>
   <div class='ocr_carea' id='block_1_47' title="bbox 102 2196 891 2234">
    <p class='ocr_par' dir='ltr' id='par_1_47' title="bbox 102 2196 891 2234">
     <span class='ocr_line' id='line_1_47' title="bbox 102 2196 891 2234; baseline -0.005 -8"><span class='ocrx_word' id='word_1_390' title='bbox 102 2207 157 2226; x_wconf 93' lang='lat' dir='ltr'><strong>rum</strong></span> <span class='ocrx_word' id='word_1_391' title='bbox 172 2200 242 2227; x_wconf 87' lang='lat' dir='ltr'><strong>enim</strong></span> <span class='ocrx_word' id='word_1_392' title='bbox 257 2204 300 2227; x_wconf 85' lang='lat' dir='ltr'><strong>est</strong></span> <span class='ocrx_word' id='word_1_393' title='bbox 312 2199 451 2234; x_wconf 73' lang='lat' dir='ltr'><strong>potenlize,</strong></span> <span class='ocrx_word' id='word_1_394' title='bbox 469 2198 582 2224; x_wconf 88' lang='lat' dir='ltr'><strong>alterum</strong></span> <span class='ocrx_word' id='word_1_395' title='bbox 612 2196 753 2224; x_wconf 85' lang='lat' dir='ltr'><strong>unctionis.</strong></span> <span class='ocrx_word' id='word_1_396' title='bbox 770 2196 837 2230; x_wconf 87' lang='lat' dir='ltr'><strong>Quid</strong></span> <span class='ocrx_word' id='word_1_397' title='bbox 852 2203 891 2223; x_wconf 49' lang='lat' dir='ltr'><strong>eri</strong></span> 
     </span>
    </p>
   </div>
   <div class='ocr_carea' id='block_1_48' title="bbox 103 2243 890 2279">
    <p class='ocr_par' dir='ltr' id='par_1_48' title="bbox 103 2243 890 2279">
     <span class='ocr_line' id='line_1_48' title="bbox 103 2243 890 2279; baseline -0.005 -7"><span class='ocrx_word' id='word_1_398' title='bbox 103 2252 134 2279; x_wconf 85' lang='lat' dir='ltr'><strong>go</strong></span> <span class='ocrx_word' id='word_1_399' title='bbox 146 2246 244 2273; x_wconf 81' lang='lat' dir='ltr'><strong>dixeris</strong></span> <span class='ocrx_word' id='word_1_400' title='bbox 260 2245 295 2272; x_wconf 90' lang='lat' dir='ltr'><strong>de</strong></span> <span class='ocrx_word' id='word_1_401' title='bbox 310 2245 378 2272; x_wconf 82' lang='lat' dir='ltr'><strong>Filio</strong></span> <span class='ocrx_word' id='word_1_402' title='bbox 395 2244 460 2271; x_wconf 86' lang='lat' dir='ltr'><strong>Dei?</strong></span> <span class='ocrx_word' id='word_1_403' title='bbox 475 2243 541 2271; x_wconf 83' lang='lat' dir='ltr'><strong>Nam</strong></span> <span class='ocrx_word' id='word_1_404' title='bbox 565 2243 588 2270; x_wconf 87' lang='lat' dir='ltr'><strong>si</strong></span> <span class='ocrx_word' id='word_1_405' title='bbox 610 2247 715 2270; x_wconf 88' lang='lat' dir='ltr'><strong>creatus</strong></span> <span class='ocrx_word' id='word_1_406' title='bbox 728 2243 777 2273; x_wconf 84' lang='lat' dir='ltr'><strong>sit,</strong></span> <span class='ocrx_word' id='word_1_407' title='bbox 793 2247 821 2269; x_wconf 93' lang='lat' dir='ltr'><strong>ut</strong></span> <span class='ocrx_word' id='word_1_408' title='bbox 843 2249 890 2269; x_wconf 83' lang='lat' dir='ltr'><strong>vos</strong></span> 
     </span>
    </p>
   </div>
   <div class='ocr_carea' id='block_1_49' title="bbox 104 2287 890 2323">
    <p class='ocr_par' dir='ltr' id='par_1_49' title="bbox 104 2287 890 2323">
     <span class='ocr_line' id='line_1_49' title="bbox 104 2287 890 2323; baseline -0.005 -6"><span class='ocrx_word' id='word_1_409' title='bbox 104 2289 206 2323; x_wconf 85' lang='lat' dir='ltr'><strong>dicitis,</strong></span> <span class='ocrx_word' id='word_1_410' title='bbox 221 2291 324 2317; x_wconf 90' lang='lat' dir='ltr'><strong>nullum</strong></span> <span class='ocrx_word' id='word_1_411' title='bbox 348 2290 398 2316; x_wconf 91' lang='lat' dir='ltr'><strong>hoc</strong></span> <span class='ocrx_word' id='word_1_412' title='bbox 415 2288 527 2316; x_wconf 86' lang='lat' dir='ltr'><strong>haberet</strong></span> <span class='ocrx_word' id='word_1_413' title='bbox 543 2288 642 2315; x_wconf 86' lang='lat' dir='ltr'><strong>locum.</strong></span> <span class='ocrx_word' id='word_1_414' title='bbox 658 2287 715 2314; x_wconf 87' lang='lat' dir='ltr'><strong>Non</strong></span> <span class='ocrx_word' id='word_1_415' title='bbox 731 2288 801 2314; x_wconf 89' lang='lat' dir='ltr'><strong>enim</strong></span> <span class='ocrx_word' id='word_1_416' title='bbox 818 2288 890 2322; x_wconf 87' lang='lat' dir='ltr'><strong>prius</strong></span> 
     </span>
    </p>
   </div>
   <div class='ocr_carea' id='block_1_50' title="bbox 105 2332 890 2368">
    <p class='ocr_par' dir='ltr' id='par_1_50' title="bbox 105 2332 890 2368">
     <span class='ocr_line' id='line_1_50' title="bbox 105 2332 890 2368; baseline -0.004 -7"><span class='ocrx_word' id='word_1_417' title='bbox 105 2334 186 2362; x_wconf 80' lang='lat' dir='ltr'><strong>factus</strong></span> <span class='ocrx_word' id='word_1_418' title='bbox 201 2340 242 2363; x_wconf 86' lang='lat' dir='ltr'><strong>est</strong></span> <span class='ocrx_word' id='word_1_419' title='bbox 254 2355 262 2367; x_wconf 88' lang='lat'><strong>,</strong></span> <span class='ocrx_word' id='word_1_420' title='bbox 279 2340 305 2363; x_wconf 88' lang='lat' dir='ltr'><strong>et</strong></span> <span class='ocrx_word' id='word_1_421' title='bbox 318 2339 380 2362; x_wconf 91' lang='lat' dir='ltr'><strong>tunc</strong></span> <span class='ocrx_word' id='word_1_422' title='bbox 394 2334 466 2361; x_wconf 88' lang='lat' dir='ltr'><strong>Deus</strong></span> <span class='ocrx_word' id='word_1_423' title='bbox 483 2334 570 2368; x_wconf 88' lang='lat' dir='ltr'><strong>ipsum</strong></span> <span class='ocrx_word' id='word_1_424' title='bbox 584 2332 731 2365; x_wconf 81' lang='lat' dir='ltr'><strong>ordinavit;</strong></span> <span class='ocrx_word' id='word_1_425' title='bbox 745 2340 829 2366; x_wconf 85' lang='lat' dir='ltr'><strong>neque</strong></span> <span class='ocrx_word' id='word_1_426' title='bbox 843 2333 890 2359; x_wconf 87' lang='lat' dir='ltr'><strong>ab-</strong></span> 
     </span>
    </p>
   </div>
   <div class='ocr_carea' id='block_1_51' title="bbox 102 2378 890 2415">
    <p class='ocr_par' dir='ltr' id='par_1_51' title="bbox 102 2378 890 2415">
     <span class='ocr_line' id='line_1_51' title="bbox 102 2378 890 2415; baseline -0.005 -7"><span class='ocrx_word' id='word_1_427' title='bbox 102 2380 196 2415; x_wconf 85' lang='lat' dir='ltr'><strong>jeetum</strong></span> <span class='ocrx_word' id='word_1_428' title='bbox 212 2381 294 2408; x_wconf 86' lang='lat' dir='ltr'><strong>habet</strong></span> <span class='ocrx_word' id='word_1_429' title='bbox 318 2380 491 2415; x_wconf 87' lang='lat' dir='ltr'><strong>principium,</strong></span> <span class='ocrx_word' id='word_1_430' title='bbox 514 2378 560 2406; x_wconf 89' lang='lat' dir='ltr'><strong>sed</strong></span> <span class='ocrx_word' id='word_1_431' title='bbox 575 2386 607 2405; x_wconf 85' lang='lat' dir='ltr'><strong>ex</strong></span> <span class='ocrx_word' id='word_1_432' title='bbox 629 2382 720 2405; x_wconf 84' lang='lat' dir='ltr'><strong>natura</strong></span> <span class='ocrx_word' id='word_1_433' title='bbox 735 2383 814 2412; x_wconf 87' lang='lat' dir='ltr'><strong>atque</strong></span> <span class='ocrx_word' id='word_1_434' title='bbox 827 2378 890 2404; x_wconf 91' lang='lat' dir='ltr'><strong>sub-</strong></span> 
     </span>
    </p>
   </div>
   <div class='ocr_carea' id='block_1_52' title="bbox 105 2422 891 2461">
    <p class='ocr_par' dir='ltr' id='par_1_52' title="bbox 105 2422 891 2461">
     <span class='ocr_line' id='line_1_52' title="bbox 105 2422 891 2461; baseline -0.006 -7"><span class='ocrx_word' id='word_1_435' title='bbox 105 2427 206 2454; x_wconf 77' lang='lat' dir='ltr'><strong>stantia.</strong></span> <span class='ocrx_word' id='word_1_436' title='bbox 219 2427 399 2461; x_wconf 87' lang='lat' dir='ltr'><strong>Interrogatus</strong></span> <span class='ocrx_word' id='word_1_437' title='bbox 413 2425 483 2452; x_wconf 89' lang='lat' dir='ltr'><strong>enim</strong></span> <span class='ocrx_word' id='word_1_438' title='bbox 495 2432 558 2452; x_wconf 90' lang='lat' dir='ltr'><strong>num</strong></span> <span class='ocrx_word' id='word_1_439' title='bbox 569 2432 615 2451; x_wconf 87' lang='lat' dir='ltr'><strong>rex</strong></span> <span class='ocrx_word' id='word_1_440' title='bbox 626 2428 716 2455; x_wconf 88' lang='lat' dir='ltr'><strong>esset,</strong></span> <span class='ocrx_word' id='word_1_441' title='bbox 732 2422 788 2458; x_wconf 84' lang='lat' dir='ltr'><strong>Ego</strong></span> <span class='ocrx_word' id='word_1_442' title='bbox 802 2423 829 2450; x_wconf 75' lang='lat' dir='ltr'><strong>in</strong></span> <span class='ocrx_word' id='word_1_443' title='bbox 844 2423 891 2449; x_wconf 82' lang='lat' dir='ltr'><strong>hac</strong></span> 
     </span>
    </p>
   </div>
   <div class='ocr_carea' id='block_1_53' title="bbox 106 2469 892 2507">
    <p class='ocr_par' dir='ltr' id='par_1_53' title="bbox 106 2469 892 2507">
     <span class='ocr_line' id='line_1_53' title="bbox 106 2469 892 2507; baseline -0.005 -9"><span class='ocrx_word' id='word_1_444' title='bbox 106 2477 175 2499; x_wconf 68' lang='lat' dir='ltr'><strong>natu:</strong></span> <span class='ocrx_word' id='word_1_445' title='bbox 185 2480 240 2499; x_wconf 64' lang='lat' dir='ltr'><strong>cum</strong></span> <span class='ocrx_word' id='word_1_446' title='bbox 255 2471 349 2507; x_wconf 85' lang='lat' dir='ltr'><strong>(Joau.</strong></span> <span class='ocrx_word' id='word_1_447' title='bbox 363 2471 405 2499; x_wconf 81' lang='lat' dir='ltr'><strong>l8.</strong></span> <span class='ocrx_word' id='word_1_448' title='bbox 420 2469 473 2507; x_wconf 81' lang='grc'><strong>57)</strong></span> <span class='ocrx_word' id='word_1_449' title='bbox 484 2491 492 2503; x_wconf 86' lang='grc'><em>,</em></span> <span class='ocrx_word' id='word_1_450' title='bbox 508 2470 601 2504; x_wconf 89' lang='lat' dir='ltr'><strong>inquit.</strong></span> <span class='ocrx_word' id='word_1_451' title='bbox 614 2469 709 2496; x_wconf 87' lang='lat' dir='ltr'><strong>Petrus</strong></span> <span class='ocrx_word' id='word_1_452' title='bbox 719 2473 807 2496; x_wconf 87' lang='lat' dir='ltr'><strong>autem</strong></span> <span class='ocrx_word' id='word_1_453' title='bbox 818 2469 892 2503; x_wconf 83' lang='lat' dir='ltr'><strong>quasi</strong></span> 
     </span>
    </p>
   </div>
   <div class='ocr_carea' id='block_1_54' title="bbox 135 2523 893 2582">
    <p class='ocr_par' dir='ltr' id='par_1_54' title="bbox 135 2523 893 2582">
     <span class='ocr_line' id='line_1_54' title="bbox 135 2523 893 2582; baseline -0.005 -30"><span class='ocrx_word' id='word_1_454' title='bbox 135 2528 169 2582; x_wconf 49' lang='lat' dir='ltr'><strong>Sa)</strong></span> <span class='ocrx_word' id='word_1_455' title='bbox 183 2531 305 2553; x_wconf 60' lang='lat' dir='ltr'><strong>numnum</strong></span> <span class='ocrx_word' id='word_1_456' title='bbox 317 2527 415 2552; x_wconf 78' lang='lat' dir='ltr'><strong>Verbum</strong></span> <span class='ocrx_word' id='word_1_457' title='bbox 426 2529 716 2557; x_wconf 59' lang='grc' dir='ltr'><strong>ινδιάοιτονλιτννπηεπιοντιι</strong></span> <span class='ocrx_word' id='word_1_458' title='bbox 728 2523 893 2554; x_wconf 71' lang='lat' dir='ltr'><strong>irenzeusl.2,</strong></span> 
     </span>
     <span class='ocr_line' id='line_1_55' title="bbox 150 2555 893 2582; baseline -0.004 0"><span class='ocrx_word' id='word_1_459' title='bbox 150 2558 182 2582; x_wconf 75' lang='lat'><strong>&#39;2:</strong></span> <span class='ocrx_word' id='word_1_460' title='bbox 203 2558 306 2582; x_wconf 79' lang='lat' dir='ltr'><strong>Verbum</strong></span> <span class='ocrx_word' id='word_1_461' title='bbox 317 2556 463 2582; x_wconf 80' lang='lat' dir='ltr'><strong>urolatitium</strong></span> <span class='ocrx_word' id='word_1_462' title='bbox 474 2576 480 2582; x_wconf 96' lang='lat'><strong>.</strong></span> <span class='ocrx_word' id='word_1_463' title='bbox 494 2563 607 2582; x_wconf 67' lang='grc' dir='ltr'><strong>κουωβιιὸν.</strong></span> <span class='ocrx_word' id='word_1_464' title='bbox 619 2555 727 2582; x_wconf 76' lang='lat' dir='ltr'><strong>appellat</strong></span> <span class='ocrx_word' id='word_1_465' title='bbox 742 2555 893 2582; x_wconf 82' lang='lat' dir='ltr'><strong>Theophilus</strong></span> 
     </span>
    </p>
   </div>
   <div class='ocr_carea' id='block_1_55' title="bbox 106 2555 896 2589">
    <p class='ocr_par' dir='ltr' id='par_1_55' title="bbox 106 2555 896 2589">
     <span class='ocr_line' id='line_1_56' title="bbox 106 2555 896 2589; baseline -0.005 -6"><span class='ocrx_word' id='word_1_466' title='bbox 106 2564 126 2583; x_wconf 70' lang='grc' dir='ltr'><strong>ε.</strong></span> <span class='ocrx_word' id='word_1_467' title='bbox 138 2555 182 2589; x_wconf 59' lang='lat' dir='ltr'><strong>ii;</strong></span> <span class='ocrx_word' id='word_1_468' title='bbox 203 2558 306 2583; x_wconf 79' lang='lat' dir='ltr'><strong>Verbum</strong></span> <span class='ocrx_word' id='word_1_469' title='bbox 317 2556 463 2589; x_wconf 80' lang='lat' dir='ltr'><strong>prolatitium</strong></span> <span class='ocrx_word' id='word_1_470' title='bbox 474 2576 480 2588; x_wconf 89' lang='lat'><strong>,</strong></span> <span class='ocrx_word' id='word_1_471' title='bbox 494 2555 607 2589; x_wconf 52' lang='grc' dir='ltr'><strong>κροφηᾉιρν,</strong></span> <span class='ocrx_word' id='word_1_472' title='bbox 619 2555 727 2586; x_wconf 77' lang='lat' dir='ltr'><strong>appellat.</strong></span> <span class='ocrx_word' id='word_1_473' title='bbox 742 2555 896 2589; x_wconf 64' lang='lat' dir='ltr'><strong>Theophilus</strong></span> 
     </span>
    </p>
   </div>
   <div class='ocr_carea' id='block_1_56' title="bbox 107 2586 896 2620">
    <p class='ocr_par' dir='ltr' id='par_1_56' title="bbox 107 2586 896 2620">
     <span class='ocr_line' id='line_1_57' title="bbox 107 2586 896 2620; baseline -0.005 -7"><span class='ocrx_word' id='word_1_474' title='bbox 107 2586 284 2619; x_wconf 73' lang='lat' dir='ltr'><strong>Antiochonns,</strong></span> <span class='ocrx_word' id='word_1_475' title='bbox 294 2586 322 2620; x_wconf 54' lang='lat' dir='ltr'><strong>pl</strong></span> <span class='ocrx_word' id='word_1_476' title='bbox 340 2589 383 2613; x_wconf 62' lang='grc'><strong>101</strong></span> <span class='ocrx_word' id='word_1_477' title='bbox 396 2596 403 2618; x_wconf 86' lang='lat'><strong>;</strong></span> <span class='ocrx_word' id='word_1_478' title='bbox 421 2590 450 2620; x_wconf 81' lang='lat' dir='ltr'><strong>et</strong></span> <span class='ocrx_word' id='word_1_479' title='bbox 468 2586 572 2612; x_wconf 67' lang='lat' dir='ltr'><strong>Subinde</strong></span> <span class='ocrx_word' id='word_1_480' title='bbox 584 2587 622 2620; x_wconf 63' lang='lat' dir='ltr'><strong>hae</strong></span> <span class='ocrx_word' id='word_1_481' title='bbox 638 2593 713 2611; x_wconf 87' lang='lat' dir='ltr'><strong>voces</strong></span> <span class='ocrx_word' id='word_1_482' title='bbox 727 2587 758 2611; x_wconf 86' lang='lat' dir='ltr'><strong>ab</strong></span> <span class='ocrx_word' id='word_1_483' title='bbox 768 2586 896 2620; x_wconf 62' lang='lat' dir='ltr'><strong>haereticis</strong></span> 
     </span>
    </p>
   </div>
   <div class='ocr_carea' id='block_1_57' title="bbox 107 2616 891 2651">
    <p class='ocr_par' dir='ltr' id='par_1_57' title="bbox 107 2616 891 2651">
     <span class='ocr_line' id='line_1_58' title="bbox 107 2616 891 2651; baseline -0.004 -8"><span class='ocrx_word' id='word_1_484' title='bbox 107 2621 207 2651; x_wconf 70' lang='lat' dir='ltr'><strong>nnxime</strong></span> <span class='ocrx_word' id='word_1_485' title='bbox 219 2616 509 2651; x_wconf 40' lang='lat' dir='ltr'><strong>frequentataideoque</strong></span> <span class='ocrx_word' id='word_1_486' title='bbox 526 2617 666 2651; x_wconf 56' lang='lat' dir='ltr'><strong>proscripta;</strong></span> <span class='ocrx_word' id='word_1_487' title='bbox 683 2621 748 2651; x_wconf 87' lang='lat' dir='ltr'><strong>s_uu_t.</strong></span> <span class='ocrx_word' id='word_1_488' title='bbox 767 2616 891 2651; x_wconf 62' lang='lat' dir='ltr'><strong>Erantqui</strong></span> 
     </span>
    </p>
   </div>
   <div class='ocr_carea' id='block_1_58' title="bbox 108 2626 895 2681">
    <p class='ocr_par' dir='ltr' id='par_1_58' title="bbox 108 2626 895 2681">
     <span class='ocr_line' id='line_1_59' title="bbox 108 2626 891 2651; baseline -0.005 -7"><span class='ocrx_word' id='word_1_489' title='bbox 108 2626 207 2645; x_wconf 64' lang='lat' dir='ltr'><strong>Itasime</strong></span> <span class='ocrx_word' id='word_1_490' title='bbox 219 2626 392 2651; x_wconf 64' lang='lat' dir='ltr'><strong>trequeutam,</strong></span> <span class='ocrx_word' id='word_1_491' title='bbox 403 2626 443 2643; x_wconf 86' lang='lat' dir='ltr'><strong>lue</strong></span> <span class='ocrx_word' id='word_1_492' title='bbox 476 2626 509 2643; x_wconf 86' lang='lat' dir='ltr'><strong>ue</strong></span> <span class='ocrx_word' id='word_1_493' title='bbox 526 2626 666 2649; x_wconf 72' lang='lat' dir='ltr'><strong>proscripta:</strong></span> <span class='ocrx_word' id='word_1_494' title='bbox 683 2626 748 2641; x_wconf 74' lang='lat' dir='ltr'><strong>sunt.</strong></span> <span class='ocrx_word' id='word_1_495' title='bbox 768 2626 838 2640; x_wconf 68' lang='lat' dir='ltr'><strong>munt</strong></span> <span class='ocrx_word' id='word_1_496' title='bbox 850 2626 891 2647; x_wconf 76' lang='lat' dir='ltr'><strong>qui</strong></span> 
     </span>
     <span class='ocr_line' id='line_1_60' title="bbox 108 2626 895 2681; baseline -0.006 -6"><span class='ocrx_word' id='word_1_497' title='bbox 108 2649 213 2675; x_wconf 84' lang='lat' dir='ltr'><strong>dicerent</strong></span> <span class='ocrx_word' id='word_1_498' title='bbox 225 2654 321 2675; x_wconf 78' lang='lat' dir='ltr'><strong>Patrem</strong></span> <span class='ocrx_word' id='word_1_499' title='bbox 330 2654 387 2674; x_wconf 86' lang='lat' dir='ltr'><strong>ante</strong></span> <span class='ocrx_word' id='word_1_500' title='bbox 403 2626 489 2681; x_wconf 37' lang='lat' dir='ltr'><strong>mutili</strong></span> <span class='ocrx_word' id='word_1_501' title='bbox 496 2648 648 2681; x_wconf 70' lang='lat' dir='ltr'><strong>creationem</strong></span> <span class='ocrx_word' id='word_1_502' title='bbox 659 2647 775 2681; x_wconf 83' lang='lat' dir='ltr'><strong>habuisse</strong></span> <span class='ocrx_word' id='word_1_503' title='bbox 786 2646 895 2681; x_wconf 69' lang='lat' dir='ltr'><strong>verbum</strong></span> 
     </span>
    </p>
   </div>
   <div class='ocr_carea' id='block_1_59' title="bbox 109 2676 896 2712">
    <p class='ocr_par' dir='ltr' id='par_1_59' title="bbox 109 2676 896 2712">
     <span class='ocr_line' id='line_1_61' title="bbox 109 2676 896 2712; baseline -0.008 -5"><span class='ocrx_word' id='word_1_504' title='bbox 109 2685 212 2712; x_wconf 61' lang='grc' dir='ltr'><strong>εει-ωπον,</strong></span> <span class='ocrx_word' id='word_1_505' title='bbox 220 2681 360 2706; x_wconf 59' lang='lat' dir='ltr'><strong>internum:</strong></span> <span class='ocrx_word' id='word_1_506' title='bbox 374 2684 400 2705; x_wconf 87' lang='lat' dir='ltr'><strong>et</strong></span> <span class='ocrx_word' id='word_1_507' title='bbox 411 2680 508 2712; x_wconf 68' lang='lat' dir='ltr'><strong>quando</strong></span> <span class='ocrx_word' id='word_1_508' title='bbox 519 2679 634 2703; x_wconf 89' lang='lat' dir='ltr'><strong>mundum</strong></span> <span class='ocrx_word' id='word_1_509' title='bbox 645 2679 735 2712; x_wconf 78' lang='lat' dir='ltr'><strong>creavit</strong></span> <span class='ocrx_word' id='word_1_510' title='bbox 745 2695 756 2712; x_wconf 43' lang='lat'><strong>,&#39;</strong></span> <span class='ocrx_word' id='word_1_511' title='bbox 765 2676 896 2712; x_wconf 59' lang='lat' dir='ltr'><strong>protulisse</strong></span> 
     </span>
    </p>
   </div>
   <div class='ocr_carea' id='block_1_60' title="bbox 109 2707 896 2744">
    <p class='ocr_par' dir='ltr' id='par_1_60' title="bbox 109 2707 896 2744">
     <span class='ocr_line' id='line_1_62' title="bbox 109 2707 896 2744; baseline -0.004 -9"><span class='ocrx_word' id='word_1_512' title='bbox 109 2707 214 2736; x_wconf 76' lang='lat' dir='ltr'><strong>Verbum</strong></span> <span class='ocrx_word' id='word_1_513' title='bbox 226 2719 299 2737; x_wconf 81' lang='lat' dir='ltr'><strong>sutun</strong></span> <span class='ocrx_word' id='word_1_514' title='bbox 311 2729 318 2741; x_wconf 85' lang='lat'><strong>,</strong></span> <span class='ocrx_word' id='word_1_515' title='bbox 332 2715 357 2736; x_wconf 89' lang='lat' dir='ltr'><strong>et</strong></span> <span class='ocrx_word' id='word_1_516' title='bbox 369 2707 518 2744; x_wconf 77' lang='lat' dir='ltr'><strong>tuné_l&#39;uisse</strong></span> <span class='ocrx_word' id='word_1_517' title='bbox 535 2715 648 2744; x_wconf 38' lang='lat' dir='ltr'><strong>epos-cem.</strong></span> <span class='ocrx_word' id='word_1_518' title='bbox 668 2707 825 2744; x_wconf 68' lang='lat' dir='ltr'><strong>prolatitium.</strong></span> <span class='ocrx_word' id='word_1_519' title='bbox 839 2714 896 2744; x_wconf 56' lang='grc' dir='ltr'><strong>Λετςτ</strong></span> 
     </span>
    </p>
   </div>
   <div class='ocr_carea' id='block_1_61' title="bbox 111 2738 898 2801">
    <p class='ocr_par' dir='ltr' id='par_1_61' title="bbox 111 2738 898 2801">
     <span class='ocr_line' id='line_1_63' title="bbox 111 2738 897 2796; baseline -0.006 -29"><span class='ocrx_word' id='word_1_520' title='bbox 111 2754 210 2796; x_wconf 49' lang='lat' dir='ltr'><strong>ﬁniretur</strong></span> <span class='ocrx_word' id='word_1_521' title='bbox 220 2749 251 2766; x_wconf 71' lang='lat' dir='ltr'><strong>ul</strong></span> <span class='ocrx_word' id='word_1_522' title='bbox 263 2738 363 2767; x_wconf 66' lang='grc' dir='ltr'><strong>ινδυίὶιτον</strong></span> <span class='ocrx_word' id='word_1_523' title='bbox 372 2761 378 2770; x_wconf 84' lang='grc'>,</span> <span class='ocrx_word' id='word_1_524' title='bbox 389 2741 487 2766; x_wconf 80' lang='lat' dir='ltr'><strong>verbum</strong></span> <span class='ocrx_word' id='word_1_525' title='bbox 498 2738 644 2770; x_wconf 71' lang='lat' dir='ltr'><strong>protutitium</strong></span> <span class='ocrx_word' id='word_1_526' title='bbox 654 2738 676 2774; x_wconf 73' lang='lat' dir='ltr'><strong>et</strong></span> <span class='ocrx_word' id='word_1_527' title='bbox 686 2738 814 2767; x_wconf 78' lang='lat' dir='ltr'><strong>internum.</strong></span> <span class='ocrx_word' id='word_1_528' title='bbox 828 2742 897 2774; x_wconf 76' lang='lat' dir='ltr'><strong>prout</strong></span> 
     </span>
     <span class='ocr_line' id='line_1_64' title="bbox 111 2768 898 2801; baseline -0.004 -5"><span class='ocrx_word' id='word_1_529' title='bbox 111 2778 134 2796; x_wconf 83' lang='lat' dir='ltr'><strong>tn</strong></span> <span class='ocrx_word' id='word_1_530' title='bbox 160 2773 282 2797; x_wconf 73' lang='lat' dir='ltr'><strong>ominibus</strong></span> <span class='ocrx_word' id='word_1_531' title='bbox 294 2776 340 2801; x_wconf 84' lang='lat' dir='ltr'><strong>est,</strong></span> <span class='ocrx_word' id='word_1_532' title='bbox 354 2775 473 2796; x_wconf 83' lang='lat' dir='ltr'><strong>memorat</strong></span> <span class='ocrx_word' id='word_1_533' title='bbox 484 2771 625 2795; x_wconf 76' lang='lat' dir='ltr'><strong>Plutarchus</strong></span> <span class='ocrx_word' id='word_1_534' title='bbox 634 2788 641 2799; x_wconf 90' lang='lat'><strong>,</strong></span> <span class='ocrx_word' id='word_1_535' title='bbox 655 2769 726 2800; x_wconf 84' lang='lat' dir='ltr'><strong>libro,</strong></span> <span class='ocrx_word' id='word_1_536' title='bbox 740 2769 805 2801; x_wconf 83' lang='lat' dir='ltr'><strong>quod</strong></span> <span class='ocrx_word' id='word_1_537' title='bbox 822 2768 898 2794; x_wconf 79' lang='lat' dir='ltr'><strong>Philo-</strong></span> 
     </span>
    </p>
   </div>
   <div class='ocr_carea' id='block_1_62' title="bbox 111 2776 757 2833">
    <p class='ocr_par' dir='ltr' id='par_1_62' title="bbox 111 2776 757 2833">
     <span class='ocr_line' id='line_1_65' title="bbox 111 2776 757 2801; baseline -0.003 -5"><span class='ocrx_word' id='word_1_538' title='bbox 111 2776 134 2796; x_wconf 80' lang='lat' dir='ltr'><strong>tn</strong></span> <span class='ocrx_word' id='word_1_539' title='bbox 146 2776 282 2797; x_wconf 77' lang='lat' dir='ltr'><strong>hominibus</strong></span> <span class='ocrx_word' id='word_1_540' title='bbox 294 2776 340 2801; x_wconf 85' lang='lat' dir='ltr'><strong>est,</strong></span> <span class='ocrx_word' id='word_1_541' title='bbox 354 2776 473 2796; x_wconf 84' lang='lat' dir='ltr'><strong>memorat</strong></span> <span class='ocrx_word' id='word_1_542' title='bbox 484 2776 625 2795; x_wconf 74' lang='lat' dir='ltr'><strong>Plutarchus</strong></span> <span class='ocrx_word' id='word_1_543' title='bbox 634 2788 641 2799; x_wconf 90' lang='lat'><strong>,</strong></span> <span class='ocrx_word' id='word_1_544' title='bbox 656 2776 726 2800; x_wconf 80' lang='lat' dir='ltr'><strong>noro,</strong></span> <span class='ocrx_word' id='word_1_545' title='bbox 740 2776 757 2801; x_wconf 83' lang='lat' dir='ltr'><strong>q</strong></span> 
     </span>
     <span class='ocr_line' id='line_1_66' title="bbox 111 2801 698 2833; baseline -0.005 -6"><span class='ocrx_word' id='word_1_546' title='bbox 111 2803 197 2832; x_wconf 67' lang='lat' dir='ltr'><strong>sophus</strong></span> <span class='ocrx_word' id='word_1_547' title='bbox 212 2803 305 2828; x_wconf 79' lang='lat' dir='ltr'><strong>debeat</strong></span> <span class='ocrx_word' id='word_1_548' title='bbox 316 2803 421 2827; x_wconf 84' lang='lat' dir='ltr'><strong>maxime</strong></span> <span class='ocrx_word' id='word_1_549' title='bbox 432 2802 553 2833; x_wconf 78' lang='lat' dir='ltr'><strong>principes</strong></span> <span class='ocrx_word' id='word_1_550' title='bbox 565 2801 664 2832; x_wconf 81' lang='lat' dir='ltr'><strong>alloqui.</strong></span> <span class='ocrx_word' id='word_1_551' title='bbox 694 2830 698 2833; x_wconf 87' lang='lat'><strong>_</strong></span> 
     </span>
    </p>
   </div>
   <div class='ocr_carea' id='block_1_63' title="bbox 139 2830 899 2865">
    <p class='ocr_par' dir='ltr' id='par_1_63' title="bbox 139 2830 899 2865">
     <span class='ocr_line' id='line_1_67' title="bbox 139 2830 899 2865; baseline -0.003 -7"><span class='ocrx_word' id='word_1_552' title='bbox 139 2830 173 2865; x_wconf 73' lang='lat' dir='ltr'><strong>&#39;(b)</strong></span> <span class='ocrx_word' id='word_1_553' title='bbox 189 2833 306 2864; x_wconf 75' lang='lat' dir='ltr'><strong>Equidem</strong></span> <span class='ocrx_word' id='word_1_554' title='bbox 323 2832 396 2862; x_wconf 87' lang='lat' dir='ltr'><strong>illud,</strong></span> <span class='ocrx_word' id='word_1_555' title='bbox 411 2830 439 2857; x_wconf 85' lang='lat' dir='ltr'><strong>ni</strong></span> <span class='ocrx_word' id='word_1_556' title='bbox 449 2830 568 2863; x_wconf 67' lang='lat' dir='ltr'><strong>principio</strong></span> <span class='ocrx_word' id='word_1_557' title='bbox 577 2830 629 2856; x_wconf 74' lang='lat' dir='ltr'><strong>erat</strong></span> <span class='ocrx_word' id='word_1_558' title='bbox 643 2830 755 2861; x_wconf 56' lang='lat' dir='ltr'><strong>uerbum,</strong></span> <span class='ocrx_word' id='word_1_559' title='bbox 769 2830 854 2856; x_wconf 57' lang='lat' dir='ltr'><strong>Graece</strong></span> <span class='ocrx_word' id='word_1_560' title='bbox 865 2831 899 2856; x_wconf 78' lang='lat' dir='ltr'><strong>sic</strong></span> 
     </span>
    </p>
   </div>
   <div class='ocr_carea' id='block_1_64' title="bbox 112 2865 480 2896">
    <p class='ocr_par' dir='ltr' id='par_1_64' title="bbox 112 2865 480 2896">
     <span class='ocr_line' id='line_1_68' title="bbox 112 2865 480 2896; baseline 0 -8"><span class='ocrx_word' id='word_1_561' title='bbox 112 2865 259 2896; x_wconf 74' lang='lat' dir='ltr'><strong>exprimitur,</strong></span> <span class='ocrx_word' id='word_1_562' title='bbox 270 2866 293 2890; x_wconf 76' lang='grc' dir='ltr'><strong>ὲν</strong></span> <span class='ocrx_word' id='word_1_563' title='bbox 309 2871 354 2895; x_wconf 62' lang='grc' dir='ltr'><strong>δατ]</strong></span> <span class='ocrx_word' id='word_1_564' title='bbox 365 2867 385 2893; x_wconf 63' lang='grc' dir='ltr'><strong>ἦν</strong></span> <span class='ocrx_word' id='word_1_565' title='bbox 397 2869 406 2888; x_wconf 82' lang='lat' dir='ltr'><strong>t</strong></span> <span class='ocrx_word' id='word_1_566' title='bbox 417 2871 480 2894; x_wconf 57' lang='lat' dir='ltr'><strong>Am</strong></span> 
     </span>
    </p>
   </div>
   <div class='ocr_carea' id='block_1_65' title="bbox 938 189 1726 227">
    <p class='ocr_par' dir='ltr' id='par_1_65' title="bbox 938 189 1726 227">
     <span class='ocr_line' id='line_1_69' title="bbox 938 189 1726 227; baseline 0.009 -11"><span class='ocrx_word' id='word_1_567' title='bbox 938 189 970 216; x_wconf 88' lang='lat' dir='ltr'><strong>de</strong></span> <span class='ocrx_word' id='word_1_568' title='bbox 984 189 1098 224; x_wconf 78' lang='lat' dir='ltr'><strong>quodam</strong></span> <span class='ocrx_word' id='word_1_569' title='bbox 1121 189 1165 224; x_wconf 90' lang='lat' dir='ltr'><strong>qui</strong></span> <span class='ocrx_word' id='word_1_570' title='bbox 1185 190 1320 218; x_wconf 83' lang='lat' dir='ltr'><strong>ordinatus</strong></span> <span class='ocrx_word' id='word_1_571' title='bbox 1336 191 1369 219; x_wconf 90' lang='lat' dir='ltr'><strong>sit</strong></span> <span class='ocrx_word' id='word_1_572' title='bbox 1384 191 1499 227; x_wconf 89' lang='lat' dir='ltr'><strong>loquitur</strong></span> <span class='ocrx_word' id='word_1_573' title='bbox 1533 201 1594 221; x_wconf 81' lang='lat' dir='ltr'><strong>nam</strong></span> <span class='ocrx_word' id='word_1_574' title='bbox 1608 193 1641 222; x_wconf 81' lang='lat' dir='ltr'><strong>tle</strong></span> <span class='ocrx_word' id='word_1_575' title='bbox 1653 202 1726 224; x_wconf 72' lang='lat' dir='ltr'><strong>tneo-</strong></span> 
     </span>
    </p>
   </div>
   <div class='ocr_carea' id='block_1_66' title="bbox 938 234 1571 272">
    <p class='ocr_par' dir='ltr' id='par_1_66' title="bbox 938 234 1571 272">
     <span class='ocr_line' id='line_1_70' title="bbox 938 234 1571 272; baseline 0.006 -11"><span class='ocrx_word' id='word_1_576' title='bbox 938 234 1026 261; x_wconf 86' lang='lat' dir='ltr'><strong>nomia</strong></span> <span class='ocrx_word' id='word_1_577' title='bbox 1039 254 1045 265; x_wconf 80' lang='lat'><strong>,</strong></span> <span class='ocrx_word' id='word_1_578' title='bbox 1060 234 1116 261; x_wconf 86' lang='lat' dir='ltr'><strong>sive</strong></span> <span class='ocrx_word' id='word_1_579' title='bbox 1130 234 1162 261; x_wconf 89' lang='lat' dir='ltr'><strong>de</strong></span> <span class='ocrx_word' id='word_1_580' title='bbox 1178 234 1340 263; x_wconf 80' lang='lat' dir='ltr'><strong>humanitate</strong></span> <span class='ocrx_word' id='word_1_581' title='bbox 1356 237 1404 272; x_wconf 88' lang='lat' dir='ltr'><strong>ipsi</strong></span> <span class='ocrx_word' id='word_1_582' title='bbox 1419 245 1507 265; x_wconf 91' lang='lat' dir='ltr'><strong>sermo</strong></span> <span class='ocrx_word' id='word_1_583' title='bbox 1522 244 1571 267; x_wconf 87' lang='lat' dir='ltr'><strong>est.</strong></span> 
     </span>
    </p>
   </div>
   <div class='ocr_carea' id='block_1_67' title="bbox 973 279 1727 318">
    <p class='ocr_par' dir='ltr' id='par_1_67' title="bbox 973 279 1727 318">
     <span class='ocr_line' id='line_1_71' title="bbox 973 279 1727 318; baseline 0.009 -12"><span class='ocrx_word' id='word_1_584' title='bbox 973 280 999 306; x_wconf 77' lang='grc'><strong>4.</strong></span> <span class='ocrx_word' id='word_1_585' title='bbox 1014 279 1066 307; x_wconf 87' lang='lat' dir='ltr'><strong>Cur</strong></span> <span class='ocrx_word' id='word_1_586' title='bbox 1089 279 1180 307; x_wconf 77' lang='lat' dir='ltr'><strong>Petrus</strong></span> <span class='ocrx_word' id='word_1_587' title='bbox 1204 280 1309 309; x_wconf 75' lang='lat' dir='ltr'><strong>Judrros</strong></span> <span class='ocrx_word' id='word_1_588' title='bbox 1333 283 1462 318; x_wconf 74' lang='lat' dir='ltr'><strong>alloquens</strong></span> <span class='ocrx_word' id='word_1_589' title='bbox 1483 283 1514 310; x_wconf 80' lang='lat' dir='ltr'><strong>de</strong></span> <span class='ocrx_word' id='word_1_590' title='bbox 1534 284 1633 312; x_wconf 78' lang='lat' dir='ltr'><strong>Christo</strong></span> <span class='ocrx_word' id='word_1_591' title='bbox 1648 291 1674 312; x_wconf 87' lang='lat' dir='ltr'><strong>ut</strong></span> <span class='ocrx_word' id='word_1_592' title='bbox 1694 286 1727 314; x_wconf 72' lang='lat' dir='ltr'><strong>de</strong></span> 
     </span>
    </p>
   </div>
   <div class='ocr_carea' id='block_1_68' title="bbox 937 326 1727 366">
    <p class='ocr_par' dir='ltr' id='par_1_68' title="bbox 937 326 1727 366">
     <span class='ocr_line' id='line_1_72' title="bbox 937 326 1727 366; baseline 0.009 -15"><span class='ocrx_word' id='word_1_593' title='bbox 937 326 1046 360; x_wconf 72' lang='lat' dir='ltr'><strong>simplici</strong></span> <span class='ocrx_word' id='word_1_594' title='bbox 1061 326 1162 352; x_wconf 79' lang='lat' dir='ltr'><strong>homine</strong></span> <span class='ocrx_word' id='word_1_595' title='bbox 1176 326 1256 353; x_wconf 84' lang='lat' dir='ltr'><strong>multa</strong></span> <span class='ocrx_word' id='word_1_596' title='bbox 1271 327 1302 353; x_wconf 78' lang='lat' dir='ltr'><strong>sit</strong></span> <span class='ocrx_word' id='word_1_597' title='bbox 1317 328 1423 355; x_wconf 74' lang='lat' dir='ltr'><strong>locutus.</strong></span> <span class='ocrx_word' id='word_1_598' title='bbox 1440 328 1553 356; x_wconf 71' lang='lat' dir='ltr'><strong>Christus</strong></span> <span class='ocrx_word' id='word_1_599' title='bbox 1566 331 1591 356; x_wconf 80' lang='lat' dir='ltr'><strong>in</strong></span> <span class='ocrx_word' id='word_1_600' title='bbox 1606 337 1727 366; x_wconf 79' lang='lat' dir='ltr'><strong>quantum</strong></span> 
     </span>
    </p>
   </div>
   <div class='ocr_carea' id='block_1_69' title="bbox 940 369 1726 410">
    <p class='ocr_par' dir='ltr' id='par_1_69' title="bbox 940 369 1726 410">
     <span class='ocr_line' id='line_1_73' title="bbox 940 369 1726 410; baseline 0.009 -13"><span class='ocrx_word' id='word_1_601' title='bbox 940 369 1022 398; x_wconf 67' lang='lat' dir='ltr'><strong>Filius</strong></span> <span class='ocrx_word' id='word_1_602' title='bbox 1037 370 1085 397; x_wconf 79' lang='lat' dir='ltr'><strong>Dei</strong></span> <span class='ocrx_word' id='word_1_603' title='bbox 1102 376 1154 404; x_wconf 81' lang='lat' dir='ltr'><strong>est,</strong></span> <span class='ocrx_word' id='word_1_604' title='bbox 1171 379 1220 398; x_wconf 84' lang='lat' dir='ltr'><strong>non</strong></span> <span class='ocrx_word' id='word_1_605' title='bbox 1240 377 1336 398; x_wconf 77' lang='lat' dir='ltr'><strong>creatus</strong></span> <span class='ocrx_word' id='word_1_606' title='bbox 1351 378 1395 399; x_wconf 85' lang='lat' dir='ltr'><strong>est.</strong></span> <span class='ocrx_word' id='word_1_607' title='bbox 1408 374 1547 409; x_wconf 84' lang='lat' dir='ltr'><strong>-——Ecqnid</strong></span> <span class='ocrx_word' id='word_1_608' title='bbox 1565 376 1669 403; x_wconf 85' lang='lat' dir='ltr'><strong>miraris</strong></span> <span class='ocrx_word' id='word_1_609' title='bbox 1680 397 1688 410; x_wconf 94' lang='lat'><strong>,</strong></span> <span class='ocrx_word' id='word_1_610' title='bbox 1704 378 1726 404; x_wconf 90' lang='lat' dir='ltr'><strong>si</strong></span> 
     </span>
    </p>
   </div>
   <div class='ocr_carea' id='block_1_70' title="bbox 939 417 1725 457">
    <p class='ocr_par' dir='ltr' id='par_1_70' title="bbox 939 417 1725 457">
     <span class='ocr_line' id='line_1_74' title="bbox 939 417 1725 457; baseline 0.008 -13"><span class='ocrx_word' id='word_1_611' title='bbox 939 417 1034 444; x_wconf 79' lang='lat' dir='ltr'><strong>Petrus</strong></span> <span class='ocrx_word' id='word_1_612' title='bbox 1048 417 1072 444; x_wconf 92' lang='lat' dir='ltr'><strong>id</strong></span> <span class='ocrx_word' id='word_1_613' title='bbox 1086 418 1173 444; x_wconf 85' lang='lat' dir='ltr'><strong>dicat?</strong></span> <span class='ocrx_word' id='word_1_614' title='bbox 1185 418 1251 444; x_wconf 82' lang='lat' dir='ltr'><strong>Nam</strong></span> <span class='ocrx_word' id='word_1_615' title='bbox 1266 418 1362 445; x_wconf 68' lang='lat' dir='ltr'><strong>Paulus</strong></span> <span class='ocrx_word' id='word_1_616' title='bbox 1377 419 1552 447; x_wconf 77' lang='lat' dir='ltr'><strong>Athenienses</strong></span> <span class='ocrx_word' id='word_1_617' title='bbox 1565 421 1703 457; x_wconf 78' lang='lat' dir='ltr'><strong>alloquens</strong></span> <span class='ocrx_word' id='word_1_618' title='bbox 1717 445 1725 453; x_wconf 82' lang='lat'><strong>.</strong></span> 
     </span>
    </p>
   </div>
   <div class='ocr_carea' id='block_1_71' title="bbox 938 464 1727 501">
    <p class='ocr_par' dir='ltr' id='par_1_71' title="bbox 938 464 1727 501">
     <span class='ocr_line' id='line_1_75' title="bbox 938 464 1727 501; baseline 0.006 -11"><span class='ocrx_word' id='word_1_619' title='bbox 938 464 1024 491; x_wconf 90' lang='lat' dir='ltr'><strong>virum</strong></span> <span class='ocrx_word' id='word_1_620' title='bbox 1039 464 1126 498; x_wconf 77' lang='lat' dir='ltr'><strong>ipsum</strong></span> <span class='ocrx_word' id='word_1_621' title='bbox 1142 469 1242 491; x_wconf 84' lang='lat' dir='ltr'><strong>tantum</strong></span> <span class='ocrx_word' id='word_1_622' title='bbox 1265 465 1379 499; x_wconf 88' lang='lat' dir='ltr'><strong>appellat</strong></span> <span class='ocrx_word' id='word_1_623' title='bbox 1394 465 1505 494; x_wconf 70' lang='lat' dir='ltr'><strong>dicens:</strong></span> <span class='ocrx_word' id='word_1_624' title='bbox 1523 466 1555 492; x_wconf 90' lang='lat' dir='ltr'><strong>In</strong></span> <span class='ocrx_word' id='word_1_625' title='bbox 1575 468 1625 494; x_wconf 79' lang='lat' dir='ltr'><strong>i-iro</strong></span> <span class='ocrx_word' id='word_1_626' title='bbox 1639 469 1727 501; x_wconf 82' lang='lat' dir='ltr'><strong>inquo</strong></span> 
     </span>
    </p>
   </div>
   <div class='ocr_carea' id='block_1_72' title="bbox 937 510 1724 544">
    <p class='ocr_par' dir='ltr' id='par_1_72' title="bbox 937 510 1724 544">
     <span class='ocr_line' id='line_1_76' title="bbox 937 510 1724 544; baseline 0.005 -8"><span class='ocrx_word' id='word_1_627' title='bbox 937 510 1025 536; x_wconf 73' lang='lat' dir='ltr'><strong>statuit</strong></span> <span class='ocrx_word' id='word_1_628' title='bbox 1044 510 1120 544; x_wconf 80' lang='lat' dir='ltr'><strong>ﬁdem</strong></span> <span class='ocrx_word' id='word_1_629' title='bbox 1133 510 1246 543; x_wconf 72' lang='lat' dir='ltr'><strong>prtebens</strong></span> <span class='ocrx_word' id='word_1_630' title='bbox 1261 510 1374 536; x_wconf 76' lang='lat' dir='ltr'><strong>munibus</strong></span> <span class='ocrx_word' id='word_1_631' title='bbox 1385 531 1392 543; x_wconf 89' lang='lat'><strong>,</strong></span> <span class='ocrx_word' id='word_1_632' title='bbox 1412 512 1534 537; x_wconf 64' lang='lat' dir='ltr'><strong>suscitans</strong></span> <span class='ocrx_word' id='word_1_633' title='bbox 1553 520 1609 538; x_wconf 79' lang='lat' dir='ltr'><strong>eum</strong></span> <span class='ocrx_word' id='word_1_634' title='bbox 1623 522 1639 539; x_wconf 87' lang='lat' dir='ltr'><strong>a</strong></span> <span class='ocrx_word' id='word_1_635' title='bbox 1659 523 1724 540; x_wconf 80' lang='lat' dir='ltr'><strong>mor-</strong></span> 
     </span>
    </p>
   </div>
   <div class='ocr_carea' id='block_1_73' title="bbox 938 555 1725 593">
    <p class='ocr_par' dir='ltr' id='par_1_73' title="bbox 938 555 1725 593">
     <span class='ocr_line' id='line_1_77' title="bbox 938 555 1725 593; baseline 0.006 -12"><span class='ocrx_word' id='word_1_636' title='bbox 938 556 987 581; x_wconf 83' lang='lat' dir='ltr'><strong>lm&#39;s</strong></span> <span class='ocrx_word' id='word_1_637' title='bbox 1002 555 1076 590; x_wconf 81' lang='lat' dir='ltr'><strong>(Act.</strong></span> <span class='ocrx_word' id='word_1_638' title='bbox 1098 556 1186 592; x_wconf 73' lang='grc' dir='ltr'><strong>17,βί</strong></span> <span class='ocrx_word' id='word_1_639' title='bbox 1201 555 1209 589; x_wconf 86' lang='grc'><strong>)</strong></span> <span class='ocrx_word' id='word_1_640' title='bbox 1224 565 1230 582; x_wconf 91' lang='lat'>:</span> <span class='ocrx_word' id='word_1_641' title='bbox 1246 555 1364 590; x_wconf 87' lang='lat' dir='ltr'><strong>nihilque</strong></span> <span class='ocrx_word' id='word_1_642' title='bbox 1377 556 1409 583; x_wconf 92' lang='lat' dir='ltr'><strong>de</strong></span> <span class='ocrx_word' id='word_1_643' title='bbox 1426 556 1509 583; x_wconf 75' lang='lat' dir='ltr'><strong>forma</strong></span> <span class='ocrx_word' id='word_1_644' title='bbox 1533 557 1577 584; x_wconf 89' lang='lat' dir='ltr'><strong>Dei</strong></span> <span class='ocrx_word' id='word_1_645' title='bbox 1593 558 1725 593; x_wconf 82' lang='lat' dir='ltr'><strong>loquitur,</strong></span> 
     </span>
    </p>
   </div>
   <div class='ocr_carea' id='block_1_74' title="bbox 939 600 1728 637">
    <p class='ocr_par' dir='ltr' id='par_1_74' title="bbox 939 600 1728 637">
     <span class='ocr_line' id='line_1_78' title="bbox 939 600 1728 637; baseline 0.006 -11"><span class='ocrx_word' id='word_1_646' title='bbox 939 608 1024 634; x_wconf 88' lang='lat' dir='ltr'><strong>neque</strong></span> <span class='ocrx_word' id='word_1_647' title='bbox 1041 601 1095 627; x_wconf 86' lang='lat' dir='ltr'><strong>Deo</strong></span> <span class='ocrx_word' id='word_1_648' title='bbox 1111 601 1239 634; x_wconf 80' lang='lat' dir='ltr'><strong>:equalem</strong></span> <span class='ocrx_word' id='word_1_649' title='bbox 1256 600 1336 633; x_wconf 76' lang='lat' dir='ltr'><strong>dicit,</strong></span> <span class='ocrx_word' id='word_1_650' title='bbox 1352 609 1438 634; x_wconf 88' lang='lat' dir='ltr'><strong>neque</strong></span> <span class='ocrx_word' id='word_1_651' title='bbox 1461 601 1531 636; x_wconf 92' lang='lat' dir='ltr'><strong>quod</strong></span> <span class='ocrx_word' id='word_1_652' title='bbox 1551 603 1584 628; x_wconf 90' lang='lat' dir='ltr'><strong>sit</strong></span> <span class='ocrx_word' id='word_1_653' title='bbox 1602 603 1728 637; x_wconf 76' lang='lat' dir='ltr'><strong>Splendor</strong></span> 
     </span>
    </p>
   </div>
   <div class='ocr_carea' id='block_1_75' title="bbox 936 645 1728 682">
    <p class='ocr_par' dir='ltr' id='par_1_75' title="bbox 936 645 1728 682">
     <span class='ocr_line' id='line_1_79' title="bbox 936 645 1728 682; baseline 0.005 -11"><span class='ocrx_word' id='word_1_654' title='bbox 936 645 1028 679; x_wconf 62' lang='lat' dir='ltr'><strong>gloria:</strong></span> <span class='ocrx_word' id='word_1_655' title='bbox 1039 645 1114 679; x_wconf 86' lang='lat' dir='ltr'><strong>ejus;</strong></span> <span class='ocrx_word' id='word_1_656' title='bbox 1129 645 1207 680; x_wconf 89' lang='lat' dir='ltr'><strong>idque</strong></span> <span class='ocrx_word' id='word_1_657' title='bbox 1220 646 1327 672; x_wconf 82' lang='lat' dir='ltr'><strong>merito.</strong></span> <span class='ocrx_word' id='word_1_658' title='bbox 1341 646 1463 672; x_wconf 90' lang='lat' dir='ltr'><strong>Nondum</strong></span> <span class='ocrx_word' id='word_1_659' title='bbox 1474 647 1543 673; x_wconf 89' lang='lat' dir='ltr'><strong>enim</strong></span> <span class='ocrx_word' id='word_1_660' title='bbox 1555 652 1657 682; x_wconf 82' lang='lat' dir='ltr'><strong>templis</strong></span> <span class='ocrx_word' id='word_1_661' title='bbox 1671 647 1728 674; x_wconf 69' lang='lat' dir='ltr'><strong>haec</strong></span> 
     </span>
    </p>
   </div>
   <div class='ocr_carea' id='block_1_76' title="bbox 937 690 1726 727">
    <p class='ocr_par' dir='ltr' id='par_1_76' title="bbox 937 690 1726 727">
     <span class='ocr_line' id='line_1_80' title="bbox 937 690 1726 727; baseline 0.005 -10"><span class='ocrx_word' id='word_1_662' title='bbox 937 690 1042 717; x_wconf 74' lang='lat' dir='ltr'><strong>dicendi</strong></span> <span class='ocrx_word' id='word_1_663' title='bbox 1058 696 1180 722; x_wconf 84' lang='lat' dir='ltr'><strong>venerat;</strong></span> <span class='ocrx_word' id='word_1_664' title='bbox 1196 690 1242 717; x_wconf 86' lang='lat' dir='ltr'><strong>sed</strong></span> <span class='ocrx_word' id='word_1_665' title='bbox 1257 691 1322 718; x_wconf 83' lang='lat' dir='ltr'><strong>satis</strong></span> <span class='ocrx_word' id='word_1_666' title='bbox 1337 691 1423 718; x_wconf 87' lang='lat' dir='ltr'><strong>adhuc</strong></span> <span class='ocrx_word' id='word_1_667' title='bbox 1442 697 1516 724; x_wconf 76' lang='lat' dir='ltr'><strong>erat,</strong></span> <span class='ocrx_word' id='word_1_668' title='bbox 1531 698 1558 719; x_wconf 90' lang='lat' dir='ltr'><strong>nt</strong></span> <span class='ocrx_word' id='word_1_669' title='bbox 1579 693 1663 727; x_wconf 88' lang='lat' dir='ltr'><strong>ipsum</strong></span> <span class='ocrx_word' id='word_1_670' title='bbox 1678 694 1726 721; x_wconf 90' lang='lat' dir='ltr'><strong>ho-</strong></span> 
     </span>
    </p>
   </div>
   <div class='ocr_carea' id='block_1_77' title="bbox 939 736 1728 774">
    <p class='ocr_par' dir='ltr' id='par_1_77' title="bbox 939 736 1728 774">
     <span class='ocr_line' id='line_1_81' title="bbox 939 736 1728 774; baseline 0.006 -12"><span class='ocrx_word' id='word_1_671' title='bbox 939 736 1037 762; x_wconf 89' lang='lat' dir='ltr'><strong>minem</strong></span> <span class='ocrx_word' id='word_1_672' title='bbox 1060 744 1119 763; x_wconf 89' lang='lat' dir='ltr'><strong>esse</strong></span> <span class='ocrx_word' id='word_1_673' title='bbox 1133 741 1159 762; x_wconf 87' lang='lat' dir='ltr'><strong>et</strong></span> <span class='ocrx_word' id='word_1_674' title='bbox 1172 737 1354 763; x_wconf 82' lang='lat' dir='ltr'><strong>resnrrexisse</strong></span> <span class='ocrx_word' id='word_1_675' title='bbox 1375 737 1554 764; x_wconf 84' lang='lat' dir='ltr'><strong>admitterent.</strong></span> <span class='ocrx_word' id='word_1_676' title='bbox 1570 739 1615 766; x_wconf 89' lang='lat' dir='ltr'><strong>Sic</strong></span> <span class='ocrx_word' id='word_1_677' title='bbox 1628 745 1654 766; x_wconf 91' lang='lat' dir='ltr'><strong>ct</strong></span> <span class='ocrx_word' id='word_1_678' title='bbox 1672 739 1728 774; x_wconf 87' lang='lat' dir='ltr'><strong>ipse</strong></span> 
     </span>
    </p>
   </div>
   <div class='ocr_carea' id='block_1_78' title="bbox 938 781 1728 819">
    <p class='ocr_par' dir='ltr' id='par_1_78' title="bbox 938 781 1728 819">
     <span class='ocr_line' id='line_1_82' title="bbox 938 781 1728 819; baseline 0.008 -12"><span class='ocrx_word' id='word_1_679' title='bbox 938 781 1062 808; x_wconf 74' lang='lat' dir='ltr'><strong>Chrisuts</strong></span> <span class='ocrx_word' id='word_1_680' title='bbox 1077 782 1153 814; x_wconf 83' lang='lat' dir='ltr'><strong>fecit;</strong></span> <span class='ocrx_word' id='word_1_681' title='bbox 1167 790 1181 808; x_wconf 88' lang='lat' dir='ltr'><strong>a</strong></span> <span class='ocrx_word' id='word_1_682' title='bbox 1195 789 1248 816; x_wconf 90' lang='lat' dir='ltr'><strong>quo</strong></span> <span class='ocrx_word' id='word_1_683' title='bbox 1262 782 1371 809; x_wconf 84' lang='lat' dir='ltr'><strong>edoctus</strong></span> <span class='ocrx_word' id='word_1_684' title='bbox 1384 782 1480 809; x_wconf 85' lang='lat' dir='ltr'><strong>Paulus</strong></span> <span class='ocrx_word' id='word_1_685' title='bbox 1493 804 1498 812; x_wconf 92' lang='lat'><strong>.</strong></span> <span class='ocrx_word' id='word_1_686' title='bbox 1516 784 1550 809; x_wconf 90' lang='lat' dir='ltr'><strong>ita</strong></span> <span class='ocrx_word' id='word_1_687' title='bbox 1565 792 1606 811; x_wconf 88' lang='lat' dir='ltr'><strong>res</strong></span> <span class='ocrx_word' id='word_1_688' title='bbox 1622 785 1728 819; x_wconf 75' lang='lat' dir='ltr'><strong>diSpeu-</strong></span> 
     </span>
    </p>
   </div>
   <div class='ocr_carea' id='block_1_79' title="bbox 937 828 1727 859">
    <p class='ocr_par' dir='ltr' id='par_1_79' title="bbox 937 828 1727 859">
     <span class='ocr_line' id='line_1_83' title="bbox 937 828 1727 859; baseline 0.005 -4"><span class='ocrx_word' id='word_1_689' title='bbox 937 828 1023 855; x_wconf 86' lang='lat' dir='ltr'><strong>sahat.</strong></span> <span class='ocrx_word' id='word_1_690' title='bbox 1038 828 1095 855; x_wconf 88' lang='lat' dir='ltr'><strong>Non</strong></span> <span class='ocrx_word' id='word_1_691' title='bbox 1109 828 1179 855; x_wconf 89' lang='lat' dir='ltr'><strong>enim</strong></span> <span class='ocrx_word' id='word_1_692' title='bbox 1196 828 1284 854; x_wconf 84' lang='lat' dir='ltr'><strong>statim</strong></span> <span class='ocrx_word' id='word_1_693' title='bbox 1301 828 1378 855; x_wconf 88' lang='lat' dir='ltr'><strong>nobis</strong></span> <span class='ocrx_word' id='word_1_694' title='bbox 1393 828 1517 856; x_wconf 85' lang='lat' dir='ltr'><strong>deitatem</strong></span> <span class='ocrx_word' id='word_1_695' title='bbox 1534 837 1608 856; x_wconf 77' lang='lat' dir='ltr'><strong>suam</strong></span> <span class='ocrx_word' id='word_1_696' title='bbox 1624 831 1727 859; x_wconf 85' lang='lat' dir='ltr'><strong>revela-</strong></span> 
     </span>
    </p>
   </div>
   <div class='ocr_carea' id='block_1_80' title="bbox 938 873 1728 910">
    <p class='ocr_par' dir='ltr' id='par_1_80' title="bbox 938 873 1728 910">
     <span class='ocr_line' id='line_1_84' title="bbox 938 873 1728 910; baseline 0.004 -10"><span class='ocrx_word' id='word_1_697' title='bbox 938 873 991 906; x_wconf 88' lang='lat' dir='ltr'><strong>vit,</strong></span> <span class='ocrx_word' id='word_1_698' title='bbox 1015 873 1061 900; x_wconf 89' lang='lat' dir='ltr'><strong>sed</strong></span> <span class='ocrx_word' id='word_1_699' title='bbox 1078 874 1149 908; x_wconf 91' lang='lat' dir='ltr'><strong>prius</strong></span> <span class='ocrx_word' id='word_1_700' title='bbox 1163 873 1291 908; x_wconf 84' lang='lat' dir='ltr'><strong>propheta</strong></span> <span class='ocrx_word' id='word_1_701' title='bbox 1307 878 1334 900; x_wconf 90' lang='lat' dir='ltr'><strong>et</strong></span> <span class='ocrx_word' id='word_1_702' title='bbox 1356 873 1478 901; x_wconf 87' lang='lat' dir='ltr'><strong>Christus</strong></span> <span class='ocrx_word' id='word_1_703' title='bbox 1496 875 1503 890; x_wconf 85' lang='grc'>¹</span> <span class='ocrx_word' id='word_1_704' title='bbox 1519 874 1629 910; x_wconf 81' lang='lat' dir='ltr'><strong>simplex</strong></span> <span class='ocrx_word' id='word_1_705' title='bbox 1648 876 1728 904; x_wconf 91' lang='lat' dir='ltr'><strong>homo</strong></span> 
     </span>
    </p>
   </div>
   <div class='ocr_carea' id='block_1_81' title="bbox 938 915 1728 955">
    <p class='ocr_par' dir='ltr' id='par_1_81' title="bbox 938 915 1728 955">
     <span class='ocr_line' id='line_1_85' title="bbox 938 915 1728 955; baseline 0.005 -10"><span class='ocrx_word' id='word_1_706' title='bbox 938 919 1095 953; x_wconf 83' lang='lat' dir='ltr'><strong>putabatur;</strong></span> <span class='ocrx_word' id='word_1_707' title='bbox 1108 919 1206 946; x_wconf 86' lang='lat' dir='ltr'><strong>deinde</strong></span> <span class='ocrx_word' id='word_1_708' title='bbox 1221 925 1247 946; x_wconf 85' lang='lat' dir='ltr'><strong>et</strong></span> <span class='ocrx_word' id='word_1_709' title='bbox 1261 919 1349 946; x_wconf 87' lang='lat' dir='ltr'><strong>verbis</strong></span> <span class='ocrx_word' id='word_1_710' title='bbox 1363 915 1390 946; x_wconf 87' lang='lat' dir='ltr'><strong>et</strong></span> <span class='ocrx_word' id='word_1_711' title='bbox 1401 919 1526 953; x_wconf 87' lang='lat' dir='ltr'><strong>operibus</strong></span> <span class='ocrx_word' id='word_1_712' title='bbox 1543 920 1567 947; x_wconf 90' lang='lat' dir='ltr'><strong>id</strong></span> <span class='ocrx_word' id='word_1_713' title='bbox 1583 921 1652 955; x_wconf 92' lang='lat' dir='ltr'><strong>quod</strong></span> <span class='ocrx_word' id='word_1_714' title='bbox 1666 930 1728 950; x_wconf 79' lang='lat' dir='ltr'><strong>vero</strong></span> 
     </span>
    </p>
   </div>
   <div class='ocr_carea' id='block_1_82' title="bbox 936 964 1729 999">
    <p class='ocr_par' dir='ltr' id='par_1_82' title="bbox 936 964 1729 999">
     <span class='ocr_line' id='line_1_86' title="bbox 936 964 1729 999; baseline 0.004 -8"><span class='ocrx_word' id='word_1_715' title='bbox 936 968 994 991; x_wconf 88' lang='lat' dir='ltr'><strong>erat</strong></span> <span class='ocrx_word' id='word_1_716' title='bbox 1006 965 1131 991; x_wconf 88' lang='lat' dir='ltr'><strong>ostendit.</strong></span> <span class='ocrx_word' id='word_1_717' title='bbox 1148 964 1210 991; x_wconf 89' lang='lat' dir='ltr'><strong>Ideo</strong></span> <span class='ocrx_word' id='word_1_718' title='bbox 1225 965 1319 992; x_wconf 87' lang='lat' dir='ltr'><strong>Petrus</strong></span> <span class='ocrx_word' id='word_1_719' title='bbox 1335 965 1360 991; x_wconf 96' lang='lat' dir='ltr'><strong>in</strong></span> <span class='ocrx_word' id='word_1_720' title='bbox 1373 965 1502 999; x_wconf 87' lang='lat' dir='ltr'><strong>principio</strong></span> <span class='ocrx_word' id='word_1_721' title='bbox 1518 965 1568 993; x_wconf 92' lang='lat' dir='ltr'><strong>hoc</strong></span> <span class='ocrx_word' id='word_1_722' title='bbox 1580 967 1662 994; x_wconf 89' lang='lat' dir='ltr'><strong>utitur</strong></span> <span class='ocrx_word' id='word_1_723' title='bbox 1672 975 1729 994; x_wconf 85' lang='lat' dir='ltr'><strong>mo—</strong></span> 
     </span>
    </p>
   </div>
   <div class='ocr_carea' id='block_1_83' title="bbox 936 1009 1727 1046">
    <p class='ocr_par' dir='ltr' id='par_1_83' title="bbox 936 1009 1727 1046">
     <span class='ocr_line' id='line_1_87' title="bbox 936 1009 1727 1046; baseline 0.005 -10"><span class='ocrx_word' id='word_1_724' title='bbox 936 1009 986 1037; x_wconf 87' lang='lat' dir='ltr'><strong>do:</strong></span> <span class='ocrx_word' id='word_1_725' title='bbox 999 1017 1059 1037; x_wconf 83' lang='lat' dir='ltr'><strong>nam</strong></span> <span class='ocrx_word' id='word_1_726' title='bbox 1070 1011 1137 1038; x_wconf 88' lang='lat' dir='ltr'><strong>hanc</strong></span> <span class='ocrx_word' id='word_1_727' title='bbox 1148 1011 1263 1046; x_wconf 86' lang='lat' dir='ltr'><strong>priorem</strong></span> <span class='ocrx_word' id='word_1_728' title='bbox 1274 1011 1283 1026; x_wconf 85' lang='grc'>¹</span> <span class='ocrx_word' id='word_1_729' title='bbox 1295 1011 1328 1037; x_wconf 88' lang='lat' dir='ltr'><strong>ad</strong></span> <span class='ocrx_word' id='word_1_730' title='bbox 1339 1010 1448 1037; x_wconf 64' lang='lat' dir='ltr'><strong>Judteos</strong></span> <span class='ocrx_word' id='word_1_731' title='bbox 1459 1012 1614 1039; x_wconf 85' lang='lat' dir='ltr'><strong>concionem</strong></span> <span class='ocrx_word' id='word_1_732' title='bbox 1627 1013 1727 1040; x_wconf 89' lang='lat' dir='ltr'><strong>habuit.</strong></span> 
     </span>
    </p>
   </div>
   <div class='ocr_carea' id='block_1_84' title="bbox 937 1056 1729 1091">
    <p class='ocr_par' dir='ltr' id='par_1_84' title="bbox 937 1056 1729 1091">
     <span class='ocr_line' id='line_1_88' title="bbox 937 1056 1729 1091; baseline 0.003 -7"><span class='ocrx_word' id='word_1_733' title='bbox 937 1057 1003 1091; x_wconf 87' lang='lat' dir='ltr'><strong>Quia</strong></span> <span class='ocrx_word' id='word_1_734' title='bbox 1025 1058 1094 1084; x_wconf 88' lang='lat' dir='ltr'><strong>enim</strong></span> <span class='ocrx_word' id='word_1_735' title='bbox 1109 1057 1142 1084; x_wconf 91' lang='lat' dir='ltr'><strong>de</strong></span> <span class='ocrx_word' id='word_1_736' title='bbox 1156 1057 1294 1084; x_wconf 85' lang='lat' dir='ltr'><strong>divinitate</strong></span> <span class='ocrx_word' id='word_1_737' title='bbox 1316 1057 1374 1090; x_wconf 80' lang='lat' dir='ltr'><strong>ejus</strong></span> <span class='ocrx_word' id='word_1_738' title='bbox 1389 1056 1455 1083; x_wconf 90' lang='lat' dir='ltr'><strong>nihil</strong></span> <span class='ocrx_word' id='word_1_739' title='bbox 1470 1057 1596 1084; x_wconf 85' lang='lat' dir='ltr'><strong>hactenus</strong></span> <span class='ocrx_word' id='word_1_740' title='bbox 1609 1058 1729 1086; x_wconf 80' lang='lat' dir='ltr'><strong>ediscere</strong></span> 
     </span>
    </p>
   </div>
   <div class='ocr_carea' id='block_1_85' title="bbox 939 1102 1727 1138">
    <p class='ocr_par' dir='ltr' id='par_1_85' title="bbox 939 1102 1727 1138">
     <span class='ocr_line' id='line_1_89' title="bbox 939 1102 1727 1138; baseline 0.001 -8"><span class='ocrx_word' id='word_1_741' title='bbox 939 1108 1090 1138; x_wconf 89' lang='lat' dir='ltr'><strong>potuerant,</strong></span> <span class='ocrx_word' id='word_1_742' title='bbox 1105 1104 1165 1130; x_wconf 91' lang='lat' dir='ltr'><strong>ideo</strong></span> <span class='ocrx_word' id='word_1_743' title='bbox 1177 1103 1211 1130; x_wconf 92' lang='lat' dir='ltr'><strong>de</strong></span> <span class='ocrx_word' id='word_1_744' title='bbox 1221 1102 1318 1130; x_wconf 84' lang='lat' dir='ltr'><strong>Christi</strong></span> <span class='ocrx_word' id='word_1_745' title='bbox 1331 1102 1444 1129; x_wconf 85' lang='lat' dir='ltr'><strong>humana</strong></span> <span class='ocrx_word' id='word_1_746' title='bbox 1459 1107 1551 1130; x_wconf 86' lang='lat' dir='ltr'><strong>natura</strong></span> <span class='ocrx_word' id='word_1_747' title='bbox 1563 1104 1643 1131; x_wconf 69' lang='lat' dir='ltr'><strong>verba</strong></span> <span class='ocrx_word' id='word_1_748' title='bbox 1656 1104 1727 1137; x_wconf 75' lang='lat' dir='ltr'><strong>facit,</strong></span> 
     </span>
    </p>
   </div>
   <div class='ocr_carea' id='block_1_86' title="bbox 938 1146 1728 1182">
    <p class='ocr_par' dir='ltr' id='par_1_86' title="bbox 938 1146 1728 1182">
     <span class='ocr_line' id='line_1_90' title="bbox 938 1146 1728 1182; baseline 0.001 -7"><span class='ocrx_word' id='word_1_749' title='bbox 938 1153 966 1176; x_wconf 91' lang='lat' dir='ltr'><strong>ut</strong></span> <span class='ocrx_word' id='word_1_750' title='bbox 980 1149 1021 1175; x_wconf 90' lang='lat' dir='ltr'><strong>his</strong></span> <span class='ocrx_word' id='word_1_751' title='bbox 1033 1149 1192 1175; x_wconf 87' lang='lat' dir='ltr'><strong>exercitatus</strong></span> <span class='ocrx_word' id='word_1_752' title='bbox 1208 1147 1327 1178; x_wconf 84' lang='lat' dir='ltr'><strong>auditus,</strong></span> <span class='ocrx_word' id='word_1_753' title='bbox 1343 1146 1375 1173; x_wconf 87' lang='lat' dir='ltr'><strong>ad</strong></span> <span class='ocrx_word' id='word_1_754' title='bbox 1389 1147 1516 1182; x_wconf 84' lang='lat' dir='ltr'><strong>reliquam</strong></span> <span class='ocrx_word' id='word_1_755' title='bbox 1530 1148 1728 1182; x_wconf 78' lang='lat' dir='ltr'><strong>percipiendam</strong></span> 
     </span>
    </p>
   </div>
   <div class='ocr_carea' id='block_1_87' title="bbox 937 1192 1727 1228">
    <p class='ocr_par' dir='ltr' id='par_1_87' title="bbox 937 1192 1727 1228">
     <span class='ocr_line' id='line_1_91' title="bbox 937 1192 1727 1228; baseline 0 -8"><span class='ocrx_word' id='word_1_756' title='bbox 937 1194 1085 1221; x_wconf 82' lang='lat' dir='ltr'><strong>doctrinam</strong></span> <span class='ocrx_word' id='word_1_757' title='bbox 1097 1197 1244 1228; x_wconf 88' lang='lat' dir='ltr'><strong>aptarctur.</strong></span> <span class='ocrx_word' id='word_1_758' title='bbox 1257 1192 1332 1226; x_wconf 86' lang='lat' dir='ltr'><strong>Quod</strong></span> <span class='ocrx_word' id='word_1_759' title='bbox 1345 1192 1366 1218; x_wconf 86' lang='lat' dir='ltr'><strong>si</strong></span> <span class='ocrx_word' id='word_1_760' title='bbox 1377 1193 1436 1226; x_wconf 87' lang='lat' dir='ltr'><strong>quis</strong></span> <span class='ocrx_word' id='word_1_761' title='bbox 1448 1192 1561 1219; x_wconf 87' lang='lat' dir='ltr'><strong>voluerit</strong></span> <span class='ocrx_word' id='word_1_762' title='bbox 1572 1197 1653 1220; x_wconf 88' lang='lat' dir='ltr'><strong>totam</strong></span> <span class='ocrx_word' id='word_1_763' title='bbox 1664 1200 1727 1220; x_wconf 86' lang='lat' dir='ltr'><strong>eon-</strong></span> 
     </span>
    </p>
   </div>
   <div class='ocr_carea' id='block_1_88' title="bbox 936 1239 1729 1275">
    <p class='ocr_par' dir='ltr' id='par_1_88' title="bbox 936 1239 1729 1275">
     <span class='ocr_line' id='line_1_92' title="bbox 936 1239 1729 1275; baseline -0.001 -7"><span class='ocrx_word' id='word_1_764' title='bbox 936 1242 1040 1268; x_wconf 88' lang='lat' dir='ltr'><strong>cionem</strong></span> <span class='ocrx_word' id='word_1_765' title='bbox 1051 1241 1129 1268; x_wconf 88' lang='lat' dir='ltr'><strong>altius</strong></span> <span class='ocrx_word' id='word_1_766' title='bbox 1139 1245 1275 1274; x_wconf 80' lang='lat' dir='ltr'><strong>repetere,</strong></span> <span class='ocrx_word' id='word_1_767' title='bbox 1291 1241 1316 1267; x_wconf 92' lang='lat' dir='ltr'><strong>id</strong></span> <span class='ocrx_word' id='word_1_768' title='bbox 1331 1240 1401 1274; x_wconf 89' lang='lat' dir='ltr'><strong>quod</strong></span> <span class='ocrx_word' id='word_1_769' title='bbox 1412 1239 1471 1267; x_wconf 93' lang='lat' dir='ltr'><strong>dico</strong></span> <span class='ocrx_word' id='word_1_770' title='bbox 1485 1241 1656 1275; x_wconf 86' lang='lat' dir='ltr'><strong>conspicuum</strong></span> <span class='ocrx_word' id='word_1_771' title='bbox 1668 1248 1729 1268; x_wconf 83' lang='lat' dir='ltr'><strong>esse</strong></span> 
     </span>
    </p>
   </div>
   <div class='ocr_carea' id='block_1_89' title="bbox 938 1286 1727 1321">
    <p class='ocr_par' dir='ltr' id='par_1_89' title="bbox 938 1286 1727 1321">
     <span class='ocr_line' id='line_1_93' title="bbox 938 1286 1727 1321; baseline -0.001 -7"><span class='ocrx_word' id='word_1_772' title='bbox 938 1287 1065 1315; x_wconf 82' lang='lat' dir='ltr'><strong>inveniet.</strong></span> <span class='ocrx_word' id='word_1_773' title='bbox 1079 1287 1146 1314; x_wconf 84' lang='lat' dir='ltr'><strong>Nam</strong></span> <span class='ocrx_word' id='word_1_774' title='bbox 1159 1291 1187 1314; x_wconf 89' lang='lat' dir='ltr'><strong>et</strong></span> <span class='ocrx_word' id='word_1_775' title='bbox 1196 1287 1281 1313; x_wconf 92' lang='lat' dir='ltr'><strong>virum</strong></span> <span class='ocrx_word' id='word_1_776' title='bbox 1297 1287 1371 1313; x_wconf 90' lang='lat' dir='ltr'><strong>illum</strong></span> <span class='ocrx_word' id='word_1_777' title='bbox 1384 1291 1461 1313; x_wconf 75' lang='lat' dir='ltr'><strong>vocat</strong></span> <span class='ocrx_word' id='word_1_778' title='bbox 1470 1307 1477 1318; x_wconf 83' lang='grc'>,</span> <span class='ocrx_word' id='word_1_779' title='bbox 1494 1286 1581 1321; x_wconf 84' lang='lat' dir='ltr'><strong>deque</strong></span> <span class='ocrx_word' id='word_1_780' title='bbox 1593 1287 1727 1320; x_wconf 71' lang='lat' dir='ltr'><strong>passione.</strong></span> 
     </span>
    </p>
   </div>
   <div class='ocr_carea' id='block_1_90' title="bbox 938 1331 1728 1367">
    <p class='ocr_par' dir='ltr' id='par_1_90' title="bbox 938 1331 1728 1367">
     <span class='ocr_line' id='line_1_94' title="bbox 938 1331 1728 1367; baseline -0.003 -7"><span class='ocrx_word' id='word_1_781' title='bbox 938 1333 1150 1365; x_wconf 81' lang='lat' dir='ltr'><strong>resurrectione,</strong></span> <span class='ocrx_word' id='word_1_782' title='bbox 1164 1336 1192 1360; x_wconf 82' lang='lat' dir='ltr'><strong>et</strong></span> <span class='ocrx_word' id='word_1_783' title='bbox 1206 1333 1378 1367; x_wconf 85' lang='lat' dir='ltr'><strong>generatione</strong></span> <span class='ocrx_word' id='word_1_784' title='bbox 1392 1331 1537 1360; x_wconf 85' lang='lat' dir='ltr'><strong>secundum</strong></span> <span class='ocrx_word' id='word_1_785' title='bbox 1549 1340 1655 1359; x_wconf 87' lang='lat' dir='ltr'><strong>carnem</strong></span> <span class='ocrx_word' id='word_1_786' title='bbox 1669 1332 1728 1367; x_wconf 80' lang='lat' dir='ltr'><strong>plu-</strong></span> 
     </span>
    </p>
   </div>
   <div class='ocr_carea' id='block_1_91' title="bbox 940 1377 1729 1412">
    <p class='ocr_par' dir='ltr' id='par_1_91' title="bbox 940 1377 1729 1412">
     <span class='ocr_line' id='line_1_95' title="bbox 940 1377 1729 1412; baseline -0.003 -6"><span class='ocrx_word' id='word_1_787' title='bbox 940 1378 1014 1406; x_wconf 83' lang='lat' dir='ltr'><strong>ribus</strong></span> <span class='ocrx_word' id='word_1_788' title='bbox 1035 1378 1099 1412; x_wconf 87' lang='lat' dir='ltr'><strong>agit.</strong></span> <span class='ocrx_word' id='word_1_789' title='bbox 1116 1377 1212 1404; x_wconf 86' lang='lat' dir='ltr'><strong>Paulus</strong></span> <span class='ocrx_word' id='word_1_790' title='bbox 1229 1385 1292 1404; x_wconf 79' lang='lat' dir='ltr'><strong>Vero</strong></span> <span class='ocrx_word' id='word_1_791' title='bbox 1307 1385 1366 1404; x_wconf 93' lang='lat' dir='ltr'><strong>cum</strong></span> <span class='ocrx_word' id='word_1_792' title='bbox 1383 1377 1462 1408; x_wconf 75' lang='lat' dir='ltr'><strong>dicit,</strong></span> <span class='ocrx_word' id='word_1_793' title='bbox 1481 1377 1531 1411; x_wconf 86' lang='lat' dir='ltr'><strong>Qui</strong></span> <span class='ocrx_word' id='word_1_794' title='bbox 1553 1379 1634 1412; x_wconf 74' lang='lat' dir='ltr'><strong>factus</strong></span> <span class='ocrx_word' id='word_1_795' title='bbox 1648 1382 1683 1404; x_wconf 76' lang='lat' dir='ltr'><strong>est</strong></span> <span class='ocrx_word' id='word_1_796' title='bbox 1698 1386 1729 1404; x_wconf 76' lang='lat' dir='ltr'><strong>ea:</strong></span> 
     </span>
    </p>
   </div>
   <div class='ocr_carea' id='block_1_92' title="bbox 937 1421 1728 1458">
    <p class='ocr_par' dir='ltr' id='par_1_92' title="bbox 937 1421 1728 1458">
     <span class='ocr_line' id='line_1_96' title="bbox 937 1421 1728 1458; baseline -0.001 -8"><span class='ocrx_word' id='word_1_797' title='bbox 937 1423 1032 1450; x_wconf 74' lang='lat' dir='ltr'><strong>sentiae</strong></span> <span class='ocrx_word' id='word_1_798' title='bbox 1050 1422 1134 1448; x_wconf 80' lang='lat' dir='ltr'><strong>David</strong></span> <span class='ocrx_word' id='word_1_799' title='bbox 1158 1422 1295 1449; x_wconf 75' lang='lat' dir='ltr'><strong>secundum</strong></span> <span class='ocrx_word' id='word_1_800' title='bbox 1317 1430 1418 1448; x_wconf 78' lang='lat' dir='ltr'><strong>carnem</strong></span> <span class='ocrx_word' id='word_1_801' title='bbox 1440 1421 1533 1458; x_wconf 85' lang='lat' dir='ltr'><strong>(Rom.</strong></span> <span class='ocrx_word' id='word_1_802' title='bbox 1551 1423 1576 1449; x_wconf 84' lang='grc'><strong>1.</strong></span> <span class='ocrx_word' id='word_1_803' title='bbox 1596 1423 1646 1455; x_wconf 79' lang='lat'><strong>5).</strong></span> <span class='ocrx_word' id='word_1_804' title='bbox 1664 1421 1728 1449; x_wconf 87' lang='lat' dir='ltr'><strong>nihil</strong></span> 
     </span>
    </p>
   </div>
   <div class='ocr_carea' id='block_1_93' title="bbox 937 1467 1730 1502">
    <p class='ocr_par' dir='ltr' id='par_1_93' title="bbox 937 1467 1730 1502">
     <span class='ocr_line' id='line_1_97' title="bbox 937 1467 1730 1502; baseline -0.001 -8"><span class='ocrx_word' id='word_1_805' title='bbox 937 1467 1010 1494; x_wconf 84' lang='lat' dir='ltr'><strong>aliud</strong></span> <span class='ocrx_word' id='word_1_806' title='bbox 1026 1475 1075 1494; x_wconf 89' lang='lat' dir='ltr'><strong>nos</strong></span> <span class='ocrx_word' id='word_1_807' title='bbox 1088 1468 1185 1499; x_wconf 84' lang='lat' dir='ltr'><strong>docet,</strong></span> <span class='ocrx_word' id='word_1_808' title='bbox 1200 1475 1279 1502; x_wconf 90' lang='lat' dir='ltr'><strong>quam</strong></span> <span class='ocrx_word' id='word_1_809' title='bbox 1290 1467 1360 1502; x_wconf 88' lang='lat' dir='ltr'><strong>quod</strong></span> <span class='ocrx_word' id='word_1_810' title='bbox 1372 1467 1435 1494; x_wconf 90' lang='lat' dir='ltr'><strong>illud</strong></span> <span class='ocrx_word' id='word_1_811' title='bbox 1446 1488 1453 1500; x_wconf 90' lang='lat'><strong>,</strong></span> <span class='ocrx_word' id='word_1_812' title='bbox 1471 1467 1541 1494; x_wconf 71' lang='lat' dir='ltr'><strong>Fecit</strong></span> <span class='ocrx_word' id='word_1_813' title='bbox 1552 1488 1558 1499; x_wconf 82' lang='lat'><em>.</em></span> <span class='ocrx_word' id='word_1_814' title='bbox 1576 1467 1609 1494; x_wconf 86' lang='lat' dir='ltr'><strong>de</strong></span> <span class='ocrx_word' id='word_1_815' title='bbox 1623 1475 1730 1494; x_wconf 71' lang='lat' dir='ltr'><strong>meoun-</strong></span> 
     </span>
    </p>
   </div>
   <div class='ocr_carea' id='block_1_94' title="bbox 938 1512 1724 1546">
    <p class='ocr_par' dir='ltr' id='par_1_94' title="bbox 938 1512 1724 1546">
     <span class='ocr_line' id='line_1_98' title="bbox 938 1512 1724 1546; baseline 0 -7"><span class='ocrx_word' id='word_1_816' title='bbox 938 1513 990 1540; x_wconf 85' lang='lat' dir='ltr'><strong>mia</strong></span> <span class='ocrx_word' id='word_1_817' title='bbox 1002 1513 1101 1539; x_wconf 91' lang='lat' dir='ltr'><strong>dictum</strong></span> <span class='ocrx_word' id='word_1_818' title='bbox 1113 1512 1161 1544; x_wconf 82' lang='lat' dir='ltr'><strong>sit;</strong></span> <span class='ocrx_word' id='word_1_819' title='bbox 1177 1512 1201 1538; x_wconf 90' lang='lat' dir='ltr'><strong>id</strong></span> <span class='ocrx_word' id='word_1_820' title='bbox 1216 1512 1284 1546; x_wconf 88' lang='lat' dir='ltr'><strong>quod</strong></span> <span class='ocrx_word' id='word_1_821' title='bbox 1299 1513 1377 1539; x_wconf 80' lang='lat' dir='ltr'><strong>etiam</strong></span> <span class='ocrx_word' id='word_1_822' title='bbox 1389 1519 1437 1539; x_wconf 93' lang='lat' dir='ltr'><strong>nos</strong></span> <span class='ocrx_word' id='word_1_823' title='bbox 1447 1513 1615 1539; x_wconf 87' lang='lat' dir='ltr'><strong>conlitemnr.</strong></span> <span class='ocrx_word' id='word_1_824' title='bbox 1628 1512 1724 1539; x_wconf 77' lang='lat' dir='ltr'><strong>Verum</strong></span> 
     </span>
    </p>
   </div>
   <div class='ocr_carea' id='block_1_95' title="bbox 939 1557 1729 1586">
    <p class='ocr_par' dir='ltr' id='par_1_95' title="bbox 939 1557 1729 1586">
     <span class='ocr_line' id='line_1_99' title="bbox 939 1557 1729 1586; baseline -0.001 -1"><span class='ocrx_word' id='word_1_825' title='bbox 939 1558 1008 1586; x_wconf 90' lang='lat' dir='ltr'><strong>ﬁlius</strong></span> <span class='ocrx_word' id='word_1_826' title='bbox 1023 1558 1131 1585; x_wconf 90' lang='lat' dir='ltr'><strong>tonitrui</strong></span> <span class='ocrx_word' id='word_1_827' title='bbox 1146 1557 1179 1585; x_wconf 88' lang='lat' dir='ltr'><strong>de</strong></span> <span class='ocrx_word' id='word_1_828' title='bbox 1203 1557 1327 1585; x_wconf 71' lang='lat' dir='ltr'><strong>ineffabili</strong></span> <span class='ocrx_word' id='word_1_829' title='bbox 1349 1563 1374 1584; x_wconf 88' lang='lat' dir='ltr'><strong>et</strong></span> <span class='ocrx_word' id='word_1_830' title='bbox 1386 1562 1448 1584; x_wconf 90' lang='lat' dir='ltr'><strong>ante</strong></span> <span class='ocrx_word' id='word_1_831' title='bbox 1461 1558 1557 1584; x_wconf 65' lang='lat' dir='ltr'><strong>saecula</strong></span> <span class='ocrx_word' id='word_1_832' title='bbox 1572 1559 1729 1585; x_wconf 80' lang='lat' dir='ltr'><strong>exsistcntia</strong></span> 
     </span>
    </p>
   </div>
   <div class='ocr_carea' id='block_1_96' title="bbox 939 1603 1728 1637">
    <p class='ocr_par' dir='ltr' id='par_1_96' title="bbox 939 1603 1728 1637">
     <span class='ocr_line' id='line_1_100' title="bbox 939 1603 1728 1637; baseline -0.003 -6"><span class='ocrx_word' id='word_1_833' title='bbox 939 1612 1008 1632; x_wconf 90' lang='lat' dir='ltr'><strong>nunc</strong></span> <span class='ocrx_word' id='word_1_834' title='bbox 1020 1612 1068 1631; x_wconf 88' lang='lat' dir='ltr'><strong>nos</strong></span> <span class='ocrx_word' id='word_1_835' title='bbox 1083 1604 1237 1637; x_wconf 82' lang='lat' dir='ltr'><strong>allaquitur.</strong></span> <span class='ocrx_word' id='word_1_836' title='bbox 1255 1603 1317 1631; x_wconf 84' lang='lat' dir='ltr'><strong>Ideo</strong></span> <span class='ocrx_word' id='word_1_837' title='bbox 1331 1603 1378 1631; x_wconf 89' lang='lat' dir='ltr'><strong>illo</strong></span> <span class='ocrx_word' id='word_1_838' title='bbox 1389 1624 1396 1636; x_wconf 83' lang='lat'><strong>,</strong></span> <span class='ocrx_word' id='word_1_839' title='bbox 1414 1603 1504 1636; x_wconf 82' lang='lat' dir='ltr'><strong>Fecit,</strong></span> <span class='ocrx_word' id='word_1_840' title='bbox 1521 1603 1614 1631; x_wconf 84' lang='lat' dir='ltr'><strong>relicto</strong></span> <span class='ocrx_word' id='word_1_841' title='bbox 1624 1624 1632 1636; x_wconf 93' lang='lat'><strong>,</strong></span> <span class='ocrx_word' id='word_1_842' title='bbox 1648 1603 1728 1637; x_wconf 80' lang='lat' dir='ltr'><strong>Erat,</strong></span> 
     </span>
    </p>
   </div>
   <div class='ocr_carea' id='block_1_97' title="bbox 939 1649 1728 1686">
    <p class='ocr_par' dir='ltr' id='par_1_97' title="bbox 939 1649 1728 1686">
     <span class='ocr_line' id='line_1_101' title="bbox 939 1649 1728 1686; baseline -0.001 -9"><span class='ocrx_word' id='word_1_843' title='bbox 939 1650 1014 1678; x_wconf 75' lang='lat' dir='ltr'><strong>dixit.</strong></span> <span class='ocrx_word' id='word_1_844' title='bbox 1028 1649 1174 1686; x_wconf 82' lang='lat' dir='ltr'><strong>Oportebat</strong></span> <span class='ocrx_word' id='word_1_845' title='bbox 1185 1650 1255 1676; x_wconf 91' lang='lat' dir='ltr'><strong>enim</strong></span> <span class='ocrx_word' id='word_1_846' title='bbox 1265 1670 1272 1681; x_wconf 83' lang='lat'><strong>,</strong></span> <span class='ocrx_word' id='word_1_847' title='bbox 1286 1650 1308 1676; x_wconf 88' lang='lat' dir='ltr'><strong>si</strong></span> <span class='ocrx_word' id='word_1_848' title='bbox 1320 1654 1437 1676; x_wconf 86' lang='lat' dir='ltr'><strong>creatum</strong></span> <span class='ocrx_word' id='word_1_849' title='bbox 1452 1649 1560 1682; x_wconf 83' lang='lat' dir='ltr'><strong>fuisset,</strong></span> <span class='ocrx_word' id='word_1_850' title='bbox 1574 1649 1598 1676; x_wconf 89' lang='lat' dir='ltr'><strong>id</strong></span> <span class='ocrx_word' id='word_1_851' title='bbox 1611 1650 1728 1676; x_wconf 77' lang='lat' dir='ltr'><strong>maxime</strong></span> 
     </span>
    </p>
   </div>
   <div class='ocr_carea' id='block_1_98' title="bbox 939 1695 1726 1730">
    <p class='ocr_par' dir='ltr' id='par_1_98' title="bbox 939 1695 1726 1730">
     <span class='ocr_line' id='line_1_102' title="bbox 939 1695 1726 1730; baseline -0.005 -5"><span class='ocrx_word' id='word_1_852' title='bbox 939 1697 1060 1725; x_wconf 90' lang='lat' dir='ltr'><strong>delinire.</strong></span> <span class='ocrx_word' id='word_1_853' title='bbox 1076 1696 1104 1724; x_wconf 93' lang='lat' dir='ltr'><strong>Si</strong></span> <span class='ocrx_word' id='word_1_854' title='bbox 1124 1696 1195 1723; x_wconf 88' lang='lat' dir='ltr'><strong>enim</strong></span> <span class='ocrx_word' id='word_1_855' title='bbox 1212 1696 1309 1722; x_wconf 87' lang='lat' dir='ltr'><strong>Paulus</strong></span> <span class='ocrx_word' id='word_1_856' title='bbox 1325 1695 1410 1722; x_wconf 90' lang='lat' dir='ltr'><strong>timuit</strong></span> <span class='ocrx_word' id='word_1_857' title='bbox 1427 1703 1460 1722; x_wconf 89' lang='lat' dir='ltr'><strong>ne</strong></span> <span class='ocrx_word' id='word_1_858' title='bbox 1474 1696 1533 1730; x_wconf 90' lang='lat' dir='ltr'><strong>quis</strong></span> <span class='ocrx_word' id='word_1_859' title='bbox 1547 1703 1578 1722; x_wconf 81' lang='lat' dir='ltr'><strong>ex</strong></span> <span class='ocrx_word' id='word_1_860' title='bbox 1597 1695 1726 1729; x_wconf 82' lang='lat' dir='ltr'><strong>insipien-</strong></span> 
     </span>
    </p>
   </div>
   <div class='ocr_carea' id='block_1_99' title="bbox 940 1740 1729 1778">
    <p class='ocr_par' dir='ltr' id='par_1_99' title="bbox 940 1740 1729 1778">
     <span class='ocr_line' id='line_1_103' title="bbox 940 1740 1729 1778; baseline -0.003 -8"><span class='ocrx_word' id='word_1_861' title='bbox 940 1744 1010 1771; x_wconf 92' lang='lat' dir='ltr'><strong>tibus</strong></span> <span class='ocrx_word' id='word_1_862' title='bbox 1020 1743 1198 1778; x_wconf 85' lang='lat' dir='ltr'><strong>suspicaretur</strong></span> <span class='ocrx_word' id='word_1_863' title='bbox 1211 1741 1304 1769; x_wconf 87' lang='lat' dir='ltr'><strong>Filium</strong></span> <span class='ocrx_word' id='word_1_864' title='bbox 1318 1741 1396 1768; x_wconf 88' lang='lat' dir='ltr'><strong>Patre</strong></span> <span class='ocrx_word' id='word_1_865' title='bbox 1407 1741 1534 1775; x_wconf 84' lang='lat' dir='ltr'><strong>majorem</strong></span> <span class='ocrx_word' id='word_1_866' title='bbox 1548 1740 1616 1772; x_wconf 82' lang='lat' dir='ltr'><strong>fore.</strong></span> <span class='ocrx_word' id='word_1_867' title='bbox 1633 1745 1659 1768; x_wconf 89' lang='lat' dir='ltr'><strong>et</strong></span> <span class='ocrx_word' id='word_1_868' title='bbox 1677 1741 1729 1768; x_wconf 84' lang='lat' dir='ltr'><strong>Ge-</strong></span> 
     </span>
    </p>
   </div>
   <div class='ocr_carea' id='block_1_100' title="bbox 940 1787 1732 1822">
    <p class='ocr_par' dir='ltr' id='par_1_100' title="bbox 940 1787 1732 1822">
     <span class='ocr_line' id='line_1_104' title="bbox 940 1787 1732 1822; baseline -0.004 -6"><span class='ocrx_word' id='word_1_869' title='bbox 940 1790 1054 1816; x_wconf 87' lang='lat' dir='ltr'><strong>nitorem</strong></span> <span class='ocrx_word' id='word_1_870' title='bbox 1071 1788 1121 1816; x_wconf 89' lang='lat' dir='ltr'><strong>sibi</strong></span> <span class='ocrx_word' id='word_1_871' title='bbox 1143 1788 1291 1822; x_wconf 87' lang='lat' dir='ltr'><strong>subjectum</strong></span> <span class='ocrx_word' id='word_1_872' title='bbox 1317 1787 1468 1813; x_wconf 86' lang='lat' dir='ltr'><strong>habiturum</strong></span> <span class='ocrx_word' id='word_1_873' title='bbox 1488 1793 1571 1813; x_wconf 84' lang='lat' dir='ltr'><strong>esse:</strong></span> <span class='ocrx_word' id='word_1_874' title='bbox 1595 1794 1655 1814; x_wconf 86' lang='lat' dir='ltr'><strong>nam</strong></span> <span class='ocrx_word' id='word_1_875' title='bbox 1672 1787 1732 1813; x_wconf 87' lang='lat' dir='ltr'><strong>ideo</strong></span> 
     </span>
    </p>
   </div>
   <div class='ocr_carea' id='block_1_101' title="bbox 939 1832 1730 1867">
    <p class='ocr_par' dir='ltr' id='par_1_101' title="bbox 939 1832 1730 1867">
     <span class='ocr_line' id='line_1_105' title="bbox 939 1832 1730 1867; baseline -0.006 -4"><span class='ocrx_word' id='word_1_876' title='bbox 939 1835 1085 1863; x_wconf 86' lang='lat' dir='ltr'><strong>Corinthiis</strong></span> <span class='ocrx_word' id='word_1_877' title='bbox 1099 1833 1220 1861; x_wconf 86' lang='lat' dir='ltr'><strong>scribens</strong></span> <span class='ocrx_word' id='word_1_878' title='bbox 1233 1833 1357 1860; x_wconf 80' lang='lat' dir='ltr'><strong>dicebat:</strong></span> <span class='ocrx_word' id='word_1_879' title='bbox 1373 1832 1434 1859; x_wconf 86' lang='lat' dir='ltr'><strong>Cum</strong></span> <span class='ocrx_word' id='word_1_880' title='bbox 1450 1837 1533 1858; x_wconf 74' lang='lat' dir='ltr'><strong>autem</strong></span> <span class='ocrx_word' id='word_1_881' title='bbox 1548 1833 1624 1865; x_wconf 81' lang='lat' dir='ltr'><strong>dicit,</strong></span> <span class='ocrx_word' id='word_1_882' title='bbox 1642 1832 1730 1867; x_wconf 79' lang='lat' dir='ltr'><strong>Subje-</strong></span> 
     </span>
    </p>
   </div>
   <div class='ocr_carea' id='block_1_102' title="bbox 940 1877 1730 1913">
    <p class='ocr_par' dir='ltr' id='par_1_102' title="bbox 940 1877 1730 1913">
     <span class='ocr_line' id='line_1_106' title="bbox 940 1877 1730 1913; baseline -0.003 -7"><span class='ocrx_word' id='word_1_883' title='bbox 940 1886 980 1906; x_wconf 86' lang='lat' dir='ltr'><strong>cta</strong></span> <span class='ocrx_word' id='word_1_884' title='bbox 993 1884 1067 1912; x_wconf 76' lang='lat' dir='ltr'><strong>sunt,</strong></span> <span class='ocrx_word' id='word_1_885' title='bbox 1085 1879 1139 1906; x_wconf 80' lang='lat' dir='ltr'><strong>sine</strong></span> <span class='ocrx_word' id='word_1_886' title='bbox 1152 1878 1226 1905; x_wconf 78' lang='lat' dir='ltr'><strong>dubia</strong></span> <span class='ocrx_word' id='word_1_887' title='bbox 1244 1882 1335 1913; x_wconf 71' lang='lat' dir='ltr'><strong>prieter</strong></span> <span class='ocrx_word' id='word_1_888' title='bbox 1350 1885 1405 1903; x_wconf 85' lang='lat' dir='ltr'><strong>enm</strong></span> <span class='ocrx_word' id='word_1_889' title='bbox 1423 1877 1465 1911; x_wconf 79' lang='lat' dir='ltr'><strong>qui</strong></span> <span class='ocrx_word' id='word_1_890' title='bbox 1486 1877 1591 1912; x_wconf 81' lang='lat' dir='ltr'><strong>subjecit</strong></span> <span class='ocrx_word' id='word_1_891' title='bbox 1608 1878 1630 1903; x_wconf 87' lang='lat' dir='ltr'><strong>ci</strong></span> <span class='ocrx_word' id='word_1_892' title='bbox 1645 1878 1730 1904; x_wconf 75' lang='lat' dir='ltr'><strong>omnia</strong></span> 
     </span>
    </p>
   </div>
   <div class='ocr_carea' id='block_1_103' title="bbox 940 1923 1728 1962">
    <p class='ocr_par' dir='ltr' id='par_1_103' title="bbox 940 1923 1728 1962">
     <span class='ocr_line' id='line_1_107' title="bbox 940 1923 1728 1962; baseline -0.006 -8"><span class='ocrx_word' id='word_1_893' title='bbox 940 1927 986 1962; x_wconf 77' lang='grc'><strong>(1.</strong></span> <span class='ocrx_word' id='word_1_894' title='bbox 999 1925 1058 1953; x_wconf 87' lang='lat' dir='ltr'><strong>Cor.</strong></span> <span class='ocrx_word' id='word_1_895' title='bbox 1072 1926 1114 1952; x_wconf 86' lang='grc'><strong>15.</strong></span> <span class='ocrx_word' id='word_1_896' title='bbox 1128 1923 1173 1951; x_wconf 74' lang='grc'><strong>26.</strong></span> <span class='ocrx_word' id='word_1_897' title='bbox 1187 1924 1220 1951; x_wconf 71' lang='grc'>27</span> <span class='ocrx_word' id='word_1_898' title='bbox 1230 1925 1239 1958; x_wconf 84' lang='grc'>)</span> <span class='ocrx_word' id='word_1_899' title='bbox 1250 1932 1256 1955; x_wconf 78' lang='grc' dir='ltr'>ς</span> <span class='ocrx_word' id='word_1_900' title='bbox 1269 1923 1340 1958; x_wconf 88' lang='lat' dir='ltr'><strong>atqui</strong></span> <span class='ocrx_word' id='word_1_901' title='bbox 1353 1924 1412 1958; x_wconf 88' lang='lat' dir='ltr'><strong>quis</strong></span> <span class='ocrx_word' id='word_1_902' title='bbox 1426 1923 1606 1957; x_wconf 76' lang='lat' dir='ltr'><strong>suspicaretur</strong></span> <span class='ocrx_word' id='word_1_903' title='bbox 1622 1923 1728 1950; x_wconf 77' lang='lat' dir='ltr'><strong>Patrem</strong></span> 
     </span>
    </p>
   </div>
   <div class='ocr_carea' id='block_1_104' title="bbox 940 1969 1728 2005">
    <p class='ocr_par' dir='ltr' id='par_1_104' title="bbox 940 1969 1728 2005">
     <span class='ocr_line' id='line_1_108' title="bbox 940 1969 1728 2005; baseline -0.005 -6"><span class='ocrx_word' id='word_1_904' title='bbox 940 1981 1000 2000; x_wconf 89' lang='lat' dir='ltr'><strong>cum</strong></span> <span class='ocrx_word' id='word_1_905' title='bbox 1020 1972 1143 1998; x_wconf 86' lang='lat' dir='ltr'><strong>omnibus</strong></span> <span class='ocrx_word' id='word_1_906' title='bbox 1158 1970 1305 2005; x_wconf 87' lang='lat' dir='ltr'><strong>subjectum</strong></span> <span class='ocrx_word' id='word_1_907' title='bbox 1322 1970 1376 1996; x_wconf 81' lang='lat' dir='ltr'><strong>fore</strong></span> <span class='ocrx_word' id='word_1_908' title='bbox 1393 1969 1480 1996; x_wconf 82' lang='lat' dir='ltr'><strong>Filio?</strong></span> <span class='ocrx_word' id='word_1_909' title='bbox 1495 1975 1521 1996; x_wconf 88' lang='lat' dir='ltr'><strong>et</strong></span> <span class='ocrx_word' id='word_1_910' title='bbox 1541 1974 1628 1996; x_wconf 84' lang='lat' dir='ltr'><strong>tamen</strong></span> <span class='ocrx_word' id='word_1_911' title='bbox 1643 1969 1665 1996; x_wconf 83' lang='lat' dir='ltr'><strong>si</strong></span> <span class='ocrx_word' id='word_1_912' title='bbox 1681 1969 1728 1995; x_wconf 86' lang='lat' dir='ltr'><strong>has</strong></span> 
     </span>
    </p>
   </div>
   <div class='ocr_carea' id='block_1_105' title="bbox 941 2013 1732 2049">
    <p class='ocr_par' dir='ltr' id='par_1_105' title="bbox 941 2013 1732 2049">
     <span class='ocr_line' id='line_1_109' title="bbox 941 2013 1732 2049; baseline -0.005 -5"><span class='ocrx_word' id='word_1_913' title='bbox 941 2016 1070 2044; x_wconf 76' lang='lat' dir='ltr'><strong>absurdus</strong></span> <span class='ocrx_word' id='word_1_914' title='bbox 1082 2016 1249 2049; x_wconf 85' lang='lat' dir='ltr'><strong>suspiciones</strong></span> <span class='ocrx_word' id='word_1_915' title='bbox 1267 2014 1355 2041; x_wconf 89' lang='lat' dir='ltr'><strong>tinmit</strong></span> <span class='ocrx_word' id='word_1_916' title='bbox 1369 2019 1395 2041; x_wconf 90' lang='lat' dir='ltr'><strong>et</strong></span> <span class='ocrx_word' id='word_1_917' title='bbox 1408 2014 1471 2041; x_wconf 90' lang='lat' dir='ltr'><strong>dicit</strong></span> <span class='ocrx_word' id='word_1_918' title='bbox 1484 2035 1490 2045; x_wconf 85' lang='grc'><strong>,</strong></span> <span class='ocrx_word' id='word_1_919' title='bbox 1509 2013 1608 2041; x_wconf 73' lang='grc' dir='ltr'><strong>Ρητιεν</strong></span> <span class='ocrx_word' id='word_1_920' title='bbox 1619 2022 1675 2041; x_wconf 83' lang='lat' dir='ltr'><strong>eum</strong></span> <span class='ocrx_word' id='word_1_921' title='bbox 1689 2015 1732 2047; x_wconf 75' lang='lat' dir='ltr'><strong>qui</strong></span> 
     </span>
    </p>
   </div>
   <div class='ocr_carea' id='block_1_106' title="bbox 941 2059 1728 2099">
    <p class='ocr_par' dir='ltr' id='par_1_106' title="bbox 941 2059 1728 2099">
     <span class='ocr_line' id='line_1_110' title="bbox 941 2059 1728 2099; baseline -0.005 -9"><span class='ocrx_word' id='word_1_922' title='bbox 941 2063 1045 2099; x_wconf 71' lang='lat' dir='ltr'><strong>subjecit</strong></span> <span class='ocrx_word' id='word_1_923' title='bbox 1056 2062 1077 2089; x_wconf 84' lang='lat' dir='ltr'><strong>ei</strong></span> <span class='ocrx_word' id='word_1_924' title='bbox 1090 2062 1192 2093; x_wconf 82' lang='lat' dir='ltr'><strong>omnia;</strong></span> <span class='ocrx_word' id='word_1_925' title='bbox 1208 2061 1290 2087; x_wconf 91' lang='lat' dir='ltr'><strong>multo</strong></span> <span class='ocrx_word' id='word_1_926' title='bbox 1302 2060 1384 2094; x_wconf 85' lang='lat' dir='ltr'><strong>magis</strong></span> <span class='ocrx_word' id='word_1_927' title='bbox 1397 2059 1536 2091; x_wconf 79' lang='lat' dir='ltr'><strong>Joannem,</strong></span> <span class='ocrx_word' id='word_1_928' title='bbox 1550 2059 1572 2086; x_wconf 89' lang='lat' dir='ltr'><strong>si</strong></span> <span class='ocrx_word' id='word_1_929' title='bbox 1586 2059 1669 2086; x_wconf 81' lang='lat' dir='ltr'><strong>Filius</strong></span> <span class='ocrx_word' id='word_1_930' title='bbox 1682 2059 1728 2086; x_wconf 88' lang='lat' dir='ltr'><strong>Dci</strong></span> 
     </span>
    </p>
   </div>
   <div class='ocr_carea' id='block_1_107' title="bbox 941 2105 1726 2139">
    <p class='ocr_par' dir='ltr' id='par_1_107' title="bbox 941 2105 1726 2139">
     <span class='ocr_line' id='line_1_111' title="bbox 941 2105 1726 2139; baseline -0.006 -4"><span class='ocrx_word' id='word_1_931' title='bbox 941 2114 1044 2136; x_wconf 86' lang='lat' dir='ltr'><strong>creatus</strong></span> <span class='ocrx_word' id='word_1_932' title='bbox 1059 2107 1152 2134; x_wconf 69' lang='lat' dir='ltr'><strong>fuisset</strong></span> <span class='ocrx_word' id='word_1_933' title='bbox 1164 2126 1171 2139; x_wconf 90' lang='lat'><strong>,</strong></span> <span class='ocrx_word' id='word_1_934' title='bbox 1188 2107 1281 2133; x_wconf 86' lang='lat' dir='ltr'><strong>timere</strong></span> <span class='ocrx_word' id='word_1_935' title='bbox 1305 2106 1453 2139; x_wconf 86' lang='lat' dir='ltr'><strong>oportebat,</strong></span> <span class='ocrx_word' id='word_1_936' title='bbox 1468 2112 1501 2131; x_wconf 88' lang='lat' dir='ltr'><strong>ne</strong></span> <span class='ocrx_word' id='word_1_937' title='bbox 1514 2105 1572 2139; x_wconf 92' lang='lat' dir='ltr'><strong>quis</strong></span> <span class='ocrx_word' id='word_1_938' title='bbox 1585 2105 1669 2138; x_wconf 91' lang='lat' dir='ltr'><strong>ipsum</strong></span> <span class='ocrx_word' id='word_1_939' title='bbox 1686 2105 1726 2131; x_wconf 92' lang='lat' dir='ltr'><strong>in-</strong></span> 
     </span>
    </p>
   </div>
   <div class='ocr_carea' id='block_1_108' title="bbox 942 2150 1732 2188">
    <p class='ocr_par' dir='ltr' id='par_1_108' title="bbox 942 2150 1732 2188">
     <span class='ocr_line' id='line_1_112' title="bbox 942 2150 1732 2188; baseline -0.005 -7"><span class='ocrx_word' id='word_1_940' title='bbox 942 2159 1059 2181; x_wconf 91' lang='lat' dir='ltr'><strong>creatum</strong></span> <span class='ocrx_word' id='word_1_941' title='bbox 1074 2157 1188 2188; x_wconf 83' lang='lat' dir='ltr'><strong>putaret,</strong></span> <span class='ocrx_word' id='word_1_942' title='bbox 1204 2151 1322 2186; x_wconf 89' lang='lat' dir='ltr'><strong>illudque</strong></span> <span class='ocrx_word' id='word_1_943' title='bbox 1332 2159 1388 2186; x_wconf 81' lang='lat' dir='ltr'><strong>prae</strong></span> <span class='ocrx_word' id='word_1_944' title='bbox 1401 2151 1525 2177; x_wconf 87' lang='lat' dir='ltr'><strong>otnnibus</strong></span> <span class='ocrx_word' id='word_1_945' title='bbox 1539 2150 1646 2177; x_wconf 88' lang='lat' dir='ltr'><strong>docere.</strong></span> <span class='ocrx_word' id='word_1_946' title='bbox 1663 2150 1732 2177; x_wconf 89' lang='lat' dir='ltr'><strong>Cum</strong></span> 
     </span>
    </p>
   </div>
   <div class='ocr_carea' id='block_1_109' title="bbox 942 2195 1734 2234">
    <p class='ocr_par' dir='ltr' id='par_1_109' title="bbox 942 2195 1734 2234">
     <span class='ocr_line' id='line_1_113' title="bbox 942 2195 1734 2234; baseline -0.008 -7"><span class='ocrx_word' id='word_1_947' title='bbox 942 2205 1030 2227; x_wconf 84' lang='lat' dir='ltr'><strong>autem</strong></span> <span class='ocrx_word' id='word_1_948' title='bbox 1047 2198 1153 2234; x_wconf 85' lang='lat' dir='ltr'><strong>genitus</strong></span> <span class='ocrx_word' id='word_1_949' title='bbox 1167 2197 1211 2229; x_wconf 81' lang='lat' dir='ltr'><strong>sit,</strong></span> <span class='ocrx_word' id='word_1_950' title='bbox 1224 2197 1284 2231; x_wconf 84' lang='lat' dir='ltr'><strong>jure</strong></span> <span class='ocrx_word' id='word_1_951' title='bbox 1297 2204 1383 2230; x_wconf 85' lang='lat' dir='ltr'><strong>neque</strong></span> <span class='ocrx_word' id='word_1_952' title='bbox 1394 2197 1461 2230; x_wconf 87' lang='lat' dir='ltr'><strong>ipse,</strong></span> <span class='ocrx_word' id='word_1_953' title='bbox 1476 2203 1563 2230; x_wconf 89' lang='lat' dir='ltr'><strong>neque</strong></span> <span class='ocrx_word' id='word_1_954' title='bbox 1577 2195 1645 2222; x_wconf 86' lang='lat' dir='ltr'><strong>alius</strong></span> <span class='ocrx_word' id='word_1_955' title='bbox 1660 2195 1734 2230; x_wconf 86' lang='lat' dir='ltr'><strong>quis-</strong></span> 
     </span>
    </p>
   </div>
   <div class='ocr_carea' id='block_1_110' title="bbox 944 2240 1733 2279">
    <p class='ocr_par' dir='ltr' id='par_1_110' title="bbox 944 2240 1733 2279">
     <span class='ocr_line' id='line_1_114' title="bbox 944 2240 1733 2279; baseline -0.004 -8"><span class='ocrx_word' id='word_1_956' title='bbox 944 2245 1024 2279; x_wconf 86' lang='lat' dir='ltr'><strong>piam,</strong></span> <span class='ocrx_word' id='word_1_957' title='bbox 1034 2244 1075 2270; x_wconf 90' lang='lat' dir='ltr'><strong>vel</strong></span> <span class='ocrx_word' id='word_1_958' title='bbox 1086 2243 1222 2278; x_wconf 84' lang='lat' dir='ltr'><strong>apostolus</strong></span> <span class='ocrx_word' id='word_1_959' title='bbox 1232 2242 1272 2269; x_wconf 87' lang='lat' dir='ltr'><strong>vel</strong></span> <span class='ocrx_word' id='word_1_960' title='bbox 1285 2241 1413 2276; x_wconf 87' lang='lat' dir='ltr'><strong>propheta</strong></span> <span class='ocrx_word' id='word_1_961' title='bbox 1425 2245 1542 2268; x_wconf 84' lang='lat' dir='ltr'><strong>creatum</strong></span> <span class='ocrx_word' id='word_1_962' title='bbox 1553 2240 1639 2273; x_wconf 90' lang='lat' dir='ltr'><strong>ipsum</strong></span> <span class='ocrx_word' id='word_1_963' title='bbox 1652 2240 1733 2268; x_wconf 78' lang='lat' dir='ltr'><strong>fuisse</strong></span> 
     </span>
    </p>
   </div>
   <div class='ocr_carea' id='block_1_111' title="bbox 943 2284 1732 2321">
    <p class='ocr_par' dir='ltr' id='par_1_111' title="bbox 943 2284 1732 2321">
     <span class='ocr_line' id='line_1_115' title="bbox 943 2284 1732 2321; baseline -0.004 -5"><span class='ocrx_word' id='word_1_964' title='bbox 943 2289 1018 2316; x_wconf 82' lang='lat' dir='ltr'><strong>dicit.</strong></span> <span class='ocrx_word' id='word_1_965' title='bbox 1033 2288 1088 2315; x_wconf 92' lang='lat' dir='ltr'><strong>lmo</strong></span> <span class='ocrx_word' id='word_1_966' title='bbox 1111 2295 1195 2321; x_wconf 83' lang='lat' dir='ltr'><strong>neque</strong></span> <span class='ocrx_word' id='word_1_967' title='bbox 1210 2287 1265 2321; x_wconf 89' lang='lat' dir='ltr'><strong>ipse</strong></span> <span class='ocrx_word' id='word_1_968' title='bbox 1280 2286 1438 2320; x_wconf 80' lang='lat' dir='ltr'><strong>Unigenitus</strong></span> <span class='ocrx_word' id='word_1_969' title='bbox 1451 2284 1476 2312; x_wconf 92' lang='lat' dir='ltr'><strong>id</strong></span> <span class='ocrx_word' id='word_1_970' title='bbox 1493 2285 1707 2319; x_wconf 78' lang='lat' dir='ltr'><strong>pra-tennisissel</strong></span> <span class='ocrx_word' id='word_1_971' title='bbox 1723 2306 1732 2318; x_wconf 84' lang='lat'><strong>,</strong></span> 
     </span>
    </p>
   </div>
   <div class='ocr_carea' id='block_1_112' title="bbox 945 2330 1738 2364">
    <p class='ocr_par' dir='ltr' id='par_1_112' title="bbox 945 2330 1738 2364">
     <span class='ocr_line' id='line_1_116' title="bbox 945 2330 1738 2364; baseline -0.005 -3"><span class='ocrx_word' id='word_1_972' title='bbox 945 2334 966 2361; x_wconf 87' lang='lat' dir='ltr'><strong>si</strong></span> <span class='ocrx_word' id='word_1_973' title='bbox 980 2338 1086 2360; x_wconf 87' lang='lat' dir='ltr'><strong>creatus</strong></span> <span class='ocrx_word' id='word_1_974' title='bbox 1098 2340 1160 2360; x_wconf 89' lang='lat' dir='ltr'><strong>vere</strong></span> <span class='ocrx_word' id='word_1_975' title='bbox 1171 2332 1273 2359; x_wconf 84' lang='lat' dir='ltr'><strong>fuisset.</strong></span> <span class='ocrx_word' id='word_1_976' title='bbox 1286 2331 1336 2364; x_wconf 90' lang='lat' dir='ltr'><strong>Qui</strong></span> <span class='ocrx_word' id='word_1_977' title='bbox 1345 2331 1415 2358; x_wconf 90' lang='lat' dir='ltr'><strong>enim</strong></span> <span class='ocrx_word' id='word_1_978' title='bbox 1431 2335 1483 2357; x_wconf 83' lang='lat' dir='ltr'><strong>tam</strong></span> <span class='ocrx_word' id='word_1_979' title='bbox 1497 2330 1605 2357; x_wconf 88' lang='lat' dir='ltr'><strong>humilia</strong></span> <span class='ocrx_word' id='word_1_980' title='bbox 1617 2338 1676 2358; x_wconf 86' lang='lat' dir='ltr'><strong>sese</strong></span> <span class='ocrx_word' id='word_1_981' title='bbox 1687 2330 1738 2357; x_wconf 89' lang='lat' dir='ltr'><strong>de-</strong></span> 
     </span>
    </p>
   </div>
   <div class='ocr_carea' id='block_1_113' title="bbox 946 2375 1730 2412">
    <p class='ocr_par' dir='ltr' id='par_1_113' title="bbox 946 2375 1730 2412">
     <span class='ocr_line' id='line_1_117' title="bbox 946 2375 1730 2412; baseline -0.006 -6"><span class='ocrx_word' id='word_1_982' title='bbox 946 2379 1076 2406; x_wconf 78' lang='lat' dir='ltr'><strong>mittendo</strong></span> <span class='ocrx_word' id='word_1_983' title='bbox 1092 2378 1223 2412; x_wconf 80' lang='lat' dir='ltr'><strong>l0quitur.</strong></span> <span class='ocrx_word' id='word_1_984' title='bbox 1244 2377 1328 2403; x_wconf 91' lang='lat' dir='ltr'><strong>multo</strong></span> <span class='ocrx_word' id='word_1_985' title='bbox 1348 2376 1436 2403; x_wconf 90' lang='lat' dir='ltr'><strong>minus</strong></span> <span class='ocrx_word' id='word_1_986' title='bbox 1456 2375 1481 2402; x_wconf 94' lang='lat' dir='ltr'><strong>id</strong></span> <span class='ocrx_word' id='word_1_987' title='bbox 1512 2376 1647 2402; x_wconf 82' lang='lat' dir='ltr'><strong>tacttisSet.</strong></span> <span class='ocrx_word' id='word_1_988' title='bbox 1665 2375 1730 2402; x_wconf 82' lang='lat' dir='ltr'><strong>Nam</strong></span> 
     </span>
    </p>
   </div>
   <div class='ocr_carea' id='block_1_114' title="bbox 949 2421 1735 2457">
    <p class='ocr_par' dir='ltr' id='par_1_114' title="bbox 949 2421 1735 2457">
     <span class='ocr_line' id='line_1_118' title="bbox 949 2421 1735 2457; baseline -0.005 -6"><span class='ocrx_word' id='word_1_989' title='bbox 949 2423 1124 2451; x_wconf 85' lang='lat' dir='ltr'><strong>verisimilius</strong></span> <span class='ocrx_word' id='word_1_990' title='bbox 1140 2427 1204 2457; x_wconf 87' lang='lat' dir='ltr'><strong>pttlo</strong></span> <span class='ocrx_word' id='word_1_991' title='bbox 1220 2424 1305 2457; x_wconf 69' lang='lat' dir='ltr'><strong>ipsum</strong></span> <span class='ocrx_word' id='word_1_992' title='bbox 1327 2429 1405 2456; x_wconf 87' lang='lat' dir='ltr'><strong>quam</strong></span> <span class='ocrx_word' id='word_1_993' title='bbox 1431 2421 1540 2448; x_wconf 84' lang='lat' dir='ltr'><strong>haberet</strong></span> <span class='ocrx_word' id='word_1_994' title='bbox 1555 2421 1735 2455; x_wconf 62' lang='lat' dir='ltr'><strong>pra‘stantiaut</strong></span> 
     </span>
    </p>
   </div>
   <div class='ocr_carea' id='block_1_115' title="bbox 946 2467 1730 2506">
    <p class='ocr_par' dir='ltr' id='par_1_115' title="bbox 946 2467 1730 2506">
     <span class='ocr_line' id='line_1_119' title="bbox 946 2467 1730 2506; baseline -0.006 -9"><span class='ocrx_word' id='word_1_995' title='bbox 946 2471 1034 2506; x_wconf 91' lang='lat' dir='ltr'><strong>potius</strong></span> <span class='ocrx_word' id='word_1_996' title='bbox 1051 2469 1163 2496; x_wconf 82' lang='lat' dir='ltr'><strong>tacuisse</strong></span> <span class='ocrx_word' id='word_1_997' title='bbox 1175 2489 1182 2502; x_wconf 87' lang='lat'><strong>,</strong></span> <span class='ocrx_word' id='word_1_998' title='bbox 1204 2476 1281 2503; x_wconf 86' lang='lat' dir='ltr'><strong>quam</strong></span> <span class='ocrx_word' id='word_1_999' title='bbox 1297 2468 1319 2494; x_wconf 81' lang='lat' dir='ltr'><strong>si</strong></span> <span class='ocrx_word' id='word_1_1000' title='bbox 1338 2475 1391 2494; x_wconf 91' lang='lat' dir='ltr'><strong>non</strong></span> <span class='ocrx_word' id='word_1_1001' title='bbox 1408 2467 1518 2494; x_wconf 76' lang='lat' dir='ltr'><strong>haberet</strong></span> <span class='ocrx_word' id='word_1_1002' title='bbox 1540 2467 1565 2493; x_wconf 90' lang='lat' dir='ltr'><strong>id</strong></span> <span class='ocrx_word' id='word_1_1003' title='bbox 1579 2467 1730 2501; x_wconf 67' lang='lat' dir='ltr'><strong>prietermi-</strong></span> 
     </span>
    </p>
   </div>
   <div class='ocr_carea' id='block_1_116' title="bbox 946 2512 1734 2549">
    <p class='ocr_par' dir='ltr' id='par_1_116' title="bbox 946 2512 1734 2549">
     <span class='ocr_line' id='line_1_120' title="bbox 946 2512 1734 2549; baseline -0.008 -5"><span class='ocrx_word' id='word_1_1004' title='bbox 946 2517 1014 2544; x_wconf 85' lang='lat' dir='ltr'><strong>sisse</strong></span> <span class='ocrx_word' id='word_1_1005' title='bbox 1024 2536 1031 2547; x_wconf 82' lang='lat'><strong>,</strong></span> <span class='ocrx_word' id='word_1_1006' title='bbox 1045 2523 1095 2543; x_wconf 87' lang='lat' dir='ltr'><strong>nec</strong></span> <span class='ocrx_word' id='word_1_1007' title='bbox 1107 2514 1271 2549; x_wconf 79' lang='lat' dir='ltr'><strong>signiﬁcasse</strong></span> <span class='ocrx_word' id='word_1_1008' title='bbox 1285 2513 1309 2540; x_wconf 90' lang='lat' dir='ltr'><strong>id</strong></span> <span class='ocrx_word' id='word_1_1009' title='bbox 1321 2520 1350 2540; x_wconf 87' lang='lat' dir='ltr'><strong>se</strong></span> <span class='ocrx_word' id='word_1_1010' title='bbox 1365 2521 1417 2539; x_wconf 90' lang='lat' dir='ltr'><strong>non</strong></span> <span class='ocrx_word' id='word_1_1011' title='bbox 1431 2512 1539 2540; x_wconf 83' lang='lat' dir='ltr'><strong>habere.</strong></span> <span class='ocrx_word' id='word_1_1012' title='bbox 1554 2512 1608 2539; x_wconf 92' lang='lat' dir='ltr'><strong>Illic</strong></span> <span class='ocrx_word' id='word_1_1013' title='bbox 1620 2519 1734 2539; x_wconf 85' lang='lat' dir='ltr'><strong>consen-</strong></span> 
     </span>
    </p>
   </div>
   <div class='ocr_carea' id='block_1_117' title="bbox 947 2557 1739 2594">
    <p class='ocr_par' dir='ltr' id='par_1_117' title="bbox 947 2557 1739 2594">
     <span class='ocr_line' id='line_1_121' title="bbox 947 2557 1739 2594; baseline -0.008 -4"><span class='ocrx_word' id='word_1_1014' title='bbox 947 2568 1024 2590; x_wconf 85' lang='lat' dir='ltr'><strong>tanea</strong></span> <span class='ocrx_word' id='word_1_1015' title='bbox 1037 2561 1141 2589; x_wconf 88' lang='lat' dir='ltr'><strong>tacendi</strong></span> <span class='ocrx_word' id='word_1_1016' title='bbox 1152 2568 1231 2588; x_wconf 87' lang='lat' dir='ltr'><strong>causa</strong></span> <span class='ocrx_word' id='word_1_1017' title='bbox 1242 2563 1311 2591; x_wconf 85' lang='lat' dir='ltr'><strong>erat,</strong></span> <span class='ocrx_word' id='word_1_1018' title='bbox 1327 2559 1396 2594; x_wconf 89' lang='lat' dir='ltr'><strong>quod</strong></span> <span class='ocrx_word' id='word_1_1019' title='bbox 1411 2559 1491 2586; x_wconf 87' lang='lat' dir='ltr'><strong>vellet</strong></span> <span class='ocrx_word' id='word_1_1020' title='bbox 1502 2558 1599 2586; x_wconf 88' lang='lat' dir='ltr'><strong>docere</strong></span> <span class='ocrx_word' id='word_1_1021' title='bbox 1615 2557 1739 2584; x_wconf 77' lang='lat' dir='ltr'><strong>homines</strong></span> 
     </span>
    </p>
   </div>
   <div class='ocr_carea' id='block_1_118' title="bbox 947 2604 1736 2641">
    <p class='ocr_par' dir='ltr' id='par_1_118' title="bbox 947 2604 1736 2641">
     <span class='ocr_line' id='line_1_122' title="bbox 947 2604 1736 2641; baseline -0.009 -5"><span class='ocrx_word' id='word_1_1022' title='bbox 947 2608 1124 2638; x_wconf 88' lang='lat' dir='ltr'><strong>humilitatem</strong></span> <span class='ocrx_word' id='word_1_1023' title='bbox 1137 2628 1144 2639; x_wconf 83' lang='lat'><strong>,</strong></span> <span class='ocrx_word' id='word_1_1024' title='bbox 1168 2606 1279 2641; x_wconf 89' lang='lat' dir='ltr'><strong>ideoque</strong></span> <span class='ocrx_word' id='word_1_1025' title='bbox 1293 2605 1472 2640; x_wconf 70' lang='lat' dir='ltr'><strong>prmstantiam</strong></span> <span class='ocrx_word' id='word_1_1026' title='bbox 1488 2611 1563 2631; x_wconf 87' lang='lat' dir='ltr'><strong>suam</strong></span> <span class='ocrx_word' id='word_1_1027' title='bbox 1579 2604 1736 2637; x_wconf 72' lang='lat' dir='ltr'><strong>obtegeret;</strong></span> 
     </span>
    </p>
   </div>
   <div class='ocr_carea' id='block_1_119' title="bbox 948 2648 1738 2685">
    <p class='ocr_par' dir='ltr' id='par_1_119' title="bbox 948 2648 1738 2685">
     <span class='ocr_line' id='line_1_123' title="bbox 948 2648 1738 2685; baseline -0.006 -5"><span class='ocrx_word' id='word_1_1028' title='bbox 948 2653 992 2680; x_wconf 85' lang='lat' dir='ltr'><strong>hic</strong></span> <span class='ocrx_word' id='word_1_1029' title='bbox 1009 2658 1099 2680; x_wconf 86' lang='lat' dir='ltr'><strong>autem</strong></span> <span class='ocrx_word' id='word_1_1030' title='bbox 1120 2659 1154 2679; x_wconf 91' lang='lat' dir='ltr'><strong>ne</strong></span> <span class='ocrx_word' id='word_1_1031' title='bbox 1173 2651 1310 2678; x_wconf 88' lang='lat' dir='ltr'><strong>minimam</strong></span> <span class='ocrx_word' id='word_1_1032' title='bbox 1327 2650 1434 2685; x_wconf 68' lang='lat' dir='ltr'><strong>quidem</strong></span> <span class='ocrx_word' id='word_1_1033' title='bbox 1452 2648 1618 2684; x_wconf 82' lang='lat' dir='ltr'><strong>probabilem</strong></span> <span class='ocrx_word' id='word_1_1034' title='bbox 1634 2649 1738 2675; x_wconf 84' lang='lat' dir='ltr'><strong>tacendi</strong></span> 
     </span>
    </p>
   </div>
   <div class='ocr_carea' id='block_1_120' title="bbox 949 2695 1739 2733">
    <p class='ocr_par' dir='ltr' id='par_1_120' title="bbox 949 2695 1739 2733">
     <span class='ocr_line' id='line_1_124' title="bbox 949 2695 1739 2733; baseline -0.008 -7"><span class='ocrx_word' id='word_1_1035' title='bbox 949 2706 1057 2733; x_wconf 61' lang='lat' dir='ltr'><strong>causam</strong></span> <span class='ocrx_word' id='word_1_1036' title='bbox 1082 2698 1172 2725; x_wconf 87' lang='lat' dir='ltr'><strong>dicere</strong></span> <span class='ocrx_word' id='word_1_1037' title='bbox 1194 2698 1289 2732; x_wconf 90' lang='lat' dir='ltr'><strong>possis.</strong></span> <span class='ocrx_word' id='word_1_1038' title='bbox 1305 2696 1359 2724; x_wconf 90' lang='lat' dir='ltr'><strong>Cur</strong></span> <span class='ocrx_word' id='word_1_1039' title='bbox 1377 2695 1449 2723; x_wconf 89' lang='lat' dir='ltr'><strong>enim</strong></span> <span class='ocrx_word' id='word_1_1040' title='bbox 1464 2695 1486 2722; x_wconf 90' lang='lat' dir='ltr'><strong>si</strong></span> <span class='ocrx_word' id='word_1_1041' title='bbox 1500 2698 1605 2722; x_wconf 82' lang='lat' dir='ltr'><strong>creatus</strong></span> <span class='ocrx_word' id='word_1_1042' title='bbox 1619 2699 1694 2727; x_wconf 82' lang='lat' dir='ltr'><strong>erat,</strong></span> <span class='ocrx_word' id='word_1_1043' title='bbox 1709 2701 1739 2722; x_wconf 79' lang='lat' dir='ltr'><strong>se</strong></span> 
     </span>
    </p>
   </div>
   <div class='ocr_carea' id='block_1_121' title="bbox 984 2791 1740 2832">
    <p class='ocr_par' dir='ltr' id='par_1_121' title="bbox 984 2791 1740 2832">
     <span class='ocr_line' id='line_1_125' title="bbox 984 2791 1740 2832; baseline -0.005 -11"><span class='ocrx_word' id='word_1_1044' title='bbox 984 2798 992 2814; x_wconf 79' lang='grc' dir='ltr'>ί</span> <span class='ocrx_word' id='word_1_1045' title='bbox 1005 2801 1079 2832; x_wconf 84' lang='lat' dir='ltr'><strong>_.quta</strong></span> <span class='ocrx_word' id='word_1_1046' title='bbox 1089 2795 1158 2821; x_wconf 79' lang='lat' dir='ltr'><strong>savil.</strong></span> <span class='ocrx_word' id='word_1_1047' title='bbox 1172 2799 1198 2821; x_wconf 87' lang='lat' dir='ltr'><strong>et</strong></span> <span class='ocrx_word' id='word_1_1048' title='bbox 1209 2794 1266 2820; x_wconf 84' lang='lat' dir='ltr'><strong>Cod.</strong></span> <span class='ocrx_word' id='word_1_1049' title='bbox 1284 2794 1340 2825; x_wconf 82' lang='lat'><strong>706,</strong></span> <span class='ocrx_word' id='word_1_1050' title='bbox 1355 2795 1480 2825; x_wconf 75' lang='lat' dir='ltr'><strong>legeretur</strong></span> <span class='ocrx_word' id='word_1_1051' title='bbox 1493 2796 1573 2824; x_wconf 79' lang='lat' dir='ltr'><strong>recte,</strong></span> <span class='ocrx_word' id='word_1_1052' title='bbox 1585 2791 1668 2824; x_wconf 71' lang='lat' dir='ltr'><strong>bonus,</strong></span> <span class='ocrx_word' id='word_1_1053' title='bbox 1680 2799 1740 2825; x_wconf 73' lang='lat' dir='ltr'><strong>pro,</strong></span> 
     </span>
    </p>
   </div>
   <div class='ocr_carea' id='block_1_122' title="bbox 953 2829 1554 2890">
    <p class='ocr_par' dir='ltr' id='par_1_122' title="bbox 953 2829 1554 2890">
     <span class='ocr_line' id='line_1_126' title="bbox 953 2829 1554 2890; baseline -0.008 -6"><span class='ocrx_word' id='word_1_1054' title='bbox 953 2829 1075 2890; x_wconf 42' lang='lat' dir='ltr'><strong>(&quot;milia</strong></span> <span class='ocrx_word' id='word_1_1055' title='bbox 1088 2857 1203 2889; x_wconf 74' lang='lat' dir='ltr'><strong>priorem,</strong></span> <span class='ocrx_word' id='word_1_1056' title='bbox 1216 2856 1287 2882; x_wconf 86' lang='lat' dir='ltr'><strong>deest</strong></span> <span class='ocrx_word' id='word_1_1057' title='bbox 1299 2857 1323 2881; x_wconf 88' lang='lat' dir='ltr'><strong>in</strong></span> <span class='ocrx_word' id='word_1_1058' title='bbox 1339 2854 1480 2887; x_wconf 80' lang='lat' dir='ltr'><strong>quibusdam</strong></span> <span class='ocrx_word' id='word_1_1059' title='bbox 1500 2858 1554 2880; x_wconf 80' lang='lat' dir='ltr'><strong>Mss.</strong></span> 
     </span>
    </p>
   </div>
  </div>
