2044 3113
307 157 339 185 ιτς
685 148 714 176 S.
734 145 873 175 JO$NNIS
891 139 1128 173 CilliYSOSTOMl
1146 139 1305 168 ARCIIIEP.
1324 137 1589 168 CONSTANTINOI’.
1911 139 1947 166 ﬂ

311 215 408 241 factum
425 219 485 240 esse
506 209 650 241 tacuisset,
675 207 720 243 qui
744 207 828 234 multa
851 205 902 232 sibi
927 201 1098 238 congruentia

310 258 528 294 praatermitlchat
540 256 551 282 ?
564 256 655 290 Itaque
666 255 688 282 is
696 253 740 288 qui
754 253 787 280 ad
801 251 950 280 docendum
963 249 1099 277 humilita-

313 310 365 332 tem
377 305 490 338 abiecta,
502 301 552 329 sibi
564 309 619 328 non
633 300 826 336 competentia,
838 306 909 333 saepe
921 297 998 329 dixit,
1015 295 1099 323 multo

312 351 405 386 magis,
419 350 440 377 si
452 353 558 376 creatus
570 347 675 380 fuisset,
688 347 713 374 id
726 354 777 373 non
792 344 1020 380 praetermissurus
1031 345 1098 368 erat.

310 396 403 424 Nonum
418 395 491 422 vides
508 395 593 428 ipsum
603 414 611 426 ,
634 400 668 420 ne
680 393 739 426 quis
755 391 900 426 ingenitum
915 388 1100 423 suspicaretur

309 441 373 469 nihil
390 449 441 467 non
459 444 582 474 agentem
597 443 623 465 et
640 437 782 468 dicentem,
801 436 854 463 into
869 434 976 468 indigna
990 433 1100 466 loquen-

311 491 365 514 tem
379 493 427 513 sua
448 485 575 520 dignitate
589 488 616 511 et
640 483 785 511 substantia
802 482 828 515 ‘,
842 486 920 516 atque
944 480 969 506 in
984 477 1099 514 prophe-

309 537 343 560 ta:
356 532 532 559 humilitatem
548 537 607 557 sese
620 528 827 556 demittentem?
845 527 907 555 lllutl
922 525 1010 558 enim,
1027 525 1100 552 Sicut

309 578 398 609 audio,
410 577 516 612 judico:
530 579 558 603 et
577 574 640 602 illud
650 596 657 606 ,
675 573 725 601 Ille
739 574 801 600 milii
815 573 878 600 diait
899 571 961 607 quid
981 572 1063 598 dicam
1077 575 1100 597 et

308 623 370 658 quid
381 624 469 656 loquar
480 620 574 655 (Joan.
589 620 616 647 5.
632 619 676 647 50.
701 624 723 646 et
738 618 780 646 12.
795 618 830 646 49
841 618 861 654 ),
878 622 905 645 et
918 617 1024 648 similia,
1041 623 1101 651 pro-

311 668 450 704 phetarutn
465 672 567 694 tantum
582 666 661 692 verba
674 670 746 692 sunt.
759 664 787 691 Si
799 671 864 698 ergo
876 668 903 690 ut
915 663 983 690 hanc
995 663 1102 689 tolleret

310 714 490 749 suspicionem
501 733 508 744 ,
530 717 583 738 tam
599 711 709 738 humilia
724 710 842 745 proferre
859 709 940 737 verba
956 715 1008 735 non
1023 707 1099 735 dedi-

309 764 404 793 gnatus
417 763 456 785 est
474 767 481 785 :
504 758 587 784 mullo
609 757 711 791 magis,
732 756 754 783 si
769 760 876 782 creatus
889 759 979 786 esset,
994 762 1027 780 ne
1042 753 1101 788 quis

311 802 457 829 increatum
473 801 547 827 illum
558 800 751 834 suspicaretur.
765 797 848 824 multa
861 797 956 824 similia
972 796 1100 828 dixisset;

310 847 383 874 verbi
399 854 478 873 causa
490 865 498 878 ,
512 844 600 872 Nolite
615 849 708 879 putare
721 850 764 870 me
774 842 893 878 genitum
907 848 967 869 esse
977 849 991 867 a
1004 841 1100 872 Patre;

311 900 373 920 nam
389 892 473 918 factus
484 911 491 920 .
509 898 561 917 nou
586 891 691 925 genitus
714 896 771 915 sum
783 909 791 922 ,
805 895 892 922 neque
913 895 946 914 ex
961 886 1054 913 eadem
1069 893 1101 912 ex

311 946 362 974 qua
374 938 418 965 ille
427 937 585 964 substantia.
598 935 673 963 Nunc
683 941 771 962 autem
784 934 896 961 omnino
909 938 1004 960 contra
1018 933 1079 960 facit
1092 940 1099 965 ;

311 993 372 1012 nam
392 992 423 1011 ea
444 983 577 1018 loquitur,
592 990 651 1017 qua:
665 981 707 1009 vel
722 981 819 1008 invitos
832 985 929 1015 cogant
944 979 977 1006 ad
991 984 1102 1006 contra-

311 1031 377 1057 riam
399 1028 610 1063 amplectendam
631 1027 810 1057 sententiam;
831 1030 860 1052 ut
875 1033 988 1060 nempe:
1007 1024 1061 1060 Ego
1076 1025 1102 1051 in

315 1076 403 1108 I’atre,
424 1081 447 1102 et
460 1074 539 1102 Pater
550 1074 576 1101 in
591 1082 629 1101 me
640 1073 733 1107 (Joan.
749 1073 792 1100 Η.
807 1072 874 1107 10);
889 1076 930 1103 et,
947 1071 1029 1098 Tanto
1043 1076 1103 1098 tent-

312 1130 372 1158 pore
385 1122 510 1148 vobiscum
522 1128 588 1153 sum,
598 1125 681 1146 etnon
695 1118 830 1153 cognovisti
840 1126 888 1150 me,
899 1117 1019 1151 Philippe
1027 1117 1040 1144 .’
1055 1116 1103 1149 Qui

311 1168 377 1194 videt
396 1175 448 1199 me,
465 1166 530 1193 videt
541 1171 564 1193 et
580 1165 683 1192 Patrem
695 1164 781 1201 (Ibid.
794 1163 844 1200 9);
855 1168 882 1191 et
895 1183 902 1196 ,
921 1163 1047 1191 Utomnes
1061 1163 1104 1190 Ito-

312 1217 401 1239 narent
413 1211 518 1243 Filium,
531 1212 593 1238 sicut
614 1211 738 1237 honorant
754 1210 855 1237 Patrem
870 1208 925 1244 (Id.
938 1210 964 1237 5.
976 1209 1032 1245 25).
1045 1210 1104 1236 Sic—

311 1264 340 1286 ut
355 1258 433 1285 Paler
445 1258 550 1285 suscitat
565 1263 694 1291 mortuos,
719 1262 742 1284 et
760 1257 869 1289 vivi/icat
881 1264 890 1283 .'
904 1257 940 1284 sic
962 1261 985 1284 et
1000 1256 1083 1284 Filius
1095 1277 1103 1289 ,

312 1313 374 1340 quos
396 1305 465 1336 vult,
487 1305 594 1338 uiviﬁcat
619 1303 707 1339 (Ibid.
733 1303 794 1340 2|).
826 1302 904 1330 Pater
932 1311 1002 1330 nteus
1026 1311 1105 1338 usque

313 1351 387 1377 modo
408 1356 545 1384 operatur,
568 1355 591 1376 et
605 1358 650 1385 ego
672 1357 762 1384 operor
784 1348 869 1384 (Ibid.
888 1349 958 1384 I7).
970 1349 1043 1376 Sicut
1057 1357 1104 1376 no-

313 1397 346 1423 vit
358 1404 396 1422 me
412 1394 499 1427 Pater,
516 1400 538 1421 et
549 1403 595 1430 ego
610 1403 685 1422 nosco
696 1393 811 1421 Patrem.
826 1394 882 1429 Ego
895 1399 918 1421 et
933 1393 1010 1421 Pater
1026 1403 1104 1421 unum

313 1443 420 1478 ιιιιηιιε(
434 1441 475 1468 ιιι.
487 1442 531 1474 10,
542 1443 584 1469 15.
593 1446 617 1468 et
628 1441 684 1476 50).
698 1441 730 1468 Ει
744 1441 919 1476 ubiqueSicut
930 1445 955 1468 et
967 1440 1009 1467 Ita
1019 1441 1103 1475 ponit,

315 1490 431 1523 dicitque
446 1497 474 1516 se
489 1494 516 1516 et
531 1487 640 1515 Patrem
666 1495 746 1515 unum
768 1495 828 1515 esse
839 1508 846 1520 ,
863 1487 1017 1522 nullamque
1043 1494 1104 1514 esse

313 1535 489 1563 ditTerentiam
510 1534 637 1562 declarat.
654 1535 846 1562 Auctoritatem
866 1542 930 1561 vero
944 1539 971 1561 et
987 1542 1033 1569 per
1047 1534 1105 1561 ha-c

315 1585 343 1608 et
358 1588 405 1616 per
424 1581 474 1607 alia
503 1580 577 1615 plura
599 1579 784 1612 demonstrat;
798 1584 825 1606 ut
840 1587 900 1606 cum
921 1579 1001 1613 dicit,
1017 1578 1103 1612 Tace,

316 1627 473 1658 obmutrsre;
493 1625 572 1659 Vola,
588 1626 729 1658 mundare;
746 1624 802 1652 Tibi
815 1626 870 1652 dico
883 1634 890 1652 :
906 1625 989 1653 Surde
1001 1631 1023 1653 et
1039 1631 1106 1653 male

314 1673 424 1704 damon,
439 1672 479 1699 exi
491 1673 521 1699 ab
534 1680 563 1699 eo
584 1671 684 1707 (Maro.
706 1672 733 1699 4.
759 1672 804 1699 39.
821 1671 914 1698 Matth.
929 1673 956 1699 8.
971 1672 998 1699 5.
1022 1671 1104 1699 Mare.

315 1719 343 1746 9.
357 1719 407 1753 24)
422 1728 428 1745 2
451 1718 568 1753 illudque
578 1739 584 1750 ,
601 1718 714 1744 Audistis
726 1718 786 1752 quia
806 1718 901 1744 dictitat
922 1723 957 1745 est
978 1718 1105 1753 antiquis.

317 1767 377 1794 Non
388 1766 485 1792 occides
497 1773 506 1792 :
519 1774 563 1801 ego
574 1770 657 1791 autem
668 1765 725 1791 dico
740 1765 807 1792 vobis
817 1785 824 1797 ,
838 1765 889 1798 Qui
903 1765 1020 1791 irascitur
1030 1766 1106 1801 fratri

317 1820 362 1839 suo
382 1811 492 1846 (rustra,
508 1819 566 1838 reus
581 1811 627 1836 erit
642 1809 754 1845 (Matth.
769 1810 797 1837 5.
817 1810 862 1837 21.
878 1809 939 1845 22).
953 1810 1108 1845 Similiaque

317 1858 426 1890 statuit,
442 1860 469 1884 et
481 1857 606 1883 miracula
623 1856 696 1888 edit,
708 1864 767 1891 qua:
779 1856 880 1890 possint
891 1856 948 1890 ejus
961 1857 1105 1890 potentiam

316 1903 500 1931 demonstrare
515 1911 522 1929 :
545 1903 598 1930 imo
614 1902 656 1930 vel
676 1902 785 1929 minima
799 1902 906 1936 quidem
923 1902 1028 1930 illorum
1046 1911 1106 1937 pars

316 1957 364 1977 eos
374 1970 381 1981 ,
393 1950 437 1983 qui
451 1956 503 1976 non
516 1949 586 1975 omni
599 1956 709 1983 prorsus
719 1955 801 1975 sensu
813 1952 923 1982 carent,
938 1948 1070 1977 adducere
1080 1954 1108 1977 et

317 1994 477 2030 persuadere
493 1994 586 2029 possit.

353 2040 380 2068 5.
395 2040 485 2066 Inanis
498 2039 587 2075 gloria:
599 2039 729 2066 damnum.
744 2054 782 2060 —
800 2039 899 2067 Verum
917 2047 947 2067 ea
967 2045 1009 2068 est
1021 2040 1108 2068 inanis

316 2086 430 2122 gloriat'
444 2086 500 2118 vis,
525 2090 553 2113 ut
573 2085 614 2113 vel
637 2085 664 2112 in
686 2085 767 2112 rebus
789 2085 1011 2114 manifestissimis
1026 2087 1110 2121 possit

317 2141 410 2160 eurum
431 2132 477 2167 qui
498 2132 543 2159 illa
563 2132 632 2167 capti
648 2137 710 2159 Sunt
731 2137 848 2160 utentem
863 2140 1009 2166 excmcare,
1030 2138 1108 2168 atque

318 2179 370 2206 illis
384 2178 496 2205 suadere
506 2198 513 2210 ,
534 2181 563 2204 ut
577 2178 656 2204 etiam
679 2179 806 2204 adversus
827 2185 859 2204 ea
871 2186 930 2212 qua:
945 2179 970 2205 in
985 2178 1109 2206 confesso

318 2229 379 2252 sunt
393 2224 573 2256 contendant;
590 2224 718 2259 aliosque.
745 2225 841 2258 quibus
863 2230 925 2252 nota
948 2227 1046 2253 veritas
1057 2231 1107 2258 est,

318 2269 351 2296 ad
376 2268 554 2296 simulandum
579 2273 606 2295 et
631 2274 723 2296 contra
746 2269 883 2297 nitendum
905 2271 1018 2298 incitet:
1039 2272 1108 2306 quod

318 2316 398 2343 etiam
413 2315 512 2342 Iuda-is
527 2314 632 2342 accidit.
654 2314 711 2341 Non
726 2315 797 2342 enim
812 2323 859 2349 per
878 2315 1052 2350 ignorantiam
1067 2317 1110 2344 Fi-

319 2361 384 2388 lium
400 2361 445 2388 Dei
460 2360 602 2395 negabant,
614 2360 661 2387 sed
681 2366 710 2388 ut
723 2361 792 2395 apud
807 2362 900 2397 vulgus
916 2363 1043 2390 honorem
1059 2364 1109 2392 sibi

319 2408 501 2435 conciliarent.
518 2406 583 2434 Nam
598 2406 736 2434 Credebant
757 2407 782 2433 iu
804 2416 858 2434 eum
874 2407 962 2442 (Joart.
987 2410 1029 2437 l2.
1051 2410 1108 2444 42),

320 2455 414 2490 inquit,
430 2454 477 2481 sed
492 2454 620 2481 timebant
638 2461 671 2480 ne
683 2457 756 2481 extra
773 2462 933 2490 synagogam
950 2455 1062 2488 ﬁerent,
1083 2457 1108 2484 in

319 2501 486 2535 aliorumque
512 2500 622 2534 gratiam
644 2499 756 2526 salutem
776 2507 850 2526 suam
874 2501 1030 2535 prodebant.
1052 2501 1109 2529 Non

321 2552 407 2581 potest
418 2547 499 2579 enim,
515 2554 567 2573 non
580 2550 668 2580 potest
682 2546 773 2580 utique
788 2546 810 2573 is
824 2546 867 2580 qui
882 2551 1040 2581 przesentem
1050 2547 1109 2582 glo-

320 2595 387 2622 riam
403 2593 438 2621 ita
452 2597 551 2628 captat.
572 2592 642 2619 illam
667 2599 725 2627 qna.-
745 2599 760 2618 a
785 2591 840 2620 Deo
853 2597 893 2620 est
907 2593 1023 2628 assequi.
1038 2593 1110 2627 Qua-

321 2644 430 2676 propter
450 2640 594 2673 increpavit
609 2646 654 2666 eos
677 2638 719 2665 bis
735 2638 822 2666 verbis
837 2647 843 2665 :
861 2639 993 2672 Quomodo
1007 2649 1025 2674 Ῑι
1034 2640 1111 2666 uestis

320 2686 430 2717 credere,
453 2685 496 2718 qui
517 2685 624 2720 gloriam
646 2683 677 2710 ab
701 2685 841 2711 hominibus
856 2685 987 2719 accipitis,
1003 2690 1026 2712 et
1041 2685 1110 2712 illaut

321 2739 377 2766 qua!
390 2741 406 2758 α
422 2730 475 2758 Deo
488 2735 523 2757 est
537 2738 587 2757 non
605 2730 717 2765 quaeritis
730 2728 820 2764 (Joan.
834 2730 863 2762 5,
877 2729 942 2765 44)?
959 2730 995 2757 Ea
1015 2731 1110 2766 quippe

353 2811 361 2826 ι
379 2810 486 2839 Quidam.
498 2808 596 2840 int/igua
610 2807 743 2840 loquentem
759 2814 808 2840 sun»
821 2806 959 2840 substantia.
1040 2835 1045 2838 ,

352 2842 362 2857 ι
378 2837 474 2869 (iunium
486 2837 584 2869 habent,
596 2837 740 2868 auditionis,
750 2843 775 2864 et
787 2838 837 2868 alii,
849 2837 965 2867 αιναικίιιω,
976 2844 1028 2869 pro,
1035 2837 1111 2864 inanis

321 2872 412 2904 gloria.

1154 198 1282 235 profunda
1308 198 1429 233 quaedam
1453 197 1568 224 ebrietas
1589 200 1631 224 est
1645 205 1651 222 :
1665 195 1777 231 ideoque
1797 195 1820 223 is
1840 197 1883 230 qui
1899 196 1948 223 illo

1153 245 1233 272 animi
1249 244 1343 271 morbo
1356 248 1449 279 captus
1459 248 1511 277 est,
1525 242 1634 271 difﬁcile
1647 242 1786 277 resipiscit.
1801 242 1862 269 ll;cc
1874 242 1948 269 Iabes

1153 291 1317 325 captivorum
1331 289 1448 316 animam
1464 297 1478 316 a
1489 289 1555 316 earlo
1574 288 1743 319 abscindens,
1757 292 1835 315 terra:
1851 286 1948 322 afﬁgit,

1154 344 1204 363 nec
1218 337 1281 363 sinit
1294 343 1383 363 \eram
1399 336 1494 362 intueri
1510 335 1610 366 lucem,
1634 334 1682 361 sed
1702 334 1730 361 in
1750 341 1827 362 caeno
1839 341 1949 368 semper

1154 382 1267 409 volutari
1281 387 1367 413 curat.
1383 381 1507 409 dominos
1521 381 1586 416 ipsis
1606 388 1702 416 parans
1718 381 1752 407 ita
1767 385 1900 415 potentes,
1919 384 1948 407 ut

1153 428 1212 456 sine
1229 428 1303 463 jussu
1318 428 1408 462 aliquo
1431 427 1495 462 ipsis
1509 427 1650 461 imperent.
1672 426 1737 453 Nam
1756 426 1778 453 is
1793 426 1837 460 qui
1853 425 1949 460 hujus-

1154 475 1225 503 modi
1245 475 1340 502 morbo
1355 474 1467 506 laborat,
1489 474 1569 501 etiam
1585 473 1690 500 nemine
1702 472 1813 508 jubente
1823 493 1829 505 ,
1851 476 1950 506 sponte

1154 520 1199 548 illa
1223 521 1312 548 omnia
1333 520 1423 552 efﬁcit,
1452 527 1511 554 qum
1535 523 1610 554 putat
1630 517 1745 545 dominis
1767 517 1819 544 illis
1840 517 1949 552 placere

1154 573 1242 601 posse.
1259 565 1367 594 Illorum
1389 565 1487 601 quippe
1501 565 1584 600 gratia
1601 563 1717 600 pulchris
1735 563 1853 591 induitur
1865 567 1949 590 vesti-

1154 611 1214 639 bus.
1229 611 1322 638 faciem
1338 615 1424 642 oruat,
1448 617 1500 638 non
1523 609 1592 644 sibi,
1616 610 1662 637 sed
1685 609 1762 642 aliis;
1788 608 1949 636 famulorum

1156 657 1259 684 turbam
1274 657 1299 683 in
1314 656 1372 683 foro
1384 655 1574 688 circumducit,
1591 659 1619 681 ut
1633 654 1693 682 aliis
1708 655 1741 681 sit
1755 654 1924 681 admirationi
1939 662 1947 681 :

1155 703 1281 738 quidquid
1298 702 1414 738 denique
1427 702 1498 735 facit,
1512 706 1537 729 ut
1553 702 1612 729 aliis
1626 701 1736 736 placeat,
1751 701 1868 729 exhibet.
1879 701 1948 729 Num

1155 748 1207 775 hoc
1218 748 1298 775 animi
1314 748 1407 775 morbo
1423 747 1566 782 quidquam
1582 746 1701 774 deterius
1722 754 1782 774 esse
1798 747 1901 781 possit?
1915 745 1950 775 Ut

1155 794 1215 822 aliis
1228 795 1263 821 sit
1276 794 1455 826 admirationi,
1472 801 1542 828 smpe
1564 801 1594 821 se
1610 793 1773 828 praecipitem
1795 793 1851 820 dat.
1877 793 1949 821 Satis

1155 846 1229 869 certe
1247 846 1337 868 essent
1355 848 1387 868 ea
1408 848 1468 875 qua:
1492 847 1508 867 a
1530 839 1638 867 Christo
1660 839 1728 866 dicta
1743 843 1806 866 sunt
1820 839 1853 866 ad
1870 840 1950 874 hujus

1155 887 1240 915 morbi
1255 886 1420 922 tyrannidem
1432 885 1668 913 demonstrandam
1679 894 1685 912 :
1695 892 1787 912 verum
1796 884 1858 912 hinc
1868 885 1949 912 etiam

1156 934 1199 962 illa
1213 937 1399 969 cognoscatur.
1426 933 1491 960 Nam
1513 933 1535 960 si
1549 933 1701 968 quempiam
1724 939 1756 958 ex
1782 931 1834 958 illis
1846 931 1948 958 civibus

1156 979 1200 1014 qui
1224 984 1346 1012 sumptus
1368 977 1531 1013 profundunt
1556 977 1686 1004 maximos
1709 976 1858 1010 interroges
1872 997 1880 1010 ,
1900 983 1949 1003 cur

1156 1029 1257 1052 tantum
1271 1024 1327 1050 auri
1343 1025 1507 1058 Impendant,
1528 1023 1591 1057 quid
1613 1022 1663 1049 sibi
1686 1021 1776 1048 volunt
1796 1021 1949 1056 hujusmodi

1156 1074 1287 1104 sumptus,
1305 1070 1369 1097 nihil
1390 1068 1462 1096 aliud
1484 1067 1698 1102 respondebunt,
1713 1075 1792 1102 quam
1807 1071 1837 1094 ut
1851 1067 1950 1102 popqu

1158 1116 1289 1152 placeant.
1312 1116 1340 1144 Si
1365 1123 1471 1143 rursum
1499 1114 1662 1146 scisciteris,
1683 1113 1745 1148 quid
1761 1113 1795 1140 sit
1814 1112 1948 1148 populus:

1157 1162 1308 1198 Quidpiam.
1319 1162 1447 1198 inquient,
1459 1161 1570 1188 tumultu
1585 1160 1691 1195 plenum
1702 1163 1728 1186 et
1739 1159 1948 1194 perturbatione,

1157 1215 1189 1236 ex
1204 1208 1354 1242 insipientia
1370 1208 1527 1242 plerumque
1537 1210 1672 1239 constans,
1684 1205 1754 1241 quod
1766 1210 1866 1232 temere
1877 1212 1950 1240 saepe

1158 1255 1229 1282 ultro
1248 1256 1369 1290 citroque
1385 1254 1478 1285 fertur,
1493 1254 1578 1281 instar
1592 1253 1755 1279 marinorum
1771 1251 1911 1283 ﬁuctunm,
1923 1256 1950 1279 et

1157 1308 1246 1328 secum
1268 1305 1401 1335 pugnante
1423 1299 1554 1326 sententia
1575 1298 1731 1333 plerumque
1742 1298 1881 1331 jactatum.
1898 1297 1949 1331 Qui

1158 1347 1237 1374 talem
1253 1347 1333 1374 habet
1347 1346 1495 1376 dominum,
1510 1352 1562 1380 quo
1578 1351 1630 1371 non
1652 1343 1831 1371 miserabilior
1850 1342 1950 1370 fuerit?

1158 1391 1211 1419 Sed
1237 1391 1307 1427 quod
1332 1391 1473 1418 smculares
1496 1389 1617 1416 homines
1640 1388 1682 1416 his
1708 1388 1820 1421 inhient,
1839 1396 1892 1415 non
1913 1389 1948 1416 ita

1157 1445 1238 1472 grave
1254 1442 1305 1470 est,
1322 1437 1372 1464 etsi
1394 1444 1474 1472 grave
1493 1443 1585 1463 revera
1601 1435 1636 1463 sit
1651 1443 1657 1462 :
1672 1435 1743 1469 quod
1759 1439 1847 1462 autem
1861 1435 1905 1470 qui
1920 1442 1950 1462 se

1158 1483 1257 1511 mundo
1271 1484 1440 1511 renuntiasse
1456 1482 1557 1514 dicunt,
1574 1481 1626 1509 hoc
1643 1481 1736 1508 morbo
1750 1480 1881 1514 laborent,
1897 1481 1951 1509 imo

1159 1529 1270 1563 majore,
1283 1528 1308 1555 id
1321 1534 1394 1555 certe
1408 1527 1604 1562 gravissimum.
1622 1526 1677 1553 Illis
1690 1526 1761 1553 enim
1777 1526 1950 1561 pecuniarum

1159 1578 1260 1602 tantum
1274 1579 1313 1602 est
1324 1574 1427 1607 jactura
1445 1582 1452 1601 :
1468 1573 1510 1600 his
1521 1580 1584 1600 vero
1597 1572 1692 1599 anima:
1711 1573 1868 1607 perieulum.
1884 1572 1949 1599 Nam

1159 1628 1220 1648 ettm
1241 1619 1332 1655 gloriae
1351 1627 1430 1647 causa
1455 1627 1469 1645 a
1493 1623 1565 1646 recta
1579 1617 1630 1645 fide
1644 1617 1804 1650 desciscunt,
1819 1622 1847 1645 et
1860 1622 1887 1645 ut
1901 1617 1951 1646 sibi

1159 1666 1271 1700 gloriam
1288 1664 1401 1699 pariant,
1425 1664 1507 1690 Deum
1522 1663 1655 1690 dedecore
1668 1662 1797 1695 afficiunt,
1812 1668 1950 1697 quantum,

1160 1718 1269 1745 qutcso,
1286 1710 1400 1744 torporis
1411 1730 1419 1742 ,
1442 1713 1570 1744 quantum
1592 1708 1702 1736 insania:
1722 1716 1766 1735 res
1785 1707 1843 1735 luce
1857 1716 1912 1743 pra:
1923 1715 1952 1735 sc

1161 1756 1234 1784 fert?

1197 1802 1286 1830 Gloria
1296 1802 1435 1837 popularis,
1451 1809 1500 1828 non
1514 1805 1548 1828 est
1562 1808 1616 1827 vere
1628 1799 1858 1835 gloria.—C:ctera
1872 1807 1953 1835 porro

1163 1849 1235 1881 vitia,
1252 1849 1313 1876 licet
1334 1847 1446 1875 nmltum
1461 1846 1550 1874 damni
1575 1846 1704 1878 inferant,
1728 1846 1844 1879 aliquam
1859 1846 1952 1873 saltem

1162 1895 1276 1923 afferunt
1298 1894 1471 1929 voluptatem,
1494 1893 1543 1920 etsi
1568 1897 1765 1927 tempuraneam
1783 1896 1810 1919 et
1831 1892 1952 1919 brevem.

1163 1943 1227 1970 Nam
1242 1950 1347 1975 avarus,
1362 1941 1496 1973 ebriosus,
1512 1939 1707 1974 mulierumque
1724 1946 1824 1970 amans,
1838 1938 1953 1973 aliquam

1162 1988 1259 2016 damno
1271 1988 1426 2019 admixtam,
1441 1987 1490 2014 etsi
1513 1987 1620 2013 brevem
1630 2006 1638 2018 ,
1657 1985 1817 2019 voluptatem
1833 1984 1933 2011 habent
1946 1993 1952 2010 :

1163 2034 1206 2068 qui
1221 2039 1310 2060 autem
1323 2032 1373 2059 hoc
1388 2031 1482 2059 morbo
1492 2031 1562 2065 capti
1577 2035 1647 2062 sunt,
1662 2030 1784 2057 acerbam
1805 2036 1913 2068 semper
1928 2032 1956 2056 et

1162 2065 1298 2114 voluptate
1309 2085 1417 2105 vacuam
1433 2081 1515 2112 agunt
1528 2077 1619 2104 vitam.
1635 2076 1726 2111 Neque
1746 2076 1816 2103 enim
1837 2065 1862 2102 id
1884 2075 1954 2110 quod

1164 2127 1279 2153 maxime
1290 2128 1578 2159 amantassequuntur;
1592 2123 1702 2158 gloriam
1717 2130 1812 2157 nempe
1822 2127 1851 2149 et
1863 2129 1955 2149 auram

1164 2171 1336 2207 popularem;
1353 2170 1399 2198 sed
1414 2170 1536 2197 videntur
1551 2169 1657 2204 quidem
1678 2169 1720 2196 illa
1736 2168 1798 2200 frui,
1815 2175 1902 2203 tneque
1916 2172 1955 2194 ta-

1164 2226 1224 2246 melt
1239 2218 1370 2251 fruuntur,
1390 2216 1460 2252 quod
1477 2216 1539 2243 illud
1559 2216 1668 2243 minime
1680 2215 1714 2242 sit
1723 2215 1805 2250 gloria
1820 2224 1826 2242 :
1842 2215 1956 2249 ideoque

1164 2265 1256 2292 vitium
1272 2264 1346 2296 illud,
1360 2271 1413 2290 non
1425 2263 1520 2298 gloria,
1537 2261 1582 2290 sed
1597 2269 1640 2288 res
1652 2261 1736 2296 gloria
1750 2268 1832 2287 vacua
1847 2260 1953 2292 dicitur;

1164 2318 1313 2345 vanamque
1325 2310 1435 2345 gloriam
1454 2313 1557 2335 veteres
1581 2315 1675 2335 omnes
1694 2307 1720 2334 id
1739 2307 1800 2341 jure
1816 2312 1954 2334 vocarunt.

1166 2356 1253 2383 Vacua
1268 2362 1380 2390 namque
1395 2358 1446 2387 est,
1460 2354 1525 2381 nihil
1538 2354 1609 2380 intus
1619 2352 1720 2380 habens
1732 2352 1901 2387 splendidum
1918 2351 1956 2378 rel

1165 2402 1318 2437 gloriosum.
1328 2399 1380 2428 Sed
1392 2398 1613 2435 quemadmodum
1626 2398 1706 2425 larva:
1716 2398 1840 2425 videntur
1850 2396 1956 2431 quidem

1165 2448 1269 2476 decora:
1280 2452 1308 2475 et
1321 2446 1459 2477 amabiles,
1471 2445 1518 2473 sed
1533 2452 1622 2472 vacua:
1637 2445 1707 2471 intus
1722 2447 1784 2470 sunt
1799 2452 1805 2470 ε
1820 2443 1882 2471 ideo
1896 2443 1957 2470 licet

1166 2493 1338 2521 formosiores
1360 2492 1413 2518 sint
1436 2491 1541 2518 czeteris
1559 2489 1725 2524 corporibus,
1747 2489 1882 2516 neminem
1897 2495 1956 2515 ιιιιι-

1166 2547 1245 2575 quam
1259 2539 1291 2567 ad
1307 2539 1346 2566 sui
1357 2546 1474 2566 amorem
1490 2538 1655 2569 allexerunt;
1670 2537 1708 2563 sic
1723 2536 1766 2563 illa
1779 2535 1848 2570 apud
1864 2534 1955 2570 vulgus

1166 2586 1268 2620 gloria;
1286 2585 1340 2612 imo
1353 2585 1430 2619 longe
1442 2583 1629 2615 miserabilius,
1646 2583 1714 2609 lumc
1729 2581 1850 2608 morbum
1864 2584 1957 2607 curalu

1167 2631 1301 2660 difficilem
1314 2635 1341 2659 et
1363 2630 1529 2666 tyrannicum
1545 2628 1622 2655 nobis
1636 2628 1768 2655 efformat.
1778 2626 1956 2660 Conspectum

1167 2680 1266 2715 quippe
1276 2679 1362 2705 solum
1379 2675 1547 2710 splendidum
1562 2673 1655 2705 habet;
1671 2672 1796 2699 interiora
1814 2678 1890 2703 vero,
1906 2677 1956 2696 non

1166 2714 1249 2753 vacua
1264 2723 1353 2755 mode,
1369 2721 1416 2749 sed
1430 2721 1508 2748 etiam
1524 2719 1655 2746 dedecore
1667 2722 1695 2744 et
1707 2716 1806 2744 crudeli
1819 2714 1958 2750 tyrannide

1167 2772 1243 2807 plena
1259 2773 1329 2796 sunt.
1346 2767 1422 2795 Unde
1436 2773 1500 2801 ergo
1513 2765 1639 2796 nascitur,
1655 2763 1769 2798 inquies,
1785 2761 1895 2788 morbus
1906 2765 1957 2786 tam

1166 2805 1297 2846 absurdus
1308 2837 1315 2848 ,
1339 2815 1461 2849 nullaque
1482 2811 1600 2839 afﬁciens
1622 2808 1780 2845 voluptate?
1796 2806 1890 2835 Unde!
1902 2805 1957 2833 N0n

1169 2863 1275 2892 aliunde
1287 2869 1365 2897 quam
1379 2868 1393 2888 a
1404 2859 1448 2887 vili
1459 2863 1486 2887 et
1497 2857 1601 2892 abiecto
1612 2855 1713 2883 animo.
1722 2854 1780 2881 Nan
1791 2856 1880 2887 potest
1889 2851 1958 2879 enim
