2044 3113
161 123 195 152 45
550 120 578 148 S.
598 120 739 149 JOANNIS
758 120 1002 151 CHRYSOSTOMI
1022 123 1182 153 ARCIIIEP.
1203 124 1480 153 CONSTAATINOP.
1851 125 1885 152 ιδ

157 180 206 213 ξαν
230 179 365 216 θηρεύειν,
383 174 420 206 ὧν
436 178 486 205 οὐκ
505 177 538 205 ἂν
560 178 630 204 ἕλοιο
653 178 779 212 γενέσθαι
803 181 992 216 παραπλήσιός

158 232 222 251 ποτε
233 232 240 256 ;

194 272 231 301 ς’.
250 269 281 295 Εἰ
303 269 330 295 δὲ
346 269 443 303 λέγοις,
467 268 507 294 ὅτι
525 266 616 293 πολλοὶ
634 266 680 293 καὶ
707 267 903 303 συνεστηκότες
920 268 994 300 τινές

158 314 222 344 εἱσι,
239 313 283 339 διὰ
303 313 380 340 τοῦτο
398 311 514 347 μάλιστα
535 310 624 337 αὐτῶν
648 313 828 346 καταφρονεῖν
853 313 946 348 ἐχρῆν.
962 312 994 339 Et

157 357 212 392 γὰρ
226 357 285 383 καθ’
297 356 407 386 ἑαυτοὺς
421 355 497 386 ὄντες
512 355 581 381 εἰσὶν
597 355 841 391 εὐκαταφρόνητοι,
855 356 917 383 ὅταν
935 355 994 392 [25]

158 400 250 427 πολλοὶ
271 400 412 434 γένωνται,
437 398 568 434 μειζόνως
589 398 667 425 τοῦτο
688 399 869 434 συμϐήσεται.
887 400 919 426 'H
941 399 995 435 γάρ

157 444 212 470 τῶν
227 443 286 469 καθ’
299 443 412 468 ’ἑκαστον
426 442 515 474 ἄνοια,
532 442 715 476 συλλεγέντων
729 442 808 478 ὁμοῦ,
826 441 927 477 μείζων
945 443 996 470 ὑπδ

158 486 204 512 τοῦ
221 485 337 521 πλήθους
354 486 500 521 αὐξηθεῖσα
520 486 635 520 γίνεται.
648 487 693 512 Διὸ
709 487 756 512 καὶ
778 486 838 513 καθ’
852 486 899 512 ἕνα
910 492 923 506 ι
946 487 996 521 μὲν

158 529 248 557 αὐτῶν
269 530 293 556 εί
312 530 398 562 λάϐοι,
421 530 485 556 ποτὲ
504 530 537 556 ἄν
553 539 594 561 τις
614 531 660 556 καὶ
676 529 862 565 διορθώσειεν”
881 530 950 564 ὁμοῦ
968 530 996 557 δὲ

158 574 247 605 ὄντας,
264 574 314 600 οὐκ
331 574 364 601 ἂν
382 574 506 610 δυνηθείη
523 575 632 610 ῥᾳδίως,
654 574 697 600 διὰ
713 574 742 600 τὸ
763 574 810 610 τὴν
828 574 920 601 ἄνοιαν
935 575 996 600 ἐπι-

159 617 304 649 τείνεσθαι,
321 618 367 644 καὶ
381 618 457 652 δίκην
474 618 640 654 θρεμμάτων
656 618 781 652 ἄγεσθαι,
796 619 843 645 καὶ
860 618 997 653 πανταχοῦ

160 663 220 694 ταῖς
238 662 301 697 παρ’
323 662 445 697 ἀλλήλων
467 662 582 689 ἕπεσθαι
604 661 702 694 δόξαις.
729 661 837 697 Ταύτης
855 659 911 693 οὖν,
937 661 997 688 εἰπέ

163 715 225 741 μοι,
247 708 297 741 τῆς
307 707 381 742 παρὰ
401 707 455 733 τῶν
472 706 575 733 πολλῶν
604 707 811 741 ἀντιποιήσεσθε
830 706 924 741 δόξης;
941 707 997 742 Μὴ,

161 750 257 785 δέομαι
279 751 326 777 καὶ
345 750 488 777 ἀντιϐολῶ.
505 750 589 777 Τοῦτο
605 751 659 786 γὰρ
682 751 769 777 πάντα
784 750 840 777 ἄνω
855 751 902 777 καὶ
924 751 999 777 κάτω

162 794 311 829 πεποίηκε’
324 794 403 820 τοῦτο
419 794 574 825 πλεονεξίαν
595 794 682 825 ἔτεκε,
700 794 858 829 βασκανίαν,
881 803 999 830 κατηγο-

163 838 235 873 ρίαν,
256 838 419 869 ἐπιϐουλάς·
442 838 521 864 τοῦτο
543 838 606 869 τοὺς
629 838 704 864 οὐδὲν
727 838 908 874 ἠδικημένους
930 838 1000 865 κατὰ

162 883 218 909 τῶν
232 882 307 909 οὐδὲν
327 883 496 918 ἠδικηκότων
519 883 624 914 ὁπλίζει
645 883 692 909 καὶ
715 883 847 918 ὲκθηριοῖ.
869 884 923 910 Καὶ
938 883 1000 910 οὗτε

164 926 255 960 φιλίαν
271 924 342 952 οἶδεν
363 928 376 953 ὁ
393 927 480 962 τούτῳ
495 926 533 962 τῷ
546 927 680 962 νοσήματι
696 926 863 962 περιπεσὼν,
886 927 915 952 οὺ
938 935 1001 953 συν-

163 970 259 1004 ηθείας
281 970 430 1004 μέμνηται,
457 970 507 996 οὐκ
527 970 660 997 αἰδεῖσθαι
687 970 781 997 οὐδένα
800 971 869 1002 ὅλως
891 971 1002 997 ἐπίστα-

163 1022 226 1040 ται·
242 1014 308 1040 ἀλλὰ
329 1014 417 1040 πάντα
432 1014 486 1040 ὰπὸ
508 1015 557 1049 τῆς
573 1015 663 1050 ψυχῆς
683 1014 763 1051 ῥίψας
783 1014 816 1041 τὰ
838 1015 918 1047 καλὰ,
936 1015 1002 1050 πρὸς

164 1058 269 1089 πάντας
287 1058 521 1092 ἐκπεπολέμωται,
544 1057 668 1090 ἄστατος,
691 1059 822 1094 ἄστοργος
837 1058 884 1085 ῶν.
900 1058 955 1085 Καὶ
973 1058 1003 1085 τὸ

166 1101 216 1136 μὲν
233 1101 281 1135 τῆς
297 1101 381 1136 ὀργῆς
402 1101 486 1133 πάθος
498 1122 505 1131 ,
524 1103 548 1127 εί
571 1102 617 1128 καὶ
637 1102 703 1128 αὐτὸ
717 1102 878 1134 τυραννικόν
896 1102 922 1128 τί
944 1102 1003 1128 ἐστι

165 1145 212 1171 καὶ
228 1145 372 1181 ἀφόρητον,
387 1145 444 1171 ἀλλ’
455 1146 505 1172 οὐκ
519 1146 561 1172 ἀεὶ
579 1146 722 1181 διενοχλεῖν
739 1145 844 1179 εἴωθεν,
867 1146 923 1172 ἀλλ’
939 1146 1003 1173 ὅταν

165 1187 215 1224 ἔχῃ
244 1189 306 1220 τοὺς
328 1188 528 1224 παροξύνοντας
554 1189 649 1224 μόνον·
671 1189 701 1216 τδ
723 1189 752 1216 δὲ
776 1189 827 1224 τῆς
853 1189 1003 1221 κενοδοξίας

165 1232 318 1264 διαπαντὸς,
335 1233 381 1260 καὶ
397 1234 447 1260 οὐκ
470 1234 527 1260 ἔστι
545 1233 650 1269 καιρὸς,
673 1234 712 1265 ὡς
727 1235 825 1265 εἰπεῖν,
843 1235 872 1260 ἐν
887 1230 909 1268 ᾦ
924 1233 1003 1268 λῆξαι

165 1276 317 1312 δυνήσεται,
335 1277 372 1312 μὴ
388 1277 519 1312 λογισμοῦ
533 1278 682 1309 κωλύοντος
697 1277 781 1312 αὐτὴν
799 1278 845 1304 καὶ
860 1277 1005 1304 καταστέλ-

165 1319 267 1352 λοντος,
282 1320 340 1346 ἀλλ’
352 1321 395 1347 ἀεὶ
414 1321 554 1356 πάρεστιν,
569 1321 599 1348 οὐ
618 1322 698 1356 μόνον
714 1321 898 1348 ἀναπείθουσα
913 1321 1005 1356 ἁμαρ⁸

166 1364 267 1396 τάνειν,
291 1364 358 1391 ἀλλὰ
381 1364 432 1391 κᾶν
448 1365 573 1400 τύχωμέν
588 1374 614 1392 τι
636 1364 845 1400 κατορθοῦντες,
862 1365 909 1391 καὶ
926 1364 1005 1391 τοῦτο

168 1408 368 1444 ἁφαρπάζουσα
391 1408 445 1435 τῶν
465 1409 573 1444 χειρῶν,
595 1409 653 1435 ἐστι
672 1408 701 1435 δὲ
725 1410 769 1435 ὅτε
790 1408 850 1435 οὐδέ
869 1409 1004 1443 ἀφιεῖσαδ

167 1452 218 1487 τὴν
232 1453 319 1488 ἀρχὴν
337 1453 516 1488 κατορθῶσαι.
532 1453 563 1479 El
585 1453 613 1479 δέ
628 1452 678 1488 τὴν
698 1453 853 1486 πλεονεξίαν
866 1454 880 1480 ὁ
900 1453 1005 1484 Παῦλος

169 1495 388 1532 είδωλολατρείαν
402 1496 491 1522 καλεῖ·
507 1496 555 1530 τὴν
569 1496 672 1532 ταύτης
689 1497 795 1531 μητέρα
808 1497 853 1523 καὶ
868 1496 946 1532 ῥίζαν
960 1498 1006 1524 καὶ

170 1541 271 1576 πηγὴν,
287 1540 335 1576 τὴν
349 1541 501 1573 κενοδοξίαν
516 1541 597 1575 λέγω,
614 1541 640 1566 τί
659 1541 762 1567 δίκαιον
778 1541 923 1576 ὀνομάσαι;
939 1541 1006 1567 Οὐδὲ

169 1584 224 1619 γὰρ
238 1584 421 1619 προσηγορίαν
435 1585 483 1619 τῆς
500 1584 600 1615 κακίας
614 1584 692 1617 ἀξίαν
709 1583 783 1611 ἔστιν
798 1584 898 1620 εὑρεῖν.

212 1628 405 1664 Ἀνανήψωμεν
420 1628 518 1658 τοίνυν,
534 1628 681 1663 ἀγαπητοὶ,
696 1627 742 1654 καί¹
763 1628 792 1654 τδ
809 1628 926 1663 πονηρὺν
941 1628 1008 1654 ἀπο-

171 1671 314 1707 δυσώμεθα
331 1671 409 1698 τοῦτο
433 1671 551 1706 ἱμάτιον,
575 1672 621 1698 καὶ
639 1671 831 1706 διαρρήξωμεν
850 1672 895 1697 καὶ
910 1671 1009 1697 ἀποτέ-

174 1724 269 1751 μωμεν
282 1720 305 1748 "-,
317 1716 363 1742 καὶ
383 1715 526 1750 γενώμεθά
542 1723 606 1741 ποτε
627 1715 764 1750 ἐλεύθεροι
785 1715 833 1750 τὴν
853 1715 1008 1750 ἐλευθερίαν

172 1760 222 1794 τὴν
231 1759 328 1794 ἀληθῆ,
341 1761 386 1786 καὶ
396 1760 522 1794 λάϐωμεν
533 1759 657 1794 αἴσθησιν
669 1759 717 1794 τῆς
729 1759 866 1792 εὐγενείας
877 1759 926 1793 τῆς
935 1760 1011 1794 παρὰ

172 1802 220 1829 τοῦ
243 1803 310 1829 Θεοῦ
331 1803 475 1837 δεδομένης
499 1804 564 1837 ἡμῖν
577 1811 584 1818 ·
610 1803 862 1838 καταφρονήσωμεν
883 1802 934 1837 τῆς
955 1804 1011 1830 τῶν

174 1846 278 1873 πολλῶν
300 1847 389 1883 δόξης.
405 1847 486 1874 Οὐδὲν
502 1847 557 1882 γὰρ
571 1846 643 1873 οὕτω
659 1847 861 1880 καταγέλαστον
882 1847 930 1873 καὶ
952 1847 1010 1874 ἄτι-

175 1898 236 1925 μον,
250 1891 287 1923 ὡς
302 1891 381 1917 τοῦτο
400 1891 431 1917 τὸ
450 1891 553 1922 πάθοςο
568 1891 645 1917 οὐδὲν
668 1889 754 1922 οὕτως
776 1890 907 1926 αἰσχύνης
927 1891 1011 1925 γέμον

174 1935 222 1962 καὶ
236 1934 336 1969 πολλῆς
353 1934 470 1966 ἀδοξίας.
487 1934 542 1961 Καὶ
566 1933 644 1961 τοῦτο
661 1934 825 1969 πολλαχόθεν
842 1934 890 1961 ῐδοι
907 1943 948 1966 τις
968 1935 1011 1966 ἂν,

174 1979 216 2008 ὅτι
231 1979 261 2006 τὺ
278 1980 326 2015 μέν
340 1979 417 2015 δόξης
433 1979 509 2015 ὲρᾷν,
525 1979 626 2012 ἀδοξία,
640 1979 703 2013 δόξα
715 1979 744 2006 δέ
761 1978 854 2010 ὅντως,
868 1979 897 2005 τὺ
912 1979 1013 2015 ταύτης

176 2025 323 2060 ὐπερορᾷν,
340 2024 386 2051 καὶ
403 2024 503 2059 μηδένα
516 2024 599 2059 αὐτῆς
614 2023 747 2050 ποιεῖσθαι
762 2023 850 2057 λόγον,
864 2023 933 2050 ἀλλὰ
945 2024 1013 2058 πρὸς

208 2077 289 2131 21%;.
309 2077 346 2101 διὸ
366 2077 406 2101 καὶ
420 2077 469 2101 ενα.
494 2076 544 2101 Sed
565 2076 654 2101 melius
675 2076 735 2100 Mor.
754 2079 778 2100 el
791 2082 847 2100 mss.
870 2081 957 2100 omnes
971 2076 1010 2100 καὶ

176 2116 226 2132 κατ
239 2116 287 2131 ενα.

208 2138 222 2157 ιι
236 2138 282 2169 Alii
293 2138 388 2169 ἀφεῖσα.

208 2170 220 2184 ε
233 2168 293 2193 Mor.
306 2169 482 2200 ἀποτέμνωμεν.

1045 182 1076 208 τὸ
1090 182 1129 218 τῷ
1146 182 1205 218 Θεῷ
1221 183 1316 210 δοκοῦν
1333 183 1441 210 ἅπαντα
1457 183 1503 210 καὶ
1520 183 1608 218 λέγειν
1625 184 1671 211 καὶ
1695 185 1791 211 ποιεῖν.
1807 182 1886 210 Οὕτω

1046 225 1101 262 γὰρ
1123 226 1294 262 δυνησόμεθα
1310 227 1356 253 καὶ
1374 227 1468 262 μισθὸν
1485 227 1578 254 λαϐεῖν
1603 227 1677 263 παρὰ
1701 227 1747 254 τοῦ
1763 227 1797 254 τὰ
1819 226 1885 261 ἤμεε

1046 278 1112 305 τερα
1121 270 1237 304 ὁρῶντος
1248 270 1379 306 ἀκριϐῶς,
1389 271 1452 297 ὅταν
1462 271 1535 307 αὐτῷ
1548 271 1620 307 μόνῳ
1630 271 1780 307 ἀρκώμεθα
1791 271 1885 306 θεατῇ-

1047 313 1079 339 Τί
1097 313 1150 348 γὰρ
1167 314 1233 348 ἡμῖν
1252 315 1298 340 καὶ
1314 314 1414 350 ἐτέρων
1432 315 1579 350 ὀφθαλμῶν
1593 315 1642 348 δεῖ,
1656 315 1703 342 τοῦ
1719 316 1801 350 τιμᾷν
1820 315 1888 350 μέλ-

1048 356 1137 389 λοντος
1147 357 1159 376 ἀ
1175 358 1247 393 ἡμᾶς
1261 357 1377 393 δρῶντος
1393 359 1435 385 ἀεὶ
1447 358 1482 385 τὰ
1494 359 1624 394 γινόμενα
1639 360 1704 394 παρ’
1717 359 1810 394 ήμὼν;
1825 358 1888 389 Πῶς

1048 400 1076 426 δὲ
1096 401 1146 427 οὑκ
1162 401 1273 433 ἄτοπον,
1289 401 1334 428 τὸν
1351 402 1400 437 μέν
1418 402 1526 438 οἰκέτην
1541 403 1630 430 πάντα
1646 403 1749 438 ὅσαπερ
1762 403 1794 429 ἂν
1812 403 1887 437 ποιῇ,

1049 445 1087 475 είς
1112 444 1258 479 ἀρέσκειαν
1283 445 1329 471 τοῦ
1354 445 1483 472 δεσπότου
1510 447 1606 480 ποιεῖν,
1630 447 1677 473 καὶ
1704 447 1786 481 μηδὲν
1804 446 1888 472 πλέον

1049 486 1187 521 ἐπιζητεῖν
1201 489 1250 524 τῆς
1270 488 1385 524 θεωρίας
1399 489 1448 524 τῆς
1465 489 1568 522 τούτου,
1585 490 1652 526 μηδέ
1668 489 1776 525 ἑτέρους
1787 488 1889 524 ὀφθαλ-

1052 530 1117 565 μοὺς
1134 531 1294 565 ἐφέλκεσθαι
1310 533 1378 568 πρὸς
1391 533 1439 568 τὴν
1456 534 1566 568 πρᾶξιν,
1582 534 1634 560 κᾶν
1651 533 1762 569 μεγάλοι
1777 533 1801 559 οἱ
1822 532 1890 559 θεω-

1051 574 1160 609 ροῦντες
1175 572 1251 609 ὦσιν,
1267 576 1323 602 ἀλλ’
1345 576 1373 603 ἓν
1396 577 1475 612 μόνον
1497 579 1608 604 σκοπεῖν
1631 578 1705 608 ὅπως
1724 577 1738 603 ὁ
1757 577 1891 612 δεσπότης

1051 618 1201 654 θεάσηται¹
1221 620 1294 655 ἡμᾶς
1316 620 1344 646 δέ
1369 619 1489 647 τοιοῦτον
1511 621 1622 656 ἔχοντας
1645 621 1757 656 Κύριον,
1781 621 1891 656 ἐτέρους

1051 662 1190 697 ἐπιζητεῖν
1214 663 1311 695 θεατὰς
1334 664 1397 696 τοὺς
1420 664 1560 700 ὠφελῆσαι
1579 665 1626 700 μὲν
1646 665 1731 697 οὐδὲν,
1749 664 1848 699 βλάψαι
1862 664 1891 690 δὲ

1051 705 1084 731 ἐκ
1108 707 1157 741 τῆς
1181 706 1297 743 θεωρίας
1321 707 1500 742 δυναμένους,
1524 708 1571 735 καὶ
1598 708 1714 735 κενῶσαι
1735 708 1822 735 πάντα
1845 708 1892 734 τδν

1053 749 1134 776 πόνον
1147 751 1229 785 ἡμῖν;
1247 751 1304 787 Μὴ,
1320 751 1471 786 παρακαλῶ
1483 760 1489 767 ·
1506 752 1564 778 ἀλλ’
1576 752 1638 778 ὅθεν
1653 752 1751 787 ἔχομεν
1769 753 1831 784 τοὺς
1848 761 1892 787 μι-

1055 794 1134 826 σθοὺς
1154 794 1256 826 λαϐεῖν,
1269 794 1326 831 [26]
1342 795 1436 822 τοῦτον
1451 795 1579 831 καλῶμεν
1593 796 1738 831 ἐπαινέτην
1750 795 1803 822 τῶν
1819 804 1894 829 γινορ

1053 838 1151 872 μένων,
1176 839 1269 865 τοῦτον
1296 839 1404 874 θεατήν.
1428 839 1519 874 Μηδὲν
1543 840 1609 875 ἡμῖν
1633 840 1680 867 καὶ
1708 839 1893 875 ἀνθρωπίνοις

1052 881 1199 917 ὀφθαλμοῖς
1219 883 1298 910 ἔστω.
1315 884 1346 910 Εἰ
1370 883 1424 919 γὰρ
1448 884 1587 919 ἐθέλοιμεν
1611 884 1658 910 καὶ
1681 883 1782 919 ταύτης
1798 884 1893 909 ἐπιτυ-

1053 927 1110 961 χεῖν
1135 927 1184 961 τῆς
1199 925 1292 962 δόξης,
1314 927 1374 953 τότε
1399 927 1482 962 αὐτῆς
1504 927 1711 963 ἐπιτευξόμεθα,
1735 928 1800 954 ὅταν
1814 933 1826 947 ο
1844 927 1894 962 τὴν

1053 969 1128 1004 παρὰ
1141 969 1187 996 τοῦ
1203 969 1271 996 Θεοῦ
1289 970 1416 1006 ζητῶμεν
1439 971 1532 1007 μόνην.
1550 971 1624 1004 Τοὺς
1645 971 1700 1005 γὰρ
1715 971 1896 1003 δοξάζοντάς

1050 1022 1089 1048 με
1105 1013 1234 1046 δοξάσω,
1251 1014 1327 1048 φησί.
1345 1014 1399 1040 Καὶ
1414 1014 1507 1049 ὥσπερ
1529 1016 1679 1050 χρημάτων
1697 1015 1757 1041 τότε
1776 1014 1894 1050 μάλιστα

1053 1057 1234 1092 εὐποροῦμεν,
1256 1057 1320 1084 ὅταν
1335 1058 1549 1094 καταφρονῶμεν
1572 1058 1672 1091 αὐτῶν,
1689 1058 1737 1084 καὶ¹
1754 1058 1800 1085 τὸν
1819 1058 1894 1092 παρὰ

1053 1099 1100 1127 τοῦ
1119 1099 1186 1126 Θεοῦ
1209 1100 1336 1136 ζητῶμεν
1359 1101 1472 1128 πλοῦτον
1490 1102 1570 1136 μόνον
1591 1102 1721 1136 (Ζητεῖτε
1735 1102 1800 1137 γὰρ,
1815 1102 1893 1136 φησὶ,

1054 1145 1112 1178 τὴν
1128 1145 1294 1177 βασιλείαν
1308 1145 1362 1173 τοῦ
1378 1146 1462 1179 Θεοῦ,
1479 1146 1528 1173 καὶ
1548 1147 1642 1173 ταῦτα
1659 1146 1757 1173 πάντα
1770 1153 1896 1180 προστε-

1054 1189 1178 1221 θήσεται
1194 1189 1290 1224 ύμῖν)·
1305 1189 1376 1216 οὕτω
1391 1190 1439 1216 καὶ
1456 1190 1501 1216 ἐπὶ
1516 1190 1565 1225 τῆς
1579 1190 1673 1225 δόξης,
1689 1190 1751 1217 ὅταν
1764 1191 1829 1225 ἡμῖν
1845 1190 1897 1216 λοι-

1055 1233 1105 1259 πὸν
1125 1232 1266 1264 ἀκίνδυνος
1281 1234 1297 1268 ἡ
1311 1233 1385 1265 δόσις
1399 1231 1439 1269 ᾖῐ
1462 1233 1509 1260 καὶ
1525 1235 1542 1269 ἡ
1565 1233 1619 1260 τῶν
1643 1233 1791 1270 χρημάτων
1811 1233 1858 1260 καὶ
1879 1234 1896 1268 ἠ

1054 1276 1104 1312 τῆς
1121 1276 1214 1312 δόξης,
1232 1278 1293 1303 τότε
1317 1277 1402 1312 αὐτὴν
1425 1277 1661 1312 ἐπιδαψιλεύσεται
1677 1279 1690 1304 δ
1713 1277 1789 1308 Θεός.
1808 1276 1897 1303 Ἀκίν-

1055 1319 1131 1351 δυνος
1149 1321 1178 1347 δὲ
1194 1321 1254 1348 τότε
1271 1321 1354 1353 ἐστὶν,
1369 1321 1432 1348 ὃταν
1446 1321 1524 1356 ὴμῶν
1548 1321 1584 1356 μὴ
1602 1323 1706 1357 κρατῇ,
1730 1321 1796 1357 μηδὲ
1817 1329 1897 1354 περι-

1055 1363 1179 1397 γίνηται,
1202 1363 1268 1399 μηδὲ
1283 1364 1321 1394 ὡς
1342 1363 1445 1396 δούλοις
1471 1364 1540 1399 αὐτὴ
1563 1365 1709 1400 ἐπιτάττῃ,
1728 1363 1784 1390 ἀλλ’
1797 1364 1834 1395 ὡς
1853 1364 1896 1390 δε-

1057 1407 1170 1438 σπόταις
1185 1408 1232 1434 καὶ
1248 1408 1285 1440 ὡς
1300 1408 1453 1444 ἐλευθέροις
1472 1409 1667 1444 παραγίνηται.
1683 1408 1732 1435 Διὰ
1747 1409 1801 1443 γὰρ
1819 1407 1898 1434 τοῦτο

1057 1451 1116 1476 οὐδὲ
1144 1450 1267 1485 βούλεται
1291 1452 1382 1478 αὐτῶν
1406 1453 1478 1488 ἡμᾶς
1504 1453 1580 1488 ἐρᾷν,
1603 1452 1646 1478 ἴνα
1668 1452 1705 1487 μὴ
1732 1451 1898 1486 κρατώμεθα

1058 1495 1122 1530 παρ’
1146 1495 1244 1521 αὐτῶν.
1270 1495 1329 1521 Κᾶν
1349 1495 1427 1522 τοῦτο
1452 1495 1680 1530 κατορθώσωμεν,
1707 1495 1815 1522 δίδωσιν
1832 1495 1898 1529 ημῖν

1058 1538 1127 1564 αὐτὰ
1148 1538 1217 1573 μετὰ
1238 1539 1338 1574 πολλῆς
1357 1539 1406 1575 τῆς
1422 1540 1570 1574 δαψιλείας.
1587 1540 1618 1566 Τί
1634 1540 1688 1574 γὰρ
1708 1538 1815 1565 Παύλου
1831 1538 1898 1572 λαμ-

1059 1582 1202 1617 πρότερον,
1219 1577 1279 1609 είπέ
1299 1591 1354 1618 μοι,
1369 1583 1416 1609 τοῦ
1433 1583 1574 1617 λέγοντος·
1596 1584 1636 1610 Οὐ
1659 1582 1802 1616 ζητοῦμεν
1820 1582 1899 1616 παρὰ

1059 1625 1221 1659 ἀνθρώπων
1243 1625 1347 1660 δόξαν,
1361 1626 1430 1653 οὔτε
1446 1628 1496 1661 ἀφ’
1513 1626 1607 1662 ὑμῶν,
1627 1627 1695 1654 οὗτε
1710 1627 1760 1654 ἀπ’
1779 1626 1899 1658 diutor;

1059 1668 1129 1694 τίδὲ
1145 1669 1331 1704 εὐπορώτερον
1355 1669 1399 1696 τοῦ
1421 1671 1503 1705 μηδὲν
1526 1670 1643 1705 ἔχοντος,
1657 1670 1704 1696 καὶ
1725 1669 1814 1696 πάντα
1835 1677 1900 1696 κατ-
1932 1683 1935 1686 ~

1061 1711 1183 1746 έχοντος;
1199 1713 1284 1739 Ὅταν
1298 1713 1362 1748 γὰρ,
1377 1713 1445 1748 ὅπερ
1468 1713 1545 1749 ἔφην,
1563 1714 1599 1749 μὴ
1613 1713 1778 1749 κρατώμεθα
1793 1714 1839 1740 ὑπ’
1852 1713 1900 1740 αὑ-

1060 1755 1125 1788 τῶν,
1140 1756 1200 1782 τότε
1221 1757 1311 1783 αὐτῶν
1330 1758 1513 1793 κρατήσομεν,
1533 1758 1592 1784 τότε
1614 1757 1685 1784 αὐτὰ
1701 1757 1850 1792 ληψόμεθα.
1868 1757 1900 1783 Εί.

1061 1799 1151 1828 τοίνυν
1165 1801 1353 1837 ἐπιθυμοῦμεν
1373 1803 1512 1837 ἐπιτυχεῖν
1532 1802 1620 1836 δόξης,
1643 1802 1788 1836 φεύγωμεν
1801 1801 1898 1834 δόξαν⁹

1062 1845 1132 1872 οὕτω
1148 1846 1201 1881 γὰρ
1214 1845 1384 1881 δυνησόμεθα
1399 1846 1445 1872 τοῦ
1461 1845 1529 1872 Θεοῦ
1544 1847 1607 1877 τοὺς
1628 1846 1726 1880 νόμους
1741 1845 1898 1875 ἀνύσαντες.

1062 1890 1153 1924 τυχεῖν
1174 1890 1221 1916 καὶ
1241 1890 1295 1917 τῶν
1312 1889 1428 1917 ἐνταῦθα
1453 1890 1500 1916 καὶ
1521 1889 1575 1916 τῶν
1597 1889 1808 1924 ἐπηγγελμένων
1831 1889 1901 1920 ἁγα-

1064 1933 1129 1965 θῶν,
1149 1934 1240 1970 χάριτι
1253 1936 1265 1955 Β
1280 1934 1327 1961 τοῦ
1339 1933 1468 1970 Χριστοῦ,
1492 1933 1550 1968 μεθ’
1572 1931 1602 1961 οὗ
1622 1933 1662 1968 τῷ
1682 1933 1769 1968 Πατρὶ
1789 1934 1806 1967 ἡ
1821 1931 1900 1964 δόξα,

1064 1977 1122 2012 ἅμα
1145 1977 1183 2013 τῷ
1198 1978 1267 2013 ἁγίῳ
1288 1977 1427 2013 [Ινεύματι
1438 1997 1445 2009 ,
1462 1978 1502 2009 είς
1516 1978 1580 2009 τοὺς
1595 1977 1696 2009 αἰῶνας
1714 1976 1768 2004 τῶν
1785 1975 1900 2003 αἰώνων.

1071 2022 1164 2057 ’Δμήν.

1095 2074 1108 2094 ἀ
1120 2074 1167 2099 ΑΙΞὶ
1178 2074 1221 2099 τοῦ
1230 2077 1299 2107 τιμᾷν
1314 2075 1427 2102 θέλοντος.

1098 2111 1109 2125 ε
1121 2105 1169 2129 Alii
1179 2106 1227 2129 ὅτε.

1179 2114 1227 2130 οτε.

1101 2135 1109 2154 ί
1124 2135 1157 2166 ᾚ
1168 2137 1240 2160 deest
1249 2136 1273 2160 in
1282 2135 1427 2167 quibusdam
1443 2142 1501 2160 mss.

1098 2167 1110 2186 Β
1124 2166 1182 2191 Mor.
1194 2167 1295 2197 ἀγαθῶν,
1307 2167 1340 2190 ὧν
1349 2167 1441 2197 γένοιτο
1452 2166 1540 2194 πάντας
1550 2167 1613 2197 ἡμᾶς
1624 2165 1751 2197 ἐπιτυχεῖν,
1759 2165 1903 2196 χάριτι,εῑο,

951 2268 1073 2294 ΟΜΙΛΙΑ
1091 2268 1126 2294 Δ’.

185 2329 233 2354 Ἐν
251 2328 328 2363 ἀρχῇ
354 2326 393 2363 ἦν
411 2328 427 2355 ό
445 2328 540 2362 Λόγος
548 2327 634 2389 ,Θέιὲἐ
657 2329 673 2354 ὀ
692 2326 785 2362 Λόγος
808 2323 848 2360 ἦν
866 2325 940 2360 πρὸς
962 2326 1017 2352 τὸν

215 2411 250 2434 α’.
270 2408 333 2438 Τοῖς
348 2407 410 2443 ἄρτι
433 2407 486 2434 τῶν
504 2407 606 2433 παίδων
623 2406 810 2441 είσαγομένοις
829 2406 897 2441 πρὸς
912 2405 946 2432 τὰ
964 2414 1016 2440 μα-

181 2451 291 2487 θήματα
310 2451 372 2477 οὔτε
393 2450 478 2478 πολλὰ
493 2449 593 2485 ἐφεξῆς
606 2456 618 2470 ι
637 2450 805 2476 ἐπιτιθέασιν
820 2449 845 2476 οί
864 2449 1018 2476 διδάσκαλοι

181 2495 216 2522 τὰ
233 2496 341 2530 φορτία,
354 2494 416 2522 οὕτε
432 2494 549 2526 εἰσάπαξ
569 2493 645 2520 τοῦτο
665 2493 797 2523 ποιοῦσιν,
811 2492 878 2519 ἀλλὰ
891 2493 937 2519 καὶ
953 2492 1018 2528 βρα-

181 2540 243 2574 χέα,
257 2540 304 2566 καὶ
317 2540 350 2566 τὰ
365 2539 434 2565 αὐτὰ
447 2538 575 2569 πολλάκις
588 2537 729 2572 ἐνηχοῦσιν
741 2537 841 2568 αὐτοῖς,
852 2536 921 2563 ὥστε
930 2536 1019 2563 αὐτῶν

184 2583 282 2619 ῥᾳδίως
303 2582 443 2618 ἐντεθῆναι
464 2584 496 2617 τῇ
511 2581 615 2617 διανοίᾳ
628 2581 662 2607 τὰ
678 2581 823 2615 λεγόμενα,
839 2580 907 2607 ἀλλὰ
932 2580 969 2616 μὴ
988 2580 1020 2606 ὲκ

183 2629 333 2664 προοιμίων
345 2627 560 2663 δυσχεράναντας
572 2627 669 2657 αὐτοὺς
684 2626 751 2661 προς
765 2625 794 2652 τὺ
810 2625 911 2660 πλῆθος
927 2625 974 2651 καὶ
990 2625 1020 2650 τὸ

182 2673 231 2707 τῆς
245 2673 355 2707 μνήμης
376 2671 567 2702 δυσκάθεκτον,
581 2669 777 2705 ὀκνηροτέρους
804 2668 932 2703 γενέσθαι
958 2669 1021 2703 περὶ

182 2716 233 2750 τὴν
249 2715 380 2750 συλλογὴν
399 2715 452 2741 τῶν
479 2714 619 2743 δοθέντων.
640 2713 743 2748 νάρκης
763 2713 836 2744 τινὸς
857 2713 949 2742 αὐτοῖς
968 2711 1024 2737 ἀπὸ

182 2760 232 2795 τῆς
252 2759 395 2791 δυσκολίας
415 2759 602 2794 ἐγγινομένης,
618 2757 703 2784 Τοῦτο
715 2757 746 2792 δὴ
770 2757 816 2783 καὶ
831 2756 912 2787 αὐτὸς
937 2763 1022 2781 κατα-

184 2804 316 2831 σκευάσαι
336 2803 505 2838 βουλόμενος,
521 2803 568 2829 καὶ
587 2802 631 2828 τὸν
647 2801 727 2827 πόνον
747 2801 811 2835 ὑμῖν
828 2799 939 2833 ποιῆσαι
957 2797 1020 2825 κοῦ-

185 2856 244 2882 φον.
261 2847 331 2874 κατὰ
354 2847 450 2882 μικρὸν
467 2846 670 2881 ἀπολαμϐάνων
695 2845 728 2871 τὰ
751 2845 779 2870 ἐν
795 2845 828 2879 τῇ
856 2843 916 2878 θείᾳ
937 2842 1022 2878 ταύτῃ

187 2891 318 2928 τραπέζῃ,
336 2891 374 2922 είς
387 2891 435 2922 τὰς
450 2889 584 2924 ὑμετέρας
598 2888 684 2919 οὕτως
699 2887 788 2922 ἐνίημι
803 2886 901 2922 ψυχὰς.
917 2885 961 2912 Διὸ
976 2885 1022 2912 καὶ

219 2951 230 2965 ⁸
248 2949 343 2983 Ἐφεξῆς
353 2951 423 2974 deest
434 2949 457 2973 in
468 2947 611 2979 quibusdam
625 2953 683 2969 τιμε.

1065 2326 1119 2352 τῶν
1134 2325 1224 2353 αὐτῶν
1248 2325 1351 2360 ἅψομαι
1367 2324 1448 2351 πάλιν
1467 2324 1607 2360 ῥημάτων,
1630 2325 1678 2360 οὐχ
1693 2325 1762 2352 ὥστε
1779 2326 1813 2352 τὰ
1836 2325 1906 2352 αὐτὰ

1066 2370 1147 2397 ¹ιιάλιν
1170 2370 1273 2401 εἰπεῖν,
1295 2368 1353 2395 ἀλλ’
1370 2369 1441 2394 ὥστε
1466 2368 1500 2394 τὰ
1521 2368 1649 2394 λείποντα
1675 2368 1833 2403 προσθεῖναι
1855 2369 1905 2404 μό-

1067 2423 1120 2440 νον.
1132 2414 1200 2448 Φέρε
1212 2411 1269 2444 οὖν,
1292 2412 1337 2438 τὸν
1355 2411 1434 2446 λόγον
1449 2411 1494 2438 ἐπὶ
1509 2411 1543 2438 τὰ
1556 2412 1688 2447 προοίμια
1703 2412 1783 2439 πάλιν
1796 2412 1907 2447 ἀγάγω-

1069 2467 1129 2493 μεν.
1158 2458 1205 2483 Ἐν
1220 2455 1297 2490 ἀρχῇ
1308 2455 1348 2490 ἦν
1358 2457 1374 2482 ὁ
1385 2456 1490 2490 Λόγος,
1506 2455 1555 2482 καὶ
1575 2457 1591 2482 ὀ
1607 2456 1700 2490 Λόγος
1714 2454 1752 2490 ἦν
1768 2456 1843 2490 πρὸς
1853 2456 1907 2482 τὸν

1069 2502 1152 2530 Θεόν.
1165 2501 1243 2532 Τίνος
1258 2500 1360 2532 ἕνεκεν,
1379 2499 1433 2526 τῶν
1456 2499 1543 2526 ἄλλων
1566 2499 1693 2525 ἁπάντων
1706 2498 1907 2533 εὑαγγελιστῶν

1068 2546 1122 2572 ἀπδ
1132 2545 1180 2580 τῆς
1189 2544 1344 2578 οἰκονομίας
1353 2543 1514 2578 ἀρξαμένων
1525 2543 1649 2578 (καὶγὰρ
1656 2544 1670 2570 ό
1681 2542 1817 2573 Ματθαῖός
1828 2551 1905 2577 φησι,

1070 2590 1178 2622 Βίσλος
1190 2588 1335 2623 γενέσεως
1363 2586 1465 2620 Ἰησοῦ
1482 2586 1612 2619 Χριστοῦ
1632 2586 1698 2613 ιιίοῦ
1720 2585 1778 2622 [27]
1798 2585 1906 2612 Δαυΐδ-

1070 2633 1117 2660 καὶ
1132 2634 1147 2659 ὸ
1163 2632 1269 2662 Λουκᾶς
1278 2630 1312 2657 τὰ
1325 2629 1396 2657 κατὰ
1408 2630 1457 2664 τὴν
1472 2629 1581 2665 Μαρίαν
1595 2630 1660 2665 ἡμῖν
1677 2630 1706 2655 ἐν
1722 2629 1793 2664 ἀρχῇ
1806 2629 1908 2664 διηγεῖ-

1069 2684 1134 2704 ται·
1149 2676 1197 2703 καὶ
1224 2677 1238 2702 ὁ
1262 2675 1371 2710 Μάρκος
1386 2674 1415 2700 δέ
1435 2673 1535 2708 ὁμοίως
1550 2675 1606 2705 τοῖς
1628 2674 1719 2704 αὐτοῖς
1745 2672 1908 2708 ἐνδιατρίϐει

1069 2721 1169 2754 λόγοις,
1183 2720 1231 2754 τὴν
1244 2718 1315 2746 κατὰ
1330 2718 1375 2744 τὸν
1389 2717 1544 2753 Βαπτιστὴν
1556 2717 1674 2753 ίστορίαν
1689 2717 1815 2743 ἐντεῦθεν
1829 2716 1909 2751 ὑφαί-

1071 2773 1123 2790 νιυν
1132 2764 1153 2799 ),
1171 2765 1185 2790 ό
1203 2764 1327 2797 Ἰωάννης
1339 2762 1418 2789 τοῦτο
1438 2761 1487 2797 μὲν
1507 2763 1535 2788 ὲν
1549 2761 1643 2796 βραχεῖ
1666 2761 1713 2788 καὶ
1733 2761 1802 2796 μετὰ
1822 2760 1908 2787 ταῦτα

1072 2808 1179 2842 ᾐνίξατο
1192 2806 1286 2837 εἰπὼν,
1302 2806 1356 2833 Καὶ
1368 2807 1384 2832 ὀ
1397 2806 1491 2840 Λόγος
1501 2805 1578 2839 σὰρξ
1591 2804 1709 2840 ἐγένετο
1720 2813 1728 2820 ·
1748 2804 1782 2830 τὰ
1800 2804 1828 2830 δὲ
1841 2803 1909 2830 ἄλλα

1074 2851 1162 2878 πάντα
1188 2849 1385 2886 παραδραμὼν,
1413 2849 1461 2884 τὴν
1490 2848 1630 2883 σύλληψιν,
1664 2848 1710 2874 τὸν
1735 2847 1824 2879 τόκον,
1859 2846 1906 2881 τὴν

1073 2893 1238 2929 ἀνατροφὴν,
1252 2893 1300 2928 τὴν
1311 2892 1433 2927 αὔξησιν,
1454 2892 1554 2923 εὐθέως
1576 2892 1640 2926 περὶ
1651 2892 1699 2926 τῆς
1713 2890 1797 2917 ἀϊδίου
1810 2889 1906 2925 γεννή-

1076 2946 1143 2968 σεως
1154 2938 1218 2972 ἡμῖν
1233 2937 1380 2972 διητεῖταις
1395 2936 1427 2962 Τί
1441 2935 1499 2962 ποτ’
1514 2932 1561 2961 οὖν
1574 2935 1631 2961 ἐστι
1647 2934 1676 2961 τὸ
1693 2934 1778 2962 αἴτιον
1791 2932 1905 2966 τούτων,
