2044 3113
131 138 163 165 ιδ
662 138 694 166 ΙΝ
713 137 867 166 JOANNEM
887 136 916 164 H1

973 135 999 164 L.
1024 138 1067 165 IV.
1089 141 1124 166 al.
1146 139 1188 168 lll.
1725 147 1758 174 ιϐ

131 197 151 222 is
164 195 206 229 qui
222 194 313 229 gloria‘.
329 201 418 221 amore
433 196 526 229 captos
539 194 596 228 est,
611 198 734 230 magnum
748 199 793 222 aut
806 200 917 230 genero-

129 250 186 268 sum
200 241 332 276 quidpiam
349 240 425 268 facile
438 242 573 276 cogitare;
588 241 634 268 sed
647 245 755 268 necesse
769 245 810 268 est
822 244 849 267 ut
861 242 918 267 tur—

129 287 178 323 pis,
195 287 263 319 vilis,
279 286 406 321 inglorius
421 293 446 314 et
462 287 573 321 exiguus
588 285 631 314 sit.
647 285 697 319 Qui
716 287 786 313 cnim
801 292 849 320 pro
866 285 918 312 vir-

129 338 183 359 tute
203 332 277 364 ttihil,
297 331 343 359 sed
357 338 387 359 ut
408 332 559 360 hominibus
581 333 678 359 nullius
698 331 774 366 pretii
799 331 916 365 placeat,

128 378 216 404 omnia
230 376 302 410 facil,
318 378 416 412 quique
437 378 541 404 illorunt
561 378 721 405 sentetttiam
734 384 874 404 erroneam
891 380 918 403 et

129 424 247 451 fallacem
264 424 348 450 ubivis
363 425 493 459 sequitur,
508 424 642 459 quomodo
654 424 735 459 gloria
751 423 845 458 dignus
858 430 917 450 esse

128 470 230 504 pes-sit?
243 469 432 498 Animadverte
446 475 544 497 autem.
558 471 585 498 Si
602 471 660 506 quis
672 470 744 497 illum
756 470 916 504 interroget:

129 516 197 549 Quid
213 519 240 542 ιιι
256 516 350 550 vulgus
365 523 424 543 esse
437 516 595 543 arbitraris?
615 517 734 551 ignavam
751 515 819 542 haud
838 514 918 542 dubie

128 567 154 589 et
167 562 287 589 desidem
302 562 496 589 multitudinem
507 569 566 590 esse
580 563 659 589 dicet.
677 561 744 595 Quid
759 561 839 588 vero?
854 568 916 587 nttnt

129 607 181 634 illis
202 606 296 634 similis
311 614 370 634 esse
385 608 535 641 optaveris?
559 607 586 634 Si
601 607 659 641 quis
673 612 760 634 autem
780 606 852 632 illum
868 605 916 633 de-

128 661 181 680 nuo
202 653 241 679 sic
265 657 444 687 percontetur,
461 661 514 680 non
530 657 592 687 puto
607 653 692 687 ipsum
713 659 742 678 se
763 651 840 678 talem
859 658 918 678 esse

127 702 290 731 optaturmtt.
305 697 444 730 Quomodo
463 698 542 732 igitur
559 705 610 724 non
626 697 766 724 admodum
778 696 916 723 ridiculum

128 744 216 776 fuerit,
233 744 339 770 illorum
350 751 440 771 auram
456 742 590 778 aucupari,
612 744 707 778 quibus
721 751 863 778 numquam
879 742 916 769 si-

127 789 197 816 milis
216 796 277 816 csse
291 788 374 816 velis?

162 835 178 862 6
205 835 253 862 Sin
264 835 362 862 dixeris
374 835 470 862 multus
480 842 538 862 esse
552 839 578 861 et
593 833 618 861 in
632 842 712 862 unum
725 838 841 865 coactos,
858 831 917 860 ideo

129 881 243 908 maxime
258 880 456 908 contemnendi.
477 880 541 907 Nam
562 881 583 907 si
599 880 694 914 singuli
709 884 861 912 contctnptu
873 878 915 905 di-

128 927 181 961 gni,
210 926 317 960 plurimi
339 926 423 953 coacti
445 926 520 960 longe
540 926 624 960 magis
642 923 805 959 despiciendi
828 927 914 950 erunt.

128 971 268 998 Multorum
281 971 353 998 enim
366 970 526 1006 insipientia,
541 971 652 997 collecta
666 969 844 1000 mu'tltudine.
858 977 915 995 nta-

126 1018 166 1051 gis
180 1021 300 1052 augetur.
315 1015 484 1050 Quapropter
498 1016 520 1042 si
535 1016 653 1050 singulos
667 1015 778 1042 seorsim
793 1014 851 1048 quis
866 1013 915 1040 du-

127 1063 193 1089 xerit
209 1063 229 1094 ι,
243 1062 386 1089 emendare
409 1062 521 1097 poterit;
544 1061 621 1088 simul
642 1066 748 1088 coactos
762 1068 813 1086 nun
829 1059 914 1092 facile,

125 1115 157 1135 eo
170 1107 243 1142 qttod
258 1107 408 1142 insipientia
430 1108 465 1134 sit
479 1106 564 1141 major
576 1128 583 1138 ,
597 1111 624 1133 et
640 1106 676 1133 illi
692 1106 775 1132 instar
791 1112 914 1140 pecorum

125 1159 248 1188 agantur,
259 1159 430 1188 mutuamque
440 1158 585 1188 sequantur
595 1152 765 1180 sententiam.
778 1152 914 1184 ’l‘alemne,

125 1205 225 1232 qua'so,
253 1199 430 1226 multitudinis
443 1205 534 1225 auram
558 1197 741 1225 sectabimiui?
763 1197 811 1229 Ne,
825 1205 916 1231 quaeso

123 1249 149 1269 et
161 1244 288 1270 obsecro.
304 1243 330 1270 ld
346 1243 417 1270 enim
431 1244 519 1270 omnia
539 1250 585 1270 sus
597 1243 683 1277 deque
697 1243 793 1269 vertit:
810 1242 836 1269 id
852 1250 914 1268 ava«

125 1290 209 1316 ritiam
225 1291 340 1324 peperit,
357 1290 492 1320 invidiam,
511 1289 719 1321 criminationes,
736 1288 845 1315 insidias
860 1297 867 1314 :
882 1288 915 1314 il-

125 1334 168 1360 lud
196 1341 244 1361 eos
269 1336 314 1367 qui
344 1335 442 1361 nullam
470 1334 540 1368 passi
566 1338 628 1361 sttttt
652 1334 774 1368 injuriatn
791 1354 797 1363 ,
824 1337 914 1359 contra

123 1386 169 1406 cos
193 1380 239 1414 qui
266 1379 367 1406 nullam
394 1380 563 1410 intulerunt,
583 1383 668 1406 armat
693 1384 720 1406 et
743 1378 844 1405 ell'erat.
865 1379 914 1411 Qui

125 1427 173 1452 Ι.οο
184 1425 291 1453 laborat
304 1426 406 1458 morbo,
423 1434 474 1453 non
486 1426 627 1453 amicitiam
641 1425 722 1457 novit,
737 1432 789 1451 non
803 1431 916 1452 consue-

125 1472 254 1506 lud'ttetn,
270 1473 403 1499 neminem
418 1480 526 1507 prorsus
539 1477 691 1504 reveretur;
707 1471 752 1498 sed
767 1471 845 1498 bonis
857 1478 915 1498 om-

123 1517 199 1544 nibus
213 1525 246 1544 ex
262 1518 352 1544 animo
365 1518 486 1552 rejectis,
508 1525 567 1545 cttm
588 1517 710 1544 omnibus
727 1517 824 1544 bellum
835 1517 913 1552 gerit.

124 1564 280 1590 inconstans
305 1568 332 1590 et
358 1564 527 1591 inhumanus.
548 1563 596 1591 Ira:
619 1568 691 1591 certe
713 1563 838 1596 morbus,
865 1563 913 1590 etsi

123 1609 280 1644 tyrannicus
293 1609 328 1636 sit
342 1614 369 1636 et
390 1609 572 1641 intolerabilis,
593 1615 645 1636 non
661 1616 768 1644 semper
782 1609 915 1644 exagitare

124 1655 198 1683 such
216 1654 265 1681 sed
279 1661 339 1681 cum
353 1654 386 1681 ab
398 1654 529 1688 aliquibus
547 1655 664 1681 irritatur
679 1663 685 1681 ε
699 1659 725 1680 at
739 1662 813 1681 vamn
825 1654 916 1687 glorim

123 1707 197 1728 amur
212 1705 323 1734 semper
337 1699 420 1734 viget,
434 1699 536 1726 nullutn
551 1704 663 1734 tempus,
681 1704 709 1726 ut
723 1699 756 1726 ita
767 1699 863 1731 dicam,
876 1703 916 1725 est

123 1755 174 1782 qtto
184 1747 312 1774 desinere
321 1746 416 1782 possit,
429 1745 478 1773 nisi
495 1746 562 1773 ratio
573 1745 644 1772 illam
659 1745 783 1773 cohibeat
795 1749 822 1772 et
841 1752 915 1772 com-

124 1795 230 1828 primat,
246 1793 295 1821 sed
308 1800 414 1828 semper
428 1793 520 1825 adest,
536 1799 589 1820 non
610 1792 689 1820 modo
707 1791 740 1819 ad
756 1791 916 1827 peccandum

124 1840 254 1873 incitans,
269 1840 316 1867 sed
330 1841 408 1866 etiam
421 1840 442 1866 si
454 1839 515 1874 quid
530 1844 602 1866 recte
615 1839 757 1874 egerimus,
769 1846 783 1866 e
795 1837 917 1866 manibus

125 1885 285 1920 prazripiens
301 1893 309 1910 τ
325 1884 465 1919 aliquando
486 1891 550 1911 vero
566 1891 616 1911 non
637 1883 698 1911 sinit
712 1888 784 1910 recte
801 1883 915 1917 operari.

123 1930 198 1962 Quod
212 1930 234 1956 si
251 1928 350 1956 Paulus
366 1929 469 1964 (Ep/tes.
481 1929 507 1956 5.
522 1929 551 1962 5)
563 1928 698 1955 avaritiam
719 1927 848 1954 idolorum
859 1935 917 1954 ser-

123 1975 234 2002 ritutem
250 1979 343 2005 vocet;
369 1974 427 2008 ejus
450 1978 581 2006 matrem,
604 1973 721 2000 radicem
744 1977 771 2000 et
798 1974 915 2004 tentent,

125 2026 218 2048 t-anam
243 2021 357 2056 gloriam
386 2020 507 2053 scilicet,
530 2027 583 2054 quo
606 2020 713 2047 nomine
740 2019 918 2046 vocabimus?

124 2066 215 2102 Neque
226 2067 299 2093 enim
311 2065 374 2093 illttd
390 2069 469 2092 tantae
481 2065 604 2099 nequitia;
614 2065 724 2099 dignum
742 2065 917 2091 inveniemus.

161 2111 272 2138 Moralis
296 2111 437 2138 thOl’lﬂlfﬂ
462 2111 496 2137 ad
518 2115 610 2137 uanam
633 2110 741 2145 gloriam
760 2110 918 2145 fugiendam.

127 2157 208 2184 Deum
230 2163 311 2183 unum
329 2160 492 2191 spectatorem
506 2155 712 2190 laudatoremque
725 2162 835 2188 querere
844 2162 920 2188 opor-

127 2208 168 2229 tet.
180 2218 216 2222 —
227 2202 428 2236 Resipiscamus
446 2201 534 2236 igitur,
557 2199 646 2228 dilecti
660 2221 666 2232 ,
682 2204 709 2228 et
722 2200 772 2227 hoc
786 2200 919 2234 pernicio-

127 2255 185 2275 sum
207 2255 340 2276 eruamus
363 2247 549 2275 vestimentum
566 2255 572 2274 :
593 2247 679 2280 ipsum
696 2245 877 2273 discindamus
894 2250 921 2272 et

125 2295 306 2325 dissecemus,
323 2299 438 2328 veraque
457 2292 579 2320 libertate
594 2291 701 2319 tandem
724 2291 800 2319 liberi
818 2290 919 2318 efﬁcia-

152 2362 167 2397 _*
185 2361 271 2391 ὅπη..
282 2360 361 2391 legit,
375 2363 525 2392 Quapropter
543 2359 564 2384 si
576 2362 649 2383 unum
666 2358 719 2390 quis
742 2356 896 2388 assuntpseril
911 2363 920 2385 ;

127 2396 207 2416 minus
223 2396 305 2416 recte.

971 197 1040 227 mur,
1056 198 1135 229 atque
1151 195 1177 222 in
1198 202 1305 224 sensum
1321 196 1398 224 nobis
1410 204 1425 224 a
1441 197 1497 226 Deo
1509 205 1644 226 concessa:
1660 201 1741 227 nobili
1752 217 1759 221 -

970 240 1032 267 tatis
1046 240 1183 268 veniamus
1197 250 1204 268 :
1219 243 1396 270 multitudinis
1409 251 1499 271 auram
1513 245 1700 280 despiciamus.
1712 246 1744 273 Ni

970 285 1006 312 hil
1021 285 1091 313 enim
1102 287 1185 322 magis
1204 287 1254 314 ltoc
1272 289 1366 316 morbo
1381 290 1522 318 ridiculum
1539 296 1565 318 et
1579 291 1735 319 indecorum
1749 302 1757 320 :

970 330 1037 358 nihil
1060 335 1132 357 tanta
1154 332 1317 366 turpitudine
1339 338 1366 360 et
1384 335 1490 362 infamia
1513 335 1631 369 plenum.
1650 336 1760 372 Hocque

970 376 1059 403 multis
1072 383 1105 403 ex
1120 376 1266 404 rationibus
1279 378 1370 406 videre
1381 384 1439 406 est:
1455 381 1522 415 quod
1539 389 1635 416 nempe
1647 382 1757 416 gloriam

969 423 1174 459 concupiscere,
1197 425 1356 459 ignominia;
1377 425 1446 452 illaut
1466 431 1554 454 autem
1576 428 1712 463 despicere
1732 434 1758 456 et

970 468 1036 495 nihil
1047 475 1180 504 reputare,
1197 479 1260 498 vere
1273 471 1357 506 gloria
1372 471 1421 501 sit;
1435 471 1481 498 sed
1492 472 1581 500 omnia
1597 474 1630 500 ad
1646 474 1691 501 Dei
1703 475 1759 509 pla-

970 513 1051 540 citum
1065 519 1092 542 et
1101 515 1211 544 dicenda
1229 521 1257 544 et
1271 516 1372 551 agenda
1386 520 1457 543 sunt.
1473 517 1517 544 Sic
1529 519 1600 545 enitn
1613 521 1759 553 poterimus

970 560 1121 588 mercedem
1137 562 1258 597 accipere
1272 562 1306 589 ab
1324 569 1357 589 eo
1370 562 1414 597 qui
1430 567 1518 589 nostra
1537 569 1660 591 accurate
1673 565 1758 599 respi-

969 605 1016 637 cit,
1027 606 1133 641 quando
1146 607 1192 634 illo
1206 608 1262 634 solo
1275 607 1394 634 contenti
1408 608 1508 634 erimus
1521 612 1680 641 spectatore.
1691 609 1758 642 Quid

970 652 1041 678 enim
1058 652 1134 680 nobis
1149 653 1208 680 aliis
1225 653 1310 680 oculis
1323 660 1399 688 opus,
1415 661 1475 680 cum
1492 653 1514 680 is
1528 653 1572 688 qui
1587 654 1664 681 nobis
1677 654 1760 681 homt-

971 705 1027 724 rem
1039 702 1066 724 et
1080 699 1216 732 prtemium
1233 699 1375 733 largiturus
1393 703 1445 731 est,
1460 703 1533 733 gesta
1550 703 1640 725 nostra
1655 707 1760 734 semper

971 741 1076 769 videat?
1088 743 1227 776 Quomodo
1242 751 1294 770 non
1309 743 1454 771 absurdunt
1473 744 1517 777 sit,
1534 751 1639 771 servum
1652 745 1758 779 quidem

970 788 1002 814 ad
1022 788 1079 815 heri
1103 789 1144 816 sui
1166 789 1290 823 placittntt
1314 789 1403 816 omnia
1424 789 1530 821 facere,
1554 789 1670 825 nihilque
1689 790 1761 817 aliud

970 840 1100 868 quaerere,
1113 841 1191 868 quam
1215 839 1242 861 ut
1260 835 1292 860 ab
1315 834 1372 868 ipso
1392 834 1522 867 videatur,
1547 842 1632 869 neque
1647 835 1714 862 alios
1727 834 1760 861 ait

969 885 1043 913 gesta
1058 886 1104 906 sua
1125 879 1218 907 oculos
1234 880 1392 914 exquirere,
1409 879 1579 913 quantumvis
1600 880 1688 914 ntagni
1707 880 1761 907 sint

970 925 1013 952 alii
1024 929 1197 959 spectatores,
1213 925 1260 952 sed
1277 932 1357 951 unum
1371 932 1481 959 scopum
1497 924 1597 951 habere
1611 929 1639 951 ut
1648 925 1682 951 ab
1696 925 1761 952 hero

970 979 1019 998 suo
1033 970 1172 1003 rideatur;
1197 978 1245 998 nos
1265 975 1353 998 autem
1368 971 1446 998 talent
1463 970 1591 997 habetttes
1608 971 1759 1002 Dominum,

970 1016 1036 1044 alios
1047 1024 1168 1051 quaerere
1190 1021 1365 1051 spectatores,
1385 1017 1428 1050 qui
1452 1024 1501 1043 nos
1521 1016 1584 1043 nihil
1596 1016 1699 1050 jut'are,
1712 1017 1760 1044 sed

969 1062 1122 1097 aspiciendo
1133 1068 1229 1089 nocere
1237 1066 1358 1097 possunt,
1366 1065 1502 1096 totutnque
1513 1061 1630 1088 laborettt
1640 1068 1759 1088 nostrum

970 1109 1055 1136 fructu
1068 1115 1179 1135 vacuum
1197 1108 1331 1135 reddere?
1345 1107 1392 1139 Ne,
1408 1114 1509 1141 qutrso,
1525 1106 1550 1133 id
1564 1114 1673 1141 agamus
1689 1116 1696 1133 :
1712 1107 1759 1134 sed

969 1163 984 1183 a
1006 1163 1058 1191 quo
1081 1155 1232 1183 mercedem
1255 1154 1388 1189 accepturi
1409 1161 1518 1185 sumus,
1542 1161 1603 1180 eum
1624 1158 1758 1187 gestorum

969 1201 1133 1230 laudatorem
1155 1201 1316 1227 advocemus
1338 1205 1364 1226 et
1386 1204 1574 1234 spectatorem.
1598 1199 1666 1226 Nihil
1682 1200 1758 1226 nobis

969 1254 1110 1274 commune
1125 1254 1184 1274 cum
1201 1246 1323 1273 humanis
1335 1245 1420 1273 oculis
1433 1245 1475 1271 sit.
1488 1245 1516 1272 Si
1530 1245 1600 1271 enim
1619 1245 1685 1271 ltauc
1699 1246 1758 1279 glo-

970 1293 1035 1319 riam
1049 1293 1153 1327 assequi
1168 1292 1337 1323 voluerimus,
1354 1298 1411 1318 eam
1423 1290 1543 1325 profecto
1551 1297 1756 1324 consequemur.

968 1348 1028 1366 cum
1044 1340 1127 1366 solam
1143 1339 1188 1365 Dei
1204 1343 1355 1372 quarremus
1368 1337 1490 1372 gloriam.
1502 1336 1570 1363 Nam
1585 1336 1758 1371 gloriﬁcantes

969 1393 1007 1411 me
1020 1383 1165 1419 glori/icabo
1180 1384 1202 1417 (Ι
1235 1384 1301 1418 ltrg.
1313 1383 1339 1409 2.
1356 1383 1412 1417 30),
1426 1382 1518 1416 inquit.
1535 1382 1573 1409 Ac
1587 1382 1758 1416 quentadttto-

968 1430 1031 1457 dum
1045 1435 1107 1457 tunc
1130 1431 1244 1458 maxime
1263 1430 1363 1457 divitiis
1374 1429 1518 1462 aiﬂuimus,
1533 1436 1594 1456 cunt
1614 1429 1671 1456 illas
1684 1436 1759 1463 sper.

969 1476 1066 1506 uitnus,
1083 1480 1110 1502 et
1122 1482 1136 1501 a
1157 1475 1211 1502 Deo
1227 1479 1327 1502 tantum
1342 1474 1448 1501 divitias
1461 1473 1608 1508 quaerimus
1623 1473 1697 1509 (nam
1709 1475 1756 1507 ait,

969 1523 1080 1555 Quttrile
1089 1530 1191 1557 regnum
1215 1522 1268 1553 Dei,
1283 1527 1306 1548 et
1328 1522 1381 1548 luet:
1402 1522 1487 1548 omnia
1514 1521 1666 1555 adjiciantur
1689 1521 1757 1547 vobis

967 1567 1073 1604 litauit.
1090 1568 1114 1595 6.
1131 1567 1206 1603 55]);
1223 1568 1261 1594 sic
1275 1573 1301 1594 et
1318 1568 1351 1594 de
1365 1567 1447 1602 gloria
1462 1566 1616 1593 dicettdum.
1628 1566 1694 1593 Cum
1706 1565 1758 1592 lar-

968 1614 1030 1648 gitio
1045 1614 1100 1640 sive
1110 1614 1291 1648 pecuniarum,
1300 1613 1356 1639 sive
1369 1612 1460 1647 gloria:
1468 1612 1585 1646 periculo
1597 1617 1681 1643 vacat,
1697 1616 1758 1638 tunc

968 1659 1038 1685 illam
1062 1659 1131 1685 Deus
1155 1658 1320 1685 abundanter
1342 1658 1468 1691 impertit.
1491 1657 1568 1684 Tunc
1591 1662 1680 1684 autem
1702 1657 1759 1683 tunc

968 1704 1025 1731 sine
1039 1704 1157 1738 pericqu
1171 1708 1242 1735 sunt,
1257 1711 1317 1730 ctntt
1334 1703 1411 1730 nobis
1427 1711 1479 1729 nott
1493 1703 1634 1737 imperant,
1649 1710 1699 1730 nec
1709 1702 1757 1728 do-

969 1750 1119 1780 tttinantur;
1133 1757 1181 1776 nec
1197 1749 1273 1775 nobis
1287 1753 1420 1782 tamquam
1439 1749 1523 1774 servis
1537 1752 1654 1780 uttnttur,
1670 1747 1716 1774 scd
1731 1754 1760 1773 ut

970 1793 1042 1822 beris
1054 1799 1081 1821 et
1095 1793 1187 1820 liberis
1197 1793 1302 1820 adsunt.
1316 1793 1377 1820 Ideo
1391 1800 1442 1819 nou
1458 1792 1514 1819 vult
1528 1799 1576 1819 nos
1587 1792 1646 1819 illas
1657 1800 1758 1822 atttare,

969 1847 1003 1867 ne
1017 1839 1050 1868 iis
1065 1838 1247 1874 subjiciamur.
1264 1838 1338 1872 Quod
1359 1838 1381 1865 si
1405 1844 1592 1872 assequamur,
1610 1836 1668 1865 illas
1683 1837 1758 1864 nobis

969 1895 1029 1915 cum
1043 1886 1201 1913 abundantia
1214 1887 1295 1913 multa
1310 1885 1429 1920 largitur.
1446 1884 1513 1918 Quid
1526 1884 1598 1911 ettim
1613 1884 1695 1911 Paulo
1709 1884 1759 1909 cla~

970 1934 1035 1964 rius.
1049 1939 1150 1968 qua‘so,
1166 1932 1210 1966 qui
1223 1932 1259 1958 ait
1271 1940 1278 1959 :
1292 1931 1351 1958 Non
1365 1931 1499 1964 qutm'nms
1509 1929 1539 1955 ab
1551 1929 1692 1955 hominibus
1702 1929 1758 1962 glo-

971 1979 1044 2011 riam,
1068 1985 1146 2012 neque
1164 1986 1180 2003 a
1203 1977 1280 2008 vobis,
1302 1983 1380 2010 neque
1399 1976 1430 2002 ab
1442 1975 1498 2001 alii:
1515 1974 1553 2008 (l.
1569 1973 1658 2000 Thess.
1673 1973 1702 1999 ἓ.
1716 1973 1758 2004 ϐΠ

969 2024 1038 2058 Quid
1048 2023 1204 2058 locupletius
1219 2022 1265 2049 illo
1279 2022 1322 2056 qui
1339 2021 1403 2048 nihil
1427 2020 1516 2051 habet,
1531 2024 1558 2046 et
1570 2019 1664 2056 onytia
1674 2019 1756 2052 possi-

971 2069 1036 2096 det?
1049 2069 1114 2096 Cum
1129 2068 1212 2101 enim,
1238 2072 1265 2094 ut
1285 2067 1350 2098 dixi,
1370 2074 1423 2093 ttott
1444 2065 1616 2099 subjiciemur
1627 2065 1677 2094 eis,
1699 2068 1759 2088 ttutc

972 2117 1029 2143 illas
1044 2114 1203 2145 tenebimus,
1226 2119 1287 2140 tunc
1306 2112 1477 2146 accipiemus.
1503 2110 1531 2137 Si
1547 2110 1635 2143 itaque
1649 2108 1760 2142 gloriam

971 2161 1075 2196 assequi
1088 2160 1236 2195 cupiamtts,
1251 2159 1363 2193 gloriam
1385 2157 1530 2192 fugiamus;
1546 2155 1585 2182 sic
1600 2155 1670 2181 enint
1686 2159 1761 2187 pote-

972 2209 1064 2239 rintns,
1082 2206 1194 2234 servatis
1215 2205 1261 2232 Dei
1278 2203 1426 2239 prmceptis,
1439 2207 1466 2229 et
1480 2200 1619 2236 prmsentia
1634 2204 1661 2226 et
1675 2199 1762 2225 futura

972 2254 1098 2288 consequi
1119 2252 1200 2283 bona,
1222 2259 1269 2286 per
1298 2250 1409 2285 gratiam
1427 2248 1543 2278 Christi,
1564 2248 1671 2281 quicutn
1692 2245 1762 2271 Patri

972 2300 1066 2335 gloria,
1079 2305 1185 2332 unaque
1197 2296 1306 2330 Spiritui
1322 2299 1425 2326 sancto,
1441 2294 1466 2320 in
1481 2292 1578 2320 saecula
1591 2290 1762 2318 saeculorum.

973 2347 1069 2373 Amen.

763 2443 997 2498 “tanta;
1011 2442 1074 2496 tv.

183 2520 196 2547 Ι
200 2529 215 2547 tt
227 2520 354 2555 principio
364 2523 416 2545 erat
428 2518 545 2549 Verbum,
563 2523 586 2544 rt
607 2517 712 2544 Verbum
730 2522 782 2544 erat
796 2518 865 2551 apud

478 2564 570 2590 Deum.

163 2657 188 2682 ί.
208 2654 332 2681 Μρυιοιιο
346 2661 422 2687 quam
440 2653 466 2680 in
478 2651 656 2679 commentario
669 2659 791 2682 usurpare
802 2652 919 2682 destinat,

129 2703 254 2735 exposita,
270 2700 462 2735 Chrysouomus
475 2699 583 2734 explicat
597 2705 642 2725 cur
661 2697 819 2732 evangelist
833 2697 878 2723 alii
889 2698 920 2723 ab

131 2747 305 2775 irit-ornatique
314 2745 366 2771 orsi
378 2745 428 2772 sint
440 2765 446 2776 ,
461 2744 478 2770 ,1
480 2752 574 2771 cannea
584 2750 652 2775 vero,
663 2750 751 2774 tectu;
763 2742 853 2769 deinde
861 2743 922 2776 quill

131 2794 160 2819 tit
179 2792 289 2819 Verbum
302 2791 415 2825 exponit.
428 2805 463 2811 —
476 2790 592 2817 Traditis
606 2789 639 2816 ad
658 2788 812 2823 disciplinas
821 2788 919 2822 pueris,

131 2846 182 2866 non
203 2838 295 2874 gravia
317 2837 434 2871 magistri
455 2836 543 2863 statim
568 2836 705 2870 imponunt
718 2841 816 2866 onera,
835 2841 920 2868 neque

312 2898 445 2926 Parnm.
469 2898 526 2925 tiu.
554 2896 632 2926 LIX.

973 2513 1113 2543 confertim
1126 2511 1177 2538 hoc
1198 2509 1314 2541 faciunt,
1329 2507 1374 2535 scd
1388 2506 1513 2542 paulatim
1527 2527 1535 2539 ,
1550 2510 1577 2533 et
1595 2505 1687 2532 eadem
1701 2506 1764 2539 ipsis

973 2568 1044 2595 sa~pe
1058 2561 1190 2593 repetunt,
1205 2560 1234 2583 ιιι
1243 2563 1272 2582 ea
1290 2554 1392 2581 facilius
1405 2553 1430 2580 in
1443 2556 1531 2580 mente
1545 2552 1696 2586 imprimant
1707 2572 1714 2582 ,
1731 2559 1765 2577 ne

974 2615 986 2631 a
1004 2604 1133 2640 principio
1146 2601 1265 2629 deterriti
1285 2599 1453 2626 ntultitttditte
1468 2605 1559 2625 eorttm
1575 2605 1633 2631 qure
1648 2604 1690 2622 Vtx
1704 2604 1762 2623 nte-

975 2650 1056 2676 moria
1076 2648 1192 2676 retinere
1205 2646 1312 2677 valeat,
1333 2644 1469 2679 segniores
1481 2642 1594 2670 evadant
1606 2641 1638 2668 ad
1654 2647 1685 2667 ea
1705 2648 1765 2676 qua:

975 2695 1024 2722 sibi
1039 2694 1133 2722 tradita
1147 2696 1209 2720 sunt
1223 2690 1370 2725 colligenda
1384 2711 1391 2722 ,
1407 2688 1508 2716 desidia
1525 2687 1629 2714 tandem
1644 2693 1677 2714 ex
1692 2686 1764 2713 diffi-

974 2741 1118 2768 cultatibus
1132 2743 1216 2774 parta.
1233 2737 1307 2764 Hunc
1320 2743 1369 2771 ego
1382 2742 1482 2762 morem
1499 2741 1607 2766 sequar,
1624 2732 1764 2766 levemque

975 2787 1049 2814 vobis
1069 2787 1187 2814 laborem
1211 2782 1321 2811 reddam
1344 2792 1350 2809 :
1370 2789 1402 2809 ac
1421 2780 1545 2816 paulatim
1568 2784 1596 2806 et
1616 2786 1663 2813 per
1676 2783 1764 2814 partes

974 2832 1088 2868 acceptis
1104 2832 1134 2859 iis
1145 2852 1152 2864 ,
1169 2838 1228 2865 qua:
1242 2832 1266 2856 itt
1281 2828 1330 2855 hac
1352 2834 1426 2854 sacra
1450 2833 1540 2852 mettsa
1562 2827 1744 2859 proponuntur
1755 2843 1762 2855 ,

1571 2881 1588 2908 3
