  <div class='ocr_page' id='page_1' title='image "/cluster/home/n/w/nwhite01/storage/ocr_20150623/59/njp.32101077772661/045.png"; bbox 0 0 2044 3113; ppageno 0'>
   <div class='ocr_carea' id='block_1_1' title="bbox 257 102 1895 156">
    <p class='ocr_par' dir='ltr' id='par_1_1' title="bbox 257 102 1895 156">
     <span class='ocr_line' id='line_1_1' title="bbox 257 102 1895 156; baseline -0.02 0"><span class='ocrx_word' id='word_1_1' title='bbox 257 130 288 156; x_wconf 74' lang='grc' dir='ltr'><strong>ιῖ</strong></span> <span class='ocrx_word' id='word_1_2' title='bbox 606 121 639 148; x_wconf 80' lang='lat' dir='ltr'><strong>S.</strong></span> <span class='ocrx_word' id='word_1_3' title='bbox 659 115 798 146; x_wconf 74' lang='lat' dir='ltr'><strong>.IOANNIS</strong></span> <span class='ocrx_word' id='word_1_4' title='bbox 816 107 1052 141; x_wconf 61' lang='lat' dir='ltr'><strong>(llllii&#39;SOSTOMI</strong></span> <span class='ocrx_word' id='word_1_5' title='bbox 1071 104 1228 135; x_wconf 70' lang='lat' dir='ltr'><strong>ARCIIIEP.</strong></span> <span class='ocrx_word' id='word_1_6' title='bbox 1248 102 1514 134; x_wconf 79' lang='lat' dir='ltr'><strong>CONSTANTINOP.</strong></span> <span class='ocrx_word' id='word_1_7' title='bbox 1861 102 1895 130; x_wconf 71' lang='grc' dir='ltr'>ιε</span> 
     </span>
    </p>
   </div>
   <div class='ocr_carea' id='block_1_2' title="bbox 257 167 1048 215">
    <p class='ocr_par' dir='ltr' id='par_1_2' title="bbox 257 167 1048 215">
     <span class='ocr_line' id='line_1_2' title="bbox 257 167 1048 215; baseline -0.03 1"><span class='ocrx_word' id='word_1_8' title='bbox 257 189 295 215; x_wconf 78' lang='lat' dir='ltr'><strong>sic</strong></span> <span class='ocrx_word' id='word_1_9' title='bbox 308 186 377 215; x_wconf 85' lang='lat' dir='ltr'><strong>ea&#39;in</strong></span> <span class='ocrx_word' id='word_1_10' title='bbox 390 184 495 212; x_wconf 76' lang='lat' dir='ltr'><strong>animos</strong></span> <span class='ocrx_word' id='word_1_11' title='bbox 505 183 613 208; x_wconf 76' lang='lat' dir='ltr'><strong>vestros</strong></span> <span class='ocrx_word' id='word_1_12' title='bbox 625 175 777 204; x_wconf 72' lang='lat' dir='ltr'><strong>immittam.</strong></span> <span class='ocrx_word' id='word_1_13' title='bbox 798 171 912 206; x_wconf 77' lang='lat' dir='ltr'><strong>Ideoque</strong></span> <span class='ocrx_word' id='word_1_14' title='bbox 925 169 982 204; x_wconf 89' lang='lat' dir='ltr'><strong>ipsa</strong></span> <span class='ocrx_word' id='word_1_15' title='bbox 997 167 1048 194; x_wconf 90' lang='lat' dir='ltr'><strong>ite-</strong></span> 
     </span>
    </p>
   </div>
   <div class='ocr_carea' id='block_1_3' title="bbox 260 213 1052 264">
    <p class='ocr_par' dir='ltr' id='par_1_3' title="bbox 260 213 1052 264">
     <span class='ocr_line' id='line_1_3' title="bbox 260 213 1052 264; baseline -0.029 -3"><span class='ocrx_word' id='word_1_16' title='bbox 260 213 320 261; x_wconf 83' lang='lat' dir='ltr'><strong>rum</strong></span> <span class='ocrx_word' id='word_1_17' title='bbox 334 231 415 259; x_wconf 75' lang='lat' dir='ltr'><strong>verba</strong></span> <span class='ocrx_word' id='word_1_18' title='bbox 430 232 573 264; x_wconf 87' lang='lat' dir='ltr'><strong>proponam</strong></span> <span class='ocrx_word' id='word_1_19' title='bbox 584 243 591 257; x_wconf 89' lang='lat'><strong>,</strong></span> <span class='ocrx_word' id='word_1_20' title='bbox 606 229 659 250; x_wconf 92' lang='lat' dir='ltr'><strong>non</strong></span> <span class='ocrx_word' id='word_1_21' title='bbox 682 225 710 248; x_wconf 90' lang='lat' dir='ltr'><strong>ut</strong></span> <span class='ocrx_word' id='word_1_22' title='bbox 725 219 795 247; x_wconf 90' lang='lat' dir='ltr'><strong>idem</strong></span> <span class='ocrx_word' id='word_1_23' title='bbox 812 221 930 252; x_wconf 89' lang='lat' dir='ltr'><strong>repetam</strong></span> <span class='ocrx_word' id='word_1_24' title='bbox 940 235 947 248; x_wconf 96' lang='lat'><strong>,</strong></span> <span class='ocrx_word' id='word_1_25' title='bbox 961 213 1006 241; x_wconf 89' lang='lat' dir='ltr'><strong>sed</strong></span> <span class='ocrx_word' id='word_1_26' title='bbox 1023 216 1052 239; x_wconf 93' lang='grc' dir='ltr'><strong>ιιι</strong></span> 
     </span>
    </p>
   </div>
   <div class='ocr_carea' id='block_1_4' title="bbox 259 259 1052 306">
    <p class='ocr_par' dir='ltr' id='par_1_4' title="bbox 259 259 1052 306">
     <span class='ocr_line' id='line_1_4' title="bbox 259 259 1052 306; baseline -0.028 1"><span class='ocrx_word' id='word_1_27' title='bbox 259 278 356 306; x_wconf 76' lang='lat' dir='ltr'><strong>addam</strong></span> <span class='ocrx_word' id='word_1_28' title='bbox 362 259 471 303; x_wconf 71' lang='lat' dir='ltr'><strong>omissa.</strong></span> <span class='ocrx_word' id='word_1_29' title='bbox 480 259 533 306; x_wconf 62' lang='grc' dir='ltr'><strong>λεδ</strong></span> <span class='ocrx_word' id='word_1_30' title='bbox 542 275 605 304; x_wconf 84' lang='lat' dir='ltr'><strong>ergo</strong></span> <span class='ocrx_word' id='word_1_31' title='bbox 613 267 694 295; x_wconf 85' lang='lat' dir='ltr'><strong>verba</strong></span> <span class='ocrx_word' id='word_1_32' title='bbox 703 272 796 294; x_wconf 82' lang='lat' dir='ltr'><strong>rursus</strong></span> <span class='ocrx_word' id='word_1_33' title='bbox 806 263 839 290; x_wconf 90' lang='lat' dir='ltr'><strong>ah</strong></span> <span class='ocrx_word' id='word_1_34' title='bbox 851 262 925 290; x_wconf 87' lang='lat' dir='ltr'><strong>initio</strong></span> <span class='ocrx_word' id='word_1_35' title='bbox 937 259 1052 287; x_wconf 73' lang='lat' dir='ltr'><strong>addnm-</strong></span> 
     </span>
    </p>
   </div>
   <div class='ocr_carea' id='block_1_5' title="bbox 264 304 1052 354">
    <p class='ocr_par' dir='ltr' id='par_1_5' title="bbox 264 304 1052 354">
     <span class='ocr_line' id='line_1_5' title="bbox 264 304 1052 354; baseline -0.027 -3"><span class='ocrx_word' id='word_1_36' title='bbox 362 321 393 348; x_wconf 84' lang='lat' dir='ltr'><strong>In</strong></span> <span class='ocrx_word' id='word_1_37' title='bbox 400 304 530 354; x_wconf 69' lang='lat' dir='ltr'><strong>principio</strong></span> <span class='ocrx_word' id='word_1_38' title='bbox 547 320 600 343; x_wconf 80' lang='lat' dir='ltr'><strong>erat</strong></span> <span class='ocrx_word' id='word_1_39' title='bbox 621 313 737 344; x_wconf 76' lang='lat' dir='ltr'><strong>Verbum,</strong></span> <span class='ocrx_word' id='word_1_40' title='bbox 752 316 773 340; x_wconf 77' lang='lat' dir='ltr'><strong>et</strong></span> <span class='ocrx_word' id='word_1_41' title='bbox 794 309 902 337; x_wconf 81' lang='lat' dir='ltr'><strong>Verbum</strong></span> <span class='ocrx_word' id='word_1_42' title='bbox 917 311 968 334; x_wconf 85' lang='lat' dir='ltr'><strong>erat</strong></span> <span class='ocrx_word' id='word_1_43' title='bbox 983 304 1052 340; x_wconf 82' lang='lat' dir='ltr'><strong>apud</strong></span> 
     </span>
    </p>
   </div>
   <div class='ocr_carea' id='block_1_6' title="bbox 262 352 1053 402">
    <p class='ocr_par' dir='ltr' id='par_1_6' title="bbox 262 352 1053 402">
     <span class='ocr_line' id='line_1_6' title="bbox 262 352 1053 402; baseline -0.033 0"><span class='ocrx_word' id='word_1_44' title='bbox 262 376 352 402; x_wconf 75' lang='lat' dir='ltr'><strong>Deum.</strong></span> <span class='ocrx_word' id='word_1_45' title='bbox 377 371 432 398; x_wconf 82' lang='lat' dir='ltr'><strong>Cur</strong></span> <span class='ocrx_word' id='word_1_46' title='bbox 453 375 516 396; x_wconf 82' lang='lat' dir='ltr'><strong>cum</strong></span> <span class='ocrx_word' id='word_1_47' title='bbox 542 366 586 394; x_wconf 88' lang='lat' dir='ltr'><strong>alii</strong></span> <span class='ocrx_word' id='word_1_48' title='bbox 613 362 783 399; x_wconf 71' lang='lat' dir='ltr'><strong>evangelista:</strong></span> <span class='ocrx_word' id='word_1_49' title='bbox 808 359 842 385; x_wconf 91' lang='lat' dir='ltr'><strong>ab</strong></span> <span class='ocrx_word' id='word_1_50' title='bbox 872 352 1053 384; x_wconf 91' lang='lat' dir='ltr'><strong>incarnatione</strong></span> 
     </span>
    </p>
   </div>
   <div class='ocr_carea' id='block_1_7' title="bbox 260 398 1054 448">
    <p class='ocr_par' dir='ltr' id='par_1_7' title="bbox 260 398 1054 448">
     <span class='ocr_line' id='line_1_7' title="bbox 260 398 1054 448; baseline -0.03 0"><span class='ocrx_word' id='word_1_51' title='bbox 260 419 358 448; x_wconf 79' lang='lat' dir='ltr'><strong>Christi</strong></span> <span class='ocrx_word' id='word_1_52' title='bbox 370 418 423 444; x_wconf 87' lang='lat' dir='ltr'><strong>orsi</strong></span> <span class='ocrx_word' id='word_1_53' title='bbox 443 413 530 448; x_wconf 38' lang='lat' dir='ltr'><strong>sunt‘(</strong></span> <span class='ocrx_word' id='word_1_54' title='bbox 543 421 604 440; x_wconf 87' lang='lat' dir='ltr'><strong>nam</strong></span> <span class='ocrx_word' id='word_1_55' title='bbox 627 410 764 438; x_wconf 74' lang='lat' dir='ltr'><strong>Matthmns</strong></span> <span class='ocrx_word' id='word_1_56' title='bbox 786 407 826 434; x_wconf 89' lang='lat' dir='ltr'><strong>sic</strong></span> <span class='ocrx_word' id='word_1_57' title='bbox 838 404 940 432; x_wconf 92' lang='lat' dir='ltr'><strong>orditur</strong></span> <span class='ocrx_word' id='word_1_58' title='bbox 955 411 961 427; x_wconf 90' lang='lat'>:</span> <span class='ocrx_word' id='word_1_59' title='bbox 979 398 1054 426; x_wconf 76' lang='lat' dir='ltr'><strong>Liber</strong></span> 
     </span>
    </p>
   </div>
   <div class='ocr_carea' id='block_1_8' title="bbox 261 445 1053 501">
    <p class='ocr_par' dir='ltr' id='par_1_8' title="bbox 261 445 1053 501">
     <span class='ocr_line' id='line_1_8' title="bbox 261 445 1053 501; baseline -0.028 -9"><span class='ocrx_word' id='word_1_60' title='bbox 261 445 430 501; x_wconf 44' lang='lat' dir='ltr'><strong>priieralionis</strong></span> <span class='ocrx_word' id='word_1_61' title='bbox 443 460 506 488; x_wconf 76' lang='lat' dir='ltr'><strong>Iesu</strong></span> <span class='ocrx_word' id='word_1_62' title='bbox 518 445 615 488; x_wconf 59' lang='lat' dir='ltr'><strong>Christi</strong></span> <span class='ocrx_word' id='word_1_63' title='bbox 626 479 633 490; x_wconf 86' lang='lat'><strong>,</strong></span> <span class='ocrx_word' id='word_1_64' title='bbox 648 457 694 491; x_wconf 78' lang='lat' dir='ltr'><strong>ﬁlii</strong></span> <span class='ocrx_word' id='word_1_65' title='bbox 709 453 810 485; x_wconf 79' lang='lat' dir='ltr'><strong>David;</strong></span> <span class='ocrx_word' id='word_1_66' title='bbox 825 451 909 478; x_wconf 81' lang='lat' dir='ltr'><strong>Lucas</strong></span> <span class='ocrx_word' id='word_1_67' title='bbox 928 445 1005 474; x_wconf 88' lang='lat' dir='ltr'><strong>nobis</strong></span> <span class='ocrx_word' id='word_1_68' title='bbox 1022 451 1053 471; x_wconf 90' lang='lat' dir='ltr'><strong>ea</strong></span> 
     </span>
    </p>
   </div>
   <div class='ocr_carea' id='block_1_9' title="bbox 261 495 1055 546">
    <p class='ocr_par' dir='ltr' id='par_1_9' title="bbox 261 495 1055 546">
     <span class='ocr_line' id='line_1_9' title="bbox 261 495 1055 546; baseline -0.028 -7"><span class='ocrx_word' id='word_1_69' title='bbox 261 495 321 546; x_wconf 63' lang='lat' dir='ltr'><strong>quae</strong></span> <span class='ocrx_word' id='word_1_70' title='bbox 331 509 440 538; x_wconf 82' lang='lat' dir='ltr'><strong>Mariam</strong></span> <span class='ocrx_word' id='word_1_71' title='bbox 453 509 575 543; x_wconf 85' lang='lat' dir='ltr'><strong>spectant</strong></span> <span class='ocrx_word' id='word_1_72' title='bbox 585 504 611 532; x_wconf 91' lang='lat' dir='ltr'><strong>in</strong></span> <span class='ocrx_word' id='word_1_73' title='bbox 621 501 749 538; x_wconf 89' lang='lat' dir='ltr'><strong>principio</strong></span> <span class='ocrx_word' id='word_1_74' title='bbox 755 501 872 527; x_wconf 88' lang='lat' dir='ltr'><strong>enarrat.</strong></span> <span class='ocrx_word' id='word_1_75' title='bbox 882 495 984 522; x_wconf 86' lang='lat' dir='ltr'><strong>Marcus</strong></span> <span class='ocrx_word' id='word_1_76' title='bbox 992 497 1055 518; x_wconf 90' lang='lat' dir='ltr'><strong>vero</strong></span> 
     </span>
    </p>
   </div>
   <div class='ocr_carea' id='block_1_10' title="bbox 262 537 1055 589">
    <p class='ocr_par' dir='ltr' id='par_1_10' title="bbox 262 537 1055 589">
     <span class='ocr_line' id='line_1_10' title="bbox 262 537 1055 589; baseline -0.028 -4"><span class='ocrx_word' id='word_1_77' title='bbox 262 537 360 584; x_wconf 58' lang='lat' dir='ltr'><strong>similia</strong></span> <span class='ocrx_word' id='word_1_78' title='bbox 372 555 428 582; x_wconf 83' lang='lat' dir='ltr'><strong>fere</strong></span> <span class='ocrx_word' id='word_1_79' title='bbox 439 537 548 589; x_wconf 68' lang='lat' dir='ltr'><strong>profert,</strong></span> <span class='ocrx_word' id='word_1_80' title='bbox 557 559 590 578; x_wconf 81' lang='lat' dir='ltr'><strong>ex</strong></span> <span class='ocrx_word' id='word_1_81' title='bbox 605 537 728 582; x_wconf 68' lang='lat' dir='ltr'><strong>Baptism</strong></span> <span class='ocrx_word' id='word_1_82' title='bbox 741 544 851 572; x_wconf 84' lang='lat' dir='ltr'><strong>historia</strong></span> <span class='ocrx_word' id='word_1_83' title='bbox 862 538 961 574; x_wconf 84' lang='lat' dir='ltr'><strong>orsus),</strong></span> <span class='ocrx_word' id='word_1_84' title='bbox 973 537 1055 565; x_wconf 79' lang='lat' dir='ltr'><strong>Joan-</strong></span> 
     </span>
    </p>
   </div>
   <div class='ocr_carea' id='block_1_11' title="bbox 265 584 1055 637">
    <p class='ocr_par' dir='ltr' id='par_1_11' title="bbox 265 584 1055 637">
     <span class='ocr_line' id='line_1_11' title="bbox 265 584 1055 637; baseline -0.025 -7"><span class='ocrx_word' id='word_1_85' title='bbox 265 611 312 630; x_wconf 83' lang='lat' dir='ltr'><strong>nes</strong></span> <span class='ocrx_word' id='word_1_86' title='bbox 325 602 351 629; x_wconf 87' lang='lat' dir='ltr'><strong>id</strong></span> <span class='ocrx_word' id='word_1_87' title='bbox 363 600 453 637; x_wconf 80' lang='lat' dir='ltr'><strong>paucis</strong></span> <span class='ocrx_word' id='word_1_88' title='bbox 463 603 489 626; x_wconf 79' lang='lat' dir='ltr'><strong>et</strong></span> <span class='ocrx_word' id='word_1_89' title='bbox 502 602 562 634; x_wconf 87' lang='lat' dir='ltr'><strong>post</strong></span> <span class='ocrx_word' id='word_1_90' title='bbox 572 597 613 623; x_wconf 82' lang='lat' dir='ltr'><strong>illa</strong></span> <span class='ocrx_word' id='word_1_91' title='bbox 629 595 714 629; x_wconf 87' lang='lat' dir='ltr'><strong>priora</strong></span> <span class='ocrx_word' id='word_1_92' title='bbox 724 588 900 619; x_wconf 84' lang='lat' dir='ltr'><strong>subindicavit</strong></span> <span class='ocrx_word' id='word_1_93' title='bbox 909 587 949 614; x_wconf 87' lang='lat' dir='ltr'><strong>his</strong></span> <span class='ocrx_word' id='word_1_94' title='bbox 957 584 1055 615; x_wconf 86' lang='lat' dir='ltr'><strong>verbis,</strong></span> 
     </span>
    </p>
   </div>
   <div class='ocr_carea' id='block_1_12' title="bbox 265 632 1057 680">
    <p class='ocr_par' dir='ltr' id='par_1_12' title="bbox 265 632 1057 680">
     <span class='ocr_line' id='line_1_12' title="bbox 265 632 1057 680; baseline -0.023 -4"><span class='ocrx_word' id='word_1_95' title='bbox 265 649 300 676; x_wconf 73' lang='lat' dir='ltr'><strong>Et</strong></span> <span class='ocrx_word' id='word_1_96' title='bbox 316 632 422 675; x_wconf 68' lang='lat' dir='ltr'><strong>Veritum</strong></span> <span class='ocrx_word' id='word_1_97' title='bbox 435 653 493 673; x_wconf 84' lang='lat' dir='ltr'><strong>caro</strong></span> <span class='ocrx_word' id='word_1_98' title='bbox 504 632 601 680; x_wconf 56' lang='lat' dir='ltr'><strong>factum</strong></span> <span class='ocrx_word' id='word_1_99' title='bbox 616 646 651 669; x_wconf 76' lang='lat' dir='ltr'><strong>est</strong></span> <span class='ocrx_word' id='word_1_100' title='bbox 665 641 674 675; x_wconf 93' lang='lat'><strong>(</strong></span> <span class='ocrx_word' id='word_1_101' title='bbox 689 639 766 666; x_wconf 86' lang='lat' dir='ltr'><strong>Joan.</strong></span> <span class='ocrx_word' id='word_1_102' title='bbox 784 637 808 664; x_wconf 85' lang='lat' dir='ltr'><strong>I.</strong></span> <span class='ocrx_word' id='word_1_103' title='bbox 822 636 854 663; x_wconf 74' lang='grc' dir='ltr'>Η</span> <span class='ocrx_word' id='word_1_104' title='bbox 869 635 890 670; x_wconf 88' lang='lat'><strong>),</strong></span> <span class='ocrx_word' id='word_1_105' title='bbox 901 632 1057 680; x_wconf 73' lang='lat' dir='ltr'><strong>cmterisqnc</strong></span> 
     </span>
    </p>
   </div>
   <div class='ocr_carea' id='block_1_13' title="bbox 267 677 1056 727">
    <p class='ocr_par' dir='ltr' id='par_1_13' title="bbox 267 677 1056 727">
     <span class='ocr_line' id='line_1_13' title="bbox 267 677 1056 727; baseline -0.025 -5"><span class='ocrx_word' id='word_1_106' title='bbox 267 694 390 722; x_wconf 86' lang='lat' dir='ltr'><strong>omnibus</strong></span> <span class='ocrx_word' id='word_1_107' title='bbox 404 689 600 727; x_wconf 74' lang='lat' dir='ltr'><strong>prmtermissis,</strong></span> <span class='ocrx_word' id='word_1_108' title='bbox 615 685 806 720; x_wconf 81' lang='lat' dir='ltr'><strong>conceptione,</strong></span> <span class='ocrx_word' id='word_1_109' title='bbox 821 685 908 717; x_wconf 81' lang='lat' dir='ltr'><strong>partu,</strong></span> <span class='ocrx_word' id='word_1_110' title='bbox 923 677 1056 706; x_wconf 88' lang='lat' dir='ltr'><strong>educatio-</strong></span> 
     </span>
    </p>
   </div>
   <div class='ocr_carea' id='block_1_14' title="bbox 267 723 1058 773">
    <p class='ocr_par' dir='ltr' id='par_1_14' title="bbox 267 723 1058 773">
     <span class='ocr_line' id='line_1_14' title="bbox 267 723 1058 773; baseline -0.024 -5"><span class='ocrx_word' id='word_1_111' title='bbox 267 748 312 773; x_wconf 86' lang='lat' dir='ltr'><strong>ne,</strong></span> <span class='ocrx_word' id='word_1_112' title='bbox 328 740 504 769; x_wconf 89' lang='lat' dir='ltr'><strong>incremento,</strong></span> <span class='ocrx_word' id='word_1_113' title='bbox 519 739 646 762; x_wconf 83' lang='lat' dir='ltr'><strong>a-ternam</strong></span> <span class='ocrx_word' id='word_1_114' title='bbox 662 731 751 759; x_wconf 82' lang='lat' dir='ltr'><strong>statim</strong></span> <span class='ocrx_word' id='word_1_115' title='bbox 764 726 966 764; x_wconf 80' lang='lat' dir='ltr'><strong>generationem</strong></span> <span class='ocrx_word' id='word_1_116' title='bbox 980 723 1058 750; x_wconf 86' lang='lat' dir='ltr'><strong>nobis</strong></span> 
     </span>
    </p>
   </div>
   <div class='ocr_carea' id='block_1_15' title="bbox 267 769 1055 817">
    <p class='ocr_par' dir='ltr' id='par_1_15' title="bbox 267 769 1055 817">
     <span class='ocr_line' id='line_1_15' title="bbox 267 769 1055 817; baseline -0.023 -4"><span class='ocrx_word' id='word_1_117' title='bbox 267 787 394 813; x_wconf 79' lang='lat' dir='ltr'><strong>enarrat?</strong></span> <span class='ocrx_word' id='word_1_118' title='bbox 404 783 531 817; x_wconf 70' lang='lat' dir='ltr'><strong>Quantam</strong></span> <span class='ocrx_word' id='word_1_119' title='bbox 542 781 637 807; x_wconf 90' lang='lat' dir='ltr'><strong>horum</strong></span> <span class='ocrx_word' id='word_1_120' title='bbox 648 784 728 805; x_wconf 86' lang='lat' dir='ltr'><strong>causa</strong></span> <span class='ocrx_word' id='word_1_121' title='bbox 742 776 785 807; x_wconf 86' lang='lat' dir='ltr'><strong>sit,</strong></span> <span class='ocrx_word' id='word_1_122' title='bbox 799 774 854 809; x_wconf 83' lang='lat' dir='ltr'><strong>jam</strong></span> <span class='ocrx_word' id='word_1_123' title='bbox 869 771 945 799; x_wconf 84' lang='lat' dir='ltr'><strong>vobis</strong></span> <span class='ocrx_word' id='word_1_124' title='bbox 958 769 1055 797; x_wconf 69' lang='lat' dir='ltr'><strong>dicam.</strong></span> 
     </span>
    </p>
   </div>
   <div class='ocr_carea' id='block_1_16' title="bbox 268 818 1060 861">
    <p class='ocr_par' dir='ltr' id='par_1_16' title="bbox 268 818 1060 861">
     <span class='ocr_line' id='line_1_16' title="bbox 268 818 1060 861; baseline -0.021 -4"><span class='ocrx_word' id='word_1_125' title='bbox 268 831 334 858; x_wconf 85' lang='lat' dir='ltr'><strong>Cum</strong></span> <span class='ocrx_word' id='word_1_126' title='bbox 357 829 446 856; x_wconf 62' lang='lat' dir='ltr'><strong>caeteri</strong></span> <span class='ocrx_word' id='word_1_127' title='bbox 467 825 636 861; x_wconf 73' lang='lat' dir='ltr'><strong>cvangolislm</strong></span> <span class='ocrx_word' id='word_1_128' title='bbox 651 823 684 850; x_wconf 89' lang='lat' dir='ltr'><strong>de</strong></span> <span class='ocrx_word' id='word_1_129' title='bbox 696 822 729 849; x_wconf 90' lang='lat' dir='ltr'><strong>iis</strong></span> <span class='ocrx_word' id='word_1_130' title='bbox 742 828 802 856; x_wconf 78' lang='lat' dir='ltr'><strong>qua:</strong></span> <span class='ocrx_word' id='word_1_131' title='bbox 815 824 925 846; x_wconf 81' lang='lat' dir='ltr'><strong>carnem</strong></span> <span class='ocrx_word' id='word_1_132' title='bbox 938 818 1060 850; x_wconf 76' lang='lat' dir='ltr'><strong>spectant</strong></span> 
     </span>
    </p>
   </div>
   <div class='ocr_carea' id='block_1_17' title="bbox 269 864 1060 911">
    <p class='ocr_par' dir='ltr' id='par_1_17' title="bbox 269 864 1060 911">
     <span class='ocr_line' id='line_1_17' title="bbox 269 864 1060 911; baseline -0.024 -7"><span class='ocrx_word' id='word_1_133' title='bbox 269 882 298 904; x_wconf 89' lang='lat' dir='ltr'><strong>ut</strong></span> <span class='ocrx_word' id='word_1_134' title='bbox 321 875 462 911; x_wconf 89' lang='lat' dir='ltr'><strong>plurinnnn</strong></span> <span class='ocrx_word' id='word_1_135' title='bbox 488 872 566 900; x_wconf 84' lang='lat' dir='ltr'><strong>verba</strong></span> <span class='ocrx_word' id='word_1_136' title='bbox 591 870 735 899; x_wconf 84' lang='lat' dir='ltr'><strong>fecissent,</strong></span> <span class='ocrx_word' id='word_1_137' title='bbox 761 864 905 892; x_wconf 85' lang='lat' dir='ltr'><strong>timendum</strong></span> <span class='ocrx_word' id='word_1_138' title='bbox 929 865 1003 892; x_wconf 82' lang='lat' dir='ltr'><strong>erat,</strong></span> <span class='ocrx_word' id='word_1_139' title='bbox 1026 865 1060 885; x_wconf 89' lang='lat' dir='ltr'><strong>ne</strong></span> 
     </span>
    </p>
   </div>
   <div class='ocr_carea' id='block_1_18' title="bbox 269 905 1059 956">
    <p class='ocr_par' dir='ltr' id='par_1_18' title="bbox 269 905 1059 956">
     <span class='ocr_line' id='line_1_18' title="bbox 269 905 1059 956; baseline -0.024 -7"><span class='ocrx_word' id='word_1_140' title='bbox 269 905 384 956; x_wconf 76' lang='lat' dir='ltr'><strong>quipiam</strong></span> <span class='ocrx_word' id='word_1_141' title='bbox 398 918 471 946; x_wconf 88' lang='lat' dir='ltr'><strong>humi</strong></span> <span class='ocrx_word' id='word_1_142' title='bbox 485 919 610 951; x_wconf 52' lang='lat' dir='ltr'><strong>repentes</strong></span> <span class='ocrx_word' id='word_1_143' title='bbox 622 914 648 941; x_wconf 95' lang='lat' dir='ltr'><strong>in</strong></span> <span class='ocrx_word' id='word_1_144' title='bbox 663 913 736 940; x_wconf 90' lang='lat' dir='ltr'><strong>hisce</strong></span> <span class='ocrx_word' id='word_1_145' title='bbox 747 908 915 944; x_wconf 77' lang='lat' dir='ltr'><strong>dogmatibus</strong></span> <span class='ocrx_word' id='word_1_146' title='bbox 928 905 1059 933; x_wconf 85' lang='lat' dir='ltr'><strong>consiste—</strong></span> 
     </span>
    </p>
   </div>
   <div class='ocr_carea' id='block_1_19' title="bbox 270 948 1062 1000">
    <p class='ocr_par' dir='ltr' id='par_1_19' title="bbox 270 948 1062 1000">
     <span class='ocr_line' id='line_1_19' title="bbox 270 948 1062 1000; baseline -0.025 -6"><span class='ocrx_word' id='word_1_147' title='bbox 270 948 345 998; x_wconf 52' lang='lat' dir='ltr'><strong>r&#39;en&#39;t;</strong></span> <span class='ocrx_word' id='word_1_148' title='bbox 368 963 438 1000; x_wconf 90' lang='lat' dir='ltr'><strong>quod</strong></span> <span class='ocrx_word' id='word_1_149' title='bbox 460 967 486 990; x_wconf 90' lang='lat' dir='ltr'><strong>et</strong></span> <span class='ocrx_word' id='word_1_150' title='bbox 513 948 594 989; x_wconf 82' lang='lat' dir='ltr'><strong>Paulo</strong></span> <span class='ocrx_word' id='word_1_151' title='bbox 615 955 799 986; x_wconf 84' lang='lat' dir='ltr'><strong>Samosatensi</strong></span> <span class='ocrx_word' id='word_1_152' title='bbox 815 952 935 987; x_wconf 81' lang='lat' dir='ltr'><strong>contigit.</strong></span> <span class='ocrx_word' id='word_1_153' title='bbox 959 950 996 977; x_wconf 75' lang='lat' dir='ltr'><strong>Ex</strong></span> <span class='ocrx_word' id='word_1_154' title='bbox 1012 948 1062 975; x_wconf 88' lang='lat' dir='ltr'><strong>hac</strong></span> 
     </span>
    </p>
   </div>
   <div class='ocr_carea' id='block_1_20' title="bbox 273 996 1061 1047">
    <p class='ocr_par' dir='ltr' id='par_1_20' title="bbox 273 996 1061 1047">
     <span class='ocr_line' id='line_1_20' title="bbox 273 996 1061 1047; baseline -0.024 -8"><span class='ocrx_word' id='word_1_155' title='bbox 273 1012 353 1047; x_wconf 79' lang='lat' dir='ltr'><strong>igitur</strong></span> <span class='ocrx_word' id='word_1_156' title='bbox 361 1009 462 1044; x_wconf 86' lang='lat' dir='ltr'><strong>abjecta</strong></span> <span class='ocrx_word' id='word_1_157' title='bbox 475 1007 599 1042; x_wconf 87' lang='lat' dir='ltr'><strong>opinione</strong></span> <span class='ocrx_word' id='word_1_158' title='bbox 610 1004 741 1032; x_wconf 83' lang='lat' dir='ltr'><strong>reducens</strong></span> <span class='ocrx_word' id='word_1_159' title='bbox 752 1008 799 1029; x_wconf 90' lang='lat' dir='ltr'><strong>eos</strong></span> <span class='ocrx_word' id='word_1_160' title='bbox 808 999 853 1035; x_wconf 88' lang='lat' dir='ltr'><strong>qui</strong></span> <span class='ocrx_word' id='word_1_161' title='bbox 865 996 964 1031; x_wconf 87' lang='lat' dir='ltr'><strong>lapsuri</strong></span> <span class='ocrx_word' id='word_1_162' title='bbox 974 998 1061 1026; x_wconf 83' lang='lat' dir='ltr'><strong>erant,</strong></span> 
     </span>
    </p>
   </div>
   <div class='ocr_carea' id='block_1_21' title="bbox 272 1047 1063 1088">
    <p class='ocr_par' dir='ltr' id='par_1_21' title="bbox 272 1047 1063 1088">
     <span class='ocr_line' id='line_1_21' title="bbox 272 1047 1063 1088; baseline -0.024 -3"><span class='ocrx_word' id='word_1_163' title='bbox 272 1063 300 1085; x_wconf 82' lang='lat' dir='ltr'><strong>ut</strong></span> <span class='ocrx_word' id='word_1_164' title='bbox 314 1057 346 1084; x_wconf 88' lang='lat' dir='ltr'><strong>ad</strong></span> <span class='ocrx_word' id='word_1_165' title='bbox 362 1056 440 1084; x_wconf 74' lang='lat' dir='ltr'><strong>chOs</strong></span> <span class='ocrx_word' id='word_1_166' title='bbox 455 1055 576 1088; x_wconf 84' lang='lat' dir='ltr'><strong>erigens,</strong></span> <span class='ocrx_word' id='word_1_167' title='bbox 600 1051 659 1086; x_wconf 81' lang='lat' dir='ltr'><strong>jure</strong></span> <span class='ocrx_word' id='word_1_168' title='bbox 672 1057 704 1077; x_wconf 81' lang='lat' dir='ltr'><strong>ex</strong></span> <span class='ocrx_word' id='word_1_169' title='bbox 720 1053 834 1082; x_wconf 89' lang='lat' dir='ltr'><strong>superna</strong></span> <span class='ocrx_word' id='word_1_170' title='bbox 848 1048 1000 1076; x_wconf 75' lang='lat' dir='ltr'><strong>:eternaque</strong></span> <span class='ocrx_word' id='word_1_171' title='bbox 1014 1047 1063 1067; x_wconf 76' lang='lat' dir='ltr'><strong>ex-</strong></span> 
     </span>
    </p>
   </div>
   <div class='ocr_carea' id='block_1_22' title="bbox 271 1086 1062 1133">
    <p class='ocr_par' dir='ltr' id='par_1_22' title="bbox 271 1086 1062 1133">
     <span class='ocr_line' id='line_1_22' title="bbox 271 1086 1062 1133; baseline -0.027 -1"><span class='ocrx_word' id='word_1_172' title='bbox 271 1103 391 1132; x_wconf 88' lang='lat' dir='ltr'><strong>sistentia</strong></span> <span class='ocrx_word' id='word_1_173' title='bbox 412 1086 535 1128; x_wconf 79' lang='lat' dir='ltr'><strong>narrandi</strong></span> <span class='ocrx_word' id='word_1_174' title='bbox 552 1096 709 1133; x_wconf 88' lang='lat' dir='ltr'><strong>principium</strong></span> <span class='ocrx_word' id='word_1_175' title='bbox 723 1093 806 1121; x_wconf 85' lang='lat' dir='ltr'><strong>ducit.</strong></span> <span class='ocrx_word' id='word_1_176' title='bbox 829 1090 895 1118; x_wconf 81' lang='lat' dir='ltr'><strong>Nam</strong></span> <span class='ocrx_word' id='word_1_177' title='bbox 916 1095 976 1116; x_wconf 93' lang='lat' dir='ltr'><strong>cum</strong></span> <span class='ocrx_word' id='word_1_178' title='bbox 995 1086 1062 1113; x_wconf 84' lang='lat' dir='ltr'><strong>Mat-</strong></span> 
     </span>
    </p>
   </div>
   <div class='ocr_carea' id='block_1_23' title="bbox 272 1133 1064 1177">
    <p class='ocr_par' dir='ltr' id='par_1_23' title="bbox 272 1133 1064 1177">
     <span class='ocr_line' id='line_1_23' title="bbox 272 1133 1064 1177; baseline -0.027 0"><span class='ocrx_word' id='word_1_179' title='bbox 272 1150 358 1177; x_wconf 71' lang='lat' dir='ltr'><strong>t&#39;hzcus</strong></span> <span class='ocrx_word' id='word_1_180' title='bbox 380 1147 414 1174; x_wconf 87' lang='lat' dir='ltr'><strong>ab</strong></span> <span class='ocrx_word' id='word_1_181' title='bbox 441 1145 546 1173; x_wconf 82' lang='lat' dir='ltr'><strong>Herode</strong></span> <span class='ocrx_word' id='word_1_182' title='bbox 569 1150 649 1177; x_wconf 79' lang='lat' dir='ltr'><strong>rege,</strong></span> <span class='ocrx_word' id='word_1_183' title='bbox 673 1140 758 1168; x_wconf 80' lang='lat' dir='ltr'><strong>Lucas</strong></span> <span class='ocrx_word' id='word_1_184' title='bbox 781 1145 795 1164; x_wconf 93' lang='lat' dir='ltr'><strong>a</strong></span> <span class='ocrx_word' id='word_1_185' title='bbox 821 1135 928 1164; x_wconf 83' lang='lat' dir='ltr'><strong>Tiberio</strong></span> <span class='ocrx_word' id='word_1_186' title='bbox 941 1133 1064 1164; x_wconf 66' lang='lat' dir='ltr'><strong>Ca&#39;sare,</strong></span> 
     </span>
    </p>
   </div>
   <div class='ocr_carea' id='block_1_24' title="bbox 274 1179 1064 1226">
    <p class='ocr_par' dir='ltr' id='par_1_24' title="bbox 274 1179 1064 1226">
     <span class='ocr_line' id='line_1_24' title="bbox 274 1179 1064 1226; baseline -0.028 -3"><span class='ocrx_word' id='word_1_187' title='bbox 274 1195 378 1223; x_wconf 80' lang='lat' dir='ltr'><strong>Marcus</strong></span> <span class='ocrx_word' id='word_1_188' title='bbox 389 1201 404 1220; x_wconf 91' lang='lat' dir='ltr'><strong>a</strong></span> <span class='ocrx_word' id='word_1_189' title='bbox 418 1191 576 1226; x_wconf 80' lang='lat' dir='ltr'><strong>baptismate</strong></span> <span class='ocrx_word' id='word_1_190' title='bbox 586 1186 695 1216; x_wconf 78' lang='lat' dir='ltr'><strong>Joannis</strong></span> <span class='ocrx_word' id='word_1_191' title='bbox 708 1183 889 1212; x_wconf 84' lang='lat' dir='ltr'><strong>narrationem</strong></span> <span class='ocrx_word' id='word_1_192' title='bbox 899 1179 1043 1212; x_wconf 69' lang='lat' dir='ltr'><strong>cuspissent</strong></span> <span class='ocrx_word' id='word_1_193' title='bbox 1058 1184 1064 1201; x_wconf 91' lang='lat'>:</span> 
     </span>
    </p>
   </div>
   <div class='ocr_carea' id='block_1_25' title="bbox 275 1225 1067 1269">
    <p class='ocr_par' dir='ltr' id='par_1_25' title="bbox 275 1225 1067 1269">
     <span class='ocr_line' id='line_1_25' title="bbox 275 1225 1067 1269; baseline -0.027 0"><span class='ocrx_word' id='word_1_194' title='bbox 275 1242 332 1269; x_wconf 80' lang='lat' dir='ltr'><strong>istis</strong></span> <span class='ocrx_word' id='word_1_195' title='bbox 354 1239 478 1266; x_wconf 86' lang='lat' dir='ltr'><strong>omnibus</strong></span> <span class='ocrx_word' id='word_1_196' title='bbox 499 1236 545 1264; x_wconf 90' lang='lat' dir='ltr'><strong>ille</strong></span> <span class='ocrx_word' id='word_1_197' title='bbox 570 1233 691 1262; x_wconf 84' lang='lat' dir='ltr'><strong>omissis.</strong></span> <span class='ocrx_word' id='word_1_198' title='bbox 706 1230 794 1258; x_wconf 87' lang='lat' dir='ltr'><strong>statim</strong></span> <span class='ocrx_word' id='word_1_199' title='bbox 818 1234 898 1261; x_wconf 85' lang='lat' dir='ltr'><strong>supra</strong></span> <span class='ocrx_word' id='word_1_200' title='bbox 922 1230 1026 1258; x_wconf 88' lang='lat' dir='ltr'><strong>tempus</strong></span> <span class='ocrx_word' id='word_1_201' title='bbox 1041 1225 1067 1249; x_wconf 90' lang='lat' dir='ltr'><strong>ct</strong></span> 
     </span>
    </p>
   </div>
   <div class='ocr_carea' id='block_1_26' title="bbox 275 1273 1066 1314">
    <p class='ocr_par' dir='ltr' id='par_1_26' title="bbox 275 1273 1066 1314">
     <span class='ocr_line' id='line_1_26' title="bbox 275 1273 1066 1314; baseline -0.024 0"><span class='ocrx_word' id='word_1_202' title='bbox 275 1286 402 1314; x_wconf 69' lang='lat' dir='ltr'><strong>szeculum</strong></span> <span class='ocrx_word' id='word_1_203' title='bbox 417 1290 496 1311; x_wconf 90' lang='lat' dir='ltr'><strong>omne</strong></span> <span class='ocrx_word' id='word_1_204' title='bbox 510 1279 681 1311; x_wconf 79' lang='lat' dir='ltr'><strong>conscendit,</strong></span> <span class='ocrx_word' id='word_1_205' title='bbox 698 1278 812 1310; x_wconf 76' lang='lat' dir='ltr'><strong>illucque</strong></span> <span class='ocrx_word' id='word_1_206' title='bbox 824 1273 974 1301; x_wconf 88' lang='lat' dir='ltr'><strong>auditorum</strong></span> <span class='ocrx_word' id='word_1_207' title='bbox 989 1276 1066 1297; x_wconf 88' lang='lat' dir='ltr'><strong>men-</strong></span> 
     </span>
    </p>
   </div>
   <div class='ocr_carea' id='block_1_27' title="bbox 278 1321 1069 1367">
    <p class='ocr_par' dir='ltr' id='par_1_27' title="bbox 278 1321 1069 1367">
     <span class='ocr_line' id='line_1_27' title="bbox 278 1321 1069 1367; baseline -0.024 -6"><span class='ocrx_word' id='word_1_208' title='bbox 278 1339 332 1361; x_wconf 88' lang='lat' dir='ltr'><strong>tem</strong></span> <span class='ocrx_word' id='word_1_209' title='bbox 346 1331 420 1367; x_wconf 86' lang='lat' dir='ltr'><strong>quasi</strong></span> <span class='ocrx_word' id='word_1_210' title='bbox 432 1329 574 1365; x_wconf 68' lang='lat' dir='ltr'><strong>iaculatur,</strong></span> <span class='ocrx_word' id='word_1_211' title='bbox 587 1333 647 1354; x_wconf 88' lang='lat' dir='ltr'><strong>cum</strong></span> <span class='ocrx_word' id='word_1_212' title='bbox 657 1325 704 1357; x_wconf 85' lang='lat' dir='ltr'><strong>ait,</strong></span> <span class='ocrx_word' id='word_1_213' title='bbox 719 1323 732 1350; x_wconf 88' lang='lat' dir='ltr'><strong><em>I</em></strong></span> <span class='ocrx_word' id='word_1_214' title='bbox 737 1332 753 1350; x_wconf 85' lang='grc' dir='ltr'><strong>ιι</strong></span> <span class='ocrx_word' id='word_1_215' title='bbox 765 1321 888 1357; x_wconf 85' lang='lat' dir='ltr'><strong>principio</strong></span> <span class='ocrx_word' id='word_1_216' title='bbox 899 1323 952 1346; x_wconf 83' lang='lat' dir='ltr'><strong>erat</strong></span> <span class='ocrx_word' id='word_1_217' title='bbox 964 1326 974 1345; x_wconf 88' lang='lat'><strong><em>:</em></strong></span> <span class='ocrx_word' id='word_1_218' title='bbox 983 1323 1069 1352; x_wconf 87' lang='lat' dir='ltr'><strong>neque</strong></span> 
     </span>
    </p>
   </div>
   <div class='ocr_carea' id='block_1_28' title="bbox 278 1363 1067 1407">
    <p class='ocr_par' dir='ltr' id='par_1_28' title="bbox 278 1363 1067 1407">
     <span class='ocr_line' id='line_1_28' title="bbox 278 1363 1067 1407; baseline -0.023 0"><span class='ocrx_word' id='word_1_219' title='bbox 278 1376 440 1407; x_wconf 85' lang='lat' dir='ltr'><strong>consistendi</strong></span> <span class='ocrx_word' id='word_1_220' title='bbox 457 1376 543 1402; x_wconf 93' lang='lat' dir='ltr'><strong>locum</strong></span> <span class='ocrx_word' id='word_1_221' title='bbox 559 1371 684 1407; x_wconf 84' lang='lat' dir='ltr'><strong>relinquit</strong></span> <span class='ocrx_word' id='word_1_222' title='bbox 697 1392 704 1403; x_wconf 83' lang='lat'><strong>,</strong></span> <span class='ocrx_word' id='word_1_223' title='bbox 719 1376 805 1403; x_wconf 88' lang='lat' dir='ltr'><strong>neque</strong></span> <span class='ocrx_word' id='word_1_224' title='bbox 820 1366 962 1395; x_wconf 86' lang='lat' dir='ltr'><strong>terminum</strong></span> <span class='ocrx_word' id='word_1_225' title='bbox 978 1363 1067 1399; x_wconf 78' lang='lat' dir='ltr'><strong>ponit,</strong></span> 
     </span>
    </p>
   </div>
   <div class='ocr_carea' id='block_1_29' title="bbox 276 1408 1068 1457">
    <p class='ocr_par' dir='ltr' id='par_1_29' title="bbox 276 1408 1068 1457">
     <span class='ocr_line' id='line_1_29' title="bbox 276 1408 1068 1457; baseline -0.023 -4"><span class='ocrx_word' id='word_1_226' title='bbox 276 1429 308 1452; x_wconf 75' lang='lat' dir='ltr'><strong>ut</strong></span> <span class='ocrx_word' id='word_1_227' title='bbox 322 1424 359 1452; x_wconf 91' lang='lat' dir='ltr'><strong>illi</strong></span> <span class='ocrx_word' id='word_1_228' title='bbox 370 1445 377 1457; x_wconf 88' lang='lat'><strong>,</strong></span> <span class='ocrx_word' id='word_1_229' title='bbox 393 1421 524 1450; x_wconf 82' lang='lat' dir='ltr'><strong>Herodem</strong></span> <span class='ocrx_word' id='word_1_230' title='bbox 551 1425 648 1453; x_wconf 87' lang='lat' dir='ltr'><strong>nempe</strong></span> <span class='ocrx_word' id='word_1_231' title='bbox 660 1439 667 1450; x_wconf 89' lang='lat'><strong>,</strong></span> <span class='ocrx_word' id='word_1_232' title='bbox 681 1415 816 1444; x_wconf 87' lang='lat' dir='ltr'><strong>Tiberium</strong></span> <span class='ocrx_word' id='word_1_233' title='bbox 830 1418 857 1442; x_wconf 90' lang='lat' dir='ltr'><strong>et</strong></span> <span class='ocrx_word' id='word_1_234' title='bbox 869 1413 1008 1440; x_wconf 82' lang='lat' dir='ltr'><strong>Joannem.</strong></span> <span class='ocrx_word' id='word_1_235' title='bbox 1018 1408 1068 1457; x_wconf 40' lang='grc' dir='ltr'><strong>..Α-(1</strong></span> 
     </span>
    </p>
   </div>
   <div class='ocr_carea' id='block_1_30' title="bbox 278 1454 1069 1503">
    <p class='ocr_par' dir='ltr' id='par_1_30' title="bbox 278 1454 1069 1503">
     <span class='ocr_line' id='line_1_30' title="bbox 278 1454 1069 1503; baseline -0.021 -6"><span class='ocrx_word' id='word_1_236' title='bbox 278 1470 337 1497; x_wconf 70' lang='lat' dir='ltr'><strong>lucc</strong></span> <span class='ocrx_word' id='word_1_237' title='bbox 347 1489 355 1502; x_wconf 97' lang='lat'><strong>,</strong></span> <span class='ocrx_word' id='word_1_238' title='bbox 371 1454 440 1503; x_wconf 78' lang='lat' dir='ltr'><strong>quod</strong></span> <span class='ocrx_word' id='word_1_239' title='bbox 453 1471 626 1500; x_wconf 83' lang='lat' dir='ltr'><strong>summopere</strong></span> <span class='ocrx_word' id='word_1_240' title='bbox 641 1461 788 1490; x_wconf 89' lang='lat' dir='ltr'><strong>mirandum</strong></span> <span class='ocrx_word' id='word_1_241' title='bbox 798 1481 806 1493; x_wconf 85' lang='lat'><strong>,</strong></span> <span class='ocrx_word' id='word_1_242' title='bbox 821 1465 907 1493; x_wconf 90' lang='lat' dir='ltr'><strong>nequc</strong></span> <span class='ocrx_word' id='word_1_243' title='bbox 924 1456 967 1484; x_wconf 91' lang='lat' dir='ltr'><strong>hic</strong></span> <span class='ocrx_word' id='word_1_244' title='bbox 985 1454 1069 1482; x_wconf 83' lang='lat' dir='ltr'><strong>subli-</strong></span> 
     </span>
    </p>
   </div>
   <div class='ocr_carea' id='block_1_31' title="bbox 278 1501 1069 1548">
    <p class='ocr_par' dir='ltr' id='par_1_31' title="bbox 278 1501 1069 1548">
     <span class='ocr_line' id='line_1_31' title="bbox 278 1501 1069 1548; baseline -0.021 -4"><span class='ocrx_word' id='word_1_245' title='bbox 278 1517 392 1544; x_wconf 88' lang='lat' dir='ltr'><strong>miorem</strong></span> <span class='ocrx_word' id='word_1_246' title='bbox 416 1519 556 1548; x_wconf 77' lang='lat' dir='ltr'><strong>aggressus</strong></span> <span class='ocrx_word' id='word_1_247' title='bbox 579 1515 746 1540; x_wconf 87' lang='lat' dir='ltr'><strong>sermonem,</strong></span> <span class='ocrx_word' id='word_1_248' title='bbox 762 1504 937 1534; x_wconf 73' lang='lat' dir='ltr'><strong>oeconomiam</strong></span> <span class='ocrx_word' id='word_1_249' title='bbox 958 1502 1013 1529; x_wconf 87' lang='lat' dir='ltr'><strong>sive</strong></span> <span class='ocrx_word' id='word_1_250' title='bbox 1026 1501 1069 1528; x_wconf 93' lang='lat' dir='ltr'><strong>in-</strong></span> 
     </span>
    </p>
   </div>
   <div class='ocr_carea' id='block_1_32' title="bbox 280 1550 1070 1592">
    <p class='ocr_par' dir='ltr' id='par_1_32' title="bbox 280 1550 1070 1592">
     <span class='ocr_line' id='line_1_32' title="bbox 280 1550 1070 1592; baseline -0.023 -2"><span class='ocrx_word' id='word_1_251' title='bbox 280 1560 462 1590; x_wconf 86' lang='lat' dir='ltr'><strong>carnationem</strong></span> <span class='ocrx_word' id='word_1_252' title='bbox 487 1556 620 1592; x_wconf 69' lang='lat' dir='ltr'><strong>neglexit;</strong></span> <span class='ocrx_word' id='word_1_253' title='bbox 634 1561 731 1588; x_wconf 87' lang='lat' dir='ltr'><strong>neque,</strong></span> <span class='ocrx_word' id='word_1_254' title='bbox 745 1551 789 1588; x_wconf 94' lang='lat' dir='ltr'><strong>qui</strong></span> <span class='ocrx_word' id='word_1_255' title='bbox 803 1558 862 1578; x_wconf 90' lang='lat' dir='ltr'><strong>eam</strong></span> <span class='ocrx_word' id='word_1_256' title='bbox 875 1550 1052 1576; x_wconf 89' lang='lat' dir='ltr'><strong>narraverunt</strong></span> <span class='ocrx_word' id='word_1_257' title='bbox 1062 1566 1070 1578; x_wconf 89' lang='lat'><strong>,</strong></span> 
     </span>
    </p>
   </div>
   <div class='ocr_carea' id='block_1_33' title="bbox 283 1593 1072 1635">
    <p class='ocr_par' dir='ltr' id='par_1_33' title="bbox 283 1593 1072 1635">
     <span class='ocr_line' id='line_1_33' title="bbox 283 1593 1072 1635; baseline -0.02 0"><span class='ocrx_word' id='word_1_258' title='bbox 283 1607 354 1635; x_wconf 88' lang='lat' dir='ltr'><strong>illius</strong></span> <span class='ocrx_word' id='word_1_259' title='bbox 369 1609 431 1633; x_wconf 88' lang='lat' dir='ltr'><strong>ante</strong></span> <span class='ocrx_word' id='word_1_260' title='bbox 443 1603 537 1631; x_wconf 62' lang='lat' dir='ltr'><strong>sa&#39;cnla</strong></span> <span class='ocrx_word' id='word_1_261' title='bbox 550 1601 732 1629; x_wconf 79' lang='lat' dir='ltr'><strong>exsistentiam</strong></span> <span class='ocrx_word' id='word_1_262' title='bbox 751 1599 908 1627; x_wconf 81' lang='lat' dir='ltr'><strong>tacuerunt;</strong></span> <span class='ocrx_word' id='word_1_263' title='bbox 923 1593 1072 1629; x_wconf 77' lang='lat' dir='ltr'><strong>idqucjure</strong></span> 
     </span>
    </p>
   </div>
   <div class='ocr_carea' id='block_1_34' title="bbox 283 1638 1071 1683">
    <p class='ocr_par' dir='ltr' id='par_1_34' title="bbox 283 1638 1071 1683">
     <span class='ocr_line' id='line_1_34' title="bbox 283 1638 1071 1683; baseline -0.022 -2"><span class='ocrx_word' id='word_1_264' title='bbox 283 1652 387 1680; x_wconf 77' lang='lat' dir='ltr'><strong>merito.</strong></span> <span class='ocrx_word' id='word_1_265' title='bbox 399 1649 473 1679; x_wconf 86' lang='lat' dir='ltr'><strong>Unus</strong></span> <span class='ocrx_word' id='word_1_266' title='bbox 483 1648 581 1683; x_wconf 85' lang='lat' dir='ltr'><strong>quippe</strong></span> <span class='ocrx_word' id='word_1_267' title='bbox 590 1645 704 1681; x_wconf 81' lang='lat' dir='ltr'><strong>Spiritus</strong></span> <span class='ocrx_word' id='word_1_268' title='bbox 715 1648 771 1671; x_wconf 86' lang='lat' dir='ltr'><strong>erat</strong></span> <span class='ocrx_word' id='word_1_269' title='bbox 781 1642 824 1677; x_wconf 89' lang='lat' dir='ltr'><strong>qui</strong></span> <span class='ocrx_word' id='word_1_270' title='bbox 835 1647 928 1669; x_wconf 87' lang='lat' dir='ltr'><strong>omnes</strong></span> <span class='ocrx_word' id='word_1_271' title='bbox 939 1638 1071 1668; x_wconf 78' lang='lat' dir='ltr'><strong>movebat;</strong></span> 
     </span>
    </p>
   </div>
   <div class='ocr_carea' id='block_1_35' title="bbox 284 1683 1074 1733">
    <p class='ocr_par' dir='ltr' id='par_1_35' title="bbox 284 1683 1074 1733">
     <span class='ocr_line' id='line_1_35' title="bbox 284 1683 1074 1733; baseline -0.023 -6"><span class='ocrx_word' id='word_1_272' title='bbox 284 1699 396 1733; x_wconf 87' lang='lat' dir='ltr'><strong>ideoque</strong></span> <span class='ocrx_word' id='word_1_273' title='bbox 411 1702 533 1730; x_wconf 78' lang='lat' dir='ltr'><strong>magnum</strong></span> <span class='ocrx_word' id='word_1_274' title='bbox 550 1694 575 1720; x_wconf 88' lang='lat' dir='ltr'><strong>in</strong></span> <span class='ocrx_word' id='word_1_275' title='bbox 592 1692 743 1720; x_wconf 74' lang='lat' dir='ltr'><strong>narratione</strong></span> <span class='ocrx_word' id='word_1_276' title='bbox 764 1694 924 1717; x_wconf 88' lang='lat' dir='ltr'><strong>consensum</strong></span> <span class='ocrx_word' id='word_1_277' title='bbox 946 1683 1074 1712; x_wconf 76' lang='lat' dir='ltr'><strong>exhibue-</strong></span> 
     </span>
    </p>
   </div>
   <div class='ocr_carea' id='block_1_36' title="bbox 285 1728 1074 1772">
    <p class='ocr_par' dir='ltr' id='par_1_36' title="bbox 285 1728 1074 1772">
     <span class='ocr_line' id='line_1_36' title="bbox 285 1728 1074 1772; baseline -0.023 0"><span class='ocrx_word' id='word_1_278' title='bbox 285 1728 359 1772; x_wconf 56' lang='lat' dir='ltr'><strong>runt:</strong></span> <span class='ocrx_word' id='word_1_279' title='bbox 372 1743 412 1770; x_wconf 89' lang='lat' dir='ltr'><strong>Tu</strong></span> <span class='ocrx_word' id='word_1_280' title='bbox 426 1728 500 1772; x_wconf 80' lang='lat' dir='ltr'><strong>vero,</strong></span> <span class='ocrx_word' id='word_1_281' title='bbox 515 1739 622 1770; x_wconf 85' lang='lat' dir='ltr'><strong>dilecto,</strong></span> <span class='ocrx_word' id='word_1_282' title='bbox 634 1744 694 1764; x_wconf 87' lang='lat' dir='ltr'><strong>cum</strong></span> <span class='ocrx_word' id='word_1_283' title='bbox 711 1734 825 1762; x_wconf 86' lang='lat' dir='ltr'><strong>Verbum</strong></span> <span class='ocrx_word' id='word_1_284' title='bbox 847 1731 932 1764; x_wconf 89' lang='lat' dir='ltr'><strong>audis,</strong></span> <span class='ocrx_word' id='word_1_285' title='bbox 947 1738 981 1758; x_wconf 86' lang='lat' dir='ltr'><strong>ne</strong></span> <span class='ocrx_word' id='word_1_286' title='bbox 1004 1728 1074 1756; x_wconf 74' lang='lat' dir='ltr'><strong>{eras</strong></span> 
     </span>
    </p>
   </div>
   <div class='ocr_carea' id='block_1_37' title="bbox 279 1773 1073 1824">
    <p class='ocr_par' dir='ltr' id='par_1_37' title="bbox 279 1773 1073 1824">
     <span class='ocr_line' id='line_1_37' title="bbox 279 1773 1073 1824; baseline -0.023 -6"><span class='ocrx_word' id='word_1_287' title='bbox 279 1797 330 1818; x_wconf 80' lang='lat' dir='ltr'><strong>eos</strong></span> <span class='ocrx_word' id='word_1_288' title='bbox 345 1789 388 1824; x_wconf 90' lang='lat' dir='ltr'><strong>qui</strong></span> <span class='ocrx_word' id='word_1_289' title='bbox 402 1788 492 1815; x_wconf 91' lang='lat' dir='ltr'><strong>dicunt</strong></span> <span class='ocrx_word' id='word_1_290' title='bbox 515 1786 600 1820; x_wconf 88' lang='lat' dir='ltr'><strong>ipsum</strong></span> <span class='ocrx_word' id='word_1_291' title='bbox 623 1782 758 1818; x_wconf 83' lang='lat' dir='ltr'><strong>opiﬁcium</strong></span> <span class='ocrx_word' id='word_1_292' title='bbox 773 1786 848 1811; x_wconf 86' lang='lat' dir='ltr'><strong>esse;</strong></span> <span class='ocrx_word' id='word_1_293' title='bbox 865 1784 951 1812; x_wconf 88' lang='lat' dir='ltr'><strong>neque</strong></span> <span class='ocrx_word' id='word_1_294' title='bbox 964 1782 1010 1802; x_wconf 88' lang='lat' dir='ltr'><strong>eos</strong></span> <span class='ocrx_word' id='word_1_295' title='bbox 1029 1773 1073 1809; x_wconf 91' lang='lat' dir='ltr'><strong>qui</strong></span> 
     </span>
    </p>
   </div>
   <div class='ocr_carea' id='block_1_38' title="bbox 282 1821 1074 1870">
    <p class='ocr_par' dir='ltr' id='par_1_38' title="bbox 282 1821 1074 1870">
     <span class='ocr_line' id='line_1_38' title="bbox 282 1821 1074 1870; baseline -0.023 -7"><span class='ocrx_word' id='word_1_296' title='bbox 282 1821 479 1870; x_wconf 80' lang='lat' dir='ltr'><strong>putantipsnm</strong></span> <span class='ocrx_word' id='word_1_297' title='bbox 495 1829 651 1864; x_wconf 76' lang='lat' dir='ltr'><strong>simpliciter</strong></span> <span class='ocrx_word' id='word_1_298' title='bbox 664 1826 775 1854; x_wconf 80' lang='lat' dir='ltr'><strong>verbum</strong></span> <span class='ocrx_word' id='word_1_299' title='bbox 799 1830 868 1852; x_wconf 85' lang='lat' dir='ltr'><strong>esse.</strong></span> <span class='ocrx_word' id='word_1_300' title='bbox 884 1821 963 1849; x_wconf 86' lang='lat' dir='ltr'><strong>Multa</strong></span> <span class='ocrx_word' id='word_1_301' title='bbox 979 1826 1074 1852; x_wconf 82' lang='lat' dir='ltr'><strong>nempe</strong></span> 
     </span>
    </p>
   </div>
   <div class='ocr_carea' id='block_1_39' title="bbox 285 1865 1074 1910">
    <p class='ocr_par' dir='ltr' id='par_1_39' title="bbox 285 1865 1074 1910">
     <span class='ocr_line' id='line_1_39' title="bbox 285 1865 1074 1910; baseline -0.024 0"><span class='ocrx_word' id='word_1_302' title='bbox 285 1865 346 1910; x_wconf 64' lang='lat' dir='ltr'><strong>sunt</strong></span> <span class='ocrx_word' id='word_1_303' title='bbox 370 1865 420 1907; x_wconf 79' lang='lat' dir='ltr'><strong>Dei</strong></span> <span class='ocrx_word' id='word_1_304' title='bbox 440 1878 537 1910; x_wconf 86' lang='lat' dir='ltr'><strong>verba,</strong></span> <span class='ocrx_word' id='word_1_305' title='bbox 557 1883 615 1910; x_wconf 75' lang='lat' dir='ltr'><strong>qum</strong></span> <span class='ocrx_word' id='word_1_306' title='bbox 631 1879 657 1900; x_wconf 87' lang='lat' dir='ltr'><strong>ct</strong></span> <span class='ocrx_word' id='word_1_307' title='bbox 670 1871 756 1907; x_wconf 81' lang='lat' dir='ltr'><strong>angeli</strong></span> <span class='ocrx_word' id='word_1_308' title='bbox 779 1870 894 1899; x_wconf 82' lang='lat' dir='ltr'><strong>faciunt;</strong></span> <span class='ocrx_word' id='word_1_309' title='bbox 909 1867 956 1895; x_wconf 87' lang='lat' dir='ltr'><strong>sed</strong></span> <span class='ocrx_word' id='word_1_310' title='bbox 974 1865 1074 1893; x_wconf 90' lang='lat' dir='ltr'><strong>nullum</strong></span> 
     </span>
    </p>
   </div>
   <div class='ocr_carea' id='block_1_40' title="bbox 285 1912 1077 1955">
    <p class='ocr_par' dir='ltr' id='par_1_40' title="bbox 285 1912 1077 1955">
     <span class='ocr_line' id='line_1_40' title="bbox 285 1912 1077 1955; baseline -0.024 0"><span class='ocrx_word' id='word_1_311' title='bbox 285 1927 412 1955; x_wconf 84' lang='lat' dir='ltr'><strong>horumce</strong></span> <span class='ocrx_word' id='word_1_312' title='bbox 426 1923 570 1951; x_wconf 69' lang='lat' dir='ltr'><strong>verborum</strong></span> <span class='ocrx_word' id='word_1_313' title='bbox 588 1921 655 1947; x_wconf 79' lang='lat' dir='ltr'><strong>Dctts</strong></span> <span class='ocrx_word' id='word_1_314' title='bbox 670 1923 727 1950; x_wconf 84' lang='lat' dir='ltr'><strong>est;</strong></span> <span class='ocrx_word' id='word_1_315' title='bbox 741 1923 833 1944; x_wconf 91' lang='lat' dir='ltr'><strong>verum</strong></span> <span class='ocrx_word' id='word_1_316' title='bbox 857 1914 900 1941; x_wconf 91' lang='lat' dir='ltr'><strong>illa</strong></span> <span class='ocrx_word' id='word_1_317' title='bbox 912 1912 999 1940; x_wconf 89' lang='lat' dir='ltr'><strong>omnia</strong></span> <span class='ocrx_word' id='word_1_318' title='bbox 1015 1915 1077 1938; x_wconf 88' lang='lat' dir='ltr'><strong>sunt</strong></span> 
     </span>
    </p>
   </div>
   <div class='ocr_carea' id='block_1_41' title="bbox 287 1958 1075 2006">
    <p class='ocr_par' dir='ltr' id='par_1_41' title="bbox 287 1958 1075 2006">
     <span class='ocr_line' id='line_1_41' title="bbox 287 1958 1075 2006; baseline -0.022 -7"><span class='ocrx_word' id='word_1_319' title='bbox 287 1971 433 2006; x_wconf 68' lang='lat' dir='ltr'><strong>prophetia:</strong></span> <span class='ocrx_word' id='word_1_320' title='bbox 442 1973 474 1996; x_wconf 71' lang='lat' dir='ltr'><strong>.ct</strong></span> <span class='ocrx_word' id='word_1_321' title='bbox 490 1970 620 2002; x_wconf 71' lang='lat' dir='ltr'><strong>prrccepta</strong></span> <span class='ocrx_word' id='word_1_322' title='bbox 637 1963 695 1999; x_wconf 81' lang='lat' dir='ltr'><strong>(sic</strong></span> <span class='ocrx_word' id='word_1_323' title='bbox 709 1962 780 1990; x_wconf 85' lang='lat' dir='ltr'><strong>enim</strong></span> <span class='ocrx_word' id='word_1_324' title='bbox 796 1960 864 1988; x_wconf 88' lang='lat' dir='ltr'><strong>solet</strong></span> <span class='ocrx_word' id='word_1_325' title='bbox 877 1958 1013 1992; x_wconf 86' lang='lat' dir='ltr'><strong>Scriptura</strong></span> <span class='ocrx_word' id='word_1_326' title='bbox 1029 1964 1075 1982; x_wconf 85' lang='lat' dir='ltr'><strong>vo-</strong></span> 
     </span>
    </p>
   </div>
   <div class='ocr_carea' id='block_1_42' title="bbox 286 2002 1076 2051">
    <p class='ocr_par' dir='ltr' id='par_1_42' title="bbox 286 2002 1076 2051">
     <span class='ocr_line' id='line_1_42' title="bbox 286 2002 1076 2051; baseline -0.023 -5"><span class='ocrx_word' id='word_1_327' title='bbox 286 2002 347 2046; x_wconf 73' lang='lat' dir='ltr'><strong>care</strong></span> <span class='ocrx_word' id='word_1_328' title='bbox 360 2017 432 2051; x_wconf 81' lang='lat' dir='ltr'><strong>leges</strong></span> <span class='ocrx_word' id='word_1_329' title='bbox 445 2014 507 2046; x_wconf 86' lang='lat' dir='ltr'><strong>Dei,</strong></span> <span class='ocrx_word' id='word_1_330' title='bbox 523 2015 654 2047; x_wconf 70' lang='lat' dir='ltr'><strong>praecepta</strong></span> <span class='ocrx_word' id='word_1_331' title='bbox 673 2013 700 2036; x_wconf 91' lang='lat' dir='ltr'><strong>ct</strong></span> <span class='ocrx_word' id='word_1_332' title='bbox 724 2005 877 2043; x_wconf 89' lang='lat' dir='ltr'><strong>prophetias</strong></span> <span class='ocrx_word' id='word_1_333' title='bbox 894 2014 902 2033; x_wconf 87' lang='lat'><strong>:</strong></span> <span class='ocrx_word' id='word_1_334' title='bbox 917 2004 1029 2038; x_wconf 77' lang='lat' dir='ltr'><strong>ideoque</strong></span> <span class='ocrx_word' id='word_1_335' title='bbox 1043 2002 1076 2029; x_wconf 89' lang='lat' dir='ltr'><strong>de</strong></span> 
     </span>
    </p>
   </div>
   <div class='ocr_carea' id='block_1_43' title="bbox 286 2047 1076 2098">
    <p class='ocr_par' dir='ltr' id='par_1_43' title="bbox 286 2047 1076 2098">
     <span class='ocr_line' id='line_1_43' title="bbox 286 2047 1076 2098; baseline -0.023 -7"><span class='ocrx_word' id='word_1_336' title='bbox 286 2047 490 2098; x_wconf 38' lang='lat' dir='ltr'><strong>angelisvadjicit</strong></span> <span class='ocrx_word' id='word_1_337' title='bbox 500 2079 507 2091; x_wconf 87' lang='lat'><strong>,</strong></span> <span class='ocrx_word' id='word_1_338' title='bbox 527 2058 644 2084; x_wconf 76' lang='lat' dir='ltr'><strong>Potentes</strong></span> <span class='ocrx_word' id='word_1_339' title='bbox 655 2055 745 2082; x_wconf 76' lang='lat' dir='ltr'><strong>virtute</strong></span> <span class='ocrx_word' id='word_1_340' title='bbox 757 2053 876 2088; x_wconf 76' lang='lat' dir='ltr'><strong>facientes</strong></span> <span class='ocrx_word' id='word_1_341' title='bbox 891 2050 991 2076; x_wconf 81' lang='lat' dir='ltr'><strong>verbum</strong></span> <span class='ocrx_word' id='word_1_342' title='bbox 1006 2047 1076 2074; x_wconf 82' lang='lat' dir='ltr'><strong>illius</strong></span> 
     </span>
    </p>
   </div>
   <div class='ocr_carea' id='block_1_44' title="bbox 287 2095 1076 2147">
    <p class='ocr_par' dir='ltr' id='par_1_44' title="bbox 287 2095 1076 2147">
     <span class='ocr_line' id='line_1_44' title="bbox 287 2095 1076 2147; baseline -0.022 -10"><span class='ocrx_word' id='word_1_343' title='bbox 287 2109 297 2147; x_wconf 89' lang='lat'><strong>[</strong></span> <span class='ocrx_word' id='word_1_344' title='bbox 313 2095 385 2136; x_wconf 76' lang='lat' dir='ltr'><strong>Psal.</strong></span> <span class='ocrx_word' id='word_1_345' title='bbox 406 2106 466 2134; x_wconf 73' lang='lat' dir='ltr'><strong>I02.</strong></span> <span class='ocrx_word' id='word_1_346' title='bbox 480 2103 526 2141; x_wconf 69' lang='grc' dir='ltr'><strong>ευ]</strong></span> <span class='ocrx_word' id='word_1_347' title='bbox 544 2113 550 2130; x_wconf 90' lang='lat'><strong><em>:</em></strong></span> <span class='ocrx_word' id='word_1_348' title='bbox 568 2104 618 2130; x_wconf 88' lang='lat' dir='ltr'><strong>hoc</strong></span> <span class='ocrx_word' id='word_1_349' title='bbox 631 2107 720 2129; x_wconf 85' lang='lat' dir='ltr'><strong>autem</strong></span> <span class='ocrx_word' id='word_1_350' title='bbox 742 2099 859 2127; x_wconf 80' lang='lat' dir='ltr'><strong>Verbum</strong></span> <span class='ocrx_word' id='word_1_351' title='bbox 875 2095 1021 2124; x_wconf 86' lang='lat' dir='ltr'><strong>substantia</strong></span> <span class='ocrx_word' id='word_1_352' title='bbox 1035 2099 1076 2121; x_wconf 85' lang='lat' dir='ltr'><strong>est</strong></span> 
     </span>
    </p>
   </div>
   <div class='ocr_carea' id='block_1_45' title="bbox 287 2139 1075 2189">
    <p class='ocr_par' dir='ltr' id='par_1_45' title="bbox 287 2139 1075 2189">
     <span class='ocr_line' id='line_1_45' title="bbox 287 2139 1075 2189; baseline -0.02 -8"><span class='ocrx_word' id='word_1_353' title='bbox 287 2139 313 2181; x_wconf 77' lang='lat' dir='ltr'><strong>in</strong></span> <span class='ocrx_word' id='word_1_354' title='bbox 329 2151 482 2189; x_wconf 86' lang='lat' dir='ltr'><strong>hypostasi,</strong></span> <span class='ocrx_word' id='word_1_355' title='bbox 498 2139 557 2184; x_wconf 66' lang='lat' dir='ltr'><strong>qua:</strong></span> <span class='ocrx_word' id='word_1_356' title='bbox 581 2156 595 2174; x_wconf 81' lang='grc' dir='ltr'><strong>ιι</strong></span> <span class='ocrx_word' id='word_1_357' title='bbox 619 2147 697 2174; x_wconf 83' lang='lat' dir='ltr'><strong>Patre</strong></span> <span class='ocrx_word' id='word_1_358' title='bbox 717 2145 775 2172; x_wconf 89' lang='lat' dir='ltr'><strong>sine</strong></span> <span class='ocrx_word' id='word_1_359' title='bbox 797 2143 922 2179; x_wconf 88' lang='lat' dir='ltr'><strong>passione</strong></span> <span class='ocrx_word' id='word_1_360' title='bbox 946 2139 1075 2176; x_wconf 89' lang='lat' dir='ltr'><strong>procedit.</strong></span> 
     </span>
    </p>
   </div>
   <div class='ocr_carea' id='block_1_46' title="bbox 288 2184 1077 2229">
    <p class='ocr_par' dir='ltr' id='par_1_46' title="bbox 288 2184 1077 2229">
     <span class='ocr_line' id='line_1_46' title="bbox 288 2184 1077 2229; baseline -0.022 -1"><span class='ocrx_word' id='word_1_361' title='bbox 288 2184 357 2228; x_wconf 80' lang='lat' dir='ltr'><strong>Illud</strong></span> <span class='ocrx_word' id='word_1_362' title='bbox 367 2184 444 2226; x_wconf 43' lang='lat' dir='ltr'><strong>&#39;enim</strong></span> <span class='ocrx_word' id='word_1_363' title='bbox 458 2218 465 2229; x_wconf 88' lang='lat'><strong>,</strong></span> <span class='ocrx_word' id='word_1_364' title='bbox 482 2200 511 2223; x_wconf 90' lang='lat' dir='ltr'><strong>ut</strong></span> <span class='ocrx_word' id='word_1_365' title='bbox 525 2195 597 2226; x_wconf 84' lang='lat' dir='ltr'><strong>dixi,</strong></span> <span class='ocrx_word' id='word_1_366' title='bbox 613 2200 660 2227; x_wconf 90' lang='lat' dir='ltr'><strong>per</strong></span> <span class='ocrx_word' id='word_1_367' title='bbox 677 2191 755 2218; x_wconf 88' lang='lat' dir='ltr'><strong>Verbi</strong></span> <span class='ocrx_word' id='word_1_368' title='bbox 776 2188 979 2225; x_wconf 87' lang='lat' dir='ltr'><strong>appellationem</strong></span> <span class='ocrx_word' id='word_1_369' title='bbox 995 2184 1077 2220; x_wconf 85' lang='lat' dir='ltr'><strong>signi-</strong></span> 
     </span>
    </p>
   </div>
   <div class='ocr_carea' id='block_1_47' title="bbox 288 2233 1078 2278">
    <p class='ocr_par' dir='ltr' id='par_1_47' title="bbox 288 2233 1078 2278">
     <span class='ocr_line' id='line_1_47' title="bbox 288 2233 1078 2278; baseline -0.022 -4"><span class='ocrx_word' id='word_1_370' title='bbox 288 2245 385 2274; x_wconf 84' lang='lat' dir='ltr'><strong>licavit.</strong></span> <span class='ocrx_word' id='word_1_371' title='bbox 397 2241 625 2278; x_wconf 83' lang='lat' dir='ltr'><strong>Quemadmodum</strong></span> <span class='ocrx_word' id='word_1_372' title='bbox 645 2238 723 2274; x_wconf 81' lang='lat' dir='ltr'><strong>igitur</strong></span> <span class='ocrx_word' id='word_1_373' title='bbox 741 2236 804 2264; x_wconf 87' lang='lat' dir='ltr'><strong>illud</strong></span> <span class='ocrx_word' id='word_1_374' title='bbox 817 2257 824 2269; x_wconf 92' lang='lat'><strong>,</strong></span> <span class='ocrx_word' id='word_1_375' title='bbox 841 2235 873 2262; x_wconf 86' lang='grc' dir='ltr'>Ιιι</span> <span class='ocrx_word' id='word_1_376' title='bbox 889 2233 1012 2268; x_wconf 77' lang='lat' dir='ltr'><strong>principio</strong></span> <span class='ocrx_word' id='word_1_377' title='bbox 1025 2236 1078 2258; x_wconf 79' lang='lat' dir='ltr'><strong>erat</strong></span> 
     </span>
    </p>
   </div>
   <div class='ocr_carea' id='block_1_48' title="bbox 293 2278 1077 2323">
    <p class='ocr_par' dir='ltr' id='par_1_48' title="bbox 293 2278 1077 2323">
     <span class='ocr_line' id='line_1_48' title="bbox 293 2278 1077 2323; baseline -0.019 -4"><span class='ocrx_word' id='word_1_378' title='bbox 293 2291 417 2323; x_wconf 80' lang='lat' dir='ltr'><strong>Verbum,</strong></span> <span class='ocrx_word' id='word_1_379' title='bbox 433 2288 609 2316; x_wconf 76' lang='lat' dir='ltr'><strong>:elernitalem</strong></span> <span class='ocrx_word' id='word_1_380' title='bbox 624 2285 734 2312; x_wconf 90' lang='lat' dir='ltr'><strong>denotat</strong></span> <span class='ocrx_word' id='word_1_381' title='bbox 748 2291 754 2309; x_wconf 95' lang='lat'><strong>:</strong></span> <span class='ocrx_word' id='word_1_382' title='bbox 773 2283 807 2310; x_wconf 87' lang='lat' dir='ltr'><strong>ita</strong></span> <span class='ocrx_word' id='word_1_383' title='bbox 820 2286 846 2309; x_wconf 90' lang='lat' dir='ltr'><strong>et</strong></span> <span class='ocrx_word' id='word_1_384' title='bbox 862 2280 936 2312; x_wconf 92' lang='lat' dir='ltr'><strong>illud,</strong></span> <span class='ocrx_word' id='word_1_385' title='bbox 952 2278 1010 2306; x_wconf 79' lang='lat' dir='ltr'><strong>Hoc</strong></span> <span class='ocrx_word' id='word_1_386' title='bbox 1024 2282 1077 2305; x_wconf 77' lang='lat' dir='ltr'><strong>erat</strong></span> 
     </span>
    </p>
   </div>
   <div class='ocr_carea' id='block_1_49' title="bbox 286 2325 1078 2373">
    <p class='ocr_par' dir='ltr' id='par_1_49' title="bbox 286 2325 1078 2373">
     <span class='ocr_line' id='line_1_49' title="bbox 286 2325 1078 2373; baseline -0.019 -7"><span class='ocrx_word' id='word_1_387' title='bbox 286 2340 313 2366; x_wconf 80' lang='lat' dir='ltr'><strong>in</strong></span> <span class='ocrx_word' id='word_1_388' title='bbox 329 2336 453 2373; x_wconf 81' lang='lat' dir='ltr'><strong>principio</strong></span> <span class='ocrx_word' id='word_1_389' title='bbox 468 2334 537 2370; x_wconf 81' lang='lat' dir='ltr'><strong>apud</strong></span> <span class='ocrx_word' id='word_1_390' title='bbox 550 2332 631 2360; x_wconf 86' lang='lat' dir='ltr'><strong>Deum</strong></span> <span class='ocrx_word' id='word_1_391' title='bbox 642 2352 649 2364; x_wconf 95' lang='lat'><strong>,</strong></span> <span class='ocrx_word' id='word_1_392' title='bbox 668 2329 875 2358; x_wconf 67' lang='lat' dir='ltr'><strong>coaeternitatem</strong></span> <span class='ocrx_word' id='word_1_393' title='bbox 889 2326 966 2355; x_wconf 88' lang='lat' dir='ltr'><strong>nobis</strong></span> <span class='ocrx_word' id='word_1_394' title='bbox 977 2325 1078 2360; x_wconf 82' lang='lat' dir='ltr'><strong>signiﬁ-</strong></span> 
     </span>
    </p>
   </div>
   <div class='ocr_carea' id='block_1_50' title="bbox 288 2371 1075 2414">
    <p class='ocr_par' dir='ltr' id='par_1_50' title="bbox 288 2371 1075 2414">
     <span class='ocr_line' id='line_1_50' title="bbox 288 2371 1075 2414; baseline -0.02 -2"><span class='ocrx_word' id='word_1_395' title='bbox 288 2371 341 2414; x_wconf 73' lang='lat' dir='ltr'><strong>cat.</strong></span> <span class='ocrx_word' id='word_1_396' title='bbox 357 2371 464 2411; x_wconf 82' lang='lat' dir='ltr'><strong>Etenim</strong></span> <span class='ocrx_word' id='word_1_397' title='bbox 488 2387 521 2407; x_wconf 88' lang='lat' dir='ltr'><strong>ne</strong></span> <span class='ocrx_word' id='word_1_398' title='bbox 541 2378 670 2409; x_wconf 88' lang='lat' dir='ltr'><strong>audiens,</strong></span> <span class='ocrx_word' id='word_1_399' title='bbox 688 2375 719 2403; x_wconf 86' lang='lat' dir='ltr'><strong>In</strong></span> <span class='ocrx_word' id='word_1_400' title='bbox 739 2375 864 2411; x_wconf 80' lang='lat' dir='ltr'><strong>principio</strong></span> <span class='ocrx_word' id='word_1_401' title='bbox 878 2377 932 2400; x_wconf 80' lang='lat' dir='ltr'><strong>erat</strong></span> <span class='ocrx_word' id='word_1_402' title='bbox 950 2371 1075 2403; x_wconf 81' lang='lat' dir='ltr'><strong>Verbum,</strong></span> 
     </span>
    </p>
   </div>
   <div class='ocr_carea' id='block_1_51' title="bbox 289 2417 1079 2462">
    <p class='ocr_par' dir='ltr' id='par_1_51' title="bbox 289 2417 1079 2462">
     <span class='ocr_line' id='line_1_51' title="bbox 289 2417 1079 2462; baseline -0.019 -5"><span class='ocrx_word' id='word_1_403' title='bbox 289 2434 418 2459; x_wconf 65' lang='lat' dir='ltr'><strong>aeternum</strong></span> <span class='ocrx_word' id='word_1_404' title='bbox 433 2425 541 2462; x_wconf 90' lang='lat' dir='ltr'><strong>quidem</strong></span> <span class='ocrx_word' id='word_1_405' title='bbox 556 2424 722 2451; x_wconf 79' lang='lat' dir='ltr'><strong>existimares</strong></span> <span class='ocrx_word' id='word_1_406' title='bbox 732 2442 739 2454; x_wconf 88' lang='lat'><strong>,</strong></span> <span class='ocrx_word' id='word_1_407' title='bbox 753 2420 800 2448; x_wconf 84' lang='lat' dir='ltr'><strong>sed</strong></span> <span class='ocrx_word' id='word_1_408' title='bbox 816 2420 920 2448; x_wconf 87' lang='lat' dir='ltr'><strong>Patrem</strong></span> <span class='ocrx_word' id='word_1_409' title='bbox 936 2418 1025 2452; x_wconf 89' lang='lat' dir='ltr'><strong>aliquo</strong></span> <span class='ocrx_word' id='word_1_410' title='bbox 1040 2417 1079 2442; x_wconf 70' lang='lat' dir='ltr'><strong>vi-</strong></span> 
     </span>
    </p>
   </div>
   <div class='ocr_carea' id='block_1_52' title="bbox 290 2464 1077 2507">
    <p class='ocr_par' dir='ltr' id='par_1_52' title="bbox 290 2464 1077 2507">
     <span class='ocr_line' id='line_1_52' title="bbox 290 2464 1077 2507; baseline -0.018 -4"><span class='ocrx_word' id='word_1_411' title='bbox 290 2482 324 2507; x_wconf 72' lang='lat' dir='ltr'><strong>ta:</strong></span> <span class='ocrx_word' id='word_1_412' title='bbox 339 2473 481 2505; x_wconf 86' lang='lat' dir='ltr'><strong>interstitio</strong></span> <span class='ocrx_word' id='word_1_413' title='bbox 504 2471 657 2500; x_wconf 85' lang='lat' dir='ltr'><strong>seniorem.</strong></span> <span class='ocrx_word' id='word_1_414' title='bbox 682 2473 710 2495; x_wconf 86' lang='lat' dir='ltr'><strong>et</strong></span> <span class='ocrx_word' id='word_1_415' title='bbox 730 2467 839 2502; x_wconf 83' lang='lat' dir='ltr'><strong>majoris</strong></span> <span class='ocrx_word' id='word_1_416' title='bbox 858 2466 907 2493; x_wconf 73' lang='grc' dir='ltr'><strong>ωνὶ</strong></span> <span class='ocrx_word' id='word_1_417' title='bbox 933 2464 1057 2492; x_wconf 78' lang='lat' dir='ltr'><strong>crederes</strong></span> <span class='ocrx_word' id='word_1_418' title='bbox 1069 2481 1077 2495; x_wconf 86' lang='lat'><strong>,</strong></span> 
     </span>
    </p>
   </div>
   <div class='ocr_carea' id='block_1_53' title="bbox 290 2509 1078 2556">
    <p class='ocr_par' dir='ltr' id='par_1_53' title="bbox 290 2509 1078 2556">
     <span class='ocr_line' id='line_1_53' title="bbox 290 2509 1078 2556; baseline -0.023 -4"><span class='ocrx_word' id='word_1_419' title='bbox 290 2530 357 2553; x_wconf 81' lang='lat' dir='ltr'><strong>neve</strong></span> <span class='ocrx_word' id='word_1_420' title='bbox 373 2519 529 2556; x_wconf 86' lang='lat' dir='ltr'><strong>principium</strong></span> <span class='ocrx_word' id='word_1_421' title='bbox 550 2516 691 2552; x_wconf 83' lang='lat' dir='ltr'><strong>Unigenito</strong></span> <span class='ocrx_word' id='word_1_422' title='bbox 714 2513 810 2546; x_wconf 88' lang='lat' dir='ltr'><strong>dares,</strong></span> <span class='ocrx_word' id='word_1_423' title='bbox 834 2511 941 2546; x_wconf 82' lang='lat' dir='ltr'><strong>adjecit,</strong></span> <span class='ocrx_word' id='word_1_424' title='bbox 966 2509 1030 2536; x_wconf 84' lang='lat' dir='ltr'><strong>Erat</strong></span> <span class='ocrx_word' id='word_1_425' title='bbox 1053 2509 1078 2535; x_wconf 83' lang='lat' dir='ltr'><strong>in</strong></span> 
     </span>
    </p>
   </div>
   <div class='ocr_carea' id='block_1_54' title="bbox 288 2558 1077 2604">
    <p class='ocr_par' dir='ltr' id='par_1_54' title="bbox 288 2558 1077 2604">
     <span class='ocr_line' id='line_1_54' title="bbox 288 2558 1077 2604; baseline -0.019 -9"><span class='ocrx_word' id='word_1_426' title='bbox 288 2567 413 2604; x_wconf 79' lang='lat' dir='ltr'><strong>principio</strong></span> <span class='ocrx_word' id='word_1_427' title='bbox 426 2566 495 2601; x_wconf 80' lang='lat' dir='ltr'><strong>apud</strong></span> <span class='ocrx_word' id='word_1_428' title='bbox 517 2564 596 2592; x_wconf 81' lang='lat' dir='ltr'><strong>Deum</strong></span> <span class='ocrx_word' id='word_1_429' title='bbox 617 2571 626 2590; x_wconf 89' lang='lat'><strong><em>:</em></strong></span> <span class='ocrx_word' id='word_1_430' title='bbox 649 2562 684 2589; x_wconf 90' lang='lat' dir='ltr'><strong>ita</strong></span> <span class='ocrx_word' id='word_1_431' title='bbox 699 2565 816 2589; x_wconf 80' lang='lat' dir='ltr'><strong>aeternus</strong></span> <span class='ocrx_word' id='word_1_432' title='bbox 832 2563 860 2585; x_wconf 95' lang='lat' dir='ltr'><strong>nt</strong></span> <span class='ocrx_word' id='word_1_433' title='bbox 882 2558 978 2586; x_wconf 85' lang='lat' dir='ltr'><strong>Pater;</strong></span> <span class='ocrx_word' id='word_1_434' title='bbox 1000 2563 1077 2582; x_wconf 87' lang='lat' dir='ltr'><strong>num-</strong></span> 
     </span>
    </p>
   </div>
   <div class='ocr_carea' id='block_1_55' title="bbox 288 2600 1079 2649">
    <p class='ocr_par' dir='ltr' id='par_1_55' title="bbox 288 2600 1079 2649">
     <span class='ocr_line' id='line_1_55' title="bbox 288 2600 1079 2649; baseline -0.018 -8"><span class='ocrx_word' id='word_1_435' title='bbox 288 2600 377 2649; x_wconf 35' lang='lat' dir='ltr'><strong>quam.</strong></span> <span class='ocrx_word' id='word_1_436' title='bbox 393 2600 463 2640; x_wconf 88' lang='lat' dir='ltr'><strong>enim</strong></span> <span class='ocrx_word' id='word_1_437' title='bbox 488 2610 575 2638; x_wconf 86' lang='lat' dir='ltr'><strong>Verbo</strong></span> <span class='ocrx_word' id='word_1_438' title='bbox 596 2614 696 2636; x_wconf 77' lang='lat' dir='ltr'><strong>vacuus</strong></span> <span class='ocrx_word' id='word_1_439' title='bbox 721 2605 788 2637; x_wconf 84' lang='lat' dir='ltr'><strong>l‘nit;</strong></span> <span class='ocrx_word' id='word_1_440' title='bbox 817 2603 863 2631; x_wconf 89' lang='lat' dir='ltr'><strong>sed</strong></span> <span class='ocrx_word' id='word_1_441' title='bbox 890 2609 996 2636; x_wconf 88' lang='lat' dir='ltr'><strong>semper</strong></span> <span class='ocrx_word' id='word_1_442' title='bbox 1010 2600 1079 2627; x_wconf 79' lang='lat' dir='ltr'><strong>Dens</strong></span> 
     </span>
    </p>
   </div>
   <div class='ocr_carea' id='block_1_56' title="bbox 289 2645 1079 2695">
    <p class='ocr_par' dir='ltr' id='par_1_56' title="bbox 289 2645 1079 2695">
     <span class='ocr_line' id='line_1_56' title="bbox 289 2645 1079 2695; baseline -0.022 -8"><span class='ocrx_word' id='word_1_443' title='bbox 289 2645 359 2695; x_wconf 64' lang='lat' dir='ltr'><strong>apud</strong></span> <span class='ocrx_word' id='word_1_444' title='bbox 381 2658 462 2685; x_wconf 86' lang='lat' dir='ltr'><strong>Deum</strong></span> <span class='ocrx_word' id='word_1_445' title='bbox 478 2655 525 2683; x_wconf 76' lang='lat' dir='ltr'><strong>iuit</strong></span> <span class='ocrx_word' id='word_1_446' title='bbox 542 2655 568 2684; x_wconf 88' lang='lat' dir='ltr'><strong>in</strong></span> <span class='ocrx_word' id='word_1_447' title='bbox 581 2653 687 2689; x_wconf 89' lang='lat' dir='ltr'><strong>propria</strong></span> <span class='ocrx_word' id='word_1_448' title='bbox 703 2651 752 2679; x_wconf 90' lang='lat' dir='ltr'><strong>sibi</strong></span> <span class='ocrx_word' id='word_1_449' title='bbox 778 2647 923 2695; x_wconf 69' lang='lat' dir='ltr'><strong>hypostasi.</strong></span> <span class='ocrx_word' id='word_1_450' title='bbox 940 2645 1079 2695; x_wconf 68' lang='lat' dir='ltr'><strong>Quomodo</strong></span> 
     </span>
    </p>
   </div>
   <div class='ocr_carea' id='block_1_57' title="bbox 289 2689 1077 2740">
    <p class='ocr_par' dir='ltr' id='par_1_57' title="bbox 289 2689 1077 2740">
     <span class='ocr_line' id='line_1_57' title="bbox 289 2689 1077 2740; baseline -0.022 -8"><span class='ocrx_word' id='word_1_451' title='bbox 289 2689 363 2740; x_wconf 68' lang='lat' dir='ltr'><strong>ergo,</strong></span> <span class='ocrx_word' id='word_1_452' title='bbox 377 2703 495 2738; x_wconf 89' lang='lat' dir='ltr'><strong>inquies,</strong></span> <span class='ocrx_word' id='word_1_453' title='bbox 510 2700 616 2735; x_wconf 86' lang='lat' dir='ltr'><strong>adjecit,</strong></span> <span class='ocrx_word' id='word_1_454' title='bbox 632 2697 665 2726; x_wconf 84' lang='grc' dir='ltr'><strong>ιιι</strong></span> <span class='ocrx_word' id='word_1_455' title='bbox 677 2695 771 2724; x_wconf 85' lang='lat' dir='ltr'><strong>mundo</strong></span> <span class='ocrx_word' id='word_1_456' title='bbox 784 2698 836 2721; x_wconf 87' lang='lat' dir='ltr'><strong>erat</strong></span> <span class='ocrx_word' id='word_1_457' title='bbox 849 2691 937 2727; x_wconf 82' lang='lat' dir='ltr'><strong>(Joan.</strong></span> <span class='ocrx_word' id='word_1_458' title='bbox 950 2691 975 2718; x_wconf 83' lang='lat' dir='ltr'><strong>l.</strong></span> <span class='ocrx_word' id='word_1_459' title='bbox 991 2689 1077 2725; x_wconf 71' lang='grc' dir='ltr'><strong>10),Βὶ</strong></span> 
     </span>
    </p>
   </div>
   <div class='ocr_carea' id='block_1_58' title="bbox 288 2736 1077 2784">
    <p class='ocr_par' dir='ltr' id='par_1_58' title="bbox 288 2736 1077 2784">
     <span class='ocr_line' id='line_1_58' title="bbox 288 2736 1077 2784; baseline -0.022 -5"><span class='ocrx_word' id='word_1_460' title='bbox 288 2736 344 2779; x_wconf 70' lang='lat' dir='ltr'><strong>erat</strong></span> <span class='ocrx_word' id='word_1_461' title='bbox 357 2736 425 2784; x_wconf 83' lang='lat' dir='ltr'><strong>apud</strong></span> <span class='ocrx_word' id='word_1_462' title='bbox 441 2749 522 2775; x_wconf 91' lang='lat' dir='ltr'><strong>Deum</strong></span> <span class='ocrx_word' id='word_1_463' title='bbox 532 2747 544 2774; x_wconf 75' lang='lat'><strong>‘2</strong></span> <span class='ocrx_word' id='word_1_464' title='bbox 556 2745 621 2779; x_wconf 85' lang='lat' dir='ltr'><strong>Quia</strong></span> <span class='ocrx_word' id='word_1_465' title='bbox 635 2747 661 2771; x_wconf 91' lang='lat' dir='ltr'><strong>et</strong></span> <span class='ocrx_word' id='word_1_466' title='bbox 674 2741 742 2777; x_wconf 87' lang='lat' dir='ltr'><strong>apud</strong></span> <span class='ocrx_word' id='word_1_467' title='bbox 755 2740 838 2768; x_wconf 86' lang='lat' dir='ltr'><strong>Deum</strong></span> <span class='ocrx_word' id='word_1_468' title='bbox 849 2738 918 2765; x_wconf 81' lang='lat' dir='ltr'><strong>Deus</strong></span> <span class='ocrx_word' id='word_1_469' title='bbox 930 2741 997 2768; x_wconf 88' lang='lat' dir='ltr'><strong>erat,</strong></span> <span class='ocrx_word' id='word_1_470' title='bbox 1013 2740 1039 2763; x_wconf 86' lang='lat' dir='ltr'><strong>et</strong></span> <span class='ocrx_word' id='word_1_471' title='bbox 1052 2736 1077 2762; x_wconf 96' lang='lat' dir='ltr'><strong>in</strong></span> 
     </span>
    </p>
   </div>
   <div class='ocr_carea' id='block_1_59' title="bbox 290 2782 1078 2827">
    <p class='ocr_par' dir='ltr' id='par_1_59' title="bbox 290 2782 1078 2827">
     <span class='ocr_line' id='line_1_59' title="bbox 290 2782 1078 2827; baseline -0.02 -3"><span class='ocrx_word' id='word_1_472' title='bbox 290 2782 387 2827; x_wconf 79' lang='lat' dir='ltr'><strong>mundo</strong></span> <span class='ocrx_word' id='word_1_473' title='bbox 408 2798 486 2823; x_wconf 79' lang='lat' dir='ltr'><strong>erat:</strong></span> <span class='ocrx_word' id='word_1_474' title='bbox 509 2792 582 2820; x_wconf 90' lang='lat' dir='ltr'><strong>nullo</strong></span> <span class='ocrx_word' id='word_1_475' title='bbox 607 2788 705 2824; x_wconf 87' lang='lat' dir='ltr'><strong>quippe</strong></span> <span class='ocrx_word' id='word_1_476' title='bbox 732 2784 863 2813; x_wconf 92' lang='lat' dir='ltr'><strong>clauditur</strong></span> <span class='ocrx_word' id='word_1_477' title='bbox 886 2782 1001 2810; x_wconf 90' lang='lat' dir='ltr'><strong>termino</strong></span> <span class='ocrx_word' id='word_1_478' title='bbox 1022 2782 1078 2808; x_wconf 82' lang='lat' dir='ltr'><strong>sive</strong></span> 
     </span>
    </p>
   </div>
   <div class='ocr_carea' id='block_1_60' title="bbox 290 2829 1077 2874">
    <p class='ocr_par' dir='ltr' id='par_1_60' title="bbox 290 2829 1077 2874">
     <span class='ocr_line' id='line_1_60' title="bbox 290 2829 1077 2874; baseline -0.025 -1"><span class='ocrx_word' id='word_1_479' title='bbox 290 2843 378 2874; x_wconf 75' lang='lat' dir='ltr'><strong>Pater.</strong></span> <span class='ocrx_word' id='word_1_480' title='bbox 395 2843 450 2869; x_wconf 82' lang='lat' dir='ltr'><strong>sive</strong></span> <span class='ocrx_word' id='word_1_481' title='bbox 464 2840 557 2870; x_wconf 76' lang='lat' dir='ltr'><strong>Filius.</strong></span> <span class='ocrx_word' id='word_1_482' title='bbox 582 2836 647 2866; x_wconf 79' lang='lat' dir='ltr'><strong>Nam</strong></span> <span class='ocrx_word' id='word_1_483' title='bbox 665 2834 687 2862; x_wconf 87' lang='lat' dir='ltr'><strong>si</strong></span> <span class='ocrx_word' id='word_1_484' title='bbox 711 2830 894 2867; x_wconf 76' lang='lat' dir='ltr'><strong>Magnitudim‘s</strong></span> <span class='ocrx_word' id='word_1_485' title='bbox 910 2829 964 2862; x_wconf 75' lang='lat' dir='ltr'><strong>eius</strong></span> <span class='ocrx_word' id='word_1_486' title='bbox 978 2836 1027 2855; x_wconf 85' lang='lat' dir='ltr'><strong>non</strong></span> <span class='ocrx_word' id='word_1_487' title='bbox 1041 2831 1077 2854; x_wconf 75' lang='lat' dir='ltr'><strong>est</strong></span> 
     </span>
    </p>
   </div>
   <div class='ocr_carea' id='block_1_61' title="bbox 1104 158 1893 198">
    <p class='ocr_par' dir='ltr' id='par_1_61' title="bbox 1104 158 1893 198">
     <span class='ocr_line' id='line_1_61' title="bbox 1104 158 1893 198; baseline -0.006 -8"><span class='ocrx_word' id='word_1_488' title='bbox 1104 164 1180 198; x_wconf 71' lang='lat' dir='ltr'><strong>ﬁnis,</strong></span> <span class='ocrx_word' id='word_1_489' title='bbox 1197 162 1230 190; x_wconf 83' lang='lat' dir='ltr'><strong>Et</strong></span> <span class='ocrx_word' id='word_1_490' title='bbox 1253 162 1385 197; x_wconf 71' lang='lat' dir='ltr'><strong>sapientia</strong></span> <span class='ocrx_word' id='word_1_491' title='bbox 1405 162 1461 196; x_wconf 72' lang='lat' dir='ltr'><strong>ejus</strong></span> <span class='ocrx_word' id='word_1_492' title='bbox 1473 167 1523 188; x_wconf 79' lang='lat' dir='ltr'><strong>non</strong></span> <span class='ocrx_word' id='word_1_493' title='bbox 1545 163 1582 188; x_wconf 64' lang='lat' dir='ltr'><strong>est</strong></span> <span class='ocrx_word' id='word_1_494' title='bbox 1595 166 1713 187; x_wconf 72' lang='lat' dir='ltr'><strong>numerus</strong></span> <span class='ocrx_word' id='word_1_495' title='bbox 1726 158 1814 194; x_wconf 79' lang='lat' dir='ltr'><strong>(Psal.</strong></span> <span class='ocrx_word' id='word_1_496' title='bbox 1832 159 1893 186; x_wconf 78' lang='lat' dir='ltr'><strong>HI.</strong></span> 
     </span>
    </p>
   </div>
   <div class='ocr_carea' id='block_1_62' title="bbox 1104 204 1896 244">
    <p class='ocr_par' dir='ltr' id='par_1_62' title="bbox 1104 204 1896 244">
     <span class='ocr_line' id='line_1_62' title="bbox 1104 204 1896 244; baseline -0.009 -7"><span class='ocrx_word' id='word_1_497' title='bbox 1104 210 1131 239; x_wconf 79' lang='grc'><strong>5.</strong></span> <span class='ocrx_word' id='word_1_498' title='bbox 1140 215 1163 236; x_wconf 80' lang='lat' dir='ltr'><strong>et</strong></span> <span class='ocrx_word' id='word_1_499' title='bbox 1174 208 1233 237; x_wconf 71' lang='lat'><strong>“6.</strong></span> <span class='ocrx_word' id='word_1_500' title='bbox 1242 208 1280 244; x_wconf 79' lang='lat'><strong>5),</strong></span> <span class='ocrx_word' id='word_1_501' title='bbox 1291 207 1372 243; x_wconf 87' lang='lat' dir='ltr'><strong>liquet</strong></span> <span class='ocrx_word' id='word_1_502' title='bbox 1382 214 1468 242; x_wconf 86' lang='lat' dir='ltr'><strong>neque</strong></span> <span class='ocrx_word' id='word_1_503' title='bbox 1476 206 1631 234; x_wconf 70' lang='lat' dir='ltr'><strong>substantiae</strong></span> <span class='ocrx_word' id='word_1_504' title='bbox 1641 205 1712 232; x_wconf 89' lang='lat' dir='ltr'><strong>illius</strong></span> <span class='ocrx_word' id='word_1_505' title='bbox 1721 212 1780 232; x_wconf 84' lang='lat' dir='ltr'><strong>esse</strong></span> <span class='ocrx_word' id='word_1_506' title='bbox 1792 204 1896 231; x_wconf 88' lang='lat' dir='ltr'><strong>initium</strong></span> 
     </span>
    </p>
   </div>
   <div class='ocr_carea' id='block_1_63' title="bbox 1105 243 1897 289">
    <p class='ocr_par' dir='ltr' id='par_1_63' title="bbox 1105 243 1897 289">
     <span class='ocr_line' id='line_1_63' title="bbox 1105 243 1897 289; baseline -0.008 -7"><span class='ocrx_word' id='word_1_507' title='bbox 1105 254 1260 289; x_wconf 87' lang='lat' dir='ltr'><strong>temporale.</strong></span> <span class='ocrx_word' id='word_1_508' title='bbox 1274 253 1394 286; x_wconf 82' lang='lat' dir='ltr'><strong>Audisti,</strong></span> <span class='ocrx_word' id='word_1_509' title='bbox 1417 253 1450 280; x_wconf 86' lang='lat' dir='ltr'><strong>In</strong></span> <span class='ocrx_word' id='word_1_510' title='bbox 1471 249 1595 288; x_wconf 79' lang='lat' dir='ltr'><strong>principio</strong></span> <span class='ocrx_word' id='word_1_511' title='bbox 1608 252 1667 287; x_wconf 77' lang='lat' dir='ltr'><strong>fecit</strong></span> <span class='ocrx_word' id='word_1_512' title='bbox 1681 243 1749 278; x_wconf 74' lang='lat' dir='ltr'><strong>Deus</strong></span> <span class='ocrx_word' id='word_1_513' title='bbox 1764 251 1854 278; x_wconf 73' lang='lat' dir='ltr'><strong>artum</strong></span> <span class='ocrx_word' id='word_1_514' title='bbox 1874 257 1897 277; x_wconf 86' lang='lat' dir='ltr'><strong>et</strong></span> 
     </span>
    </p>
   </div>
   <div class='ocr_carea' id='block_1_64' title="bbox 1105 297 1898 334">
    <p class='ocr_par' dir='ltr' id='par_1_64' title="bbox 1105 297 1898 334">
     <span class='ocr_line' id='line_1_64' title="bbox 1105 297 1898 334; baseline -0.004 -7"><span class='ocrx_word' id='word_1_515' title='bbox 1105 306 1197 327; x_wconf 84' lang='lat' dir='ltr'><strong>terram</strong></span> <span class='ocrx_word' id='word_1_516' title='bbox 1209 300 1222 326; x_wconf 82' lang='lat'><strong><em>?</em></strong></span> <span class='ocrx_word' id='word_1_517' title='bbox 1235 299 1304 334; x_wconf 88' lang='lat' dir='ltr'><strong>Quid</strong></span> <span class='ocrx_word' id='word_1_518' title='bbox 1319 299 1420 334; x_wconf 81' lang='lat' dir='ltr'><strong>cogitas</strong></span> <span class='ocrx_word' id='word_1_519' title='bbox 1434 298 1468 326; x_wconf 86' lang='lat' dir='ltr'><strong>dc</strong></span> <span class='ocrx_word' id='word_1_520' title='bbox 1501 299 1551 325; x_wconf 91' lang='lat' dir='ltr'><strong>hoc</strong></span> <span class='ocrx_word' id='word_1_521' title='bbox 1572 298 1723 334; x_wconf 75' lang='lat' dir='ltr'><strong>principio?</strong></span> <span class='ocrx_word' id='word_1_522' title='bbox 1738 297 1816 325; x_wconf 81' lang='lat' dir='ltr'><strong>Certe</strong></span> <span class='ocrx_word' id='word_1_523' title='bbox 1827 298 1898 333; x_wconf 80' lang='lat' dir='ltr'><strong>quod</strong></span> 
     </span>
    </p>
   </div>
   <div class='ocr_carea' id='block_1_65' title="bbox 1107 342 1900 374">
    <p class='ocr_par' dir='ltr' id='par_1_65' title="bbox 1107 342 1900 374">
     <span class='ocr_line' id='line_1_65' title="bbox 1107 342 1900 374; baseline -0.004 -1"><span class='ocrx_word' id='word_1_524' title='bbox 1107 348 1163 374; x_wconf 74' lang='lat' dir='ltr'><strong>tunc</strong></span> <span class='ocrx_word' id='word_1_525' title='bbox 1177 351 1240 373; x_wconf 88' lang='lat' dir='ltr'><strong>ante</strong></span> <span class='ocrx_word' id='word_1_526' title='bbox 1252 345 1341 373; x_wconf 87' lang='lat' dir='ltr'><strong>omnia</strong></span> <span class='ocrx_word' id='word_1_527' title='bbox 1356 345 1470 372; x_wconf 86' lang='lat' dir='ltr'><strong>visibilia</strong></span> <span class='ocrx_word' id='word_1_528' title='bbox 1495 342 1563 372; x_wconf 78' lang='lat' dir='ltr'><strong>facta</strong></span> <span class='ocrx_word' id='word_1_529' title='bbox 1589 345 1653 372; x_wconf 85' lang='lat' dir='ltr'><strong>sint.</strong></span> <span class='ocrx_word' id='word_1_530' title='bbox 1677 342 1722 372; x_wconf 87' lang='lat' dir='ltr'><strong>Sic</strong></span> <span class='ocrx_word' id='word_1_531' title='bbox 1741 349 1842 371; x_wconf 80' lang='lat' dir='ltr'><strong>etcum</strong></span> <span class='ocrx_word' id='word_1_532' title='bbox 1865 343 1900 371; x_wconf 80' lang='lat' dir='ltr'><strong>de</strong></span> 
     </span>
    </p>
   </div>
   <div class='ocr_carea' id='block_1_66' title="bbox 1107 385 1899 426">
    <p class='ocr_par' dir='ltr' id='par_1_66' title="bbox 1107 385 1899 426">
     <span class='ocr_line' id='line_1_66' title="bbox 1107 385 1899 426; baseline -0.006 -7"><span class='ocrx_word' id='word_1_533' title='bbox 1107 391 1248 426; x_wconf 84' lang='lat' dir='ltr'><strong>Unigenito</strong></span> <span class='ocrx_word' id='word_1_534' title='bbox 1267 391 1344 418; x_wconf 84' lang='lat' dir='ltr'><strong>audis</strong></span> <span class='ocrx_word' id='word_1_535' title='bbox 1355 412 1363 423; x_wconf 89' lang='lat'><strong>,</strong></span> <span class='ocrx_word' id='word_1_536' title='bbox 1377 390 1409 417; x_wconf 89' lang='lat' dir='ltr'><strong>In</strong></span> <span class='ocrx_word' id='word_1_537' title='bbox 1424 390 1548 426; x_wconf 77' lang='lat' dir='ltr'><strong>principio</strong></span> <span class='ocrx_word' id='word_1_538' title='bbox 1562 395 1630 422; x_wconf 80' lang='lat' dir='ltr'><strong>erat,</strong></span> <span class='ocrx_word' id='word_1_539' title='bbox 1646 393 1708 416; x_wconf 86' lang='lat' dir='ltr'><strong>ante</strong></span> <span class='ocrx_word' id='word_1_540' title='bbox 1723 385 1899 423; x_wconf 89' lang='lat' dir='ltr'><strong>intelligibilia</strong></span> 
     </span>
    </p>
   </div>
   <div class='ocr_carea' id='block_1_67' title="bbox 1107 437 1899 472">
    <p class='ocr_par' dir='ltr' id='par_1_67' title="bbox 1107 437 1899 472">
     <span class='ocr_line' id='line_1_67' title="bbox 1107 437 1899 472; baseline -0.005 -7"><span class='ocrx_word' id='word_1_541' title='bbox 1107 439 1195 465; x_wconf 85' lang='lat' dir='ltr'><strong>omnia</strong></span> <span class='ocrx_word' id='word_1_542' title='bbox 1211 444 1237 465; x_wconf 92' lang='lat' dir='ltr'><strong>et</strong></span> <span class='ocrx_word' id='word_1_543' title='bbox 1252 444 1314 466; x_wconf 86' lang='lat' dir='ltr'><strong>ante</strong></span> <span class='ocrx_word' id='word_1_544' title='bbox 1337 438 1435 465; x_wconf 51' lang='lat' dir='ltr'><strong>saecula</strong></span> <span class='ocrx_word' id='word_1_545' title='bbox 1452 438 1538 472; x_wconf 87' lang='lat' dir='ltr'><strong>ipsum</strong></span> <span class='ocrx_word' id='word_1_546' title='bbox 1555 445 1616 464; x_wconf 84' lang='lat' dir='ltr'><strong>esse</strong></span> <span class='ocrx_word' id='word_1_547' title='bbox 1637 437 1769 471; x_wconf 74' lang='lat' dir='ltr'><strong>intelligas</strong></span> <span class='ocrx_word' id='word_1_548' title='bbox 1782 440 1899 471; x_wconf 86' lang='lat' dir='ltr'><strong>oportet.</strong></span> 
     </span>
    </p>
   </div>
   <div class='ocr_carea' id='block_1_68' title="bbox 1107 482 1902 520">
    <p class='ocr_par' dir='ltr' id='par_1_68' title="bbox 1107 482 1902 520">
     <span class='ocr_line' id='line_1_68' title="bbox 1107 482 1902 520; baseline -0.004 -10"><span class='ocrx_word' id='word_1_549' title='bbox 1107 485 1182 518; x_wconf 87' lang='lat' dir='ltr'><strong>Quod</strong></span> <span class='ocrx_word' id='word_1_550' title='bbox 1207 485 1229 512; x_wconf 91' lang='lat' dir='ltr'><strong>si</strong></span> <span class='ocrx_word' id='word_1_551' title='bbox 1252 485 1311 520; x_wconf 89' lang='lat' dir='ltr'><strong>quis</strong></span> <span class='ocrx_word' id='word_1_552' title='bbox 1326 484 1423 512; x_wconf 72' lang='lat' dir='ltr'><strong>dixerit</strong></span> <span class='ocrx_word' id='word_1_553' title='bbox 1443 492 1449 510; x_wconf 91' lang='lat'><strong>:</strong></span> <span class='ocrx_word' id='word_1_554' title='bbox 1467 483 1498 510; x_wconf 84' lang='lat' dir='ltr'><strong>Et</strong></span> <span class='ocrx_word' id='word_1_555' title='bbox 1513 482 1648 518; x_wconf 89' lang='lat' dir='ltr'><strong>quomodo</strong></span> <span class='ocrx_word' id='word_1_556' title='bbox 1671 482 1727 509; x_wconf 89' lang='lat' dir='ltr'><strong>licri</strong></span> <span class='ocrx_word' id='word_1_557' title='bbox 1750 486 1856 516; x_wconf 87' lang='lat' dir='ltr'><strong>potest,</strong></span> <span class='ocrx_word' id='word_1_558' title='bbox 1873 486 1902 508; x_wconf 90' lang='lat' dir='ltr'><strong>ut</strong></span> 
     </span>
    </p>
   </div>
   <div class='ocr_carea' id='block_1_69' title="bbox 1110 528 1901 564">
    <p class='ocr_par' dir='ltr' id='par_1_69' title="bbox 1110 528 1901 564">
     <span class='ocr_line' id='line_1_69' title="bbox 1110 528 1901 564; baseline -0.005 -6"><span class='ocrx_word' id='word_1_559' title='bbox 1110 531 1195 558; x_wconf 82' lang='lat' dir='ltr'><strong>Filius</strong></span> <span class='ocrx_word' id='word_1_560' title='bbox 1216 538 1278 558; x_wconf 87' lang='lat' dir='ltr'><strong>cum</strong></span> <span class='ocrx_word' id='word_1_561' title='bbox 1298 531 1348 563; x_wconf 92' lang='lat' dir='ltr'><strong>sit,</strong></span> <span class='ocrx_word' id='word_1_562' title='bbox 1375 538 1427 558; x_wconf 92' lang='lat' dir='ltr'><strong>non</strong></span> <span class='ocrx_word' id='word_1_563' title='bbox 1452 530 1487 557; x_wconf 88' lang='lat' dir='ltr'><strong>sit</strong></span> <span class='ocrx_word' id='word_1_564' title='bbox 1508 529 1598 564; x_wconf 83' lang='lat' dir='ltr'><strong>junior</strong></span> <span class='ocrx_word' id='word_1_565' title='bbox 1619 529 1714 556; x_wconf 81' lang='lat' dir='ltr'><strong>Patre?</strong></span> <span class='ocrx_word' id='word_1_566' title='bbox 1735 535 1795 556; x_wconf 81' lang='lat' dir='ltr'><strong>nam</strong></span> <span class='ocrx_word' id='word_1_567' title='bbox 1809 528 1853 563; x_wconf 88' lang='lat' dir='ltr'><strong>qui</strong></span> <span class='ocrx_word' id='word_1_568' title='bbox 1868 536 1901 555; x_wconf 83' lang='lat' dir='ltr'><strong>cx</strong></span> 
     </span>
    </p>
   </div>
   <div class='ocr_carea' id='block_1_70' title="bbox 1108 574 1900 612">
    <p class='ocr_par' dir='ltr' id='par_1_70' title="bbox 1108 574 1900 612">
     <span class='ocr_line' id='line_1_70' title="bbox 1108 574 1900 612; baseline -0.005 -9"><span class='ocrx_word' id='word_1_569' title='bbox 1108 577 1197 612; x_wconf 89' lang='lat' dir='ltr'><strong>aliquo</strong></span> <span class='ocrx_word' id='word_1_570' title='bbox 1218 581 1258 604; x_wconf 81' lang='lat' dir='ltr'><strong>est</strong></span> <span class='ocrx_word' id='word_1_571' title='bbox 1268 597 1276 606; x_wconf 87' lang='lat'><em>.</em></span> <span class='ocrx_word' id='word_1_572' title='bbox 1299 575 1451 603; x_wconf 77' lang='lat' dir='ltr'><strong>necessario</strong></span> <span class='ocrx_word' id='word_1_573' title='bbox 1471 575 1606 610; x_wconf 87' lang='lat' dir='ltr'><strong>posterior</strong></span> <span class='ocrx_word' id='word_1_574' title='bbox 1619 579 1659 602; x_wconf 86' lang='lat' dir='ltr'><strong>est</strong></span> <span class='ocrx_word' id='word_1_575' title='bbox 1683 574 1728 601; x_wconf 86' lang='lat' dir='ltr'><strong>illo</strong></span> <span class='ocrx_word' id='word_1_576' title='bbox 1740 582 1755 601; x_wconf 90' lang='lat' dir='ltr'><strong>a</strong></span> <span class='ocrx_word' id='word_1_577' title='bbox 1769 581 1822 609; x_wconf 92' lang='lat' dir='ltr'><strong>quo</strong></span> <span class='ocrx_word' id='word_1_578' title='bbox 1836 577 1879 600; x_wconf 82' lang='lat' dir='ltr'><strong>est</strong></span> <span class='ocrx_word' id='word_1_579' title='bbox 1893 581 1900 599; x_wconf 93' lang='lat'>:</span> 
     </span>
    </p>
   </div>
   <div class='ocr_carea' id='block_1_71' title="bbox 1110 620 1903 657">
    <p class='ocr_par' dir='ltr' id='par_1_71' title="bbox 1110 620 1903 657">
     <span class='ocr_line' id='line_1_71' title="bbox 1110 620 1903 657; baseline -0.004 -8"><span class='ocrx_word' id='word_1_580' title='bbox 1110 622 1330 657; x_wconf 87' lang='lat' dir='ltr'><strong>respondebimus</strong></span> <span class='ocrx_word' id='word_1_581' title='bbox 1340 642 1346 653; x_wconf 86' lang='lat'><strong>,</strong></span> <span class='ocrx_word' id='word_1_582' title='bbox 1361 621 1419 648; x_wconf 72' lang='lat' dir='ltr'><strong>hare</strong></span> <span class='ocrx_word' id='word_1_583' title='bbox 1433 628 1465 648; x_wconf 80' lang='lat' dir='ltr'><strong>ex</strong></span> <span class='ocrx_word' id='word_1_584' title='bbox 1482 620 1604 647; x_wconf 84' lang='lat' dir='ltr'><strong>humanis</strong></span> <span class='ocrx_word' id='word_1_585' title='bbox 1619 620 1825 654; x_wconf 74' lang='lat' dir='ltr'><strong>cogitationibus</strong></span> <span class='ocrx_word' id='word_1_586' title='bbox 1840 626 1903 654; x_wconf 88' lang='lat' dir='ltr'><strong>pro-</strong></span> 
     </span>
    </p>
   </div>
   <div class='ocr_carea' id='block_1_72' title="bbox 1111 665 1904 702">
    <p class='ocr_par' dir='ltr' id='par_1_72' title="bbox 1111 665 1904 702">
     <span class='ocr_line' id='line_1_72' title="bbox 1111 665 1904 702; baseline -0.005 -7"><span class='ocrx_word' id='word_1_587' title='bbox 1111 667 1201 700; x_wconf 77' lang='lat' dir='ltr'><strong>ﬁcisci,</strong></span> <span class='ocrx_word' id='word_1_588' title='bbox 1213 673 1240 695; x_wconf 89' lang='lat' dir='ltr'><strong>et</strong></span> <span class='ocrx_word' id='word_1_589' title='bbox 1254 675 1315 694; x_wconf 88' lang='lat' dir='ltr'><strong>eum</strong></span> <span class='ocrx_word' id='word_1_590' title='bbox 1330 667 1375 702; x_wconf 91' lang='lat' dir='ltr'><strong>qui</strong></span> <span class='ocrx_word' id='word_1_591' title='bbox 1388 667 1445 694; x_wconf 67' lang='lat' dir='ltr'><strong>haec</strong></span> <span class='ocrx_word' id='word_1_592' title='bbox 1458 665 1726 701; x_wconf 72' lang='lat' dir='ltr'><strong>qumrit,absurdiora</strong></span> <span class='ocrx_word' id='word_1_593' title='bbox 1741 665 1820 692; x_wconf 88' lang='lat' dir='ltr'><strong>etiam</strong></span> <span class='ocrx_word' id='word_1_594' title='bbox 1832 673 1904 700; x_wconf 70' lang='lat' dir='ltr'><strong>qum-</strong></span> 
     </span>
    </p>
   </div>
   <div class='ocr_carea' id='block_1_73' title="bbox 1110 710 1902 745">
    <p class='ocr_par' dir='ltr' id='par_1_73' title="bbox 1110 710 1902 745">
     <span class='ocr_line' id='line_1_73' title="bbox 1110 710 1902 745; baseline -0.004 -5"><span class='ocrx_word' id='word_1_595' title='bbox 1110 713 1222 740; x_wconf 87' lang='lat' dir='ltr'><strong>siturum</strong></span> <span class='ocrx_word' id='word_1_596' title='bbox 1237 719 1313 745; x_wconf 80' lang='lat' dir='ltr'><strong>esse;</strong></span> <span class='ocrx_word' id='word_1_597' title='bbox 1326 720 1375 740; x_wconf 89' lang='lat' dir='ltr'><strong>nec</strong></span> <span class='ocrx_word' id='word_1_598' title='bbox 1394 719 1455 739; x_wconf 82' lang='lat' dir='ltr'><strong>esse</strong></span> <span class='ocrx_word' id='word_1_599' title='bbox 1476 711 1520 739; x_wconf 85' lang='lat' dir='ltr'><strong>illa</strong></span> <span class='ocrx_word' id='word_1_600' title='bbox 1539 712 1581 738; x_wconf 88' lang='lat' dir='ltr'><strong>vel</strong></span> <span class='ocrx_word' id='word_1_601' title='bbox 1601 711 1708 738; x_wconf 75' lang='lat' dir='ltr'><strong>auribus</strong></span> <span class='ocrx_word' id='word_1_602' title='bbox 1720 710 1902 745; x_wconf 88' lang='lat' dir='ltr'><strong>percipienda.</strong></span> 
     </span>
    </p>
   </div>
   <div class='ocr_carea' id='block_1_74' title="bbox 1113 757 1903 795">
    <p class='ocr_par' dir='ltr' id='par_1_74' title="bbox 1113 757 1903 795">
     <span class='ocr_line' id='line_1_74' title="bbox 1113 757 1903 795; baseline -0.008 -7"><span class='ocrx_word' id='word_1_603' title='bbox 1113 761 1149 788; x_wconf 91' lang='lat' dir='ltr'><strong>De</strong></span> <span class='ocrx_word' id='word_1_604' title='bbox 1174 761 1227 788; x_wconf 86' lang='lat' dir='ltr'><strong>Deo</strong></span> <span class='ocrx_word' id='word_1_605' title='bbox 1241 760 1340 795; x_wconf 88' lang='lat' dir='ltr'><strong>quippe</strong></span> <span class='ocrx_word' id='word_1_606' title='bbox 1360 759 1436 787; x_wconf 89' lang='lat' dir='ltr'><strong>nobis</strong></span> <span class='ocrx_word' id='word_1_607' title='bbox 1457 764 1499 787; x_wconf 88' lang='lat' dir='ltr'><strong>est</strong></span> <span class='ocrx_word' id='word_1_608' title='bbox 1521 766 1627 789; x_wconf 87' lang='lat' dir='ltr'><strong>sermo,</strong></span> <span class='ocrx_word' id='word_1_609' title='bbox 1649 765 1701 784; x_wconf 92' lang='lat' dir='ltr'><strong>non</strong></span> <span class='ocrx_word' id='word_1_610' title='bbox 1715 757 1748 784; x_wconf 90' lang='lat' dir='ltr'><strong>de</strong></span> <span class='ocrx_word' id='word_1_611' title='bbox 1765 757 1903 783; x_wconf 88' lang='lat' dir='ltr'><strong>hominum</strong></span> 
     </span>
    </p>
   </div>
   <div class='ocr_carea' id='block_1_75' title="bbox 1113 803 1906 841">
    <p class='ocr_par' dir='ltr' id='par_1_75' title="bbox 1113 803 1906 841">
     <span class='ocr_line' id='line_1_75' title="bbox 1113 803 1906 841; baseline -0.006 -7"><span class='ocrx_word' id='word_1_612' title='bbox 1113 811 1224 839; x_wconf 84' lang='lat' dir='ltr'><strong>natura,</strong></span> <span class='ocrx_word' id='word_1_613' title='bbox 1251 806 1402 841; x_wconf 71' lang='lat' dir='ltr'><strong>huiusmodi</strong></span> <span class='ocrx_word' id='word_1_614' title='bbox 1429 805 1629 833; x_wconf 81' lang='lat' dir='ltr'><strong>ratiociniornm</strong></span> <span class='ocrx_word' id='word_1_615' title='bbox 1654 803 1854 838; x_wconf 77' lang='lat' dir='ltr'><strong>consequentia:</strong></span> <span class='ocrx_word' id='word_1_616' title='bbox 1878 806 1906 830; x_wconf 86' lang='lat' dir='ltr'><strong>et</strong></span> 
     </span>
    </p>
   </div>
   <div class='ocr_carea' id='block_1_76' title="bbox 1113 847 1906 886">
    <p class='ocr_par' dir='ltr' id='par_1_76' title="bbox 1113 847 1906 886">
     <span class='ocr_line' id='line_1_76' title="bbox 1113 847 1906 886; baseline -0.004 -7"><span class='ocrx_word' id='word_1_617' title='bbox 1113 852 1265 880; x_wconf 77' lang='lat' dir='ltr'><strong>necessitati</strong></span> <span class='ocrx_word' id='word_1_618' title='bbox 1279 851 1409 886; x_wconf 71' lang='lat' dir='ltr'><strong>subjecta.</strong></span> <span class='ocrx_word' id='word_1_619' title='bbox 1423 848 1611 878; x_wconf 75' lang='lat' dir='ltr'><strong>Verumtamen</strong></span> <span class='ocrx_word' id='word_1_620' title='bbox 1626 849 1659 876; x_wconf 86' lang='lat' dir='ltr'><strong>ad</strong></span> <span class='ocrx_word' id='word_1_621' title='bbox 1675 847 1835 876; x_wconf 80' lang='lat' dir='ltr'><strong>inﬁrmiores</strong></span> <span class='ocrx_word' id='word_1_622' title='bbox 1859 857 1890 876; x_wconf 87' lang='lat' dir='ltr'><strong>ro</strong></span> <span class='ocrx_word' id='word_1_623' title='bbox 1900 863 1906 868; x_wconf 92' lang='lat'><strong>-</strong></span> 
     </span>
    </p>
   </div>
   <div class='ocr_carea' id='block_1_77' title="bbox 1114 897 1491 930">
    <p class='ocr_par' dir='ltr' id='par_1_77' title="bbox 1114 897 1491 930">
     <span class='ocr_line' id='line_1_77' title="bbox 1114 897 1491 930; baseline -0.005 -5"><span class='ocrx_word' id='word_1_624' title='bbox 1114 898 1246 925; x_wconf 88' lang='lat' dir='ltr'><strong>borandos</strong></span> <span class='ocrx_word' id='word_1_625' title='bbox 1261 897 1491 930; x_wconf 67' lang='lat' dir='ltr'><strong>respondebimus.</strong></span> 
     </span>
    </p>
   </div>
   <div class='ocr_carea' id='block_1_78' title="bbox 1150 941 1908 979">
    <p class='ocr_par' dir='ltr' id='par_1_78' title="bbox 1150 941 1908 979">
     <span class='ocr_line' id='line_1_78' title="bbox 1150 941 1908 979; baseline -0.005 -7"><span class='ocrx_word' id='word_1_626' title='bbox 1150 945 1177 971; x_wconf 76' lang='grc'><strong>2.</strong></span> <span class='ocrx_word' id='word_1_627' title='bbox 1194 944 1242 972; x_wconf 90' lang='lat' dir='ltr'><strong>Dic</strong></span> <span class='ocrx_word' id='word_1_628' title='bbox 1254 952 1318 979; x_wconf 85' lang='lat' dir='ltr'><strong>ergo</strong></span> <span class='ocrx_word' id='word_1_629' title='bbox 1332 944 1414 970; x_wconf 89' lang='lat' dir='ltr'><strong>mihi:</strong></span> <span class='ocrx_word' id='word_1_630' title='bbox 1430 943 1529 970; x_wconf 84' lang='lat' dir='ltr'><strong>Radius</strong></span> <span class='ocrx_word' id='word_1_631' title='bbox 1550 941 1615 970; x_wconf 82' lang='lat' dir='ltr'><strong>solis</strong></span> <span class='ocrx_word' id='word_1_632' title='bbox 1632 949 1665 969; x_wconf 81' lang='lat' dir='ltr'><strong>ex</strong></span> <span class='ocrx_word' id='word_1_633' title='bbox 1690 947 1820 969; x_wconf 88' lang='lat' dir='ltr'><strong>naturane</strong></span> <span class='ocrx_word' id='word_1_634' title='bbox 1841 941 1908 968; x_wconf 80' lang='lat' dir='ltr'><strong>solis</strong></span> 
     </span>
    </p>
   </div>
   <div class='ocr_carea' id='block_1_79' title="bbox 1115 987 1908 1023">
    <p class='ocr_par' dir='ltr' id='par_1_79' title="bbox 1115 987 1908 1023">
     <span class='ocr_line' id='line_1_79' title="bbox 1115 987 1908 1023; baseline -0.006 -5"><span class='ocrx_word' id='word_1_635' title='bbox 1115 991 1221 1023; x_wconf 73' lang='lat' dir='ltr'><strong>exsilit,</strong></span> <span class='ocrx_word' id='word_1_636' title='bbox 1236 998 1269 1017; x_wconf 90' lang='lat' dir='ltr'><strong>an</strong></span> <span class='ocrx_word' id='word_1_637' title='bbox 1283 989 1410 1016; x_wconf 85' lang='lat' dir='ltr'><strong>aliunde?</strong></span> <span class='ocrx_word' id='word_1_638' title='bbox 1424 988 1579 1016; x_wconf 85' lang='lat' dir='ltr'><strong>Necessario</strong></span> <span class='ocrx_word' id='word_1_639' title='bbox 1599 987 1744 1019; x_wconf 80' lang='lat' dir='ltr'><strong>fatendum,</strong></span> <span class='ocrx_word' id='word_1_640' title='bbox 1760 987 1810 1014; x_wconf 87' lang='lat' dir='ltr'><strong>nisi</strong></span> <span class='ocrx_word' id='word_1_641' title='bbox 1823 987 1908 1014; x_wconf 85' lang='lat' dir='ltr'><strong>sensi-</strong></span> 
     </span>
    </p>
   </div>
   <div class='ocr_carea' id='block_1_80' title="bbox 1116 1033 1907 1068">
    <p class='ocr_par' dir='ltr' id='par_1_80' title="bbox 1116 1033 1907 1068">
     <span class='ocr_line' id='line_1_80' title="bbox 1116 1033 1907 1068; baseline -0.005 -4"><span class='ocrx_word' id='word_1_642' title='bbox 1116 1037 1165 1064; x_wconf 88' lang='lat' dir='ltr'><strong>bus</strong></span> <span class='ocrx_word' id='word_1_643' title='bbox 1180 1036 1255 1063; x_wconf 87' lang='lat' dir='ltr'><strong>vacui</strong></span> <span class='ocrx_word' id='word_1_644' title='bbox 1277 1035 1372 1066; x_wconf 87' lang='lat' dir='ltr'><strong>simus,</strong></span> <span class='ocrx_word' id='word_1_645' title='bbox 1385 1042 1418 1062; x_wconf 77' lang='lat' dir='ltr'><strong>ex</strong></span> <span class='ocrx_word' id='word_1_646' title='bbox 1433 1034 1491 1068; x_wconf 89' lang='lat' dir='ltr'><strong>ejus</strong></span> <span class='ocrx_word' id='word_1_647' title='bbox 1511 1038 1604 1061; x_wconf 89' lang='lat' dir='ltr'><strong>natura</strong></span> <span class='ocrx_word' id='word_1_648' title='bbox 1625 1033 1741 1068; x_wconf 92' lang='lat' dir='ltr'><strong>prodire.</strong></span> <span class='ocrx_word' id='word_1_649' title='bbox 1759 1033 1791 1060; x_wconf 88' lang='lat' dir='ltr'><strong>Et</strong></span> <span class='ocrx_word' id='word_1_650' title='bbox 1817 1037 1907 1060; x_wconf 77' lang='lat' dir='ltr'><strong>tamen</strong></span> 
     </span>
    </p>
   </div>
   <div class='ocr_carea' id='block_1_81' title="bbox 1117 1078 1908 1115">
    <p class='ocr_par' dir='ltr' id='par_1_81' title="bbox 1117 1078 1908 1115">
     <span class='ocr_line' id='line_1_81' title="bbox 1117 1078 1908 1115; baseline -0.006 -6"><span class='ocrx_word' id='word_1_651' title='bbox 1117 1082 1178 1109; x_wconf 90' lang='lat' dir='ltr'><strong>licet</strong></span> <span class='ocrx_word' id='word_1_652' title='bbox 1188 1089 1219 1108; x_wconf 79' lang='lat' dir='ltr'><strong>ex</strong></span> <span class='ocrx_word' id='word_1_653' title='bbox 1232 1081 1289 1108; x_wconf 85' lang='lat' dir='ltr'><strong>sole</strong></span> <span class='ocrx_word' id='word_1_654' title='bbox 1299 1080 1389 1108; x_wconf 85' lang='lat' dir='ltr'><strong>radius</strong></span> <span class='ocrx_word' id='word_1_655' title='bbox 1401 1081 1520 1115; x_wconf 84' lang='lat' dir='ltr'><strong>prodeat,</strong></span> <span class='ocrx_word' id='word_1_656' title='bbox 1535 1086 1678 1114; x_wconf 89' lang='lat' dir='ltr'><strong>numquam</strong></span> <span class='ocrx_word' id='word_1_657' title='bbox 1691 1078 1810 1106; x_wconf 86' lang='lat' dir='ltr'><strong>dicemus</strong></span> <span class='ocrx_word' id='word_1_658' title='bbox 1821 1078 1908 1113; x_wconf 88' lang='lat' dir='ltr'><strong>ipsum</strong></span> 
     </span>
    </p>
   </div>
   <div class='ocr_carea' id='block_1_82' title="bbox 1116 1123 1910 1160">
    <p class='ocr_par' dir='ltr' id='par_1_82' title="bbox 1116 1123 1910 1160">
     <span class='ocr_line' id='line_1_82' title="bbox 1116 1123 1910 1160; baseline -0.008 -5"><span class='ocrx_word' id='word_1_659' title='bbox 1116 1135 1176 1155; x_wconf 86' lang='lat' dir='ltr'><strong>esse</strong></span> <span class='ocrx_word' id='word_1_660' title='bbox 1191 1127 1271 1154; x_wconf 86' lang='lat' dir='ltr'><strong>solari</strong></span> <span class='ocrx_word' id='word_1_661' title='bbox 1287 1132 1380 1153; x_wconf 89' lang='lat' dir='ltr'><strong>natura</strong></span> <span class='ocrx_word' id='word_1_662' title='bbox 1397 1125 1572 1160; x_wconf 89' lang='lat' dir='ltr'><strong>posteriorem</strong></span> <span class='ocrx_word' id='word_1_663' title='bbox 1586 1133 1593 1151; x_wconf 72' lang='grc' dir='ltr'><strong>ι</strong></span> <span class='ocrx_word' id='word_1_664' title='bbox 1607 1123 1822 1158; x_wconf 89' lang='lat' dir='ltr'><strong>quandoquidem</strong></span> <span class='ocrx_word' id='word_1_665' title='bbox 1835 1131 1910 1150; x_wconf 86' lang='lat' dir='ltr'><strong>num-</strong></span> 
     </span>
    </p>
   </div>
   <div class='ocr_carea' id='block_1_83' title="bbox 1117 1169 1911 1209">
    <p class='ocr_par' dir='ltr' id='par_1_83' title="bbox 1117 1169 1911 1209">
     <span class='ocr_line' id='line_1_83' title="bbox 1117 1169 1911 1209; baseline -0.006 -9"><span class='ocrx_word' id='word_1_666' title='bbox 1117 1182 1198 1209; x_wconf 89' lang='lat' dir='ltr'><strong>quam</strong></span> <span class='ocrx_word' id='word_1_667' title='bbox 1213 1173 1253 1200; x_wconf 90' lang='lat' dir='ltr'><strong>sol</strong></span> <span class='ocrx_word' id='word_1_668' title='bbox 1267 1173 1325 1200; x_wconf 87' lang='lat' dir='ltr'><strong>sine</strong></span> <span class='ocrx_word' id='word_1_669' title='bbox 1340 1172 1415 1199; x_wconf 88' lang='lat' dir='ltr'><strong>radio</strong></span> <span class='ocrx_word' id='word_1_670' title='bbox 1428 1172 1503 1198; x_wconf 88' lang='lat' dir='ltr'><strong>visus</strong></span> <span class='ocrx_word' id='word_1_671' title='bbox 1517 1174 1567 1198; x_wconf 90' lang='lat' dir='ltr'><strong>est.</strong></span> <span class='ocrx_word' id='word_1_672' title='bbox 1581 1169 1658 1204; x_wconf 84' lang='lat' dir='ltr'><strong>Quod</strong></span> <span class='ocrx_word' id='word_1_673' title='bbox 1673 1170 1694 1197; x_wconf 73' lang='lat' dir='ltr'><strong>si</strong></span> <span class='ocrx_word' id='word_1_674' title='bbox 1717 1170 1742 1196; x_wconf 93' lang='lat' dir='ltr'><strong>in</strong></span> <span class='ocrx_word' id='word_1_675' title='bbox 1763 1169 1805 1196; x_wconf 88' lang='lat' dir='ltr'><strong>his</strong></span> <span class='ocrx_word' id='word_1_676' title='bbox 1817 1169 1911 1196; x_wconf 78' lang='lat' dir='ltr'><strong>visibi-</strong></span> 
     </span>
    </p>
   </div>
   <div class='ocr_carea' id='block_1_84' title="bbox 1119 1215 1910 1252">
    <p class='ocr_par' dir='ltr' id='par_1_84' title="bbox 1119 1215 1910 1252">
     <span class='ocr_line' id='line_1_84' title="bbox 1119 1215 1910 1252; baseline -0.009 -5"><span class='ocrx_word' id='word_1_677' title='bbox 1119 1221 1188 1247; x_wconf 85' lang='lat' dir='ltr'><strong>libus</strong></span> <span class='ocrx_word' id='word_1_678' title='bbox 1201 1224 1229 1247; x_wconf 91' lang='lat' dir='ltr'><strong>et</strong></span> <span class='ocrx_word' id='word_1_679' title='bbox 1248 1218 1418 1246; x_wconf 81' lang='lat' dir='ltr'><strong>scnsihilibus</strong></span> <span class='ocrx_word' id='word_1_680' title='bbox 1432 1217 1565 1252; x_wconf 89' lang='lat' dir='ltr'><strong>quidpiam</strong></span> <span class='ocrx_word' id='word_1_681' title='bbox 1580 1217 1615 1244; x_wconf 86' lang='lat' dir='ltr'><strong>sit</strong></span> <span class='ocrx_word' id='word_1_682' title='bbox 1632 1215 1702 1251; x_wconf 90' lang='lat' dir='ltr'><strong>quod</strong></span> <span class='ocrx_word' id='word_1_683' title='bbox 1718 1216 1751 1243; x_wconf 91' lang='lat' dir='ltr'><strong>sit</strong></span> <span class='ocrx_word' id='word_1_684' title='bbox 1765 1223 1796 1242; x_wconf 81' lang='lat' dir='ltr'><strong>ex</strong></span> <span class='ocrx_word' id='word_1_685' title='bbox 1810 1215 1910 1249; x_wconf 84' lang='lat' dir='ltr'><strong>aliquo.</strong></span> 
     </span>
    </p>
   </div>
   <div class='ocr_carea' id='block_1_85' title="bbox 1119 1260 1912 1300">
    <p class='ocr_par' dir='ltr' id='par_1_85' title="bbox 1119 1260 1912 1300">
     <span class='ocr_line' id='line_1_85' title="bbox 1119 1260 1912 1300; baseline -0.009 -8"><span class='ocrx_word' id='word_1_686' title='bbox 1119 1273 1206 1300; x_wconf 89' lang='lat' dir='ltr'><strong>ueqtte</strong></span> <span class='ocrx_word' id='word_1_687' title='bbox 1220 1264 1351 1299; x_wconf 86' lang='lat' dir='ltr'><strong>posterius</strong></span> <span class='ocrx_word' id='word_1_688' title='bbox 1371 1263 1405 1290; x_wconf 86' lang='lat' dir='ltr'><strong>sit</strong></span> <span class='ocrx_word' id='word_1_689' title='bbox 1421 1262 1484 1295; x_wconf 90' lang='lat' dir='ltr'><strong>illo;</strong></span> <span class='ocrx_word' id='word_1_690' title='bbox 1501 1269 1550 1289; x_wconf 87' lang='lat' dir='ltr'><strong>cur</strong></span> <span class='ocrx_word' id='word_1_691' title='bbox 1564 1262 1589 1289; x_wconf 91' lang='lat' dir='ltr'><strong>id</strong></span> <span class='ocrx_word' id='word_1_692' title='bbox 1606 1269 1657 1288; x_wconf 92' lang='lat' dir='ltr'><strong>non</strong></span> <span class='ocrx_word' id='word_1_693' title='bbox 1671 1260 1759 1288; x_wconf 72' lang='lat' dir='ltr'><strong>credis</strong></span> <span class='ocrx_word' id='word_1_694' title='bbox 1772 1260 1805 1288; x_wconf 88' lang='lat' dir='ltr'><strong>de</strong></span> <span class='ocrx_word' id='word_1_695' title='bbox 1819 1261 1912 1287; x_wconf 62' lang='lat' dir='ltr'><strong>invisi-</strong></span> 
     </span>
    </p>
   </div>
   <div class='ocr_carea' id='block_1_86' title="bbox 1120 1307 1911 1343">
    <p class='ocr_par' dir='ltr' id='par_1_86' title="bbox 1120 1307 1911 1343">
     <span class='ocr_line' id='line_1_86' title="bbox 1120 1307 1911 1343; baseline -0.006 -4"><span class='ocrx_word' id='word_1_696' title='bbox 1120 1311 1165 1339; x_wconf 90' lang='lat' dir='ltr'><strong>bili</strong></span> <span class='ocrx_word' id='word_1_697' title='bbox 1177 1316 1205 1339; x_wconf 90' lang='lat' dir='ltr'><strong>et</strong></span> <span class='ocrx_word' id='word_1_698' title='bbox 1215 1310 1339 1338; x_wconf 85' lang='lat' dir='ltr'><strong>inelI‘abili</strong></span> <span class='ocrx_word' id='word_1_699' title='bbox 1351 1310 1464 1336; x_wconf 80' lang='lat' dir='ltr'><strong>natura?</strong></span> <span class='ocrx_word' id='word_1_700' title='bbox 1474 1309 1555 1336; x_wconf 84' lang='lat' dir='ltr'><strong>Certe</strong></span> <span class='ocrx_word' id='word_1_701' title='bbox 1566 1308 1617 1335; x_wconf 90' lang='lat' dir='ltr'><strong>hoc</strong></span> <span class='ocrx_word' id='word_1_702' title='bbox 1628 1308 1713 1343; x_wconf 80' lang='lat' dir='ltr'><strong>ipsum</strong></span> <span class='ocrx_word' id='word_1_703' title='bbox 1730 1307 1764 1334; x_wconf 84' lang='lat' dir='ltr'><strong>ita</strong></span> <span class='ocrx_word' id='word_1_704' title='bbox 1779 1314 1808 1335; x_wconf 88' lang='lat' dir='ltr'><strong>se</strong></span> <span class='ocrx_word' id='word_1_705' title='bbox 1821 1307 1911 1337; x_wconf 85' lang='lat' dir='ltr'><strong>habet.</strong></span> 
     </span>
    </p>
   </div>
   <div class='ocr_carea' id='block_1_87' title="bbox 1120 1351 1911 1389">
    <p class='ocr_par' dir='ltr' id='par_1_87' title="bbox 1120 1351 1911 1389">
     <span class='ocr_line' id='line_1_87' title="bbox 1120 1351 1911 1389; baseline -0.006 -5"><span class='ocrx_word' id='word_1_706' title='bbox 1120 1362 1150 1384; x_wconf 91' lang='lat' dir='ltr'><strong>ut</strong></span> <span class='ocrx_word' id='word_1_707' title='bbox 1175 1357 1245 1384; x_wconf 88' lang='lat' dir='ltr'><strong>illam</strong></span> <span class='ocrx_word' id='word_1_708' title='bbox 1267 1355 1442 1384; x_wconf 83' lang='lat' dir='ltr'><strong>substantiam</strong></span> <span class='ocrx_word' id='word_1_709' title='bbox 1458 1354 1544 1382; x_wconf 85' lang='lat' dir='ltr'><strong>decet.</strong></span> <span class='ocrx_word' id='word_1_710' title='bbox 1573 1353 1686 1389; x_wconf 85' lang='lat' dir='ltr'><strong>Ideoque</strong></span> <span class='ocrx_word' id='word_1_711' title='bbox 1700 1351 1911 1386; x_wconf 73' lang='lat' dir='ltr'><strong>Paulus(ﬂebr.</strong></span> 
     </span>
    </p>
   </div>
   <div class='ocr_carea' id='block_1_88' title="bbox 1122 1399 1912 1438">
    <p class='ocr_par' dir='ltr' id='par_1_88' title="bbox 1122 1399 1912 1438">
     <span class='ocr_line' id='line_1_88' title="bbox 1122 1399 1912 1438; baseline -0.005 -8"><span class='ocrx_word' id='word_1_712' title='bbox 1122 1403 1148 1430; x_wconf 81' lang='lat' dir='ltr'><strong>I.</strong></span> <span class='ocrx_word' id='word_1_713' title='bbox 1163 1403 1198 1438; x_wconf 76' lang='lat'><strong>3)</strong></span> <span class='ocrx_word' id='word_1_714' title='bbox 1213 1410 1246 1430; x_wconf 89' lang='lat' dir='ltr'><strong>eo</strong></span> <span class='ocrx_word' id='word_1_715' title='bbox 1260 1402 1346 1436; x_wconf 82' lang='lat' dir='ltr'><strong>ipsum</strong></span> <span class='ocrx_word' id='word_1_716' title='bbox 1358 1401 1464 1428; x_wconf 82' lang='lat' dir='ltr'><strong>vocavit</strong></span> <span class='ocrx_word' id='word_1_717' title='bbox 1476 1400 1591 1431; x_wconf 85' lang='lat' dir='ltr'><strong>nomine,</strong></span> <span class='ocrx_word' id='word_1_718' title='bbox 1602 1399 1680 1426; x_wconf 86' lang='lat' dir='ltr'><strong>simul</strong></span> <span class='ocrx_word' id='word_1_719' title='bbox 1694 1399 1832 1426; x_wconf 87' lang='lat' dir='ltr'><strong>declarans</strong></span> <span class='ocrx_word' id='word_1_720' title='bbox 1841 1403 1868 1426; x_wconf 85' lang='lat' dir='ltr'><strong>ct</strong></span> <span class='ocrx_word' id='word_1_721' title='bbox 1880 1406 1912 1426; x_wconf 83' lang='lat' dir='ltr'><strong>cx</strong></span> 
     </span>
    </p>
   </div>
   <div class='ocr_carea' id='block_1_89' title="bbox 1122 1443 1911 1483">
    <p class='ocr_par' dir='ltr' id='par_1_89' title="bbox 1122 1443 1911 1483">
     <span class='ocr_line' id='line_1_89' title="bbox 1122 1443 1911 1483; baseline -0.008 -7"><span class='ocrx_word' id='word_1_722' title='bbox 1122 1448 1180 1483; x_wconf 90' lang='lat' dir='ltr'><strong>ipso</strong></span> <span class='ocrx_word' id='word_1_723' title='bbox 1192 1451 1219 1476; x_wconf 90' lang='lat' dir='ltr'><strong>et</strong></span> <span class='ocrx_word' id='word_1_724' title='bbox 1231 1451 1394 1474; x_wconf 72' lang='lat' dir='ltr'><strong>comternum</strong></span> <span class='ocrx_word' id='word_1_725' title='bbox 1414 1446 1462 1481; x_wconf 87' lang='lat' dir='ltr'><strong>ipsi</strong></span> <span class='ocrx_word' id='word_1_726' title='bbox 1484 1453 1554 1472; x_wconf 79' lang='lat' dir='ltr'><strong>esse.</strong></span> <span class='ocrx_word' id='word_1_727' title='bbox 1571 1444 1638 1478; x_wconf 84' lang='lat' dir='ltr'><strong>Quid</strong></span> <span class='ocrx_word' id='word_1_728' title='bbox 1659 1444 1756 1479; x_wconf 80' lang='lat' dir='ltr'><strong>igitur?</strong></span> <span class='ocrx_word' id='word_1_729' title='bbox 1768 1444 1812 1471; x_wconf 85' lang='lat' dir='ltr'><strong>die</strong></span> <span class='ocrx_word' id='word_1_730' title='bbox 1833 1443 1911 1475; x_wconf 84' lang='lat' dir='ltr'><strong>mihi,</strong></span> 
     </span>
    </p>
   </div>
   <div class='ocr_carea' id='block_1_90' title="bbox 1121 1490 1911 1527">
    <p class='ocr_par' dir='ltr' id='par_1_90' title="bbox 1121 1490 1911 1527">
     <span class='ocr_line' id='line_1_90' title="bbox 1121 1490 1911 1527; baseline -0.009 -5"><span class='ocrx_word' id='word_1_731' title='bbox 1121 1502 1210 1522; x_wconf 75' lang='lat' dir='ltr'><strong>ann0n</strong></span> <span class='ocrx_word' id='word_1_732' title='bbox 1221 1494 1317 1522; x_wconf 74' lang='lat' dir='ltr'><strong>sa&#39;cula</strong></span> <span class='ocrx_word' id='word_1_733' title='bbox 1328 1493 1416 1520; x_wconf 90' lang='lat' dir='ltr'><strong>omnia</strong></span> <span class='ocrx_word' id='word_1_734' title='bbox 1428 1496 1455 1519; x_wconf 90' lang='lat' dir='ltr'><strong>et</strong></span> <span class='ocrx_word' id='word_1_735' title='bbox 1467 1492 1581 1527; x_wconf 88' lang='lat' dir='ltr'><strong>spatium</strong></span> <span class='ocrx_word' id='word_1_736' title='bbox 1596 1498 1675 1518; x_wconf 88' lang='lat' dir='ltr'><strong>omne</strong></span> <span class='ocrx_word' id='word_1_737' title='bbox 1689 1497 1736 1525; x_wconf 83' lang='lat' dir='ltr'><strong>per</strong></span> <span class='ocrx_word' id='word_1_738' title='bbox 1746 1490 1832 1524; x_wconf 86' lang='lat' dir='ltr'><strong>ipsum</strong></span> <span class='ocrx_word' id='word_1_739' title='bbox 1845 1490 1911 1516; x_wconf 78' lang='lat' dir='ltr'><strong>facta</strong></span> 
     </span>
    </p>
   </div>
   <div class='ocr_carea' id='block_1_91' title="bbox 1123 1535 1912 1570">
    <p class='ocr_par' dir='ltr' id='par_1_91' title="bbox 1123 1535 1912 1570">
     <span class='ocr_line' id='line_1_91' title="bbox 1123 1535 1912 1570; baseline -0.009 -2"><span class='ocrx_word' id='word_1_740' title='bbox 1123 1540 1208 1568; x_wconf 77' lang='lat' dir='ltr'><strong>sunt?</strong></span> <span class='ocrx_word' id='word_1_741' title='bbox 1223 1539 1279 1567; x_wconf 91' lang='lat' dir='ltr'><strong>Iloc</strong></span> <span class='ocrx_word' id='word_1_742' title='bbox 1291 1539 1450 1567; x_wconf 83' lang='lat' dir='ltr'><strong>conﬁteatur</strong></span> <span class='ocrx_word' id='word_1_743' title='bbox 1471 1544 1581 1564; x_wconf 68' lang='lat' dir='ltr'><strong>necesse</strong></span> <span class='ocrx_word' id='word_1_744' title='bbox 1595 1540 1636 1563; x_wconf 90' lang='lat' dir='ltr'><strong>est</strong></span> <span class='ocrx_word' id='word_1_745' title='bbox 1650 1535 1672 1563; x_wconf 81' lang='lat' dir='ltr'><strong>is</strong></span> <span class='ocrx_word' id='word_1_746' title='bbox 1685 1556 1692 1568; x_wconf 86' lang='lat'><strong>,</strong></span> <span class='ocrx_word' id='word_1_747' title='bbox 1707 1535 1752 1570; x_wconf 86' lang='lat' dir='ltr'><strong>qui</strong></span> <span class='ocrx_word' id='word_1_748' title='bbox 1768 1540 1858 1562; x_wconf 82' lang='lat' dir='ltr'><strong>mente</strong></span> <span class='ocrx_word' id='word_1_749' title='bbox 1869 1542 1912 1562; x_wconf 86' lang='lat' dir='ltr'><strong>ca-</strong></span> 
     </span>
    </p>
   </div>
   <div class='ocr_carea' id='block_1_92' title="bbox 1124 1581 1915 1622">
    <p class='ocr_par' dir='ltr' id='par_1_92' title="bbox 1124 1581 1915 1622">
     <span class='ocr_line' id='line_1_92' title="bbox 1124 1581 1915 1622; baseline -0.008 -8"><span class='ocrx_word' id='word_1_750' title='bbox 1124 1591 1184 1622; x_wconf 87' lang='lat' dir='ltr'><strong>ptus</strong></span> <span class='ocrx_word' id='word_1_751' title='bbox 1197 1593 1249 1613; x_wconf 91' lang='lat' dir='ltr'><strong>non</strong></span> <span class='ocrx_word' id='word_1_752' title='bbox 1264 1586 1308 1613; x_wconf 89' lang='lat' dir='ltr'><strong>sit.</strong></span> <span class='ocrx_word' id='word_1_753' title='bbox 1326 1585 1394 1620; x_wconf 86' lang='lat' dir='ltr'><strong>Ergo</strong></span> <span class='ocrx_word' id='word_1_754' title='bbox 1409 1584 1473 1612; x_wconf 92' lang='lat' dir='ltr'><strong>nihil</strong></span> <span class='ocrx_word' id='word_1_755' title='bbox 1489 1583 1607 1611; x_wconf 87' lang='lat' dir='ltr'><strong>medium</strong></span> <span class='ocrx_word' id='word_1_756' title='bbox 1629 1587 1670 1610; x_wconf 89' lang='lat' dir='ltr'><strong>cst</strong></span> <span class='ocrx_word' id='word_1_757' title='bbox 1692 1582 1762 1609; x_wconf 89' lang='lat' dir='ltr'><strong>inter</strong></span> <span class='ocrx_word' id='word_1_758' title='bbox 1776 1581 1872 1609; x_wconf 74' lang='lat' dir='ltr'><strong>Filium</strong></span> <span class='ocrx_word' id='word_1_759' title='bbox 1888 1585 1915 1608; x_wconf 88' lang='lat' dir='ltr'><strong>et</strong></span> 
     </span>
    </p>
   </div>
   <div class='ocr_carea' id='block_1_93' title="bbox 1125 1627 1915 1665">
    <p class='ocr_par' dir='ltr' id='par_1_93' title="bbox 1125 1627 1915 1665">
     <span class='ocr_line' id='line_1_93' title="bbox 1125 1627 1915 1665; baseline -0.009 -5"><span class='ocrx_word' id='word_1_760' title='bbox 1125 1633 1240 1660; x_wconf 86' lang='lat' dir='ltr'><strong>Patrem.</strong></span> <span class='ocrx_word' id='word_1_761' title='bbox 1257 1631 1286 1659; x_wconf 90' lang='lat' dir='ltr'><strong>Si</strong></span> <span class='ocrx_word' id='word_1_762' title='bbox 1300 1631 1381 1662; x_wconf 88' lang='lat' dir='ltr'><strong>nihil,</strong></span> <span class='ocrx_word' id='word_1_763' title='bbox 1397 1637 1460 1665; x_wconf 86' lang='lat' dir='ltr'><strong>ergo</strong></span> <span class='ocrx_word' id='word_1_764' title='bbox 1485 1637 1536 1656; x_wconf 92' lang='lat' dir='ltr'><strong>non</strong></span> <span class='ocrx_word' id='word_1_765' title='bbox 1551 1628 1692 1663; x_wconf 89' lang='lat' dir='ltr'><strong>posterior,</strong></span> <span class='ocrx_word' id='word_1_766' title='bbox 1706 1627 1753 1654; x_wconf 83' lang='lat' dir='ltr'><strong>sed</strong></span> <span class='ocrx_word' id='word_1_767' title='bbox 1767 1632 1915 1654; x_wconf 66' lang='lat' dir='ltr'><strong>comta-nus</strong></span> 
     </span>
    </p>
   </div>
   <div class='ocr_carea' id='block_1_94' title="bbox 1124 1671 1916 1710">
    <p class='ocr_par' dir='ltr' id='par_1_94' title="bbox 1124 1671 1916 1710">
     <span class='ocr_line' id='line_1_94' title="bbox 1124 1671 1916 1710; baseline -0.008 -5"><span class='ocrx_word' id='word_1_768' title='bbox 1124 1683 1174 1705; x_wconf 90' lang='lat' dir='ltr'><strong>est.</strong></span> <span class='ocrx_word' id='word_1_769' title='bbox 1187 1677 1252 1705; x_wconf 88' lang='lat' dir='ltr'><strong>Nam</strong></span> <span class='ocrx_word' id='word_1_770' title='bbox 1268 1681 1325 1703; x_wconf 82' lang='lat' dir='ltr'><strong>ante</strong></span> <span class='ocrx_word' id='word_1_771' title='bbox 1339 1681 1365 1703; x_wconf 90' lang='lat' dir='ltr'><strong>et</strong></span> <span class='ocrx_word' id='word_1_772' title='bbox 1381 1680 1435 1710; x_wconf 80' lang='lat' dir='ltr'><strong>post</strong></span> <span class='ocrx_word' id='word_1_773' title='bbox 1448 1680 1566 1709; x_wconf 89' lang='lat' dir='ltr'><strong>tempora</strong></span> <span class='ocrx_word' id='word_1_774' title='bbox 1580 1673 1742 1708; x_wconf 81' lang='lat' dir='ltr'><strong>signiﬁcant.</strong></span> <span class='ocrx_word' id='word_1_775' title='bbox 1758 1672 1804 1699; x_wconf 78' lang='lat' dir='ltr'><strong>lla:</strong></span> <span class='ocrx_word' id='word_1_776' title='bbox 1819 1671 1916 1706; x_wconf 83' lang='lat' dir='ltr'><strong>quippe</strong></span> 
     </span>
    </p>
   </div>
   <div class='ocr_carea' id='block_1_95' title="bbox 1126 1717 1915 1757">
    <p class='ocr_par' dir='ltr' id='par_1_95' title="bbox 1126 1717 1915 1757">
     <span class='ocr_line' id='line_1_95' title="bbox 1126 1717 1915 1757; baseline -0.008 -7"><span class='ocrx_word' id='word_1_777' title='bbox 1126 1732 1204 1752; x_wconf 78' lang='lat' dir='ltr'><strong>voces</strong></span> <span class='ocrx_word' id='word_1_778' title='bbox 1218 1731 1271 1751; x_wconf 92' lang='lat' dir='ltr'><strong>non</strong></span> <span class='ocrx_word' id='word_1_779' title='bbox 1288 1726 1398 1757; x_wconf 86' lang='lat' dir='ltr'><strong>possunt</strong></span> <span class='ocrx_word' id='word_1_780' title='bbox 1412 1722 1470 1748; x_wconf 90' lang='lat' dir='ltr'><strong>sine</strong></span> <span class='ocrx_word' id='word_1_781' title='bbox 1489 1720 1588 1748; x_wconf 71' lang='lat' dir='ltr'><strong>smculo</strong></span> <span class='ocrx_word' id='word_1_782' title='bbox 1602 1720 1642 1747; x_wconf 89' lang='lat' dir='ltr'><strong>vel</strong></span> <span class='ocrx_word' id='word_1_783' title='bbox 1657 1723 1778 1753; x_wconf 89' lang='lat' dir='ltr'><strong>tempore</strong></span> <span class='ocrx_word' id='word_1_784' title='bbox 1792 1717 1915 1753; x_wconf 75' lang='lat' dir='ltr'><strong>cogitari.</strong></span> 
     </span>
    </p>
   </div>
   <div class='ocr_carea' id='block_1_96' title="bbox 1128 1763 1916 1803">
    <p class='ocr_par' dir='ltr' id='par_1_96' title="bbox 1128 1763 1916 1803">
     <span class='ocr_line' id='line_1_96' title="bbox 1128 1763 1916 1803; baseline -0.01 -6"><span class='ocrx_word' id='word_1_785' title='bbox 1128 1770 1197 1798; x_wconf 87' lang='lat' dir='ltr'><strong>Deus</strong></span> <span class='ocrx_word' id='word_1_786' title='bbox 1211 1777 1276 1796; x_wconf 90' lang='lat' dir='ltr'><strong>vero</strong></span> <span class='ocrx_word' id='word_1_787' title='bbox 1289 1768 1412 1803; x_wconf 85' lang='lat' dir='ltr'><strong>superior</strong></span> <span class='ocrx_word' id='word_1_788' title='bbox 1426 1772 1468 1795; x_wconf 90' lang='lat' dir='ltr'><strong>est</strong></span> <span class='ocrx_word' id='word_1_789' title='bbox 1482 1765 1647 1800; x_wconf 89' lang='lat' dir='ltr'><strong>temporibus</strong></span> <span class='ocrx_word' id='word_1_790' title='bbox 1662 1769 1690 1792; x_wconf 87' lang='lat' dir='ltr'><strong>et</strong></span> <span class='ocrx_word' id='word_1_791' title='bbox 1703 1764 1821 1792; x_wconf 71' lang='lat' dir='ltr'><strong>szeculis.</strong></span> <span class='ocrx_word' id='word_1_792' title='bbox 1840 1763 1916 1797; x_wconf 83' lang='lat' dir='ltr'><strong>Quod</strong></span> 
     </span>
    </p>
   </div>
   <div class='ocr_carea' id='block_1_97' title="bbox 1126 1813 1917 1848">
    <p class='ocr_par' dir='ltr' id='par_1_97' title="bbox 1126 1813 1917 1848">
     <span class='ocr_line' id='line_1_97' title="bbox 1126 1813 1917 1848; baseline -0.008 -4"><span class='ocrx_word' id='word_1_793' title='bbox 1126 1819 1148 1844; x_wconf 88' lang='lat' dir='ltr'><strong>si</strong></span> <span class='ocrx_word' id='word_1_794' title='bbox 1167 1817 1276 1844; x_wconf 93' lang='lat' dir='ltr'><strong>omnino</strong></span> <span class='ocrx_word' id='word_1_795' title='bbox 1296 1815 1396 1843; x_wconf 77' lang='lat' dir='ltr'><strong>dixeris</strong></span> <span class='ocrx_word' id='word_1_796' title='bbox 1419 1815 1486 1842; x_wconf 83' lang='lat' dir='ltr'><strong>Filio</strong></span> <span class='ocrx_word' id='word_1_797' title='bbox 1510 1813 1669 1848; x_wconf 89' lang='lat' dir='ltr'><strong>principium</strong></span> <span class='ocrx_word' id='word_1_798' title='bbox 1693 1819 1773 1844; x_wconf 82' lang='lat' dir='ltr'><strong>esse,</strong></span> <span class='ocrx_word' id='word_1_799' title='bbox 1796 1818 1862 1838; x_wconf 86' lang='lat' dir='ltr'><strong>cave</strong></span> <span class='ocrx_word' id='word_1_800' title='bbox 1884 1817 1917 1838; x_wconf 86' lang='lat' dir='ltr'><strong>ne</strong></span> 
     </span>
    </p>
   </div>
   <div class='ocr_carea' id='block_1_98' title="bbox 1127 1855 1918 1897">
    <p class='ocr_par' dir='ltr' id='par_1_98' title="bbox 1127 1855 1918 1897">
     <span class='ocr_line' id='line_1_98' title="bbox 1127 1855 1918 1897; baseline -0.011 -7"><span class='ocrx_word' id='word_1_801' title='bbox 1127 1862 1232 1890; x_wconf 83' lang='lat' dir='ltr'><strong>Patrem</strong></span> <span class='ocrx_word' id='word_1_802' title='bbox 1246 1868 1350 1897; x_wconf 90' lang='lat' dir='ltr'><strong>quoque</strong></span> <span class='ocrx_word' id='word_1_803' title='bbox 1374 1860 1422 1887; x_wconf 88' lang='lat' dir='ltr'><strong>sub</strong></span> <span class='ocrx_word' id='word_1_804' title='bbox 1435 1859 1566 1895; x_wconf 80' lang='lat' dir='ltr'><strong>principio</strong></span> <span class='ocrx_word' id='word_1_805' title='bbox 1585 1857 1678 1885; x_wconf 88' lang='lat' dir='ltr'><strong>eadem</strong></span> <span class='ocrx_word' id='word_1_806' title='bbox 1701 1857 1804 1884; x_wconf 84' lang='lat' dir='ltr'><strong>ratione</strong></span> <span class='ocrx_word' id='word_1_807' title='bbox 1816 1855 1918 1883; x_wconf 81' lang='lat' dir='ltr'><strong>consti—</strong></span> 
     </span>
    </p>
   </div>
   <div class='ocr_carea' id='block_1_99' title="bbox 1128 1902 1919 1942">
    <p class='ocr_par' dir='ltr' id='par_1_99' title="bbox 1128 1902 1919 1942">
     <span class='ocr_line' id='line_1_99' title="bbox 1128 1902 1919 1942; baseline -0.01 -6"><span class='ocrx_word' id='word_1_808' title='bbox 1128 1914 1203 1936; x_wconf 88' lang='lat' dir='ltr'><strong>tuere</strong></span> <span class='ocrx_word' id='word_1_809' title='bbox 1217 1908 1338 1942; x_wconf 81' lang='lat' dir='ltr'><strong>cogaris;</strong></span> <span class='ocrx_word' id='word_1_810' title='bbox 1358 1906 1508 1940; x_wconf 82' lang='lat' dir='ltr'><strong>antiquiore</strong></span> <span class='ocrx_word' id='word_1_811' title='bbox 1522 1904 1640 1939; x_wconf 84' lang='lat' dir='ltr'><strong>quidem,</strong></span> <span class='ocrx_word' id='word_1_812' title='bbox 1655 1902 1703 1931; x_wconf 87' lang='lat' dir='ltr'><strong>sed</strong></span> <span class='ocrx_word' id='word_1_813' title='bbox 1718 1907 1807 1930; x_wconf 87' lang='lat' dir='ltr'><strong>tamen</strong></span> <span class='ocrx_word' id='word_1_814' title='bbox 1819 1902 1919 1937; x_wconf 88' lang='lat' dir='ltr'><strong>princi-</strong></span> 
     </span>
    </p>
   </div>
   <div class='ocr_carea' id='block_1_100' title="bbox 1128 1947 1919 1989">
    <p class='ocr_par' dir='ltr' id='par_1_100' title="bbox 1128 1947 1919 1989">
     <span class='ocr_line' id='line_1_100' title="bbox 1128 1947 1919 1989; baseline -0.006 -10"><span class='ocrx_word' id='word_1_815' title='bbox 1128 1954 1181 1989; x_wconf 87' lang='lat' dir='ltr'><strong>pio.</strong></span> <span class='ocrx_word' id='word_1_816' title='bbox 1196 1953 1242 1980; x_wconf 85' lang='lat' dir='ltr'><strong>Dic</strong></span> <span class='ocrx_word' id='word_1_817' title='bbox 1256 1952 1326 1980; x_wconf 93' lang='lat' dir='ltr'><strong>enim</strong></span> <span class='ocrx_word' id='word_1_818' title='bbox 1347 1951 1411 1978; x_wconf 93' lang='lat' dir='ltr'><strong>mihi</strong></span> <span class='ocrx_word' id='word_1_819' title='bbox 1431 1959 1437 1977; x_wconf 90' lang='lat'>:</span> <span class='ocrx_word' id='word_1_820' title='bbox 1457 1951 1552 1977; x_wconf 88' lang='lat' dir='ltr'><strong>Annon</strong></span> <span class='ocrx_word' id='word_1_821' title='bbox 1568 1950 1709 1976; x_wconf 90' lang='lat' dir='ltr'><strong>terminum</strong></span> <span class='ocrx_word' id='word_1_822' title='bbox 1727 1952 1806 1983; x_wconf 85' lang='lat' dir='ltr'><strong>atque</strong></span> <span class='ocrx_word' id='word_1_823' title='bbox 1818 1947 1919 1982; x_wconf 87' lang='lat' dir='ltr'><strong>princi-</strong></span> 
     </span>
    </p>
   </div>
   <div class='ocr_carea' id='block_1_101' title="bbox 1129 1993 1919 2034">
    <p class='ocr_par' dir='ltr' id='par_1_101' title="bbox 1129 1993 1919 2034">
     <span class='ocr_line' id='line_1_101' title="bbox 1129 1993 1919 2034; baseline -0.008 -8"><span class='ocrx_word' id='word_1_824' title='bbox 1129 2000 1199 2034; x_wconf 91' lang='lat' dir='ltr'><strong>pium</strong></span> <span class='ocrx_word' id='word_1_825' title='bbox 1215 1998 1284 2026; x_wconf 81' lang='lat' dir='ltr'><strong>Filio</strong></span> <span class='ocrx_word' id='word_1_826' title='bbox 1298 1997 1453 2025; x_wconf 86' lang='lat' dir='ltr'><strong>adscribens</strong></span> <span class='ocrx_word' id='word_1_827' title='bbox 1463 2017 1470 2026; x_wconf 82' lang='lat'><strong>.</strong></span> <span class='ocrx_word' id='word_1_828' title='bbox 1489 2000 1569 2031; x_wconf 88' lang='lat' dir='ltr'><strong>atque</strong></span> <span class='ocrx_word' id='word_1_829' title='bbox 1584 1995 1618 2022; x_wconf 87' lang='lat' dir='ltr'><strong>ab</strong></span> <span class='ocrx_word' id='word_1_830' title='bbox 1637 1995 1683 2022; x_wconf 91' lang='lat' dir='ltr'><strong>illo</strong></span> <span class='ocrx_word' id='word_1_831' title='bbox 1697 1994 1828 2030; x_wconf 89' lang='lat' dir='ltr'><strong>principio</strong></span> <span class='ocrx_word' id='word_1_832' title='bbox 1841 1993 1919 2021; x_wconf 79' lang='lat' dir='ltr'><strong>altius</strong></span> 
     </span>
    </p>
   </div>
   <div class='ocr_carea' id='block_1_102' title="bbox 1129 2039 1920 2080">
    <p class='ocr_par' dir='ltr' id='par_1_102' title="bbox 1129 2039 1920 2080">
     <span class='ocr_line' id='line_1_102' title="bbox 1129 2039 1920 2080; baseline -0.008 -8"><span class='ocrx_word' id='word_1_833' title='bbox 1129 2044 1270 2080; x_wconf 88' lang='lat' dir='ltr'><strong>prodicns,</strong></span> <span class='ocrx_word' id='word_1_834' title='bbox 1302 2043 1406 2070; x_wconf 86' lang='lat' dir='ltr'><strong>Patrem</strong></span> <span class='ocrx_word' id='word_1_835' title='bbox 1431 2042 1502 2076; x_wconf 89' lang='lat' dir='ltr'><strong>prius</strong></span> <span class='ocrx_word' id='word_1_836' title='bbox 1533 2041 1664 2069; x_wconf 67' lang='lat' dir='ltr'><strong>exsistere</strong></span> <span class='ocrx_word' id='word_1_837' title='bbox 1684 2039 1772 2068; x_wconf 81' lang='lat' dir='ltr'><strong>dicis?</strong></span> <span class='ocrx_word' id='word_1_838' title='bbox 1800 2039 1827 2067; x_wconf 93' lang='lat' dir='ltr'><strong>Id</strong></span> <span class='ocrx_word' id='word_1_839' title='bbox 1848 2043 1920 2067; x_wconf 87' lang='lat' dir='ltr'><strong>certe</strong></span> 
     </span>
    </p>
   </div>
   <div class='ocr_carea' id='block_1_103' title="bbox 1128 2085 1919 2122">
    <p class='ocr_par' dir='ltr' id='par_1_103' title="bbox 1128 2085 1919 2122">
     <span class='ocr_line' id='line_1_103' title="bbox 1128 2085 1919 2122; baseline -0.009 -4"><span class='ocrx_word' id='word_1_840' title='bbox 1128 2089 1307 2118; x_wconf 83' lang='lat' dir='ltr'><strong>manifestum.</strong></span> <span class='ocrx_word' id='word_1_841' title='bbox 1323 2089 1370 2116; x_wconf 87' lang='lat' dir='ltr'><strong>Die</strong></span> <span class='ocrx_word' id='word_1_842' title='bbox 1391 2095 1456 2122; x_wconf 81' lang='lat' dir='ltr'><strong>ergo</strong></span> <span class='ocrx_word' id='word_1_843' title='bbox 1476 2087 1540 2114; x_wconf 90' lang='lat' dir='ltr'><strong>mihi</strong></span> <span class='ocrx_word' id='word_1_844' title='bbox 1554 2091 1653 2121; x_wconf 90' lang='lat' dir='ltr'><strong>quanto</strong></span> <span class='ocrx_word' id='word_1_845' title='bbox 1669 2085 1754 2121; x_wconf 85' lang='lat' dir='ltr'><strong>spatio</strong></span> <span class='ocrx_word' id='word_1_846' title='bbox 1773 2085 1919 2120; x_wconf 72' lang='lat' dir='ltr'><strong>prmcxistit</strong></span> 
     </span>
    </p>
   </div>
   <div class='ocr_carea' id='block_1_104' title="bbox 1128 2130 1920 2168">
    <p class='ocr_par' dir='ltr' id='par_1_104' title="bbox 1128 2130 1920 2168">
     <span class='ocr_line' id='line_1_104' title="bbox 1128 2130 1920 2168; baseline -0.009 -5"><span class='ocrx_word' id='word_1_847' title='bbox 1128 2135 1227 2164; x_wconf 86' lang='lat' dir='ltr'><strong>Pater?</strong></span> <span class='ocrx_word' id='word_1_848' title='bbox 1240 2135 1303 2163; x_wconf 86' lang='lat' dir='ltr'><strong>Sive</strong></span> <span class='ocrx_word' id='word_1_849' title='bbox 1317 2135 1388 2161; x_wconf 90' lang='lat' dir='ltr'><strong>enim</strong></span> <span class='ocrx_word' id='word_1_850' title='bbox 1403 2140 1523 2168; x_wconf 79' lang='lat' dir='ltr'><strong>parvum,</strong></span> <span class='ocrx_word' id='word_1_851' title='bbox 1537 2132 1594 2159; x_wconf 72' lang='lat' dir='ltr'><strong>sive</strong></span> <span class='ocrx_word' id='word_1_852' title='bbox 1610 2138 1735 2166; x_wconf 79' lang='lat' dir='ltr'><strong>magnum</strong></span> <span class='ocrx_word' id='word_1_853' title='bbox 1745 2130 1847 2158; x_wconf 80' lang='lat' dir='ltr'><strong>dixeris</strong></span> <span class='ocrx_word' id='word_1_854' title='bbox 1858 2137 1920 2164; x_wconf 84' lang='lat' dir='ltr'><strong>spa-</strong></span> 
     </span>
    </p>
   </div>
   <div class='ocr_carea' id='block_1_105' title="bbox 1130 2175 1920 2215">
    <p class='ocr_par' dir='ltr' id='par_1_105' title="bbox 1130 2175 1920 2215">
     <span class='ocr_line' id='line_1_105' title="bbox 1130 2175 1920 2215; baseline -0.01 -6"><span class='ocrx_word' id='word_1_855' title='bbox 1130 2183 1195 2209; x_wconf 93' lang='lat' dir='ltr'><strong>tium</strong></span> <span class='ocrx_word' id='word_1_856' title='bbox 1206 2202 1214 2214; x_wconf 92' lang='lat'><strong>,</strong></span> <span class='ocrx_word' id='word_1_857' title='bbox 1230 2180 1280 2208; x_wconf 87' lang='lat' dir='ltr'><strong>sub</strong></span> <span class='ocrx_word' id='word_1_858' title='bbox 1292 2179 1424 2215; x_wconf 82' lang='lat' dir='ltr'><strong>principio</strong></span> <span class='ocrx_word' id='word_1_859' title='bbox 1444 2179 1549 2205; x_wconf 86' lang='lat' dir='ltr'><strong>Patrem</strong></span> <span class='ocrx_word' id='word_1_860' title='bbox 1565 2176 1684 2212; x_wconf 88' lang='lat' dir='ltr'><strong>posuisti.</strong></span> <span class='ocrx_word' id='word_1_861' title='bbox 1699 2175 1764 2203; x_wconf 87' lang='lat' dir='ltr'><strong>Nam</strong></span> <span class='ocrx_word' id='word_1_862' title='bbox 1780 2180 1920 2210; x_wconf 80' lang='lat' dir='ltr'><strong>postquam</strong></span> 
     </span>
    </p>
   </div>
   <div class='ocr_carea' id='block_1_106' title="bbox 1129 2221 1920 2260">
    <p class='ocr_par' dir='ltr' id='par_1_106' title="bbox 1129 2221 1920 2260">
     <span class='ocr_line' id='line_1_106' title="bbox 1129 2221 1920 2260; baseline -0.009 -5"><span class='ocrx_word' id='word_1_863' title='bbox 1129 2234 1282 2255; x_wconf 90' lang='lat' dir='ltr'><strong>mensuram</strong></span> <span class='ocrx_word' id='word_1_864' title='bbox 1295 2225 1372 2260; x_wconf 85' lang='lat' dir='ltr'><strong>spatii</strong></span> <span class='ocrx_word' id='word_1_865' title='bbox 1389 2225 1458 2252; x_wconf 91' lang='lat' dir='ltr'><strong>illius</strong></span> <span class='ocrx_word' id='word_1_866' title='bbox 1470 2223 1593 2254; x_wconf 78' lang='lat' dir='ltr'><strong>duxeris.</strong></span> <span class='ocrx_word' id='word_1_867' title='bbox 1609 2222 1648 2249; x_wconf 89' lang='lat' dir='ltr'><strong>sic</strong></span> <span class='ocrx_word' id='word_1_868' title='bbox 1665 2221 1739 2249; x_wconf 90' lang='lat' dir='ltr'><strong>dices</strong></span> <span class='ocrx_word' id='word_1_869' title='bbox 1752 2222 1792 2249; x_wconf 89' lang='lat' dir='ltr'><strong>vel</strong></span> <span class='ocrx_word' id='word_1_870' title='bbox 1808 2229 1920 2256; x_wconf 86' lang='lat' dir='ltr'><strong>parvum</strong></span> 
     </span>
    </p>
   </div>
   <div class='ocr_carea' id='block_1_107' title="bbox 1129 2267 1920 2308">
    <p class='ocr_par' dir='ltr' id='par_1_107' title="bbox 1129 2267 1920 2308">
     <span class='ocr_line' id='line_1_107' title="bbox 1129 2267 1920 2308; baseline -0.011 -7"><span class='ocrx_word' id='word_1_871' title='bbox 1129 2275 1171 2302; x_wconf 87' lang='lat' dir='ltr'><strong>vel</strong></span> <span class='ocrx_word' id='word_1_872' title='bbox 1187 2280 1311 2308; x_wconf 85' lang='lat' dir='ltr'><strong>magnum</strong></span> <span class='ocrx_word' id='word_1_873' title='bbox 1332 2279 1413 2299; x_wconf 88' lang='lat' dir='ltr'><strong>esse:</strong></span> <span class='ocrx_word' id='word_1_874' title='bbox 1428 2277 1554 2297; x_wconf 84' lang='lat' dir='ltr'><strong>mensura</strong></span> <span class='ocrx_word' id='word_1_875' title='bbox 1574 2276 1639 2296; x_wconf 87' lang='lat' dir='ltr'><strong>vero</strong></span> <span class='ocrx_word' id='word_1_876' title='bbox 1658 2267 1719 2295; x_wconf 89' lang='lat' dir='ltr'><strong>duci</strong></span> <span class='ocrx_word' id='word_1_877' title='bbox 1744 2275 1796 2294; x_wconf 91' lang='lat' dir='ltr'><strong>non</strong></span> <span class='ocrx_word' id='word_1_878' title='bbox 1813 2271 1920 2301; x_wconf 88' lang='lat' dir='ltr'><strong>potest,</strong></span> 
     </span>
    </p>
   </div>
   <div class='ocr_carea' id='block_1_108' title="bbox 1130 2313 1922 2354">
    <p class='ocr_par' dir='ltr' id='par_1_108' title="bbox 1130 2313 1922 2354">
     <span class='ocr_line' id='line_1_108' title="bbox 1130 2313 1922 2354; baseline -0.014 -6"><span class='ocrx_word' id='word_1_879' title='bbox 1130 2320 1180 2348; x_wconf 86' lang='lat' dir='ltr'><strong>nisi</strong></span> <span class='ocrx_word' id='word_1_880' title='bbox 1195 2320 1319 2354; x_wconf 87' lang='lat' dir='ltr'><strong>utrinque</strong></span> <span class='ocrx_word' id='word_1_881' title='bbox 1334 2317 1492 2352; x_wconf 90' lang='lat' dir='ltr'><strong>principium</strong></span> <span class='ocrx_word' id='word_1_882' title='bbox 1513 2315 1557 2342; x_wconf 87' lang='lat' dir='ltr'><strong>sit.</strong></span> <span class='ocrx_word' id='word_1_883' title='bbox 1576 2314 1667 2349; x_wconf 86' lang='lat' dir='ltr'><strong>Itaque</strong></span> <span class='ocrx_word' id='word_1_884' title='bbox 1683 2313 1770 2345; x_wconf 85' lang='lat' dir='ltr'><strong>Patri,</strong></span> <span class='ocrx_word' id='word_1_885' title='bbox 1791 2317 1922 2347; x_wconf 89' lang='lat' dir='ltr'><strong>quantum</strong></span> 
     </span>
    </p>
   </div>
   <div class='ocr_carea' id='block_1_109' title="bbox 1131 2359 1923 2405">
    <p class='ocr_par' dir='ltr' id='par_1_109' title="bbox 1131 2359 1923 2405">
     <span class='ocr_line' id='line_1_109' title="bbox 1131 2359 1923 2405; baseline -0.013 -11"><span class='ocrx_word' id='word_1_886' title='bbox 1131 2368 1156 2394; x_wconf 92' lang='lat' dir='ltr'><strong>in</strong></span> <span class='ocrx_word' id='word_1_887' title='bbox 1173 2371 1199 2394; x_wconf 87' lang='lat' dir='ltr'><strong>te</strong></span> <span class='ocrx_word' id='word_1_888' title='bbox 1212 2366 1275 2405; x_wconf 72' lang='lat' dir='ltr'><strong>fuit,</strong></span> <span class='ocrx_word' id='word_1_889' title='bbox 1289 2363 1448 2400; x_wconf 90' lang='lat' dir='ltr'><strong>principium</strong></span> <span class='ocrx_word' id='word_1_890' title='bbox 1462 2362 1559 2389; x_wconf 89' lang='lat' dir='ltr'><strong>dedisti</strong></span> <span class='ocrx_word' id='word_1_891' title='bbox 1574 2369 1581 2387; x_wconf 86' lang='lat'><strong>:</strong></span> <span class='ocrx_word' id='word_1_892' title='bbox 1598 2361 1689 2395; x_wconf 89' lang='lat' dir='ltr'><strong>sicque</strong></span> <span class='ocrx_word' id='word_1_893' title='bbox 1711 2359 1860 2387; x_wconf 88' lang='lat' dir='ltr'><strong>secundum</strong></span> <span class='ocrx_word' id='word_1_894' title='bbox 1877 2366 1923 2384; x_wconf 76' lang='lat' dir='ltr'><strong>vos</strong></span> 
     </span>
    </p>
   </div>
   <div class='ocr_carea' id='block_1_110' title="bbox 1134 2406 1922 2446">
    <p class='ocr_par' dir='ltr' id='par_1_110' title="bbox 1134 2406 1922 2446">
     <span class='ocr_line' id='line_1_110' title="bbox 1134 2406 1922 2446; baseline -0.013 -5"><span class='ocrx_word' id='word_1_895' title='bbox 1134 2421 1168 2441; x_wconf 85' lang='lat' dir='ltr'><strong>oe</strong></span> <span class='ocrx_word' id='word_1_896' title='bbox 1191 2413 1268 2440; x_wconf 88' lang='lat' dir='ltr'><strong>Pater</strong></span> <span class='ocrx_word' id='word_1_897' title='bbox 1289 2411 1395 2446; x_wconf 89' lang='lat' dir='ltr'><strong>quidem</strong></span> <span class='ocrx_word' id='word_1_898' title='bbox 1420 2409 1478 2436; x_wconf 89' lang='lat' dir='ltr'><strong>sine</strong></span> <span class='ocrx_word' id='word_1_899' title='bbox 1493 2407 1623 2443; x_wconf 88' lang='lat' dir='ltr'><strong>principio</strong></span> <span class='ocrx_word' id='word_1_900' title='bbox 1643 2407 1705 2434; x_wconf 91' lang='lat' dir='ltr'><strong>erit.</strong></span> <span class='ocrx_word' id='word_1_901' title='bbox 1721 2406 1814 2433; x_wconf 81' lang='lat' dir='ltr'><strong>Vidcn‘</strong></span> <span class='ocrx_word' id='word_1_902' title='bbox 1829 2413 1922 2432; x_wconf 79' lang='lat' dir='ltr'><strong>verum</strong></span> 
     </span>
    </p>
   </div>
   <div class='ocr_carea' id='block_1_111' title="bbox 1130 2450 1922 2492">
    <p class='ocr_par' dir='ltr' id='par_1_111' title="bbox 1130 2450 1922 2492">
     <span class='ocr_line' id='line_1_111' title="bbox 1130 2450 1922 2492; baseline -0.013 -6"><span class='ocrx_word' id='word_1_903' title='bbox 1130 2466 1190 2486; x_wconf 72' lang='lat' dir='ltr'><strong>esse</strong></span> <span class='ocrx_word' id='word_1_904' title='bbox 1202 2457 1228 2485; x_wconf 88' lang='lat' dir='ltr'><strong>id</strong></span> <span class='ocrx_word' id='word_1_905' title='bbox 1242 2457 1312 2492; x_wconf 89' lang='lat' dir='ltr'><strong>quod</strong></span> <span class='ocrx_word' id='word_1_906' title='bbox 1330 2464 1345 2483; x_wconf 86' lang='lat' dir='ltr'><strong>a</strong></span> <span class='ocrx_word' id='word_1_907' title='bbox 1365 2455 1508 2483; x_wconf 88' lang='lat' dir='ltr'><strong>Servatore</strong></span> <span class='ocrx_word' id='word_1_908' title='bbox 1522 2454 1621 2480; x_wconf 87' lang='lat' dir='ltr'><strong>dictum</strong></span> <span class='ocrx_word' id='word_1_909' title='bbox 1639 2457 1690 2484; x_wconf 89' lang='lat' dir='ltr'><strong>est,</strong></span> <span class='ocrx_word' id='word_1_910' title='bbox 1702 2456 1728 2479; x_wconf 89' lang='lat' dir='ltr'><strong>et</strong></span> <span class='ocrx_word' id='word_1_911' title='bbox 1744 2451 1844 2478; x_wconf 89' lang='lat' dir='ltr'><strong>dictum</strong></span> <span class='ocrx_word' id='word_1_912' title='bbox 1858 2450 1922 2477; x_wconf 88' lang='lat' dir='ltr'><strong>illud</strong></span> 
     </span>
    </p>
   </div>
   <div class='ocr_carea' id='block_1_112' title="bbox 1131 2496 1922 2540">
    <p class='ocr_par' dir='ltr' id='par_1_112' title="bbox 1131 2496 1922 2540">
     <span class='ocr_line' id='line_1_112' title="bbox 1131 2496 1922 2540; baseline -0.011 -8"><span class='ocrx_word' id='word_1_913' title='bbox 1131 2505 1236 2532; x_wconf 88' lang='lat' dir='ltr'><strong>virtutis</strong></span> <span class='ocrx_word' id='word_1_914' title='bbox 1250 2503 1318 2540; x_wconf 65' lang='lat' dir='ltr'><strong>eius</strong></span> <span class='ocrx_word' id='word_1_915' title='bbox 1344 2503 1442 2537; x_wconf 85' lang='lat' dir='ltr'><strong>ubique</strong></span> <span class='ocrx_word' id='word_1_916' title='bbox 1463 2504 1649 2535; x_wconf 78' lang='lat' dir='ltr'><strong>argumentum</strong></span> <span class='ocrx_word' id='word_1_917' title='bbox 1675 2497 1755 2525; x_wconf 82' lang='lat' dir='ltr'><strong>esse?</strong></span> <span class='ocrx_word' id='word_1_918' title='bbox 1779 2496 1922 2531; x_wconf 84' lang='lat' dir='ltr'><strong>Quodnam</strong></span> 
     </span>
    </p>
   </div>
   <div class='ocr_carea' id='block_1_113' title="bbox 1131 2542 1921 2584">
    <p class='ocr_par' dir='ltr' id='par_1_113' title="bbox 1131 2542 1921 2584">
     <span class='ocr_line' id='line_1_113' title="bbox 1131 2542 1921 2584; baseline -0.015 -4"><span class='ocrx_word' id='word_1_919' title='bbox 1131 2553 1194 2581; x_wconf 88' lang='lat' dir='ltr'><strong>illud</strong></span> <span class='ocrx_word' id='word_1_920' title='bbox 1208 2552 1267 2579; x_wconf 85' lang='lat' dir='ltr'><strong>est?</strong></span> <span class='ocrx_word' id='word_1_921' title='bbox 1284 2549 1334 2584; x_wconf 81' lang='lat' dir='ltr'><strong>Qui</strong></span> <span class='ocrx_word' id='word_1_922' title='bbox 1353 2557 1403 2576; x_wconf 75' lang='lat' dir='ltr'><strong>non</strong></span> <span class='ocrx_word' id='word_1_923' title='bbox 1418 2549 1524 2575; x_wconf 86' lang='lat' dir='ltr'><strong>honorat</strong></span> <span class='ocrx_word' id='word_1_924' title='bbox 1551 2546 1662 2578; x_wconf 84' lang='lat' dir='ltr'><strong>Filium,</strong></span> <span class='ocrx_word' id='word_1_925' title='bbox 1681 2553 1731 2571; x_wconf 85' lang='lat' dir='ltr'><strong>non</strong></span> <span class='ocrx_word' id='word_1_926' title='bbox 1745 2545 1852 2571; x_wconf 78' lang='lat' dir='ltr'><strong>honorat</strong></span> <span class='ocrx_word' id='word_1_927' title='bbox 1867 2542 1921 2569; x_wconf 80' lang='lat' dir='ltr'><strong>Po-</strong></span> 
     </span>
    </p>
   </div>
   <div class='ocr_carea' id='block_1_114' title="bbox 1131 2589 1921 2632">
    <p class='ocr_par' dir='ltr' id='par_1_114' title="bbox 1131 2589 1921 2632">
     <span class='ocr_line' id='line_1_114' title="bbox 1131 2589 1921 2632; baseline -0.013 -7"><span class='ocrx_word' id='word_1_928' title='bbox 1131 2603 1193 2625; x_wconf 86' lang='lat' dir='ltr'><strong>trem</strong></span> <span class='ocrx_word' id='word_1_929' title='bbox 1206 2596 1296 2632; x_wconf 85' lang='lat' dir='ltr'><strong>(Joan.</strong></span> <span class='ocrx_word' id='word_1_930' title='bbox 1312 2596 1338 2623; x_wconf 86' lang='lat'><strong>5.</strong></span> <span class='ocrx_word' id='word_1_931' title='bbox 1356 2595 1414 2629; x_wconf 71' lang='grc'><strong>95).</strong></span> <span class='ocrx_word' id='word_1_932' title='bbox 1428 2593 1497 2621; x_wconf 83' lang='grc' dir='ltr'><strong>Νονὶ</strong></span> <span class='ocrx_word' id='word_1_933' title='bbox 1513 2591 1603 2620; x_wconf 88' lang='lat' dir='ltr'><strong>multis</strong></span> <span class='ocrx_word' id='word_1_934' title='bbox 1618 2592 1674 2617; x_wconf 75' lang='lat' dir='ltr'><strong>lucc</strong></span> <span class='ocrx_word' id='word_1_935' title='bbox 1689 2589 1921 2624; x_wconf 83' lang='lat' dir='ltr'><strong>incomprehensi-</strong></span> 
     </span>
    </p>
   </div>
   <div class='ocr_carea' id='block_1_115' title="bbox 1131 2635 1921 2674">
    <p class='ocr_par' dir='ltr' id='par_1_115' title="bbox 1131 2635 1921 2674">
     <span class='ocr_line' id='line_1_115' title="bbox 1131 2635 1921 2674; baseline -0.013 -4"><span class='ocrx_word' id='word_1_936' title='bbox 1131 2643 1193 2671; x_wconf 90' lang='lat' dir='ltr'><strong>hilia</strong></span> <span class='ocrx_word' id='word_1_937' title='bbox 1207 2650 1267 2669; x_wconf 81' lang='lat' dir='ltr'><strong>esse</strong></span> <span class='ocrx_word' id='word_1_938' title='bbox 1282 2651 1289 2669; x_wconf 88' lang='lat'>:</span> <span class='ocrx_word' id='word_1_939' title='bbox 1306 2641 1418 2674; x_wconf 86' lang='lat' dir='ltr'><strong>ideoque</strong></span> <span class='ocrx_word' id='word_1_940' title='bbox 1428 2637 1565 2666; x_wconf 82' lang='lat' dir='ltr'><strong>ratiocinia</strong></span> <span class='ocrx_word' id='word_1_941' title='bbox 1575 2635 1725 2671; x_wconf 85' lang='lat' dir='ltr'><strong>bujusmodi</strong></span> <span class='ocrx_word' id='word_1_942' title='bbox 1734 2642 1842 2662; x_wconf 80' lang='lat' dir='ltr'><strong>movere</strong></span> <span class='ocrx_word' id='word_1_943' title='bbox 1850 2642 1921 2668; x_wconf 64' lang='lat' dir='ltr'><strong>smpti</strong></span> 
     </span>
    </p>
   </div>
   <div class='ocr_carea' id='block_1_116' title="bbox 1131 2679 1919 2721">
    <p class='ocr_par' dir='ltr' id='par_1_116' title="bbox 1131 2679 1919 2721">
     <span class='ocr_line' id='line_1_116' title="bbox 1131 2679 1919 2721; baseline -0.014 -5"><span class='ocrx_word' id='word_1_944' title='bbox 1131 2692 1286 2716; x_wconf 83' lang='lat' dir='ltr'><strong>cunctamur</strong></span> <span class='ocrx_word' id='word_1_945' title='bbox 1299 2707 1306 2718; x_wconf 88' lang='lat'><strong>,</strong></span> <span class='ocrx_word' id='word_1_946' title='bbox 1321 2685 1392 2721; x_wconf 91' lang='lat' dir='ltr'><strong>quod</strong></span> <span class='ocrx_word' id='word_1_947' title='bbox 1406 2684 1500 2719; x_wconf 81' lang='lat' dir='ltr'><strong>vulgus</strong></span> <span class='ocrx_word' id='word_1_948' title='bbox 1520 2683 1563 2710; x_wconf 88' lang='lat' dir='ltr'><strong>illa</strong></span> <span class='ocrx_word' id='word_1_949' title='bbox 1577 2681 1683 2716; x_wconf 86' lang='lat' dir='ltr'><strong>assequi</strong></span> <span class='ocrx_word' id='word_1_950' title='bbox 1697 2684 1828 2715; x_wconf 85' lang='lat' dir='ltr'><strong>nequeat;</strong></span> <span class='ocrx_word' id='word_1_951' title='bbox 1842 2680 1884 2707; x_wconf 87' lang='lat' dir='ltr'><strong>vel</strong></span> <span class='ocrx_word' id='word_1_952' title='bbox 1899 2679 1919 2705; x_wconf 86' lang='lat' dir='ltr'><strong>si</strong></span> 
     </span>
    </p>
   </div>
   <div class='ocr_carea' id='block_1_117' title="bbox 1131 2725 1921 2767">
    <p class='ocr_par' dir='ltr' id='par_1_117' title="bbox 1131 2725 1921 2767">
     <span class='ocr_line' id='line_1_117' title="bbox 1131 2725 1921 2767; baseline -0.013 -7"><span class='ocrx_word' id='word_1_953' title='bbox 1131 2736 1299 2767; x_wconf 86' lang='lat' dir='ltr'><strong>assequatur,</strong></span> <span class='ocrx_word' id='word_1_954' title='bbox 1314 2730 1358 2758; x_wconf 85' lang='lat' dir='ltr'><strong>illa</strong></span> <span class='ocrx_word' id='word_1_955' title='bbox 1378 2737 1429 2757; x_wconf 93' lang='lat' dir='ltr'><strong>non</strong></span> <span class='ocrx_word' id='word_1_956' title='bbox 1443 2729 1518 2756; x_wconf 82' lang='lat' dir='ltr'><strong>ﬁrma</strong></span> <span class='ocrx_word' id='word_1_957' title='bbox 1532 2732 1559 2755; x_wconf 87' lang='lat' dir='ltr'><strong>et</strong></span> <span class='ocrx_word' id='word_1_958' title='bbox 1571 2731 1643 2754; x_wconf 82' lang='lat' dir='ltr'><strong>certa</strong></span> <span class='ocrx_word' id='word_1_959' title='bbox 1657 2729 1792 2753; x_wconf 87' lang='lat' dir='ltr'><strong>maneant.</strong></span> <span class='ocrx_word' id='word_1_960' title='bbox 1809 2725 1921 2752; x_wconf 76' lang='lat' dir='ltr'><strong>Ratioci~</strong></span> 
     </span>
    </p>
   </div>
   <div class='ocr_carea' id='block_1_118' title="bbox 1131 2771 1920 2814">
    <p class='ocr_par' dir='ltr' id='par_1_118' title="bbox 1131 2771 1920 2814">
     <span class='ocr_line' id='line_1_118' title="bbox 1131 2771 1920 2814; baseline -0.013 -8"><span class='ocrx_word' id='word_1_961' title='bbox 1131 2781 1173 2807; x_wconf 81' lang='lat' dir='ltr'><strong>nia</strong></span> <span class='ocrx_word' id='word_1_962' title='bbox 1187 2778 1284 2814; x_wconf 87' lang='lat' dir='ltr'><strong>quippe</strong></span> <span class='ocrx_word' id='word_1_963' title='bbox 1295 2776 1424 2804; x_wconf 76' lang='lat' dir='ltr'><strong>hominum</strong></span> <span class='ocrx_word' id='word_1_964' title='bbox 1441 2774 1530 2802; x_wconf 75' lang='lat' dir='ltr'><strong>timida</strong></span> <span class='ocrx_word' id='word_1_965' title='bbox 1541 2778 1598 2800; x_wconf 80' lang='lat' dir='ltr'><strong>sum</strong></span> <span class='ocrx_word' id='word_1_966' title='bbox 1609 2794 1616 2805; x_wconf 91' lang='lat'><strong>,</strong></span> <span class='ocrx_word' id='word_1_967' title='bbox 1631 2778 1654 2799; x_wconf 77' lang='lat' dir='ltr'><strong>et</strong></span> <span class='ocrx_word' id='word_1_968' title='bbox 1669 2772 1774 2808; x_wconf 74' lang='lat' dir='ltr'><strong>fallaces</strong></span> <span class='ocrx_word' id='word_1_969' title='bbox 1788 2771 1920 2805; x_wconf 76' lang='lat' dir='ltr'><strong>cogitatio-</strong></span> 
     </span>
    </p>
   </div>
   <div class='ocr_carea' id='block_1_119' title="bbox 1132 2815 1916 2857">
    <p class='ocr_par' dir='ltr' id='par_1_119' title="bbox 1132 2815 1916 2857">
     <span class='ocr_line' id='line_1_119' title="bbox 1132 2815 1916 2857; baseline -0.014 -4"><span class='ocrx_word' id='word_1_970' title='bbox 1132 2834 1175 2853; x_wconf 75' lang='lat' dir='ltr'><strong>nes</strong></span> <span class='ocrx_word' id='word_1_971' title='bbox 1189 2831 1275 2852; x_wconf 82' lang='lat' dir='ltr'><strong>eorum</strong></span> <span class='ocrx_word' id='word_1_972' title='bbox 1289 2822 1373 2857; x_wconf 84' lang='lat' dir='ltr'><strong>(Sap.</strong></span> <span class='ocrx_word' id='word_1_973' title='bbox 1387 2822 1413 2849; x_wconf 84' lang='lat'><strong>9.</strong></span> <span class='ocrx_word' id='word_1_974' title='bbox 1429 2821 1462 2848; x_wconf 75' lang='grc' dir='ltr'><strong><em>Μ</em></strong></span> <span class='ocrx_word' id='word_1_975' title='bbox 1473 2820 1493 2855; x_wconf 90' lang='grc'><strong>).</strong></span> <span class='ocrx_word' id='word_1_976' title='bbox 1509 2819 1634 2847; x_wconf 76' lang='lat' dir='ltr'><strong>Libenter</strong></span> <span class='ocrx_word' id='word_1_977' title='bbox 1648 2823 1735 2846; x_wconf 87' lang='lat' dir='ltr'><strong>autetn</strong></span> <span class='ocrx_word' id='word_1_978' title='bbox 1751 2815 1916 2844; x_wconf 73' lang='lat' dir='ltr'><strong>adversarios</strong></span> 
     </span>
    </p>
   </div>
  </div>
