2044 3113
138 189 168 218 ιο
701 191 732 218 IN
751 191 906 220 JOANNEM

962 193 1040 220 )MIL.
1061 195 1104 222 ιν.
1126 197 1160 224 al.
1182 198 1224 225 111.
1736 210 1770 236 δα

136 249 367 282 interrogaverunt,
391 248 454 282 quid
476 249 511 276 sit
533 247 596 276 illml
620 257 635 276 ει
649 249 776 283 propheta
799 250 920 277 dictant:

136 295 196 319 Ante
218 301 256 319 me
281 301 332 320 non
354 294 402 328 fuit
426 294 492 321 alius
516 293 604 326 Deus,
633 299 655 320 ct
678 299 732 328 post
755 303 794 321 me
808 304 857 322 non
877 297 924 323 erit

134 338 209 372 (lsai.
221 339 266 365 45.
283 339 349 372 l0)?
364 339 429 366 Nam
440 339 461 366 si
475 339 566 374 junior
582 344 623 366 est
647 339 724 367 Patre
747 340 839 373 Fllius,
854 349 919 375 quu-

134 383 210 411 modo
225 383 306 415 dicit,
324 383 386 410 Post
402 393 441 411 me
462 393 511 411 non
534 385 602 412 erit?
616 385 684 412 Num
710 394 774 420 ergo
791 386 921 420 Unigeuiti

132 430 304 456 substantiam
321 431 437 457 tolletis?
453 431 569 459 Necesse
583 431 654 458 enim
669 436 710 458 est
731 437 776 459 aut
789 440 820 460 eo
841 433 922 460 auda-

131 475 341 509 cia-procedere,
351 481 397 502 aut
408 484 486 503 uuam
497 475 637 503 admittere
647 477 810 505 divinitatem
825 478 850 504 in
859 487 920 511 pro-

132 520 183 553 pria
199 519 335 554 liypostasi
351 521 436 548 Patris
449 526 475 548 et
496 521 565 550 Filii.
581 522 721 554 Quomodo
734 529 822 550 autem
837 524 900 551 illud
911 545 918 556 ,

130 565 220 591 Omnia
234 574 280 599 per
294 566 377 600 ipsum
388 569 456 601 facta
470 572 528 593 sunt
543 565 622 601 (Jama
649 569 674 595 1.
692 569 708 595 5
721 570 740 602 ),
757 577 846 596 verum
861 571 919 597 est?

129 611 191 637 Nam
214 612 236 638 si
261 619 346 638 tuvum
368 617 411 639 est
428 613 474 640 illo
495 614 639 647 antiquius,
655 615 788 648 quomodo
803 616 827 642 id
848 617 917 650 qtlod

127 661 186 684 ante
198 657 271 684 illum
286 662 325 684 est
336 678 343 690 ,
358 666 405 692 per
417 659 500 693 ipsum
517 658 616 686 factum
631 660 728 687 fuerit?
742 660 878 688 Videtisne
892 662 916 689 iu

127 706 249 735 quautam
267 704 443 731 temeritatem
458 705 543 732 semel
557 704 660 739 abjecta
675 706 787 733 veritate
805 715 914 742 proces-

127 747 224 773 serint?
239 747 294 774 Cur
311 756 363 775 non
377 748 445 776 dixit
456 750 628 784 evangelista,
653 750 738 785 ipsum
756 759 789 779 ex
805 759 855 779 non
869 761 917 780 ει-

126 793 255 820 εωιιιὶιιιιε
278 793 376 821 ﬂuctum
399 803 476 827 esse,
504 801 531 822 ut
555 796 589 824 de
611 797 736 824 omnibus
753 798 850 825 Paulus
875 799 916 826 bis

126 838 209 864 verbis
229 839 327 870 asserit
342 848 348 866 :
365 841 415 872 Qui
429 842 524 867 voravit
539 850 567 868 ea
581 850 639 876 quc
652 850 703 869 non
717 847 776 869 sunt
797 848 915 878 tauquam

124 893 152 910 en
171 893 226 917 quia:
239 891 300 912 sunt
324 890 333 921 ί
349 887 422 913 Horn.
438 887 463 914 4.
480 888 510 915 17
529 887 556 922 );
571 888 616 914 sed
632 888 713 922 dicit,
738 887 770 915 In
791 890 915 924 principio

122 930 191 956 erat?
199 930 252 957 hoc
259 931 332 957 enim
341 932 503 958 contrarium
513 937 555 960 est
564 933 598 960 illi
609 941 616 965 ;
627 933 723 967 acjure
735 934 837 962 merito.
846 935 914 962 Drus

123 975 190 1001 cnim
201 982 290 1009 neque
301 975 339 1008 ﬁt,
352 984 436 1011 neque
448 978 510 1012 quid
533 985 562 1005 se
570 978 702 1013 antiquius
713 979 808 1011 habet;
822 988 919 1008 verum

122 1020 176 1048 ba-c
187 1021 327 1055 gentilium
342 1023 422 1049 verba
440 1027 511 1050 sunt.
534 1024 580 1050 Dic
593 1028 620 1050 et
635 1024 699 1051 illud
717 1025 779 1051 mihi
795 1034 801 1052 :
816 1026 911 1053 Αιιηηιι

120 1064 217 1092 dixeris
229 1070 381 1094 creatorem
405 1068 501 1095 creatis
519 1068 646 1104 operibus
667 1069 912 1104 incomparabiliter

120 1110 337 1139 excellentiorem
350 1113 430 1140 esse?
445 1113 511 1141 Cum
531 1121 595 1148 ergo
614 1114 680 1149 ipsis
692 1115 779 1143 simile
801 1116 869 1143 foret
885 1117 909 1143 id

119 1156 185 1191 quod
198 1164 233 1183 ex
251 1165 305 1184 non
318 1159 484 1186 exstantibus
496 1164 584 1191 esset,
607 1160 650 1187 ubi
665 1165 737 1188 esset
750 1161 794 1189 illa
808 1161 910 1189 incom-

120 1202 242 1235 parabilis
255 1204 433 1232 excellentia?
447 1205 516 1237 Quid
529 1209 618 1232 autem
633 1211 674 1232 est
686 1206 748 1234 illud
758 1227 764 1238 ,
782 1207 837 1242 Ego
858 1208 910 1242 pri

119 1256 179 1280 mus,
200 1253 223 1274 et
237 1257 285 1283 ego
299 1254 355 1283 post
368 1250 432 1282 haec,
449 1255 487 1282 et,
502 1250 567 1278 Ante
579 1260 617 1278 me
632 1260 681 1278 non
697 1253 745 1287 fuit
759 1253 826 1280 alius
842 1254 910 1281 Deus

118 1292 189 1326 (Isai.
203 1293 249 1320 41.
267 1295 293 1320 ι.
310 1300 333 1322 et
347 1295 391 1323 45.
409 1295 474 1331 £0)?
487 1296 552 1323 Nam
567 1297 589 1324 si
606 1297 687 1327 Filius
703 1306 755 1325 non
771 1299 805 1327 sit
817 1307 848 1326 ex
865 1307 909 1327 ea-

117 1338 175 1366 dem
187 1339 341 1368 substantia
353 1362 360 1374 ,
373 1341 439 1369 alius
450 1347 491 1370 est
514 1342 601 1376 Deus;
623 1343 645 1370 si
669 1351 722 1371 non
742 1350 907 1377 eoa-ternos.

116 1389 155 1411 est
174 1390 234 1419 post
248 1386 325 1413 illum
343 1396 350 1413 :
372 1394 403 1414 ac
416 1387 438 1414 si
451 1396 505 1416 non
517 1392 551 1415 e‘x
565 1388 713 1416 subetantia
734 1390 846 1424 proiliit,
863 1399 908 1426 pa-

116 1431 164 1457 lam
178 1437 219 1458 est
232 1432 320 1466 ipsum
336 1434 432 1461 tactum
447 1441 517 1462 esse.
533 1435 609 1469 Quod
625 1436 647 1463 si
667 1436 784 1464 dixerint
805 1437 861 1464 ha'c
874 1438 906 1464 ad

115 1477 292 1505 dill'erentiam
315 1479 445 1507 idolorum
466 1481 536 1508 dicta
562 1481 666 1514 fuisse,
691 1483 826 1516 quomodo
854 1491 905 1510 non

114 1523 260 1550 concedent
283 1523 316 1551 ad
339 1524 516 1553 dill‘ercntiam
544 1526 674 1554 idolorum
698 1527 784 1555 solum
811 1536 903 1555 verum

116 1568 195 1594 Deum
209 1567 285 1596 dici?
299 1569 374 1602 Quod
389 1571 410 1597 si
427 1570 478 1598 hoc
490 1571 569 1598 etiam
584 1572 617 1598 ad
628 1571 804 1600 diﬂ‘erentiam
818 1573 904 1602 idolo-

114 1621 169 1640 rum
183 1613 288 1641 dictum
311 1615 363 1647 sit,
379 1617 515 1650 quomodo
537 1621 618 1644 totam
640 1619 799 1646 sententiam
821 1619 904 1646 inter-

114 1659 261 1692 prelaheris
272 1660 285 1686 ’ἰ
301 1658 363 1687 Poet
376 1669 415 1687 me
426 1661 508 1694 enim,
523 1661 623 1696 inquit,
636 1671 686 1689 non
699 1667 735 1690 est
747 1663 812 1690 alius
823 1663 902 1692 Deus.

114 1703 168 1730 Non
183 1704 298 1738 cjiciens
321 1705 416 1733 Filium
441 1706 492 1734 hoc
505 1706 587 1740 dicit,
604 1707 649 1734 sed
672 1708 800 1742 signiticat
812 1729 819 1740 ,
836 1709 905 1737 Deus

114 1749 223 1777 idolicus
238 1755 300 1784 post
317 1759 360 1779 me
383 1760 436 1779 non
459 1757 516 1784 est;
542 1760 594 1779 nou
609 1753 678 1788 quod
693 1753 778 1780 Filius
792 1762 843 1780 non
858 1754 901 1781 sit.

114 1795 196 1823 l-Itiam
208 1817 214 1827 ,
231 1796 348 1831 inquies.
362 1797 429 1831 Quid
451 1797 546 1833 igitur?
560 1798 622 1825 illud
632 1819 639 1831 ,
663 1799 727 1826 Ante
741 1807 780 1826 me
792 1807 842 1826 non
855 1800 904 1834 fuit

116 1841 180 1867 alius
197 1841 267 1868 Deus
280 1862 287 1874 ,
306 1843 339 1869 ita
353 1843 468 1878 accipies
480 1863 487 1875 ,
508 1843 578 1878 quod
602 1851 697 1879 nempe
713 1844 822 1872 idolieus
838 1845 904 1872 deus

114 1894 162 1914 μου
178 1886 277 1920 fuerit;
297 1894 324 1914 at
339 1888 417 1915 fuerit
431 1889 525 1916 saltem
541 1895 602 1916 ante
613 1898 674 1917 eum
689 1890 792 1917 Filius?
806 1890 903 1925 Ecquis

113 1933 213 1961 ilunnon
239 1934 300 1961 ha-c
315 1934 427 1962 dixerit?
452 1935 490 1962 Ne
505 1936 590 1969 ipsum
605 1935 711 1970 quidem
727 1936 860 1963 diabolum
877 1937 902 1972 id

113 1983 172 2011 puto
187 1979 323 2008 dicturum
340 1987 410 2007 esse.
425 1980 548 2014 Alioquin
562 1985 661 2012 autem,
677 1981 698 2007 si
713 1989 765 2007 non
780 1985 820 2008 est
833 1988 903 2009 cmu<

113 2028 201 2050 turnus
215 2024 290 2051 Patri
302 2045 309 2056 ,
324 2025 458 2059 quomodo
472 2025 600 2052 inﬁnitam
615 2026 673 2060 ejus
688 2027 766 2053 vitam
781 2027 901 2054 dixeris?

111 2068 173 2095 Nam
189 2069 211 2096 si
226 2070 387 2105 principium
410 2071 528 2098 anterius
547 2071 641 2103 habet;
658 2072 762 2099 etiamsi
784 2071 902 2099 inﬁnitus

111 2115 159 2144 sit.
186 2122 240 2141 non
262 2118 352 2142 tamen
377 2115 522 2147 immensus
543 2116 594 2144 erit
620 2125 626 2143 ε
650 2118 808 2144 immensum
831 2117 900 2143 enim

111 2159 235 2194 utrinque
262 2160 422 2188 immensum
448 2169 508 2189 esse
530 2166 651 2196 oportet;
677 2162 702 2188 id
727 2162 797 2196 quod
821 2163 900 2189 etiam

111 2205 207 2232 Paulus
229 2205 372 2233 declarans
385 2206 488 2234 dicebat
503 2216 509 2233 :
525 2206 612 2241 Neque
625 2207 776 2242 principium
792 2207 900 2240 dierum,

111 2258 187 2284 neque
201 2251 281 2285 ﬁnem
296 2252 352 2278 vita:
364 2252 456 2279 habens
471 2252 480 2287 (
493 2251 571 2279 Hebr.
588 2253 613 2280 7.
629 2253 645 2279 5
657 2253 677 2287 ),
693 2258 720 2280 et
735 2253 864 2288 principio
875 2258 902 2280 ct

112 2297 160 2322 line
175 2304 270 2324 carere
283 2297 422 2325 declarans
435 2318 440 2324 .
457 2298 684 2331 Quemadmodum
696 2300 766 2326 enim
783 2299 844 2332 hoc,
861 2301 900 2327 sic

112 2349 194 2376 neque
217 2342 283 2369 illud
309 2343 387 2370 finem
405 2343 501 2376 habet;
515 2351 575 2370 cmn
594 2352 680 2379 neque
703 2345 746 2370 hic
769 2345 828 2372 linis
847 2346 899 2377 sit,

111 2394 195 2421 neque
211 2388 267 2414 illic
287 2388 399 2415 initium.

145 2433 171 2459 5.
198 2432 310 2459 Verbum
323 2433 344 2460 si
363 2434 412 2459 vita
425 2439 471 2465 est,
488 2439 606 2461 teternum
621 2434 783 2468 est.0bjectio
799 2435 898 2462 lui-reti-

111 2486 193 2504 torum
209 2486 217 2504 :
236 2477 320 2504 Filius
333 2482 388 2510 Θεὸς
409 2479 500 2506 dicitur
519 2480 573 2506 sine
586 2480 703 2511 articulo,
718 2479 852 2514 refutatur.
866 2496 900 2500 ——

111 2523 251 2555 Quomodo
264 2528 353 2551 autem
368 2532 428 2551 cum
442 2525 494 2551 vita
509 2525 552 2557 sit,
564 2525 642 2552 fuerit
657 2529 760 2559 tempus
773 2534 832 2552 cum
848 2534 899 2552 non

110 2569 197 2596 esset?
220 2568 282 2596 Vita
304 2570 373 2596 enim
395 2578 510 2604 semper,
526 2578 557 2597 ac
580 2571 637 2598 sine
652 2571 782 2606 principio
797 2576 825 2599 et
847 2572 901 2599 tine

110 2621 168 2640 esse
182 2622 263 2641 nemo
280 2622 330 2640 nou
346 2614 468 2646 fateatur,
478 2616 500 2642 si
515 2616 559 2643 ille
574 2624 636 2643 vere
647 2617 699 2643 vita
710 2617 754 2649 sit,
765 2622 793 2643 ut
807 2625 900 2644 revera

111 2665 159 2685 est.
175 2659 203 2686 Si
219 2667 286 2686 vero
302 2659 347 2687 fuit
361 2660 502 2695 aliquando
522 2669 582 2688 cum
598 2670 649 2688 non
669 2666 751 2694 esset,
765 2662 900 2697 quomodo

111 2705 162 2731 vita
177 2705 296 2732 aliorum
315 2705 359 2738 sit,
374 2713 432 2740 qua:
448 2706 588 2740 aliquando
603 2714 653 2733 non
672 2706 740 2733 fuit?
761 2707 901 2740 Quomodo

113 2751 199 2785 igitur,
217 2751 316 2786 inquit,
332 2751 449 2778 Joannes
461 2752 617 2786 principium
640 2753 728 2786 posuit.
749 2752 850 2783 dicens,
866 2752 899 2779 1η

115 2797 237 2831 primipio
250 2797 326 2823 erat?
341 2797 418 2824 liliue
427 2797 493 2829 voci,
510 2805 609 2832 (panso,
620 2798 651 2824 lu
666 2798 799 2832 principio,
812 2803 838 2825 et
852 2798 899 2830 illi,

117 2841 186 2873 Erat,
209 2842 345 2874 attcndis;
370 2847 397 2869 et
417 2842 500 2875 illam,
522 2842 627 2870 Verbum
641 2849 702 2874 erat,
717 2851 766 2870 non
783 2844 901 2878 cogitas?

113 2888 178 2920 Quid
194 2897 270 2921 vero,
288 2888 394 2923 quando
422 2889 453 2915 dc
478 2891 552 2917 Patre
569 2890 633 2916 dirit
649 2889 774 2924 propheta
791 2898 797 2915 :
820 2889 839 2916 Α
854 2897 900 2917 sa!—

981 253 1037 278 culo
1050 258 1074 280 et
1090 262 1167 289 usque
1180 256 1206 282 in
1220 258 1339 285 sa’rulum
1351 265 1377 285 tu
1393 269 1418 288 es
1432 260 1517 297 (Ρεάι.
1534 263 1578 291 89.
1601 264 1629 301 2)
1644 275 1649 292 ;
1674 274 1706 293 an
1729 269 1769 294 his

980 298 1068 325 verbis
1083 300 1211 328 terminos
1227 302 1275 336 ipsi
1298 305 1390 337 ponit?
1412 306 1581 342 Nequaquam
1596 319 1602 342 ;
1619 298 1674 339 sed
1689 317 1768 340 mter-

978 343 1087 373 uilatcm
1103 345 1245 380 signiﬁcat.
1269 347 1383 383 ldipsom
1400 351 1443 379 hic
1456 354 1554 388 cogita.
1568 356 1624 383 Non
1641 358 1768 386 terminos

978 396 1079 423 ponens
1101 391 1136 418 ita
1151 392 1275 428 loquutus
1292 400 1331 422 cst
1346 405 1352 422 :
1371 405 1457 432 neque
1477 401 1548 427 enim
1573 402 1649 436 dixit,
1665 404 1767 431 Princi-

977 436 1048 469 pium
1063 438 1171 471 habuit;
1185 441 1242 470 seti.
1260 441 1292 469 lu
1306 443 1431 478 principio
1441 451 1515 477 erat;
1537 447 1585 475 hac
1599 457 1673 482 voce,
1690 450 1764 483 Erat,

976 485 1001 507 te
1015 481 1151 512 deducens
1167 491 1192 511 ut
1211 486 1305 513 Filium
1323 489 1381 516 sine
1397 490 1524 525 principio
1542 501 1603 521 esse
1622 481 1764 531 cogitares.

975 527 1020 558 At,
1044 529 1158 563 inquies,
1175 531 1254 558 Pater
1268 540 1328 560 cum
1350 534 1462 562 articulo
1477 537 1582 570 dicitur,
1600 527 1679 567 Filius
1701 549 1764 568 vero

973 573 1029 620 sine
1038 574 1207 610 articulo(a).
1219 577 1285 609 Quid
1298 586 1360 611 ergo
1371 587 1432 606 cum
1444 583 1580 615 apostolus
1591 583 1664 617 dicit,
1676 585 1762 620 Magni

975 616 1021 643 Dei
1034 623 1056 644 et
1073 619 1212 648 Saluatoris
1236 623 1316 649 nostri
1335 623 1397 650 Iesu
1422 624 1515 652 Christi
1530 627 1591 661 (Tit.
1608 628 1633 654 ‘2.
1650 630 1694 664 13)
1705 616 1763 663 ;ὀι

972 671 1086 694 rursum.
1106 665 1155 698 Qui
1169 672 1205 692 est
1218 676 1293 700 super
1307 669 1391 695 anmia
1409 669 1480 697 Deus
1491 671 1581 707 (Rom.
1596 673 1622 700 9.
1639 674 1685 708 5)?
1700 682 1761 702 erce

971 715 1085 743 namque
1099 709 1141 737 hic
1156 711 1213 738 sine
1226 713 1337 740 articulo
1351 714 1445 742 Filium
1462 719 1629 745 memoravit.
1646 719 1759 755 Idipsum

970 753 1002 780 de
1019 754 1096 781 Patre
1110 755 1245 783 observes.
1263 758 1327 784 Nam
1341 759 1373 785 ad
1390 760 1575 796 Pliilippeuses
1588 753 1709 791 scribens
1722 766 1760 791 sic

968 799 1006 826 ait
1020 809 1026 826 :
1042 800 1092 832 Qui
1104 809 1160 827 cum
1180 803 1205 828 in
1220 804 1301 837 [arma
1315 804 1362 830 Dei
1376 811 1448 839 esset,
1461 815 1510 834 non
1526 809 1641 843 rapinam
1652 811 1759 837 arbitra-

970 850 1009 872 tus
1022 850 1056 872 est
1068 855 1120 873 esse
1132 855 1158 874 se
1169 845 1290 882 aequalem
1306 850 1359 878 Deo
1380 851 1506 887 (Philipp.
1518 854 1545 881 2.
1558 854 1604 890 6):
1619 861 1642 882 el
1658 857 1690 882 ad
1707 857 1759 883 lio-

968 898 1062 918 mauos
1073 900 1078 917 :
1092 892 1180 919 Gratia
1194 893 1260 920 vobis
1273 900 1295 921 et
1308 904 1358 929 pax
1371 905 1385 922 a
1398 897 1452 924 Deo
1465 897 1542 926 Patre
1558 905 1652 933 nostra,
1668 906 1693 928 et
1705 901 1758 928 Do-

967 937 1034 963 mino
1047 937 1111 964 Jesu
1124 938 1223 967 Christo
1244 939 1322 976 (Hom
1347 943 1371 968 1.
1387 942 1423 977 '7).
1443 943 1566 978 Alioquin
1582 953 1647 973 vero
1662 954 1756 980 super—

967 989 1110 1011 vacaueum
1121 983 1212 1011 fuisset
1225 985 1267 1013 hic
1279 987 1418 1014 articulum
1432 996 1665 1023 {imponeremqu
1677 999 1756 1025 supra

967 1026 1120 1062 frequenter
1130 1031 1266 1064 appositus
1279 1031 1366 1058 fuerit.
1377 1032 1607 1065 Quemadmodum
1617 1037 1685 1064 enim
1696 1045 1755 1064 (‘lllll

965 1072 998 1100 de
1015 1073 1094 1101 Patre
1113 1074 1187 1107 dicit,
1206 1076 1318 1111 Spiritus
1330 1083 1364 1104 est
1380 1078 1445 1105 Deus
1461 1079 1551 1114 (Joan.
1566 1081 1591 1108 ι.
1605 1082 1650 1115 2t)
1664 1091 1671 1115 ;
1694 1091 1761 1118 qma.

965 1120 1093 1148 articulus
1109 1121 1216 1155 Spiritui
1245 1130 1296 1150 non
1321 1125 1479 1158 prmpositns
1494 1131 1544 1158 ρει,
1561 1135 1613 1153 non
1640 1128 1699 1154 ideo
1714 1129 1752 1154 in—

964 1172 1122 1199 corporeum
1146 1174 1206 1194 esse
1229 1168 1309 1194 Deum
1336 1177 1463 1203 negamus
1478 1179 1485 1198 ;
1501 1171 1540 1198 sic
1562 1177 1588 1198 et
1611 1172 1661 1199 hoc
1685 1174 1752 1204 loco,

964 1210 1068 1238 etiamsi
1091 1211 1157 1239 Filio
1172 1214 1298 1240 articulus
1326 1223 1377 1241 non
1395 1221 1573 1250 prmpouatur,
1590 1225 1641 1245 non
1666 1219 1752 1246 mitms

964 1259 1051 1284 tatucu
1063 1257 1134 1284 Deus
1145 1263 1186 1285 est
1197 1259 1289 1286 Filius.
1300 1259 1356 1293 Qua
1371 1269 1434 1288 vero
1447 1262 1480 1288 de
1490 1264 1589 1290 causa?
1603 1264 1668 1290 Cum
1681 1266 1752 1292 enim

964 1303 1047 1330 Deum
1062 1309 1088 1330 et
1102 1304 1184 1332 Deum
1200 1305 1276 1338 dixit,
1290 1306 1390 1333 tmllum
1407 1307 1505 1334 indicat
1517 1308 1595 1336 nobis
1607 1309 1752 1337 divinitatis

961 1347 1122 1381 discrimen;
1152 1350 1206 1377 imo
1231 1358 1342 1384 prorsus
1370 1357 1472 1379 contra.
1501 1353 1566 1380 Cum
1582 1354 1652 1381 enim
1680 1355 1752 1389 prius

961 1393 1084 1425 dixisset,
1100 1393 1133 1420 Et
1147 1393 1213 1421 Deus
1226 1400 1279 1422 erat
1296 1394 1414 1426 Verbum.
1429 1405 1461 1424 ne
1474 1397 1535 1432 quis
1545 1403 1650 1433 putaret
1664 1399 1747 1429 mino—

960 1445 1016 1465 rem
1032 1445 1091 1466 ωδε
1105 1439 1163 1466 Filii
1178 1439 1352 1474 divinitatem,
1365 1442 1452 1468 statim
1464 1450 1534 1470 vera:
1543 1443 1686 1471 divinitatis
1694 1445 1751 1479 ejus

960 1482 1117 1510 documenta
1133 1484 1242 1518 profert;
1255 1487 1428 1514 orteruitalem
1440 1495 1533 1522 nempe
1549 1488 1587 1515 sic
1600 1497 1748 1521 resumens,

962 1527 1010 1554 llic
1034 1534 1087 1555 erat
1114 1538 1130 1555 a
1152 1529 1275 1564 principio
1306 1532 1375 1565 apud
1407 1531 1488 1558 Deum
1513 1533 1613 1568 (Joan.
1639 1534 1665 1561 1.
1690 1534 1707 1560 2
1722 1536 1746 1568 l;

959 1575 1066 1602 creandi
1082 1575 1133 1602 vim
1153 1584 1212 1602 cum
1234 1576 1316 1609 addit,
1332 1577 1423 1603 (turnia
1440 1586 1482 1611 per
1496 1579 1578 1612 ipsum
1596 1580 1662 1614 facta
1677 1585 1744 1611 sinit,

958 1626 980 1646 et
995 1621 1048 1647 sine
1058 1621 1111 1653 ipsa
1122 1623 1217 1657 factum
1232 1627 1267 1649 est
1283 1623 1345 1649 nihil
1360 1623 1426 1656 quod
1441 1625 1535 1658 factum
1550 1629 1584 1650 est
1600 1623 1680 1657 (Ibid.
1698 1625 1724 1659 5)
1739 1634 1744 1650 :

959 1665 983 1692 id
995 1666 1065 1700 quod
1078 1667 1191 1693 maxime
1202 1667 1278 1693 Pater
1291 1668 1348 1700 ejus
1362 1675 1408 1702 per
1423 1669 1564 1703 prophetas
1575 1670 1671 1704 ubique
1685 1671 1747 1697 sub--

958 1711 1063 1737 stantia:
1079 1711 1137 1745 ejus
1159 1717 1343 1745 argumentum
1357 1719 1417 1739 esse
1437 1713 1511 1739 dicit.
1535 1715 1573 1740 Ac
1596 1713 1747 1748 frequenter

958 1756 1008 1784 hoc
1021 1756 1256 1784 demonstrationis
1269 1765 1353 1792 genus
1367 1758 1504 1792 propheta:
1517 1763 1624 1786 versant
1639 1767 1645 1785 :
1661 1766 1747 1793 neque

957 1802 989 1828 ad
1005 1802 1056 1829 hoc
1068 1803 1165 1834 solum,
1182 1802 1228 1830 sed
1243 1807 1271 1830 ut
1283 1803 1362 1830 etiam
1378 1803 1508 1830 idolorum
1524 1804 1624 1831 cultum
1640 1803 1743 1830 tollant.

957 1846 1022 1874 Nam
1046 1848 1092 1880 dii,
1116 1848 1210 1881 inquit,
1226 1848 1268 1882 qui
1290 1848 1380 1875 uelum
1403 1853 1427 1876 et
1442 1853 1534 1875 terram
1548 1857 1598 1875 non
1622 1848 1744 1883 fecerunt,

958 1897 1060 1926 pereant
1074 1892 1141 1927 (Jer.
1160 1893 1204 1920 10.
1218 1893 1279 1928 li);
1297 1901 1328 1920 ac
1343 1901 1457 1926 rursum,
1474 1893 1528 1929 Ego
1543 1902 1619 1920 manu
1634 1902 1689 1920 mea
1700 1902 1745 1920 e1:-

957 1937 1024 1964 tendi
1046 1937 1136 1964 uelum
1156 1936 1232 1971 (lsai.
1250 1938 1293 1964 44.
1309 1937 1374 1973 24);
1396 1937 1594 1972 ostendensque
1609 1938 1672 1964 illud
1685 1945 1751 1964 esse

957 1982 1101 2010 divinitatis
1116 1988 1313 2017 argumentum,
1329 1983 1353 2010 id
1367 1983 1465 2018 ubique
1485 1983 1568 2017 ponit.
1583 1983 1642 2017 Ipse
1655 1987 1743 2009 autem

957 2029 1128 2062 evangelista,
1146 2029 1187 2056 his
1209 2036 1260 2055 non
1276 2033 1418 2056 contentus
1437 2029 1535 2061 verbis,
1550 2029 1631 2055 vitam
1657 2028 1743 2061 ipsum

957 2074 1059 2100 vocavit
1073 2079 1099 2100 ct
1115 2074 1209 2100 lucem.
1224 2074 1251 2100 Si
1273 2074 1361 2107 itaque
1382 2081 1488 2107 semper
1507 2081 1567 2099 cum
1583 2073 1660 2100 Patre
1674 2077 1748 2105 erat,

956 2119 977 2144 si
988 2119 1076 2145 omnia
1090 2118 1146 2152 ipse
1156 2118 1285 2148 condidit,
1302 2118 1424 2152 produxit
1437 2123 1462 2145 et
1473 2118 1590 2145 continet
1601 2118 1662 2151 (hoc
1671 2117 1741 2144 enim

958 2171 1004 2197 per
1018 2164 1098 2190 vitam
1114 2163 1300 2198 signiﬁcavit),
1315 2164 1338 2190 si
1351 2164 1439 2190 omnia
1454 2163 1602 2195 illuminat;
1627 2163 1687 2198 quis
1706 2163 1751 2191 ita.

955 2209 1051 2237 stultus
1064 2209 1115 2236 crit
1130 2213 1157 2235 ut
1170 2209 1250 2242 dicat,
1266 2209 1456 2244 evangelistam
1472 2209 1529 2236 ha-c
1542 2210 1622 2236 verba
1636 2215 1663 2236 ut
1676 2209 1743 2236 divi-

956 2255 1064 2282 nitatem
1081 2256 1138 2289 ejus
1161 2255 1294 2281 minueret
1318 2254 1468 2286 induxisse,
1485 2254 1580 2288 quibus
1605 2255 1743 2289 a‘qualitas

956 2301 1106 2335 paritasque
1121 2300 1297 2328 demonstrari
1314 2301 1435 2335 poterat?
1449 2301 1497 2333 Ne,
1513 2308 1615 2335 quaeso,
1632 2301 1746 2328 contun—

954 2347 1048 2372 damus
1063 2351 1211 2373 creaturam
1229 2354 1288 2372 (‘llm
1304 2346 1440 2379 Creatore,
1457 2354 1489 2373 ne
1504 2354 1553 2373 nos
1573 2354 1679 2381 quoque
1694 2355 1741 2373 illl-

955 2391 1059 2418 iliamus
1075 2399 1081 2418 :
1098 2391 1233 2417 Colueruut
1247 2395 1388 2423 creaturam
1409 2399 1462 2425 pra:
1474 2391 1592 2418 Creatare
1612 2391 1699 2426 (Rom.
1718 2393 1743 2418 1.

953 2437 1010 2471 25).
1024 2437 1132 2464 Etiamsi
1145 2437 1216 2463 enim
1230 2437 1263 2463 de
1277 2437 1349 2463 melis
1370 2436 1427 2463 haec
1448 2436 1619 2472 intelligenda
1632 2437 1723 2464 dicant
1737 2446 1742 2461 ;

953 2486 1069 2508 attamen
1080 2481 1166 2509 dehis
1181 2481 1291 2516 loquens
1306 2482 1414 2508 onmino
1429 2481 1564 2516 prohibuit
1574 2490 1608 2509 ne
1621 2486 1743 2509 creatura

955 2528 1066 2558 colatur,
1082 2528 1125 2562 qui
1151 2528 1287 2562 gentilium
1303 2535 1378 2554 error
1391 2531 1441 2554 cst.

990 2574 1016 2600 ti.
1038 2574 1057 2599 Α
1072 2574 1188 2600 servitute
1201 2573 1325 2599 idolorum
1349 2580 1393 2598 nos
1414 2571 1525 2598 liberauit
1539 2572 1662 2599 Christus.
1689 2572 1743 2597 Da-

954 2624 1038 2653 gmata
1055 2627 1104 2644 non
1119 2623 1222 2652 prosunt
1237 2618 1270 2644 all
1284 2618 1399 2651 salutem,
1411 2618 1431 2644 si
1446 2618 1495 2643 vita
1509 2619 1541 2644 ait
1553 2623 1681 2651 corrupta.
1698 2617 1744 2644 Im

954 2664 1066 2690 celeriter
1085 2663 1273 2698 exstinguenda.
1299 2663 1398 2689 Laudes
1418 2663 1546 2689 hominum
1561 2663 1599 2688 vel
1614 2670 1645 2688 cx
1657 2663 1740 2697 gratia

986 2741 1022 2769 (a)
1035 2744 1081 2764 Hoc
1104 2740 1202 2770 respicit
1211 2739 1267 2764 illud
1285 2738 1415 2768 Evangelii,
1429 2745 1460 2763 ut
1472 2742 1483 2770 ε
1493 2744 1548 2770 nam
1558 2741 1581 2770 ἦν
1591 2744 1633 2770 κριιε
1649 2743 1681 2763 τὸν
1692 2743 1742 2766 θιὸν,

986 2751 1022 2769 [ﬂ]
1035 2751 1081 2764 Ιιυυ
1104 2751 1202 2770 1ϊηι1υιι
1211 2751 1267 2764 unus
1285 2751 1415 2768 I‘AV'LIIIHCIII,
1429 2751 1460 2763 ιιι
1472 2751 1482 2763 υ
1493 2751 1518 2763 ηα
1560 2751 1581 2767 ην
1591 2751 1633 2768 κρῆς
1649 2751 1681 2763 ταν
1692 2751 1742 2766 ηδιον,

954 2778 984 2796 καὶ
996 2773 1068 2800 eradi,
1080 2776 1090 2796 ὂ
1104 2778 1166 2800 nam.
1175 2771 1221 2804 ubi
1235 2777 1266 2804 ἣν
1282 2777 1326 2804 eis?
1337 2776 1392 2804 cum
1400 2768 1501 2804 articulo
1511 2751 1605 2804 “dicitur
1617 2768 1649 2803 de
1666 2772 1743 2804 patre,

954 2808 1032 2829 “tota;
1044 2804 1065 2830 ἧι
1077 2802 1129 2825 sine
1138 2807 1170 2824 ari
1177 2800 1275 2825 iculode
1284 2800 1349 2824 r‘iiio.
1359 2799 1425 2823 Unde
1433 2799 1569 2829 arguebant
1581 2799 1655 2828 impie
1663 2799 1745 2830 Ariau't

955 2836 981 2856 et
998 2832 1106 2856 Auouuri
1119 2849 1125 2860 ,
1143 2831 1225 2856 Filium
1238 2837 1286 2855 non
1298 2837 1355 2854 esse
1366 2830 1445 2855 Deum
1457 2831 1520 2854 sicut
1531 2833 1634 2858 Patrem,
1647 2829 1691 2860 sed
1702 2835 1745 2852 nu-

956 2870 1049 2892 uorrm,
1063 2869 1109 2886 nee
1126 2863 1223 2892 proprio
1234 2861 1313 2885 Deum
1328 2867 1333 2884 :
1347 2860 1409 2892 quod
1423 2860 1549 2885 contrariis
1561 2859 1682 2893 exempli:
1693 2866 1745 2885 wu-

957 2894 1016 2918 tutat
1033 2893 1220 2925 tiurywstomus,
