2044 3113
295 187 324 215 5|
418 208 424 219 η
663 184 691 213 S.
711 185 850 212 JO.\NNIS
869 183 1072 211 CllllYSOSTO

1130 181 1287 210 ARCHIEP.
1309 183 1576 212 CONSTAN'I'INOP.
1899 185 1929 212 5!

298 246 431 278 prodeunt,
446 244 488 273 vel
495 251 526 270 ex
548 243 608 269 odio
633 248 766 278 negantur.
778 242 863 270 —Ne
879 243 967 277 itaque
989 241 1083 274 hujus-

296 291 364 317 modi
382 289 561 316 maledictiont
579 297 627 315 nos
638 288 822 322 subjiciaittus.
839 287 902 315 Ideo
916 287 987 314 venit
1002 286 1084 314 Filius

297 336 352 368 Dei,
367 339 394 361 ut
407 342 455 361 nos
468 334 503 361 ab
515 333 566 361 hoc
580 337 653 361 cultu
666 338 790 365 erueret;
814 334 873 361 ideo
885 333 954 360 servi
971 332 1083 359 formam

294 381 404 414 acet-pit,
417 384 445 406 ut
459 387 508 406 nos
518 379 552 406 ab
567 380 610 406 illa
622 380 750 407 servitute
765 379 890 406 liberaret
902 387 909 410 ;
925 378 984 405 ideo
999 377 1084 412 sputis

294 431 320 453 et
336 425 456 460 colaphis
480 425 681 459 dehonestatus,
698 426 760 453 ideo
773 431 885 452 mortem
903 425 1082 458 turpissimam

294 479 385 505 passus
398 476 449 498 est.
464 471 512 504 Ne,
522 479 624 506 quaeso,
637 471 694 498 hare
708 471 798 498 omnia
813 471 914 498 inutilia
929 470 1082 502 reddamus,

295 524 381 552 neque
403 526 511 546 rursum
536 517 569 544 ad
596 518 735 552 pristinam
751 517 892 544 redeamus
909 516 1081 551 impietatem,

294 565 347 591 imo
363 564 388 591 in
405 564 484 599 longe
495 565 643 598 graviorem
658 572 665 590 :
686 572 738 590 non
753 564 824 590 enim
840 563 941 597 atquale
953 567 994 590 est
1009 570 1083 589 crea-

291 611 376 636 turam
388 610 485 642 colere,
494 614 520 637 et
532 610 616 644 ipsum
627 609 781 636 Creatorem
788 610 820 635 ad
829 614 1010 636 creaturarum
1023 609 1081 635 vili-

294 659 387 687 tatem,
403 661 531 689 quantum
555 655 581 682 in
595 655 672 682 nobis
694 659 745 686 est,
761 654 922 688 deprimere.
944 653 1010 680 Nam
1027 653 1083 688 ipse

293 704 381 728 manet
401 700 487 735 qualis
506 705 557 732 est,
572 700 612 727 Tu
630 705 714 726 uutent
735 699 800 726 idem
825 700 879 734 ipse
896 707 932 731 es,
951 699 1045 733 inquit,
1060 703 1083 725 et

292 747 354 773 anui
369 747 406 772 tm‘
429 754 480 773 non
497 746 612 780 deﬁcient
636 744 722 780 (Paul.
745 745 804 772 101.
821 745 878 779 28).
895 744 1082 772 Glorilicemus

294 793 370 823 igitur
385 800 456 823 eum,
470 798 535 817 su-nt
552 791 703 825 accepimus
717 799 731 817 a
748 791 867 825 patribus
880 800 888 817 :
902 791 1083 825 gloriliccmus

291 845 351 864 eum
365 842 391 864 et
406 838 458 865 lide
469 842 497 864 et
506 837 648 872 operibus,
663 836 728 863 nihil
744 837 814 864 enirn
830 837 908 864 nobis
921 837 1081 866 adsalutem

292 894 298 916 ι
310 890 403 912 rosunt
417 886 539 920 dogmata
553 885 605 919 pia,
615 885 637 911 si
655 884 707 910 vita
716 884 750 910 sit
759 883 1081 918 eorrupta.Qnamohrem

293 933 364 960 illam
375 932 567 959 coiit-inuentus
577 931 609 959 ad
621 932 666 959 Dei
677 932 813 966 placitum,
821 931 895 958 omni
906 930 1080 965 turpitudine.

292 980 430 1015 injustitia,
448 979 557 1006 avaritia
580 979 658 1013 longe
681 979 785 1011 abacta,
802 983 937 1012 tamquam
964 977 1082 1012 hospites

290 1031 318 1052 et
336 1026 455 1056 advenat.
472 1028 499 1052 et
514 1032 528 1051 a
545 1024 720 1059 prtescntibus
742 1024 819 1059 longe
831 1024 920 1051 alieni.
936 1023 963 1051 Si
976 1023 1082 1050 divitias

289 1071 350 1105 quis
363 1070 460 1097 [miluus
474 1070 571 1097 habeat
586 1074 613 1096 et
628 1069 737 1104 prtedia,
752 1069 791 1096 sic
806 1069 837 1096 iis
851 1073 951 1101 utatur,
964 1073 992 1095 ut
1006 1076 1082 1102 pere-

289 1115 381 1150 grinus
395 1115 439 1150 qui
463 1115 542 1149 paulo
568 1120 627 1149 post
643 1115 704 1142 velit
720 1115 786 1141 nolit
800 1114 966 1141 discessurus
987 1119 1038 1141 est.
1053 1114 1080 1141 bi

288 1161 346 1195 quis
354 1161 387 1188 ab
395 1161 448 1188 alio
458 1161 550 1195 injuria
561 1161 637 1188 hesus
647 1161 696 1193 sit,
704 1168 737 1187 ne
746 1160 931 1187 immortaliter
939 1160 1079 1192 irascatur,

289 1207 342 1232 imo
357 1214 390 1232 ne
411 1206 500 1240 aliquo
513 1205 619 1241 quidem
636 1212 755 1240 tempore
771 1215 779 1232 :
802 1214 853 1232 non
870 1205 929 1240 plus
944 1205 1014 1232 enim
1028 1213 1081 1232 uno

288 1251 332 1278 die
347 1251 423 1277 nobis
443 1251 476 1277 ad
492 1251 557 1277 iram
580 1251 714 1277 concessit
732 1251 872 1285 Apostolus
887 1259 896 1276 :
911 1249 966 1283 Sol,
983 1251 1078 1285 inquit,

288 1305 338 1322 non
355 1297 454 1323 ocridut
467 1305 543 1330 super
559 1296 718 1323 iracundiam
734 1302 839 1323 vestram
858 1296 966 1331 (Ep/tes.
982 1297 1009 1324 ι.
1020 1297 1078 1331 26).

288 1342 390 1376 Etjure
401 1342 507 1376 quidem
524 1351 529 1369 :
550 1342 696 1377 optandum
714 1343 811 1377 quippe
826 1347 878 1375 est,
891 1347 918 1369 et
931 1343 973 1369 vix
989 1343 1078 1370 caveri

289 1391 386 1420 potest,
403 1392 429 1413 nt
444 1395 477 1414 ne
492 1387 518 1414 in
543 1392 595 1414 tam
619 1387 724 1414 modico
748 1388 833 1422 spatio
847 1388 910 1423 quid
935 1389 1078 1416 molestum

287 1431 398 1459 accidat.
412 1432 441 1459 Si
453 1437 541 1459 autent
556 1440 608 1459 nox
624 1440 672 1459 nos
684 1433 875 1467 apprehendat,
886 1441 929 1460 res
943 1434 1080 1468 graviores

286 1479 414 1511 evadunt,
429 1479 557 1505 memoria
579 1479 712 1513 ingentem
728 1479 804 1506 nobis
823 1480 909 1513 ignem
926 1480 1076 1515 colligente,

286 1524 416 1559 nobisque
431 1531 478 1558 per
501 1523 630 1558 temporis
652 1524 766 1559 spatium
792 1524 850 1552 huic
864 1525 986 1552 acerbius
1001 1533 1077 1552 scru-

286 1570 413 1596 tantibus.
444 1570 593 1604 Antequam
608 1577 673 1606 ergo
687 1571 770 1597 otium
796 1571 945 1605 hujusmodi
962 1579 1078 1605 occupe-

285 1622 354 1647 anS,
371 1620 397 1642 et
420 1615 646 1642 vehementiorem
675 1616 853 1643 accendamus
879 1625 989 1652 rogum,
1003 1618 1078 1651 jubet

286 1660 386 1687 malum
397 1665 568 1694 pricvcrterc,
583 1665 610 1688 et
624 1661 804 1695 exstinguere.
816 1661 966 1689 Vehemens
979 1663 1077 1698 quippe

285 1710 326 1732 est
341 1706 387 1732 ira:
405 1711 503 1736 motus,
518 1707 644 1740 omnique
660 1708 764 1734 llantma
780 1709 891 1735 acutius.
907 1708 968 1736 Ideo
980 1710 1077 1737 celeri—

286 1756 339 1779 tate
355 1752 434 1778 multa
450 1753 525 1779 nobis
538 1758 578 1779 est
593 1761 668 1787 opus,
685 1759 711 1779 ut
723 1753 856 1780 flainmam
873 1761 1077 1789 prum-namus,

286 1805 335 1824 nec
345 1797 464 1825 sinamus
476 1806 625 1833 asstngere.
640 1798 688 1825 Hic
701 1799 798 1833 quippe
812 1800 919 1827 morbus
932 1801 1075 1827 multorum

284 1850 363 1870 causa
379 1844 509 1871 malorum
525 1842 649 1871 efﬁcitur.
667 1845 763 1872 Domus
785 1846 856 1872 enim
884 1851 953 1873 totas
968 1848 1074 1879 evertit,

283 1894 391 1916 veteres
414 1889 493 1916 solvit
513 1891 730 1924 consuetudines,
746 1899 798 1918 non
821 1892 999 1920 consolabiles
1021 1898 1075 1920 tra-

282 1934 385 1968 goedias
399 1935 474 1973 brevi
495 1943 613 1970 tempore
633 1944 665 1963 ac
689 1941 824 1964 momento
837 1938 916 1972 parit.
933 1938 999 1965 Nam
1015 1938 1074 1966 Μο-

283 1987 393 2008 mentum
407 1983 501 2017 furoris
513 1983 577 2018 ejus,
593 1984 668 2010 ruina
679 1984 735 2019 ejus
755 1983 847 2018 (Eccli.
863 1985 889 2012 l.
904 1985 962 2019 2'2).
978 1985 1072 2020 inquit.

281 2026 320 2053 Ne
335 2027 422 2061 itaque
444 2027 525 2054 feram
550 2029 617 2055 hanc
641 2029 698 2056 sine
724 2030 799 2057 freno
823 2031 952 2064 sinamus,
966 2031 1012 2058 sed
1028 2039 1074 2058 ca-

282 2080 354 2098 ntum
369 2073 418 2107 ipsi
431 2074 546 2108 undique
562 2074 746 2108 fortissimum,
759 2075 838 2103 futuri
851 2077 943 2111 judicii
959 2082 1070 2111 melutn,

282 2119 439 2154 injiciamus.
453 2119 519 2147 Cum
532 2126 557 2147 te
571 2122 672 2148 amicus
683 2122 793 2155 lwserit,
803 2128 848 2149 aut
860 2124 997 2150 familiaris
1007 2132 1070 2151 con-

283 2167 417 2198 citaverit,
433 2167 520 2200 cogita
544 2172 642 2201 quanta
667 2175 730 2202 erga
756 2168 840 2195 Deum
869 2171 1032 2204 peccaveris,
1046 2175 1073 2198 et

284 2211 419 2245 perpende
436 2217 461 2238 te
477 2213 498 2238 si
514 2211 677 2240 moderatius
692 2221 753 2240 cum
767 2214 812 2241 illo
827 2222 901 2249 agas,
924 2216 1014 2244 mitius
1025 2216 1071 2243 tibi

278 2256 408 2291 judicium
421 2257 484 2284 illud
500 2259 672 2286 constituere.
683 2259 749 2286 Nam
763 2260 809 2294 ait,
825 2260 939 2295 Dimitte,
950 2266 974 2288 et
987 2262 1072 2289 dimit—

280 2307 346 2329 tetur
359 2303 426 2329 vobis
440 2302 515 2337 (Luc.
534 2303 560 2330 ϐ.
577 2304 640 2339 57);
663 2305 807 2339 statimque
820 2307 929 2333 morbus
942 2308 1069 2341 aufugiet.

280 2348 319 2375 Ad
334 2348 390 2375 haec
403 2348 556 2376 consideres
570 2349 661 2382 velim,
677 2358 739 2377 num
757 2351 898 2386 aliquando
914 2353 938 2379 in
954 2353 1069 2381 furorem

280 2398 365 2425 auus,
385 2399 409 2420 te
421 2394 604 2427 continueris;
621 2399 647 2422 et
661 2403 722 2422 num
736 2396 879 2431 aliquando
894 2399 973 2426 etiam
987 2400 1021 2427 ab
1032 2400 1068 2426 ira

279 2440 405 2474 abreptus
428 2439 529 2467 fueris:
547 2445 719 2476 utrorumque
737 2444 936 2477 comparatione
964 2450 1068 2480 tempo-

279 2493 349 2517 rum,
365 2485 397 2512 ad
413 2486 625 2513 emendationem
652 2486 729 2514 valde
750 2487 894 2522 juvaberis.
922 2490 969 2517 Dic
997 2492 1067 2518 enittt

278 2531 354 2563 mihi,
369 2531 538 2565 quandonam
555 2534 666 2567 teipsum
680 2533 803 2567 laudasti,
815 2542 875 2562 cum
890 2535 924 2562 ab
935 2537 972 2563 ira
988 2545 1068 2572 stipe-

277 2583 351 2604 ratus
365 2585 406 2610 es,
418 2585 451 2604 an
465 2585 524 2604 cum
539 2579 689 2612 superasti?
709 2580 804 2607 Annon
816 2589 876 2607 cum
891 2582 1006 2615 primum
1022 2590 1066 2609 ae-

276 2624 351 2656 cidit,
364 2631 412 2650 nos
426 2624 597 2652 vehementer
606 2625 769 2659 incusamus,
778 2627 971 2660 erubescimus,
984 2628 1065 2655 etiam

278 2669 385 2696 nemine
399 2674 537 2703 urguente,
549 2677 581 2697 ac
605 2671 686 2698 multa
703 2679 753 2698 nos
766 2677 792 2699 et
807 2673 949 2700 verborum
973 2678 1000 2700 et
1019 2681 1067 2708 ge-

276 2721 376 2743 storum
400 2716 471 2743 subit
494 2717 667 2751 paenitentia?
692 2725 752 2745 cum
775 2723 864 2745 autem
887 2727 1062 2754 superamus,

273 2762 428 2794 gaudemus,
453 2767 480 2789 et
505 2764 580 2798 quasi
603 2763 719 2790 victores
741 2764 925 2792 cxsultamus?
947 2765 1062 2794 Victoria

273 2807 343 2833 enim
367 2812 461 2834 contra
479 2808 544 2834 iram
561 2813 611 2840 est,
626 2815 679 2835 non
695 2815 754 2835 cum
780 2816 828 2843 par
843 2810 900 2844 pari
922 2809 1063 2839 referimus

272 2851 345 2886 (inec
366 2852 464 2887 quippe
488 2858 607 2880 extrema
633 2853 722 2880 clades
746 2854 814 2889 est),
830 2855 877 2882 sed
900 2862 961 2882 cum
985 2864 1062 2892 aequo

274 2898 361 2925 animo
375 2901 466 2926 omnia
487 2899 602 2933 patimur
616 2904 642 2927 ct
664 2900 794 2929 audimus.
821 2901 876 2930 Hoc
897 2901 995 2938 quippe
1020 2909 1061 2932 est

1141 240 1306 272 superiorem
1323 249 1393 274 esse,
1408 250 1460 269 non
1484 243 1552 269 mata
1577 242 1687 276 inferre,
1701 243 1749 271 sed
1771 244 1839 271 mala
1867 245 1927 278 pati.

1139 284 1205 312 Cum
1229 287 1352 314 irasceris
1376 288 1464 323 igitur,
1489 296 1522 315 ne
1547 288 1641 316 dicas:
1664 289 1777 317 Prorsus
1802 290 1927 316 obsistam

1138 339 1199 366 ego,
1215 339 1325 366 prorsus
1339 333 1435 360 irruam
1453 334 1477 361 in
1493 334 1567 362 illum
1581 343 1588 361 :
1609 343 1696 370 neque
1715 335 1884 363 monentibus
1903 341 1930 362 ut

1139 377 1204 404 iram
1220 377 1347 406 cohiheas
1362 379 1463 407 dixeris
1479 389 1486 407 :
1508 379 1566 407 Non
1587 381 1673 415 patiar
1686 385 1715 408 ut
1730 385 1868 416 postquam
1887 381 1930 408 illc

1138 422 1203 449 mihi
1220 423 1343 456 illuserit,
1358 423 1466 459 impune
1477 425 1565 452 abeat.
1581 425 1674 459 Neque
1687 426 1759 453 ettim
1775 430 1802 453 te
1815 433 1928 460 unquam

1138 468 1269 500 irridebit,
1287 469 1338 496 nisi
1351 469 1458 504 quando
1471 470 1504 497 ad
1518 470 1661 498 vindictam
1675 475 1700 498 te
1712 471 1874 498 contuleris:
1889 470 1929 497 sin

1138 517 1164 541 te
1178 514 1333 548 quiescente
1358 515 1487 549 irriserit,
1504 519 1533 542 ut
1548 516 1646 543 stultus
1669 515 1694 543 id
1718 519 1788 551 aget.
1806 515 1846 543 'l'u
1867 523 1930 543 vero

1137 566 1198 586 cum
1213 560 1319 591 viceris,
1330 568 1364 587 ne
1378 568 1480 595 quaeras
1496 561 1608 596 gloriam
1623 569 1636 587 a
1651 561 1751 594 stultis,
1761 561 1808 588 sed
1821 569 1852 589 ea
1866 569 1930 588 con-

1137 609 1227 631 tentus
1239 610 1306 637 esto,
1323 614 1401 641 quam
1414 613 1428 633 a
1443 607 1608 640 sapientibus
1623 607 1785 641 assequeris.
1802 607 1856 633 lmo
1867 615 1930 634 vero

1136 658 1185 677 cur
1200 651 1246 678 tibi
1276 659 1388 686 parvum
1409 652 1473 679 illud
1497 660 1529 679 ac
1556 653 1609 679 vile
1635 652 1767 680 theatrum
1793 653 1930 680 hominum

1136 697 1290 723 Cllllsliluu?
1304 696 1344 724 Ad
1358 697 1441 724 Deum
1455 697 1544 724 statim
1558 697 1673 732 respice,
1689 703 1716 724 et
1729 698 1786 731 ipse
1802 703 1826 725 te
1840 698 1929 725 lauda.

1136 741 1174 768 bit
1187 749 1194 766 :
1209 750 1262 776 quo
1276 742 1401 769 laudante
1414 749 1494 769 nemo
1508 742 1588 770 debet
1602 743 1637 770 ab
1652 743 1804 770 hominibus
1816 744 1927 779 gloriam

1136 795 1265 821 quaerere.
1282 787 1425 815 Hominum
1440 788 1538 823 quippe
1550 788 1644 816 laudes
1664 789 1820 824 pierutnque
1840 790 1881 817 vel
1897 799 1928 817 ex

1135 833 1220 866 gratia
1235 832 1378 867 prodeunt,
1390 836 1430 860 vel
1445 842 1477 860 ex
1491 834 1552 861 odio
1568 839 1714 868 negantur;
1731 835 1848 870 nihilque
1864 836 1929 863 lucri

1136 878 1264 905 afferunt:
1280 879 1326 905 Dei
1339 886 1403 906 vero
1414 879 1543 914 judicium
1557 879 1606 906 hac
1622 880 1828 915 inthuabilitalc
1842 886 1929 914 vacat,

1137 924 1301 959 multamque
1313 925 1420 952 laudato
1432 924 1510 952 affert
1530 924 1681 952 utilitatem.
1696 925 1770 954 Hanc
1781 927 1860 962 igitur
1871 927 1928 953 latt-

1136 970 1196 997 detn
1213 978 1368 1004 sequamur.

1171 1016 1196 1043 5.
1212 1015 1255 1042 Ex
1262 1016 1378 1042 iracundi
1390 1016 1508 1051 imagine,
1523 1023 1644 1051 quantum
1660 1018 1755 1044 malum
1768 1019 1800 1045 sit
1814 1019 1852 1044 im
1868 1027 1928 1052 pro~

1135 1060 1218 1087 batur.
1235 1060 1329 1088 Contra
1343 1069 1385 1088 eos
1398 1062 1442 1096 qui
1456 1063 1626 1097 superstitiose
1648 1068 1762 1098 tempora
1786 1063 1928 1091 observant.

1134 1121 1170 1126 —-—
1183 1106 1263 1134 Visne
1275 1106 1379 1134 discere
1394 1113 1522 1142 quantum
1545 1108 1580 1135 sit
1604 1109 1702 1136 malum
1729 1109 1786 1136 ira?
1806 1110 1929 1138 Pnesens

1134 1156 1194 1179 esto
1207 1152 1270 1179 dum
1285 1153 1330 1179 alii
1344 1153 1465 1180 rixantur
1483 1153 1508 1180 in
1525 1153 1595 1181 foro.
1611 1154 1703 1189 Neque
1716 1155 1787 1183 enim
1802 1156 1828 1182 in
1843 1157 1929 1191 teipso

1135 1197 1324 1232 turpitudinem
1351 1199 1423 1226 illam
1446 1204 1498 1226 tam
1524 1199 1600 1228 facile
1618 1200 1821 1235 deprehendes,
1838 1203 1928 1229 animo

1135 1251 1231 1277 nempe
1248 1247 1311 1271 tunc
1325 1244 1442 1271 tenebris
1455 1248 1483 1271 et
1497 1245 1627 1272 ebrietate
1647 1246 1789 1279 obvoluto;
1805 1247 1851 1273 sed
1868 1255 1926 1274 cum

1134 1289 1172 1316 ira
1187 1297 1285 1317 vacuus
1297 1298 1327 1317 es
1339 1311 1345 1323 ,
1358 1295 1420 1317 tuttc
1437 1291 1461 1317 in
1476 1291 1536 1318 aliis
1551 1296 1593 1318 tua
1607 1293 1807 1327 contemplare;
1821 1293 1928 1327 quando

1131 1335 1259 1369 judicium
1274 1340 1350 1363 tuum
1363 1342 1518 1371 corruptum
1536 1345 1588 1365 non
1601 1343 1651 1365 est.
1669 1338 1737 1366 Vide
1745 1339 1808 1365 mihi
1822 1340 1925 1366 turbam

1133 1381 1372 1413 circutnlluentem,
1394 1387 1421 1408 et
1443 1382 1536 1415 iratos,
1560 1391 1592 1410 ac
1610 1383 1634 1410 si
1647 1383 1775 1417 furerent,
1800 1385 1825 1411 in
1841 1386 1926 1412 medio

1135 1428 1247 1461 turpiter
1264 1431 1384 1462 agentes.
1395 1427 1461 1455 Cum
1476 1429 1546 1455 enim
1560 1429 1598 1456 ira
1613 1429 1638 1456 in
1655 1435 1762 1464 pectore
1777 1430 1924 1457 ell'erwscit

1132 1479 1158 1499 et
1174 1473 1315 1506 eﬂ'uratur,
1330 1481 1361 1501 os
1375 1474 1461 1509 ignem
1476 1475 1574 1510 spirat,
1591 1476 1661 1503 oeuli
1680 1476 1766 1511 ignetn
1782 1478 1906 1504 ernittunt
1918 1499 1926 1509 ,

1134 1518 1240 1545 inflatur
1254 1519 1371 1554 undique
1392 1520 1493 1552 vultus,
1516 1521 1693 1555 incomposite
1712 1530 1807 1549 manus
1822 1522 1927 1557 jactan-

1133 1569 1186 1598 tnr,
1203 1565 1314 1592 ridicule
1329 1566 1411 1600 pedes
1426 1567 1569 1600 exsiliunt,
1587 1573 1613 1594 et
1630 1567 1758 1595 insultant
1772 1569 1845 1596 litem
1860 1570 1926 1596 diri-

1132 1617 1206 1637 mere
1224 1611 1399 1644 conantibus;
1423 1612 1487 1639 nihil
1502 1613 1562 1639 irati
1576 1613 1704 1641 dilferunt
1725 1622 1739 1640 ει
1756 1614 1906 1642 furentibus
1917 1637 1924 1647 ,

1131 1663 1191 1683 cum
1209 1656 1265 1683 haec
1280 1657 1368 1684 onmia
1392 1659 1464 1685 nullo
1487 1659 1590 1693 prmditi
1614 1667 1694 1686 sensu
1710 1665 1856 1695 peragunt;
1874 1661 1927 1687 inm

1132 1711 1164 1730 ne
1178 1704 1212 1730 ab
1224 1704 1306 1731 asinis
1319 1705 1477 1739 agrestibus,
1490 1706 1669 1738 caleitrantes,
1682 1707 1845 1734 mordentes.
1857 1708 1928 1735 Sane

1132 1749 1172 1775 vir
1186 1749 1329 1776 iracundus
1342 1750 1463 1777 modeste
1476 1758 1556 1785 agere
1571 1751 1665 1778 nescit.
1681 1751 1780 1778 Deinde
1792 1757 1851 1786 post
1865 1758 1925 1779 tan-

1132 1800 1186 1822 tum
1207 1795 1350 1822 excitatum
1364 1796 1462 1828 risum,
1480 1797 1523 1824 ubi
1537 1797 1645 1824 domum
1667 1797 1811 1829 redierint,
1837 1798 1870 1825 ad
1897 1806 1927 1826 su

1130 1841 1233 1868 t'eu-rsi
1244 1861 1251 1873 ,
1267 1840 1360 1868 dolore
1373 1842 1451 1869 simul
1465 1850 1497 1869 ac
1511 1849 1583 1869 tnetn
1597 1843 1730 1877 agitantur
1742 1852 1750 1875 ;
1762 1843 1853 1870 animo
1867 1845 1926 1871 vol-

1128 1893 1242 1921 ventes,
1263 1888 1370 1923 quinam
1396 1890 1460 1916 rixa:
1475 1895 1621 1924 prwsentes
1644 1889 1753 1917 fuerint.
1779 1890 1926 1925 Postquam

1128 1935 1198 1962 enim
1213 1942 1261 1962 ceu
1277 1934 1395 1962 furentes
1409 1935 1442 1962 de
1454 1936 1636 1970 spectantibus
1650 1936 1714 1963 nihil
1728 1937 1925 1972 cogitaverant,

1128 1981 1316 2015 resipiscentes
1340 1985 1431 2015 postea
1456 1989 1545 2008 secent
1570 1987 1713 2016 reputant,
1739 1991 1802 2010 num
1825 1984 1924 2014 amici,

1128 2035 1191 2054 num
1208 2027 1306 2054 inimici
1319 2032 1485 2061 spectatores
1500 2027 1609 2055 fuerint.
1622 2028 1689 2055 Nam
1705 2029 1814 2064 perinde
1831 2034 1920 2056 utros“

1128 2080 1180 2107 que
1196 2077 1335 2105 metuunt;
1353 2073 1430 2105 illos,
1453 2078 1481 2100 ut
1494 2081 1523 2100 se
1543 2073 1725 2108 improbantes
1740 2075 1925 2110 inajoremque

1127 2119 1271 2145 inferentes
1285 2119 1427 2153 pudorem;
1445 2119 1509 2153 hos,
1528 2125 1556 2147 ut
1569 2119 1603 2147 de
1616 2128 1662 2147 sua
1679 2121 1844 2156 turpitudine
1859 2130 1924 2156 gau-

1124 2167 1230 2194 dentes.
1247 2167 1322 2199 Quod
1344 2168 1366 2194 si
1389 2167 1421 2194 ad
1445 2167 1534 2202 plagas
1550 2175 1633 2202 usque
1658 2173 1763 2195 mutuas
1785 2168 1840 2195 rixa
1857 2177 1923 2204 pro-

1126 2212 1236 2246 ruperit,
1255 2217 1309 2238 tum
1326 2217 1413 2240 metus
1428 2214 1544 2247 gravior,
1560 2220 1593 2240 ne
1609 2213 1671 2247 quid
1687 2212 1806 2241 deterius
1820 2214 1920 2241 verbe-

1124 2263 1182 2285 rato
1196 2258 1315 2290 accidat,
1341 2265 1374 2285 ne
1397 2259 1562 2293 subsequens
1579 2258 1659 2286 febris
1674 2263 1787 2286 mortem
1803 2259 1900 2287 inferat
1912 2281 1921 2292 ,

1124 2303 1166 2331 vel
1187 2308 1275 2331 tumor
1297 2309 1390 2330 curatu
1412 2304 1527 2331 difficilis
1549 2304 1575 2331 in
1598 2310 1746 2332 extremum
1771 2305 1921 2340 periculum

1125 2350 1259 2384 conjiciat.
1281 2350 1350 2384 Quid
1373 2350 1444 2376 enim
1470 2350 1534 2377 in.hi
1561 2358 1646 2385 pugna
1673 2358 1740 2384 opus
1763 2352 1840 2378 erat?
1856 2352 1920 2386 quid

1123 2396 1292 2423 contumeliis
1305 2400 1331 2423 et
1343 2396 1428 2422 rixis?
1443 2401 1553 2431 pereant
1569 2401 1596 2423 et
1610 2397 1665 2424 lucc
1679 2402 1706 2423 et
1719 2397 1775 2423 illa.
1790 2397 1920 2432 Tuncque

1122 2442 1247 2468 omnibus
1262 2441 1336 2468 hisce
1351 2441 1429 2468 fluxis
1443 2442 1523 2469 rebus
1544 2442 1723 2475 maledicunt,
1739 2450 1798 2477 qua:
1813 2443 1918 2470 rixandi

1121 2496 1200 2516 causa
1215 2488 1298 2516 fuere.
1315 2488 1516 2523 lnsipientiores
1537 2496 1601 2516 vero
1617 2493 1645 2516 et
1667 2489 1797 2522 malignos
1812 2489 1917 2516 damno-

1121 2542 1186 2567 nas,
1207 2539 1233 2561 et
1254 2533 1347 2561 horam
1372 2539 1530 2569 tempusque
1544 2535 1730 2562 criminantur.
1749 2535 1847 2562 Verunt
1862 2543 1916 2562 non

1123 2580 1187 2607 hora
1203 2580 1272 2606 mala
1295 2580 1320 2607 in
1341 2587 1420 2607 causa
1443 2584 1500 2612 est;
1527 2580 1598 2607 milia
1619 2581 1716 2615 quippe
1739 2580 1805 2607 hora
1822 2582 1914 2608 mala:

1119 2634 1206 2661 neque
1217 2626 1273 2653 haec
1291 2634 1306 2653 a
1319 2627 1436 2662 maligno
1451 2626 1573 2654 dmntone
1587 2628 1803 2662 proficiscuntur,
1817 2629 1864 2655 sed
1879 2637 1913 2656 ex

1118 2672 1236 2708 nequitia
1263 2672 1414 2699 rixantium.
1432 2672 1464 2699 Hi
1485 2680 1600 2708 namque
1621 2679 1648 2701 et
1668 2674 1804 2701 da-monas
1827 2680 1913 2702 attra-

1118 2718 1195 2752 hunt,
1210 2722 1237 2746 et
1252 2718 1303 2745 sibi
1319 2719 1383 2753 ipsis
1398 2719 1466 2746 mala
1482 2719 1607 2747 inferunt.
1622 2719 1674 2747 Sed
1688 2727 1735 2747 cor
1746 2720 1911 2753 intumescit,

1118 2765 1220 2799 inquies
1232 2785 1240 2798 ,
1256 2770 1283 2792 et
1295 2772 1311 2792 a
1324 2765 1495 2792 contumeliis
1508 2765 1665 2792 mordetur?
1677 2765 1703 2792 ld
1720 2770 1746 2792 et
1759 2773 1808 2800 ego
1823 2768 1885 2793 novi
1902 2776 1909 2794 :

1117 2812 1230 2847 ideoque
1243 2811 1327 2839 miror
1340 2819 1386 2839 eos
1401 2812 1445 2846 qui
1467 2811 1566 2838 malam
1582 2811 1651 2838 hanc
1673 2810 1755 2838 feram
1770 2818 1908 2840 coercent.

1115 2859 1144 2886 Si
1160 2858 1231 2886 enim
1252 2858 1364 2886 velimus
1375 2879 1384 2891 ,
1399 2866 1540 2892 possumus
1554 2858 1675 2886 morbum
1691 2857 1837 2893 depellere.
1854 2858 1908 2886 Cur

1116 2905 1186 2933 enint
1200 2912 1259 2932 cum
1275 2905 1407 2939 principes
1421 2904 1469 2932 viri
1481 2912 1529 2932 nos
1543 2905 1704 2932 contumelia
1722 2903 1844 2931 afliciuut
1858 2925 1866 2937 ,
1881 2904 1906 2931 id
