2044 3113
162 162 196 188 5'3
716 158 747 185 ΙΝ
767 158 920 187 JOANNEM
943 158 1055 186 llOMlL.
1077 160 1107 187 Υ.
1129 160 1164 186 al.
1185 160 1227 187 lV.
1747 159 1782 186 iis

163 226 214 245 non
236 217 359 252 agimus?
382 223 472 243 nonne
493 216 553 250 quia
578 216 673 249 timor,
697 224 750 243 non
770 217 857 243 tniuor
871 224 950 252 quam

163 265 212 295 ira,
229 270 279 289 nos
294 262 421 293 deterret,
437 269 485 288 nec
500 261 541 288 vel
558 269 572 287 a
589 262 717 295 principio
733 262 796 288 irant
813 270 952 296 erumpere

162 309 244 336 sinit!
268 308 322 334 Cur
344 315 423 342 porro
450 307 518 334 servi
544 315 557 333 a
584 307 661 334 nobis
686 307 760 334 mille
786 307 953 334 contumeliis

163 354 268 381 ouetati
282 375 288 386 ,
305 354 392 380 otnttia
409 353 478 379 taciti
496 352 601 378 ferunt?
616 359 704 379 nonne
727 353 788 386 qttia
804 358 828 378 et
844 352 892 387 ipsi
904 360 952 379 e0-

162 400 222 426 dem
245 399 350 425 vinculo
373 398 506 432 ligantur?
522 397 560 424 Tu
581 405 644 423 vero
659 405 693 424 ne
712 398 798 424 solum
814 397 859 424 Dei
874 398 952 424 timo-

164 453 219 472 rctn
241 445 353 480 cogites,
376 445 421 471 sed
449 444 528 471 etiam
553 448 578 470 te
601 448 663 470 tunc
687 451 702 470 a
717 444 770 470 Deo
785 443 954 470 contumeliis

163 491 232 517 aﬂici
248 512 254 520 .
269 491 313 525 qui
327 490 400 524 jubet
424 495 448 516 te
466 494 570 521 tacere,
589 494 616 516 et
627 489 714 515 omnia
729 489 859 523 patienter
873 488 951 515 feres.

165 537 210 562 llic
233 541 259 562 te
283 536 424 562 lacessenti
443 545 448 562 :
464 535 531 567 Quid
553 535 646 561 faciam
673 534 739 564 tibi;
764 535 830 561 alius
846 534 909 560 tttilti
928 539 955 560 et

164 590 270 608 utanutn
286 586 314 608 et
327 582 443 616 linguam
456 581 564 608 cohibet
576 589 583 606 :
596 580 700 614 eritque
714 579 815 606 dictum
832 579 895 606 illud
907 600 914 610 ,
927 584 954 606 et

164 627 210 655 tibi
232 632 260 654 et
274 627 323 662 ipsi
339 626 515 662 philosophia:
530 626 651 653 materia.
666 625 741 653 Nunc
760 630 848 652 autent
870 625 954 652 homi-

164 680 226 699 num
239 673 323 707 gratia
338 672 418 699 etiant
432 671 608 703 intolerabilia
624 670 734 698 ferimus
746 692 753 703 ,
767 675 793 699 et
806 671 837 697 iis
849 672 892 705 qui
907 678 955 698 nos

164 718 299 745 lacessunt
311 725 382 751 saepe
399 717 512 744 dicimus
528 726 534 744 :
550 717 596 744 ille
611 725 652 744 me
666 717 798 744 lacessivit
811 737 819 750 ,
840 725 892 744 non
905 721 931 743 ttt
946 725 952 743 :

165 764 218 790 Deo
231 768 320 790 autem
334 770 368 790 ne
382 770 472 797 parem
495 762 601 797 quidem
624 762 800 789 reverentiatn
819 762 956 789 exhibebi—

164 810 240 836 mus?
251 810 339 844 Ecqua
352 810 428 837 nobis
442 809 491 836 erit
505 809 599 836 venia?
610 809 712 836 Anintm
721 813 816 835 ttostra-
826 809 954 835 dicamus:

164 857 234 883 Deus
246 863 294 882 nos
308 863 377 882 nuttc
389 855 504 888 lacessit,
517 855 558 889 qtti
572 862 664 881 manus
674 859 778 881 nostras
792 855 912 881 cohibet:
923 862 955 881 ne

163 902 329 934 insiliamus,
349 909 399 928 nec
422 901 525 928 minore
542 900 624 927 Deum
642 908 719 934 qttant
737 900 856 927 homines
876 900 954 926 obsc-

163 947 270 980 quentia
295 953 498 980 prosequantur.
514 945 552 972 Ad
569 945 619 972 ltoc
631 945 740 971 verbum
757 944 956 972 exhorruistis?

161 991 214 1019 Sed
237 1000 288 1018 ttou
316 995 417 1018 tantum
432 991 464 1018 ad
489 991 578 1022 verba,
595 990 642 1017 sed
666 991 745 1017 etiatn
761 991 793 1017 ad
808 999 874 1024 opus
888 991 952 1017 vosI

162 1038 355 1063 exhorrescere
368 1038 456 1070 cupio.
470 1036 552 1063 .lussit
568 1036 638 1062 Deus
654 1043 702 1062 nos
715 1035 834 1070 colaphis
853 1044 953 1067 ca-sos,

197 1126 204 1140 ί
224 1125 264 1148 ΑΙΞί
277 1125 377 1154 habent,
391 1131 442 1153 nos.
455 1125 519 1155 loco,
533 1131 580 1150 ros.

1001 224 1053 243 non
1070 217 1147 243 modo
1162 217 1239 250 ferre,
1256 217 1301 244 sed
1315 218 1395 244 etiam
1409 217 1440 244 ad
1453 217 1526 252 pejus
1537 217 1669 252 quidpiatu
1685 220 1778 253 patierr

1001 261 1063 287 dum
1079 269 1126 287 nos
1149 262 1253 294 offerre.
1270 263 1322 295 Nos
1336 269 1422 291 autem
1438 272 1498 290 cum
1513 269 1583 291 tanta
1597 265 1721 292 violentia
1735 267 1783 293 ob-

998 306 1125 338 sistimus,
1149 313 1175 333 ut
1200 315 1251 333 non
1272 307 1348 334 modo
1363 316 1410 335 nos
1422 308 1455 335 ad
1476 309 1545 336 male
1566 310 1718 344 patiendmn
1732 319 1785 338 non

999 350 1160 383 offeramus,
1183 351 1229 378 sed
1256 352 1333 377 etiam
1356 360 1405 379 nos
1431 353 1606 387 ulciscantur;
1635 355 1687 383 imo
1715 362 1785 389 srcpc

1000 396 1100 430 priores
1128 404 1221 423 ntatttts
1247 397 1400 431 inferamus,
1424 407 1524 434 nosque
1548 400 1617 427 vinci
1641 406 1782 434 ptttcnm-t.

1000 442 1049 468 nisi
1067 442 1172 475 paribus
1188 442 1345 470 afficiamus.
1369 443 1434 470 Nant
1455 445 1517 471 illud
1537 447 1644 480 gravius
1656 451 1697 473 est
1713 448 1781 481 quod

999 494 1047 514 nos
1062 488 1165 514 vincere
1179 489 1369 520 existimemus,
1384 489 1488 523 quando
1502 496 1619 519 extrema
1632 493 1706 520 clade
1727 493 1785 519 afli-

998 534 1094 565 cititttr,
1110 538 1133 560 et
1152 534 1222 560 luttni
1237 536 1362 568 prostrati
1376 535 1512 570 jacemus;
1528 544 1558 564 ac
1577 538 1649 564 mille
1671 539 1785 572 acceptis

1000 587 1013 605 a
1038 579 1142 606 diabolo
1168 581 1330 613 vulneribus,
1355 581 1388 608 de
1409 581 1453 608 illo
1477 582 1611 609 victoriam
1635 588 1787 616 reportasse

999 625 1143 652 credamus.
1162 626 1350 659 Quamobrem,
1361 635 1434 661 rogo,
1445 626 1578 653 discamus
1591 627 1649 661 quis
1660 627 1693 654 sit
1707 628 1785 662 hujus

1001 671 1117 697 victoria:
1140 671 1249 703 modus,
1273 676 1299 698 ct
1315 671 1381 699 ltanc
1402 679 1505 698 tnorunt
1521 672 1637 707 speciem
1651 672 1785 699 adeamus.

1000 716 1135 751 Siquidem
1161 718 1229 743 male
1251 717 1321 751 pati,
1337 717 1450 751 itlipsuut
1474 721 1513 744 est
1527 717 1596 751 quod
1609 717 1741 745 coronari.
1757 718 1787 744 Si

1000 771 1063 797 ergo
1078 763 1200 789 volunttts
1217 770 1266 790 nos
1279 771 1293 789 a
1308 763 1361 790 Deo
1382 763 1495 790 victores
1511 763 1668 796 proclamari
1679 783 1686 795 ,
1703 763 1729 789 in
1745 763 1785 789 Itis

1001 808 1191 835 certaminibus
1216 816 1248 835 tte
1273 808 1357 842 legem
1381 808 1544 835 sarcttlariutn
1561 815 1673 842 agonum
1699 815 1789 834 servc<

1001 861 1068 884 mils,
1085 853 1131 880 sed
1150 853 1233 888 legem
1250 861 1263 879 a
1277 854 1331 880 Deo
1347 861 1395 888 pro
1408 853 1449 880 his
1462 853 1649 880 certaminibus
1665 854 1790 888 positam,

1002 902 1031 924 ut
1050 898 1137 924 omnia
1153 906 1228 932 atque
1244 898 1331 925 animo
1342 898 1466 925 feramus.
1482 898 1518 925 Ita
1533 898 1603 925 euitn
1619 903 1645 925 et
1666 898 1791 925 adversa-

1003 945 1057 971 rios
1083 949 1109 971 ct
1133 945 1271 978 prmsentia
1287 944 1374 971 ontuia
1390 945 1584 979 superabimtts,
1609 949 1636 971 et
1660 944 1790 978 promissa

1000 997 1195 1023 consequemur
1219 989 1285 1015 bona
1299 1010 1307 1022 ,
1329 990 1414 1023 gratia
1436 993 1463 1016 et
1488 989 1648 1024 benignitate
1676 989 1778 1016 Domini

1002 1035 1083 1060 nostri
1097 1033 1159 1060 Jesu
1175 1034 1272 1060 Christi
1283 1055 1289 1065 ,
1306 1042 1353 1069 per
1368 1042 1445 1069 quem
1460 1039 1487 1061 et
1504 1042 1563 1062 cum
1577 1042 1629 1069 quo
1644 1035 1712 1061 Patri
1727 1055 1734 1068 ,
1756 1035 1792 1060 si-

1002 1079 1110 1114 mulque
1133 1079 1240 1114 Spiritui
1265 1086 1373 1112 sancto,
1395 1081 1496 1116 gloria.
1521 1080 1678 1115 imperium,
1695 1080 1790 1112 honor,

1003 1132 1073 1150 nunc
1084 1129 1109 1151 et
1122 1132 1239 1158 semper,
1252 1130 1278 1151 et
1292 1125 1317 1151 itt
1332 1126 1426 1151 szccula
1441 1125 1610 1151 Steculormn.
1628 1125 1724 1152 Amen.

868 1236 1039 1268 HOMILIA
1061 1237 1098 1267 γ.

163 1304 227 1330 Car.
245 1303 263 1329 I.
281 1312 304 1329 v.
322 1305 348 1330 ὅ.
368 1304 458 1330 Omnia
470 1313 515 1339 per
528 1305 608 1337 ipsum
625 1306 692 1339 facta
707 1310 781 1335 sunt.
797 1310 821 1331 et
836 1306 889 1332 sine
902 1306 956 1340 ipso

331 1350 423 1383 [actum
437 1355 472 1375 est
486 1349 550 1375 nihil
562 1349 628 1383 quod
642 1349 737 1384 [ucltun
750 1354 796 1376 est.

202 1417 226 1442 ί.
242 1415 343 1450 Moyses
357 1415 492 1442 historiam
510 1416 612 1443 Veteris
627 1416 788 1444 'l‘cstamenti
813 1425 828 1445 ιι
851 1418 955 1445 sensili-

166 1462 214 1488 bus
239 1461 315 1487 ttobis
336 1461 455 1494 orditur,
472 1467 498 1488 ct
520 1469 549 1488 ea
576 1461 695 1495 pluribus
717 1467 854 1489 enumerat
871 1471 877 1488 :
895 1471 954 1489 nam

165 1506 211 1536 ait,
229 1505 260 1532 In
275 1506 398 1541 principio
411 1506 469 1540 fecit
485 1505 550 1533 Deus
565 1506 684 1533 ccclnmet
696 1513 786 1533 terram
796 1507 872 1541 (Gen.
885 1508 955 1542 LI):

166 1551 262 1578 deinde
276 1551 367 1584 adjicit
381 1551 467 1578 lucem
490 1550 584 1578 factam
597 1572 604 1583 ,
626 1552 770 1578 secundum
788 1553 881 1578 carlum
895 1553 933 1587 (α)
947 1573 956 1586 ,

166 1597 304 1623 stellarum
320 1602 440 1623 naturam
454 1617 461 1629 ,
475 1598 613 1632 ontnigcna
627 1597 779 1624 animalium
794 1605 889 1633 genera
901 1619 907 1630 ,
924 1606 957 1626 ne

166 1642 268 1677 singula
300 1648 491 1677 prosequentes
521 1643 654 1677 longiores
676 1643 770 1670 simus.
796 1644 843 1670 llic
867 1649 956 1670 autem

167 1688 326 1722 evangelista
349 1696 401 1715 uno
423 1688 504 1715 verbo
527 1688 711 1723 complectitur
732 1690 818 1715 omnia
832 1710 838 1720 ,
864 1695 890 1716 et
912 1690 955 1716 illa

168 1741 264 1767 nempe
278 1737 305 1760 et
318 1734 370 1759 illis
382 1734 530 1768 superiora.
547 1733 579 1760 Et
591 1734 651 1767 jure
673 1739 760 1766 certe,
777 1735 837 1769 quia
853 1735 894 1761 illa
910 1743 957 1762 au-

167 1779 297 1805 ditoribus
311 1784 372 1805 nota
385 1784 457 1810 sunt,
472 1783 499 1805 et
513 1779 569 1814 ipse
584 1779 617 1806 ad
633 1779 801 1813 praestantius
814 1787 958 1814 argumen-

169 1829 223 1850 tum
237 1828 371 1858 properat.
385 1831 416 1851 ac
434 1828 516 1851 totum
530 1831 596 1859 opus
610 1825 770 1859 aggreditur,
786 1833 838 1852 tton
852 1825 885 1852 de
893 1834 958 1860 ope-

169 1869 256 1904 ribus,
284 1869 331 1896 sed
357 1869 390 1896 de
418 1869 519 1904 Opiﬁcc
547 1874 574 1896 et
601 1869 728 1896 Crcatore
749 1870 880 1898 dicturus.
898 1870 959 1898 Ideo

169 1915 272 1950 Moyses
285 1915 390 1950 quidem
404 1936 411 1948 ,
427 1916 475 1942 etsi
489 1915 618 1942 minorem
638 1915 779 1942 creationis
793 1921 893 1950 partem
912 1925 959 1952 ag-

168 1961 304 1993 grediatur
318 1961 327 1994 (
341 1959 406 1987 nihil
428 1961 497 1987 enim
520 1961 595 1987 nobis
606 1961 638 1987 de
653 1961 828 1988 invisibilibus
845 1966 958 1996 potesta-

170 2007 238 2034 tibus
259 2007 397 2042 narravit)
411 2028 418 2039 ,
442 2007 468 2033 in
484 2006 537 2033 illis
550 2011 675 2034 versatur
690 2017 696 2034 :
716 2007 758 2034 ltic
773 2015 835 2035 vero
846 2028 853 2041 ,
869 2009 912 2042 qui
926 2008 959 2034 ad

169 2054 255 2088 ipsum
283 2052 437 2080 Creatorem
462 2052 607 2080 ascendere
633 2052 759 2086 festinat,
785 2053 846 2088 jure
872 2053 960 2080 omnia

171 2100 350 2133 prtetercurrit
360 2120 367 2132 ,
382 2103 410 2126 et
429 2098 487 2125 iure
499 2106 557 2133 qttre
581 2099 626 2126 ille
645 2099 730 2132 dixit,
745 2104 773 2126 et
786 2107 816 2126 ea
832 2107 890 2134 qua:
905 2100 961 2133 ipsc

172 2145 268 2178 tacuit,
292 2146 382 2180 paucis
401 2145 606 2179 contplectitur,
624 2144 716 2171 Omnia
736 2154 780 2180 per
799 2146 881 2180 ipsum
895 2146 962 2180 facta

169 2195 236 2218 ιιιηι.
255 2190 292 2217 Ne
306 2198 369 2218 νει-ο
385 2195 460 2224 putes
475 2190 559 2224 ipsum
574 2198 604 2217 ea
621 2195 720 2217 tantum
736 2198 885 2218 memorare
902 2199 961 2226 qua:

171 2237 275 2272 Moyses
288 2237 420 2268 narravit,
435 2235 585 2271 subjungit,
605 2235 637 2262 Et
657 2237 710 2262 sine
731 2237 785 2271 ipso
808 2238 902 2272 factum
925 2241 961 2264 est

171 2284 234 2310 nihil
244 2283 312 2318 quod
326 2285 420 2318 factum
430 2291 440 2310 :
454 2283 504 2310 ltoc
518 2287 572 2314 est,
591 2283 630 2310 Ex
644 2283 724 2310 rebus
741 2283 826 2315 factis,
839 2284 894 2310 sive
910 2284 961 2310 sub

171 2335 306 2365 aspectum
318 2350 325 2361 ,
341 2330 398 2357 sive
411 2329 460 2356 sub
473 2329 635 2356 intellectum
652 2334 753 2355 tantum
766 2329 882 2361 cadant,
898 2329 962 2356 nihil

170 2377 228 2404 sine
242 2375 303 2403 Filii
325 2376 421 2403 virtute
435 2376 592 2410 productum
616 2381 665 2402 est.
690 2375 780 2409 Neque
802 2375 872 2401 enint
894 2383 963 2410 pun-

172 2429 243 2450 t-tum
257 2430 421 2458 apponemus
433 2427 492 2457 post
503 2422 578 2454 illud,
588 2421 672 2454 Nihil,
686 2426 713 2448 ut
723 2422 840 2448 lucretici
853 2422 962 2448 faciunt.

173 2468 209 2495 Illi
226 2469 297 2496 ettim
313 2476 372 2495 cum
394 2468 475 2495 velint
492 2467 618 2502 Spiritum
635 2472 752 2494 creatum
767 2474 827 2494 esse
838 2486 847 2496 .
869 2468 903 2494 ita
926 2467 964 2494 le-

172 2519 238 2549 gunt
254 2523 260 2540 :
281 2514 356 2547 Quod
368 2514 463 2548 factum
479 2518 525 2545 est,
542 2514 569 2539 in
584 2514 638 2548 ipso
658 2513 708 2539 vim
727 2517 790 2539 erat.
807 2516 842 2539 At
853 2513 892 2539 sic
908 2513 965 2540 lucc

174 2559 246 2590 nullo
269 2559 349 2586 modo
364 2559 474 2593 intelligi
497 2563 629 2592 poterunt.
656 2558 744 2585 Primo
765 2558 835 2584 enim
853 2557 896 2584 ltie
912 2565 963 2584 non

174 2610 321 2640 opportuna
337 2605 451 2639 Spiritus
465 2605 564 2632 mentio
581 2609 670 2631 esset:
686 2603 756 2638 qttod
775 2604 795 2630 si
817 2603 922 2630 laudent
939 2603 964 2630 id

176 2652 310 2682 voluisset,
325 2658 372 2678 cur
388 2655 440 2677 tam
455 2650 568 2677 obscure
581 2650 705 2684 loquutus
714 2649 804 2675 esset?
816 2648 884 2676 unde
895 2648 964 2675 enim
979 2680 982 2681 ν

174 2701 279 2724 constat
300 2696 352 2723 hoc
370 2696 404 2723 de
418 2695 515 2729 Spiritu
531 2695 629 2722 dictttm
645 2694 721 2721 esse?
735 2694 856 2728 Alioquin
877 2699 965 2720 autem

175 2742 321 2770 secundum
335 2741 405 2768 Itane
416 2741 512 2767 seriem
526 2740 722 2774 eotnperienms
732 2760 738 2772 ,
752 2746 804 2765 non
816 2738 943 2773 Spiritum
957 2758 964 2770 ,

176 2788 220 2815 sed
244 2788 331 2822 ipsum
355 2787 453 2814 Filiunt
468 2794 514 2821 per
528 2786 643 2821 seipatun
663 2785 759 2812 factuut
782 2793 850 2812 esse.
868 2783 964 2811 Verum

207 2855 243 2887 (ιι)
261 2855 288 2880 Id
305 2854 550 2885 cst,|irmaatcntum.

1011 1307 1149 1340 attendite,
1165 1316 1197 1334 ne
1212 1316 1258 1334 vos
1273 1309 1321 1335 hoc
1335 1309 1434 1336 dictum
1445 1309 1566 1344 effugiat;
1582 1314 1608 1336 et
1620 1317 1668 1343 age
1689 1309 1792 1336 interitu

1009 1353 1041 1379 ad
1058 1354 1159 1380 illoruttt
1177 1361 1275 1381 morem
1290 1354 1409 1389 legamus
1425 1363 1431 1380 :
1447 1354 1498 1381 ltoc
1520 1359 1596 1388 pacto
1619 1354 1689 1381 enim
1712 1354 1795 1385 mani—

1010 1399 1100 1425 festior
1114 1399 1164 1425 erit
1179 1399 1326 1425 altsurditas
1341 1408 1346 1425 :
1365 1399 1438 1431 Quod
1452 1401 1545 1434 factum
1563 1404 1597 1426 est
1611 1420 1618 1432 ,
1636 1399 1661 1425 in
1678 1399 1732 1434 ipso
1747 1399 1795 1425 vim

1012 1449 1074 1469 erat.
1092 1444 1175 1470 Vitam
1191 1444 1233 1470 hic
1247 1444 1372 1478 Spiritum
1388 1444 1535 1478 signiﬁcare
1550 1444 1649 1470 dicunt.
1672 1443 1723 1470 Sed
1744 1445 1796 1470 vita

1010 1490 1089 1516 etiam
1113 1489 1156 1515 lux
1181 1489 1310 1523 appellata
1328 1489 1368 1515 hic
1386 1489 1518 1522 orcurtit;
1542 1489 1647 1523 sultjicit
1660 1489 1747 1519 enim,
1764 1487 1796 1514 I'It

1009 1534 1059 1560 vim
1081 1538 1134 1560 erat
1150 1533 1195 1559 luas
1210 1534 1348 1560 hominum.
1365 1534 1514 1560 Secundum
1540 1534 1600 1560 illos
1624 1541 1687 1568 ergo
1709 1533 1795 1560 lucem

1011 1580 1146 1606 hominum
1163 1579 1205 1606 hic
1221 1579 1347 1614 Spiritum
1362 1579 1434 1606 dicit.
1451 1578 1518 1612 Quid
1541 1579 1638 1613 igitur?
1651 1578 1716 1605 Cum
1732 1578 1795 1604 sub-

1010 1626 1059 1658 dit,
1074 1626 1134 1652 Fuit
1149 1627 1222 1653 homo
1237 1627 1326 1652 missus
1341 1634 1356 1652 a
1370 1625 1432 1657 Deo,
1444 1630 1468 1651 ut
1480 1625 1647 1652 testimonium
1659 1624 1797 1659 par/ubere!

1011 1673 1042 1699 de
1056 1673 1159 1705 lumine,
1176 1679 1284 1698 necesse
1297 1677 1339 1698 est
1360 1676 1387 1698 ut
1400 1671 1498 1703 dicant,
1516 1670 1567 1697 hoc
1581 1670 1659 1697 ctiattt
1681 1670 1714 1696 de
1735 1669 1796 1704 Spi‘

1011 1719 1062 1745 ritu
1085 1719 1205 1753 proferri.
1229 1717 1295 1744 Eum
1318 1717 1388 1744 ettim
1403 1724 1480 1751 quem
1496 1723 1575 1750 supra
1589 1715 1704 1742 Verbum
1718 1715 1796 1747 dixit,

1011 1765 1036 1790 in
1052 1764 1222 1798 sequentibus
1239 1764 1330 1793 Deum,
1346 1763 1437 1793 vitam,
1452 1767 1477 1788 et
1492 1763 1576 1789 lucem
1591 1761 1719 1787 nominat.
1743 1759 1798 1786 l'itu

1011 1814 1074 1842 erat,
1091 1810 1185 1844 inquit,
1203 1809 1252 1835 hoc
1266 1808 1380 1835 Verbum
1393 1827 1402 1841 ,
1424 1812 1450 1834 ct
1464 1807 1520 1833 lta‘c
1534 1807 1588 1841 ipsa
1606 1806 1656 1832 vita
1672 1806 1714 1832 lux
1729 1809 1796 1832 erat.

1012 1856 1039 1883 Si
1064 1857 1151 1890 itaque
1173 1855 1287 1882 Vcrbutn
1310 1854 1362 1880 vita
1384 1857 1462 1885 erat;
1478 1852 1592 1880 Verbum
1609 1857 1713 1882 autem,
1728 1851 1798 1885 quod

1013 1906 1054 1928 est
1069 1901 1122 1927 vita
1138 1901 1145 1915 ¹
1158 1921 1166 1932 ,
1182 1907 1244 1927 caro
1266 1899 1362 1926 factum
1375 1901 1435 1926 est:
1452 1898 1503 1924 vita
1517 1905 1578 1924 caro
1593 1897 1660 1923 facta
1676 1901 1732 1929 est,
1749 1896 1800 1922 hoc

1012 1951 1063 1977 est,
1079 1946 1211 1978 Verbum;
1225 1951 1248 1972 ct
1263 1946 1321 1978 ejus
1339 1944 1450 1980 gloriam
1466 1943 1581 1970 vidimus
1592 1965 1598 1975 ,
1615 1944 1689 1977 qttasi
1703 1943 1799 1977 Unige-

1013 1991 1058 2018 niti
1070 1999 1084 2018 a
1096 1991 1186 2018 Patre.
1201 1990 1227 2017 Si
1240 1997 1303 2024 ergo
1316 1989 1402 2016 dicant
1415 1988 1542 2023 Spiritum
1554 1987 1598 2014 ltie
1607 1988 1686 2014 vitam
1700 1987 1800 2020 vocari,

1013 2038 1074 2065 vide
1088 2042 1183 2072 quanta
1199 2036 1313 2063 absurda
1328 2040 1483 2070 sequantur.
1501 2034 1614 2069 Spiritus
1629 2034 1699 2061 enim
1715 2033 1801 2060 incar-

1014 2088 1091 2110 natus
1112 2082 1210 2114 fuerit,
1236 2089 1287 2108 non
1313 2080 1395 2107 Filius
1412 2089 1418 2106 :
1435 2079 1550 2114 Spiritus
1574 2079 1625 2106 erit
1652 2078 1801 2113 unigenitus

1014 2129 1105 2155 Filius.
1123 2127 1150 2155 Si
1167 2135 1218 2154 non
1235 2127 1269 2153 ita
1285 2134 1328 2153 res
1342 2126 1433 2158 fuerit,
1457 2125 1520 2152 dum
1544 2124 1595 2152 hoc
1616 2123 1752 2159 ell‘ugicnt,
1775 2123 1801 2150 itt

1013 2174 1084 2201 aliud
1108 2174 1186 2207 longe
1207 2172 1348 2199 absurdius
1365 2171 1481 2198 incident
1502 2171 1537 2197 ita
1552 2170 1679 2205 legentes.
1694 2169 1759 2196 Nam
1779 2170 1802 2196 si

1014 2220 1189 2246 conlitcantttr
1200 2217 1264 2244 illud
1280 2217 1313 2244 de
1328 2217 1396 2244 Filio
1410 2216 1509 2243 dictutn
1525 2223 1584 2243 esse
1594 2236 1601 2248 ,
1616 2223 1701 2250 neque
1723 2215 1804 2242 inter-

1015 2269 1141 2300 pnngant,
1157 2271 1206 2291 nec
1220 2264 1309 2298 legant
1323 2267 1352 2289 ut
1366 2271 1415 2289 nos
1428 2262 1540 2297 legimus
1551 2283 1558 2295 ,
1577 2261 1663 2295 ipsum
1677 2260 1772 2287 Filium
1788 2268 1802 2286 a

1015 2312 1103 2346 seipse
1127 2311 1223 2338 factum
1245 2317 1304 2337 csse
1323 2309 1412 2336 dicant
1431 2313 1546 2343 op0rtet.
1563 2308 1590 2335 Si
1603 2307 1672 2334 enim
1686 2306 1803 2333 Verbum

1016 2358 1067 2384 vita
1078 2361 1152 2388 erat;
1168 2356 1189 2383 si
1209 2355 1279 2391 quod
1296 2355 1391 2382 factum
1408 2359 1466 2387 est,
1482 2355 1507 2381 in
1526 2355 1583 2389 ipso
1598 2354 1649 2379 vita
1666 2357 1742 2386 erat:
1760 2349 1804 2386 ip-'

1015 2411 1075 2430 sum
1089 2404 1114 2430 in
1129 2403 1217 2437 seipso
1236 2407 1264 2429 et
1288 2410 1335 2436 per
1354 2401 1471 2436 seipsum
1490 2401 1586 2427 factum
1601 2405 1641 2427 est
1660 2398 1806 2426 secundum

1017 2450 1085 2476 hanc
1099 2449 1249 2476 lectionem.
1265 2448 1365 2475 Deinde
1385 2447 1543 2482 quibusdam
1562 2446 1725 2480 interpositis
1738 2446 1805 2479 adji«

1016 2495 1051 2522 cit
1064 2504 1070 2522 :
1086 2494 1119 2520 Ει
1132 2495 1239 2521 vidimus
1259 2494 1366 2529 gloriam
1379 2493 1433 2527 ejus
1444 2513 1451 2524 ,
1470 2493 1576 2527 gloriam
1591 2492 1663 2526 quasi
1680 2491 1808 2526 Hnigcniti

1017 2549 1032 2567 a
1056 2540 1139 2567 Putre.
1158 2540 1226 2567 Ecce
1241 2539 1388 2567 secundum
1413 2539 1518 2566 illormn
1542 2538 1585 2572 qui
1610 2538 1643 2564 ita
1665 2537 1809 2571 loquuntur

1017 2586 1158 2615 lectionem
1172 2586 1283 2620 Spiritus
1297 2589 1403 2612 sanctus
1412 2605 1419 2617 ,
1435 2584 1584 2618 unigenitus
1598 2590 1656 2609 esse
1667 2581 1748 2608 Filius
1761 2581 1807 2608 dc-

1019 2632 1200 2667 prelienditur.
1218 2631 1256 2658 De
1277 2631 1323 2658 illo
1335 2631 1405 2658 enim
1420 2630 1477 2656 haec
1491 2628 1577 2655 omnis
1592 2627 1707 2654 narratio
1730 2627 1806 2653 iusti-

1019 2677 1110 2704 tuitur.
1123 2676 1267 2708 Videtisne,
1280 2674 1386 2710 quando
1397 2682 1412 2701 a
1423 2674 1534 2701 veritate
1547 2679 1636 2699 sermo
1651 2672 1766 2702 aberrat,
1781 2670 1807 2698 in

1020 2731 1079 2757 qua:
1095 2721 1238 2758 pmcipitia
1252 2721 1347 2753 abeat;
1362 2724 1390 2747 et
1409 2723 1473 2754 qttot
1491 2717 1605 2744 absurda
1621 2717 1726 2751 pariat?
1740 2716 1808 2749 Quid

1030 2786 1035 2799 '
1049 2793 1118 2813 Juxta
1135 2789 1236 2813 Boisinm
1253 2788 1304 2812 haec
1317 2804 1324 2816 ,
1335 2787 1398 2818 quod
1414 2789 1448 2810 est
1469 2785 1515 2810 vita
1529 2783 1733 2818 ,‘delc‘odazsdnt:
1744 2786 1808 2806 Itane

1019 2826 1076 2843 vero
1090 2820 1287 2874 illumutationetn,
1301 2813 1330 2842 ad
1342 2813 1433 2842 nullius
1445 2814 1592 2846 exemplaris
1603 2813 1810 2844 ﬁdeﬁndndttccro

1019 2856 1095 2874 agere
1114 2854 1169 2874 itur.

1019 2854 1169 2882 aggreditur.
