2044 3113
246 142 280 170 55
604 140 633 168 S.
651 138 790 168 JOANNIS
807 138 1039 168 CHRYSOSTOMI

1093 138 1226 168 RClllEP.
1240 140 1505 170 CONSTANTINOP.

248 199 346 235 igitur?
371 198 494 233 Spiritus,
519 196 632 231 inquies.
658 204 711 224 non
730 201 772 224 est
789 197 853 224 lux?
869 197 915 224 Est
927 196 1033 232 quidem

248 246 301 277 ius,
316 252 408 272 verum
423 243 466 271 hic
484 251 537 270 non
551 242 586 270 de
600 243 645 270 illo
659 242 746 279 agitur
760 251 766 268 :
781 242 993 278 quandoquidem
1008 247 1036 270 et

248 291 317 318 Deus
327 290 449 325 Spiritus,
463 288 514 316 ltoc
526 293 576 321 est,
588 288 778 323 incorporeus;
791 289 836 316 sed
851 296 903 315 non
917 288 1036 316 ubicum-

247 343 300 370 que
314 335 427 371 Spiritus
441 335 552 367 dicitur,
568 335 650 362 Deum
672 343 732 362 esse
748 335 909 362 declaratur.
926 335 959 362 Et
973 334 1034 369 quid

247 381 362 413 miraris,
378 381 400 407 si
415 381 440 407 id
454 381 488 408 de
503 381 581 408 Patre
591 381 729 408 dicamus?
743 381 834 416 Neque
849 381 921 408 enim
934 380 968 408 de
984 381 1033 408 Pa-

247 426 347 453 racleto
361 434 468 462 quoque
483 427 508 454 id
523 427 671 454 dixerimus
682 448 689 459 ,
708 426 778 462 quod
801 426 960 461 ubicumque
974 426 1034 460 Spi-

247 473 313 498 ritus
332 471 448 505 dicitur,
469 472 495 499 id
514 472 549 499 de
568 472 706 500 Paracleto
725 471 1036 507 intelligamuquamvis

247 518 298 544 hoc
312 525 411 545 nomen
427 518 476 552 ipsi
492 518 607 546 maxime
620 523 752 553 competat
766 527 772 545 :
787 522 902 545 attamen
918 517 960 544 ubi
977 516 1037 552 Spi-

247 563 312 590 ritus
323 562 430 598 legitur.
443 571 495 590 non
507 571 612 598 semper
622 563 773 590 Paracletus
785 568 826 590 est
839 563 1034 598 intelligendus.

247 608 313 635 Nam
327 614 353 636 et
366 608 487 636 Christus
502 609 547 636 Dei
560 608 644 636 virtus
656 613 683 636 et
699 609 743 635 Dei
759 609 888 644 sapientia
903 613 1012 636 vocatur
1026 617 1034 642 ;

247 659 274 680 at
288 662 340 681 non
356 661 463 689 semper
476 654 519 682 ubi
535 654 580 681 Dei
596 655 679 681 virtus
689 658 716 681 et
730 654 776 682 Dei
787 654 915 688 sapientia
928 653 1034 687 dicitur,

247 700 387 727 Christus‘
400 699 541 727 iudicatur.
564 699 608 728 Sic
631 704 657 726 et
677 699 728 727 hoc
751 699 827 732 l0co,
843 699 904 727 licet
923 699 1037 735 Spiritus

250 745 397 777 illuminet,
411 753 462 772 non
480 749 568 773 tatuen
583 745 617 773 de
633 746 690 780 ipso
704 753 775 772 nunc
788 745 905 781 loquitur
923 753 1036 780 evange-

249 791 318 818 lista.
340 791 464 818 Attamen
485 790 525 818 his
545 791 659 819 exclusis
681 791 803 819 absurdis
815 791 970 824 ratiociniis,
987 792 1036 826 illi,

247 836 292 870 qui
305 843 411 871 semper
426 837 529 864 veritati
543 843 700 873 repugnanti,
715 837 804 865 dicere
820 846 870 864 non
884 837 1015 865 desistunt
1029 846 1035 865 :

251 881 327 915 Quod
337 882 432 916 factum
446 887 493 916 est,
507 883 533 910 in
545 883 601 918 ipso
614 884 663 910 vita
674 889 727 910 erat
739 883 772 918 (υ.
786 884 847 919 li);
861 883 885 910 id
897 888 947 916 est,
962 883 1037 917 Quod

248 930 345 955 lactant
368 934 409 956 est
432 929 485 955 vita
511 933 578 957 erat.
604 929 671 962 Quid
697 929 796 964 igitur?
815 937 846 956 an
861 929 1036 956 Sodomorum

248 975 418 1009 supplicium,
442 975 581 1006 diluvium,
603 975 724 1010 gelteuua
749 981 775 1002 et
798 974 870 1002 mille
884 982 926 1001 res
946 974 1038 1008 hujus-

249 1023 318 1048 utodi
339 1022 392 1049 vita
412 1023 509 1050 erant?
525 1021 578 1050 Sed
597 1022 630 1050 de
644 1022 778 1049 creatione
793 1021 869 1048 nobis
882 1024 923 1048 est
936 1028 1036 1053 sermo,

248 1069 379 1104 inquiunt.
397 1069 473 1096 Certe
487 1069 529 1096 illa
544 1077 650 1104 quoque
666 1069 698 1095 ad
717 1069 880 1095 creationem
894 1067 1036 1102 pertinent.

252 1114 346 1141 Verum
362 1119 389 1141 ut
403 1114 508 1141 aliunde
521 1115 600 1142 etiam
621 1114 726 1141 illoruut
746 1113 904 1141 sententiam
927 1112 1039 1140 validius

248 1160 438 1191 conlutemus,
465 1160 687 1195 iuterrogabimus
719 1159 778 1186 illos
803 1167 809 1186 :
833 1159 900 1186 Nttm
925 1166 1037 1194 quaeso,

249 1207 348 1241 lignum
370 1207 421 1233 vita
437 1207 500 1233 est?
515 1215 577 1233 num
592 1207 670 1241 lapis,
686 1206 803 1233 inanima
826 1205 883 1233 lucc
904 1210 932 1232 et
946 1205 1040 1232 immo-

249 1253 331 1280 bilia?
351 1261 384 1280 an
410 1253 491 1280 homo
511 1252 621 1280 omnino
636 1252 688 1279 vita
703 1252 762 1280 est?
776 1251 871 1286 Ecquis
893 1251 944 1278 hoc
964 1251 1040 1278 dixe-

249 1299 301 1325 rit?
316 1298 373 1325 Non
387 1299 458 1326 enim
472 1299 528 1333 ipsa
543 1299 594 1326 vita
611 1298 691 1326 homo
705 1319 711 1329 ,
725 1298 772 1325 sed
787 1298 847 1325 vita:
861 1305 945 1333 capax
959 1297 1039 1325 homo

249 1348 299 1371 cst.

284 1389 311 1416 ἑ.
329 1389 396 1417 Vide
421 1397 524 1417 rursum
547 1389 588 1417 hic
610 1389 800 1417 absurditatem
817 1397 899 1417 :nam
915 1390 983 1417 hanc
996 1397 1041 1417 se-

250 1442 362 1469 quetuur
383 1434 487 1462 dicendi
509 1435 606 1462 seriem
620 1456 626 1467 .
642 1439 671 1461 ut
684 1434 745 1462 hinc
759 1442 851 1462 eorum
863 1435 1040 1469 insipientiam

250 1481 394 1508 discamus.
415 1481 459 1508 Sic
481 1480 547 1508 nihil
567 1488 676 1516 usquam
692 1481 730 1508 illi
745 1481 835 1508 dicunt
849 1481 918 1516 quod
932 1481 1041 1516 Spiritui

249 1532 403 1561 competere
425 1527 518 1561 possit.
542 1526 684 1561 Postquam
705 1527 776 1554 enim
792 1527 852 1554 inde
865 1527 1040 1559 exciderunt,

251 1573 401 1600 houtiuibus
416 1573 460 1600 illa
472 1572 634 1605 adscribunt,
650 1581 708 1608 qua:
719 1573 752 1600 de
765 1573 863 1607 Spiritu
878 1573 957 1608 digne
971 1573 1039 1601 dicta

251 1619 334 1647 fuisse
344 1619 479 1654 putabant.
489 1619 621 1646 Cmterttm
632 1619 686 1654 jam
699 1620 837 1647 lectionem
849 1621 1039 1648 examinentus.

251 1666 379 1692 Creatura
390 1673 460 1692 nunc
471 1665 522 1692 vita
534 1665 643 1696 dicitur;
656 1673 720 1700 ergo
731 1665 775 1693 lux
791 1666 869 1693 etiam
883 1672 924 1694 est
939 1676 945 1693 :
957 1667 1042 1701 deque

253 1711 296 1737 illa
309 1711 496 1737 testilicaturus
505 1711 576 1737 venit
590 1710 715 1738 Joannes.
730 1711 784 1738 Cur
798 1719 861 1745 ergo
878 1719 929 1739 non
944 1717 971 1739 et
985 1713 1042 1748 ipse

253 1756 296 1782 lux
312 1755 371 1783 est?
385 1755 450 1782 Nam
465 1754 525 1782 Non
536 1761 588 1782 erat
600 1756 643 1782 illa
655 1756 710 1789 lua‘,
725 1757 817 1791 inquit.
832 1757 911 1792 Atqui
921 1766 954 1785 ex
968 1765 1042 1784 crea-

253 1806 371 1828 turarum
394 1809 505 1829 numero
526 1806 591 1829 erat.
615 1803 753 1836 Quomodo
768 1811 831 1837 ergo
848 1811 901 1830 nou
921 1808 962 1831 est
980 1804 1042 1830 lux?

252 1847 385 1881 quomodo
399 1847 432 1874 Itt
447 1849 540 1875 mundo
552 1853 615 1882 erat,
631 1853 653 1876 et
669 1849 776 1875 mundus
792 1858 836 1884 per
849 1849 934 1884 ipsum
958 1851 1042 1885 [nctus

252 1895 309 1922 est?
321 1898 477 1921 creaturane
492 1899 549 1922 erat
563 1894 589 1922 iu
602 1899 733 1928 creatura,
745 1899 901 1923 etcrcatura
913 1904 959 1931 per
969 1904 1044 1923 crea-

254 1945 338 1967 turam
356 1940 493 1967 I'actacst?
506 1940 638 1975 quomodo
652 1940 764 1967 Mundus
777 1949 833 1966 eum
847 1949 895 1967 non
909 1942 1044 1975 cognovit?

253 1993 286 2012 an
301 1990 421 2012 creatura
437 1991 583 2013 creaturam
599 1994 651 2012 non
665 1986 756 2012 novit?
773 1986 898 2020 Quotquot
912 1991 994 2013 autent
1005 1995 1044 2013 re-

253 2036 372 2064 ceperunt
387 2039 443 2058 eum
455 2052 462 2064 ,
477 2031 544 2058 dedit
559 2031 594 2058 eis
607 2036 752 2066 potestatem
768 2032 834 2066 ﬁlios
850 2031 896 2058 Dei
911 2033 975 2065 ficri.
991 2032 1043 2060 Sed

252 2082 294 2104 sat
307 2077 370 2104 risui
381 2077 471 2104 datum
484 2081 534 2104 est.
551 2077 612 2104 lla-.c
623 2082 741 2104 monstra
757 2077 897 2104 verborum
910 2078 984 2104 vobis
996 2078 1043 2105 de-

256 2123 344 2157 inceps
367 2123 526 2150 conl'utauda
549 2124 686 2158 relinquo,
703 2131 736 2150 ne
750 2131 798 2150 nos
813 2123 870 2151 htrc
885 2124 968 2151 risum
984 2132 1042 2151 mo-

255 2169 332 2195 veudi
345 2176 424 2196 causa
439 2169 599 2203 prasmisisse
613 2169 760 2201 videamur,
776 2174 933 2204 tempusque
947 2170 1043 2198 frustra

255 2218 380 2241 teramus.
392 2213 457 2241 Nam
469 2215 491 2240 si
506 2214 562 2241 lucc
572 2215 606 2241 de
616 2215 713 2249 Spiritu
725 2223 776 2241 non
787 2215 856 2242 dicta
867 2219 938 2247 sunt,
952 2220 981 2242 ut
989 2215 1043 2249 jam

253 2259 463 2287 demonstratum
483 2265 535 2300 est.
557 2269 642 2296 neque
660 2261 693 2289 de
714 2266 852 2293 creatura;
875 2266 901 2288 et
922 2262 1042 2289 eamdem

255 2311 343 2333 tamen
359 2306 396 2334 illi
412 2306 554 2334 lectionem
575 2311 697 2334 tueantur
713 2316 719 2333 :
737 2307 800 2334 illud
815 2307 932 2334 omnium
948 2308 1043 2334 absur-

253 2352 391 2380 dissimum
411 2358 547 2388 sequetur.
563 2359 590 2379 nt
610 2353 734 2384 diximus,
748 2353 818 2387 quod
840 2353 921 2380 Filius
937 2361 984 2388 per
1002 2361 1045 2381 se-

255 2399 340 2433 ipsum
360 2398 445 2426 laetus
465 2399 508 2425 sit.
531 2398 558 2426 Si
581 2398 652 2426 eniut
677 2399 720 2425 lux
736 2407 796 2426 vera
819 2399 902 2426 Filius
921 2404 977 2431 est;
1000 2399 1043 2426 lux

253 2449 341 2470 autem
356 2445 412 2471 1|:ch
427 2444 478 2470 vita
493 2449 559 2476 erat,
576 2444 681 2478 vitaque
701 2444 726 2471 in
751 2444 808 2478 ipso
830 2444 897 2471 facta
912 2449 954 2471 est
969 2453 975 2471 :
992 2452 1042 2472 ne~

253 2489 370 2516 cessario
382 2489 443 2515 illud
451 2489 621 2524 consequitur
630 2489 775 2516 secundum
788 2497 880 2517 eorum
891 2489 1042 2517 lectionem.

255 2535 316 2562 Ideo
332 2535 381 2562 hac
395 2536 493 2562 ontissa
504 2556 511 2568 ,
528 2535 559 2562 ad
580 2535 722 2569 legitimam
746 2536 881 2562 veniamus
901 2535 1042 2563 lectionem

254 2587 281 2608 et
308 2582 564 2616 interpretationem.
586 2581 712 2615 Qua-natu
739 2581 781 2608 illa
803 2582 861 2609 est?
882 2581 914 2609 Ut
937 2581 963 2609 in
987 2581 1044 2609 haec

254 2628 333 2654 verba
346 2647 354 2659 ,
376 2627 450 2659 Quod
474 2628 569 2662 factum
591 2631 644 2660 est,
667 2628 838 2655 terminemus
859 2628 1040 2655 sententiam:

253 2674 350 2701 deinde
363 2675 397 2701 ab
412 2674 463 2702 hoc
472 2674 544 2701 dicto
557 2674 722 2708 incipiamus,
736 2676 768 2701 tn
779 2675 835 2708 ipso
848 2674 897 2701 vita
908 2679 969 2701 erat.
987 2674 1043 2702 lloc

253 2724 341 2746 autem
358 2719 404 2746 ille
419 2719 474 2746 vult
488 2719 637 2754 signiﬁcare
653 2729 659 2746 :
677 2720 740 2747 Sine
754 2720 807 2755 ipso
823 2721 917 2754 factum
930 2724 966 2746 est
979 2718 1043 2745 nihil

254 2767 320 2800 quod
331 2766 426 2800 factum
438 2770 484 2792 est.
499 2766 526 2794 Si
540 2766 612 2801 quid,
631 2767 722 2802 inquit,
741 2766 838 2793 factum
851 2770 902 2799 est,
913 2765 971 2792 sine
985 2765 1043 2800 ipso

285 2850 293 2864 ι
312 2846 338 2871 la
355 2845 434 2870 Morel.
450 2845 548 2877 legitur.
560 2846 640 2872 Filius.

1845 145 1884 173 56

1091 196 1188 224 factum
1203 205 1255 224 nou
1269 204 1320 225 est.
1337 198 1429 226 \'idcn'
1440 199 1577 234 quomodo
1588 208 1635 235 per
1646 201 1727 229 breve
1740 202 1790 230 hoc
1804 204 1880 230 addi-

1089 248 1234 270 tamentum
1249 243 1362 270 absurda
1376 245 1464 271 omnia
1485 253 1544 279 quae
1564 245 1677 273 suboriri
1691 252 1813 281 poterant
1828 249 1879 276 eli-

1088 287 1215 314 minavit?
1237 288 1288 315 Per
1306 288 1331 315 id
1351 289 1424 316 euint
1440 289 1509 324 quod
1525 290 1611 317 intulit
1622 311 1629 324 ,
1645 291 1772 326 Sitteipso
1783 293 1882 326 factum

1088 337 1124 360 est
1135 333 1207 365 nihil,
1221 338 1248 361 et
1261 341 1308 368 per
1320 334 1384 361 illud
1400 335 1528 367 additum,
1545 336 1619 369 Quod
1628 340 1723 372 [actum
1737 343 1784 369 ett,
1802 339 1879 364 intel-

1089 379 1209 406 lccttutlia
1224 379 1302 406 simul
1316 380 1529 415 comprehendit,
1543 381 1723 416 Spiritumque
1735 383 1878 410 subtraxit.

1088 422 1153 451 Cotti
1169 423 1239 451 enim
1253 424 1372 458 dixisset,
1387 425 1479 452 Omnia
1490 434 1534 461 per
1544 427 1626 460 ipsum
1636 429 1703 462 [acta
1713 433 1781 458 sunt,
1793 433 1815 454 et
1826 429 1881 454 sine

1090 469 1144 504 ipso
1158 471 1252 504 factum
1266 475 1302 497 ett
1317 471 1381 498 nihil
1392 479 1402 498 :
1416 479 1450 498 ne
1463 472 1522 507 quis
1535 472 1644 505 diceret,
1659 473 1686 500 Si
1701 474 1801 506 omnia,
1813 481 1879 508 ergo

1090 514 1204 550 Spiritus
1219 524 1265 550 per
1277 517 1361 551 ipsum
1378 516 1463 544 ﬂictus
1477 522 1517 545 est
1527 539 1534 549 ,
1550 517 1603 546 hoc
1616 518 1797 546 additamento
1811 527 1880 553 opus

1090 561 1148 587 fuit.
1170 561 1224 596 Ego
1234 581 1242 594 ,
1263 562 1357 597 inquit,
1372 562 1394 589 si
1409 562 1471 597 quid
1487 562 1584 590 factum
1601 568 1652 596 est,
1666 564 1716 591 hoc
1731 571 1778 599 per
1792 564 1878 599 ipsum

1090 604 1187 633 factum
1208 613 1268 634 esse
1286 606 1357 640 dixi;
1381 607 1437 635 sive
1452 607 1593 642 invisibile,
1609 609 1665 636 sive
1680 609 1880 644 incorporeum,

1090 652 1146 679 sive
1159 652 1185 679 iu
1200 653 1283 680 ctclo‘
1300 652 1397 680 tinctum
1411 653 1455 681 sit.
1475 653 1537 682 Ideo
1552 662 1604 681 non
1621 654 1778 689 simpliciter
1790 655 1881 682 omnia

1089 697 1158 731 dixi;
1173 699 1220 726 sed
1235 699 1257 727 si
1272 699 1335 735 quid
1350 699 1447 727 factum
1458 705 1499 727 est
1511 710 1518 727 :
1530 700 1581 728 hoc
1593 705 1644 734 est,
1654 709 1712 736 qua:
1726 700 1793 728 [acta
1805 706 1878 728 sunt.

1090 747 1203 781 Spiritus
1215 754 1278 774 vero
1291 746 1375 774 lactus
1390 756 1441 775 nou
1453 753 1504 775 est.
1514 747 1604 775 Videu'
1618 753 1768 775 accuratam
1781 747 1880 774 doctri»

1091 793 1169 820 nam?
1181 793 1280 820 Rerum
1294 793 1432 821 sensiliqu
1446 796 1607 820 creationem
1623 794 1788 826 memoravit,
1799 801 1878 828 quam

1091 843 1167 866 attica
1183 839 1287 875 Moyses
1299 839 1425 867 docuerat
1442 848 1449 867 :
1464 839 1559 867 deinde
1569 839 1624 875 jam
1640 839 1754 866 imbutos
1767 839 1800 866 ad
1814 839 1879 867 sub-

1091 885 1194 912 limiora
1207 885 1318 919 ducens,
1332 885 1487 920 incorporea
1504 893 1600 921 nempe
1613 890 1640 913 et
1653 886 1805 918 invisibilia,
1820 886 1879 920 Spi-

1092 931 1169 958 ritum
1181 935 1300 959 sanctum
1311 931 1345 959 ab
1355 931 1426 958 omni
1436 936 1556 958 creatura
1571 931 1696 966 scjunxit.
1710 931 1754 959 Sic
1768 936 1795 959 et
1810 931 1880 958 Pau-

1091 977 1132 1004 lus
1152 978 1201 1005 hac
1222 977 1306 1013 gratia
1331 978 1475 1012 inspiratus
1492 978 1596 1006 dicebat
1612 986 1619 1006 ε
1636 978 1762 1011 Quoniam
1780 978 1807 1005 in
1825 978 1880 1012 ipso

1091 1027 1174 1049 creata
1189 1027 1248 1050 sunt
1263 1023 1348 1050 omnia
1360 1023 1427 1058 (Col.
1441 1024 1466 1051 l.
1479 1023 1534 1059 l6).
1549 1023 1597 1051 Hic
1610 1030 1673 1051 vero
1686 1031 1790 1051 rursum
1805 1031 1879 1051 eaut-

1091 1067 1152 1096 dem
1175 1069 1370 1096 accurationem
1396 1070 1522 1097 observes
1548 1070 1638 1097 velim.
1670 1070 1741 1097 Idem
1765 1078 1883 1104 namque

1091 1115 1207 1150 Spiritus
1218 1115 1285 1142 hanc
1299 1124 1404 1151 quoque
1418 1116 1540 1143 movebat
1551 1116 1680 1143 animam.
1691 1115 1728 1142 Ne
1740 1115 1801 1150 quis
1810 1115 1879 1142 enim

1092 1169 1148 1189 rent
1163 1161 1256 1188 factam
1271 1164 1421 1196 quampiam
1435 1170 1449 1188 a
1468 1162 1512 1189 Dei
1527 1161 1662 1189 creatione
1676 1168 1834 1191 removeret.
1849 1169 1883 1188 eo

1092 1207 1162 1242 quod
1179 1207 1234 1241 ipsa
1250 1206 1504 1238 iuvisibiliaesscnt;
1520 1214 1586 1233 neve
1602 1206 1642 1233 his
1659 1206 1824 1233 Paracletum
1835 1207 1882 1232 ad.

1093 1253 1234 1284 misceret,
1260 1252 1447 1287 prtutermissis
1467 1251 1655 1285 sensibilibus,
1675 1259 1735 1286 quin
1758 1251 1882 1278 omnibus

1093 1303 1154 1325 nota
1167 1302 1256 1330 erant,
1267 1298 1383 1325 celestis
1393 1302 1528 1325 enumerat
1542 1297 1584 1324 ltis
1594 1296 1681 1324 verbis
1695 1305 1704 1325 :
1716 1296 1775 1324 Sive
1788 1297 1880 1327 throni,

1093 1343 1144 1370 sive
1151 1343 1341 1376 dominationes,
1348 1344 1399 1371 sive
1405 1343 1572 1379 principatus,
1580 1343 1630 1370 sive
1638 1341 1881 1378 potestnte:(lbid.).

1095 1388 1161 1415 lllttd
1174 1389 1257 1422 enim,
1272 1389 1340 1422 Sive,
1359 1389 1468 1423 singulis
1484 1389 1633 1423 appositum
1647 1409 1659 1421 ,
1671 1388 1734 1415 nihil
1749 1387 1819 1415 aliud
1834 1396 1882 1415 no-

1096 1434 1136 1461 bis
1149 1434 1291 1469 signilicat,
1304 1443 1383 1470 quam
1398 1435 1458 1466 hoe,
1471 1435 1563 1462 Omnia
1577 1443 1620 1469 per
1634 1435 1716 1470 ipsum
1731 1436 1798 1470 facta
1813 1439 1882 1465 stult,

1093 1485 1117 1507 ot
1133 1482 1187 1508 sine
1204 1481 1260 1516 ipso
1277 1482 1372 1516 factum
1386 1486 1422 1508 est
1440 1480 1505 1508 nihil
1517 1481 1584 1516 quod
1598 1482 1692 1516 factum
1705 1485 1750 1508 ut.
1772 1481 1851 1513 Quod
1861 1482 1883 1507 si

1096 1527 1169 1557 illud.
1187 1526 1248 1559 I’er,
1262 1527 1464 1554 diminutionem
1479 1527 1629 1562 signiﬁcare
1643 1532 1729 1562 putes,
1744 1526 1810 1553 audi
1823 1534 1884 1560 pro-

1095 1574 1201 1609 pltetam
1217 1575 1348 1602 dicentem
1362 1584 1367 1600 :
1383 1573 1461 1600 Initio
1477 1578 1513 1604 tu,
1524 1573 1641 1606 Domine,
1654 1578 1747 1600 terram
1761 1573 1883 1607 fundasti,

1095 1627 1117 1649 et
1140 1630 1216 1655 opem
1236 1630 1355 1648 manuum
1372 1626 1472 1647 ltutrnm
1487 1625 1543 1647 sunt
1558 1620 1613 1646 caeli
1628 1620 1636 1653 (
1653 1619 1724 1646 Psal.
1741 1620 1801 1647 101.
1817 1619 1852 1646 ili
1866 1621 1883 1651 ).

1095 1667 1170 1701 Quod
1195 1666 1228 1694 de
1250 1667 1326 1693 Patre
1351 1671 1377 1693 ιιι
1397 1671 1517 1693 creatore
1541 1665 1639 1692 dictum
1662 1670 1712 1696 est,
1731 1665 1804 1691 itide
1820 1664 1885 1690 Filio

1095 1713 1160 1739 dicit
1175 1721 1181 1739 :
1199 1721 1250 1739 non
1271 1711 1405 1743 dicturus,
1428 1711 1477 1738 nisi
1500 1716 1613 1739 creator.
1630 1718 1679 1738 nec
1693 1715 1793 1737 tantum
1810 1710 1885 1736 mini-

1096 1762 1150 1784 stcr
1161 1757 1327 1784 existimatus
1339 1761 1416 1783 esset.
1435 1755 1509 1788 Quod
1525 1756 1546 1782 si
1561 1756 1602 1783 hic
1616 1755 1665 1782 Per
1675 1755 1756 1789 ipsimi
1772 1755 1884 1785 dicatur,

1097 1812 1148 1831 nou
1168 1805 1217 1830 alia
1233 1804 1265 1831 de
1279 1811 1357 1830 causa
1376 1803 1489 1835 dicitur,
1506 1811 1584 1837 quam
1598 1810 1631 1829 ne
1643 1802 1702 1837 quis
1721 1801 1816 1829 Filium
1833 1810 1884 1828 uua

1095 1850 1214 1884 genitum
1226 1857 1285 1876 esse
1299 1849 1459 1883 suspicetur.
1475 1848 1693 1882 Quandoquidem
1708 1848 1776 1881 quod
1791 1855 1885 1875 secun-

1096 1895 1158 1920 dum
1172 1894 1314 1921 creationis
1327 1893 1482 1928 dignitatem
1497 1892 1566 1920 nihil
1579 1893 1666 1920 minus
1682 1892 1790 1922 habeat.
1807 1901 1885 1926 quatit

1097 1939 1184 1971 Pater,
1197 1939 1257 1966 audi
1272 1940 1357 1972 ipsum
1370 1939 1501 1966 dicentem
1513 1947 1519 1965 :
1530 1937 1601 1965 Sicut
1617 1937 1694 1965 Pater
1707 1939 1811 1965 suscitat
1821 1947 1887 1964 tuor-

1097 1990 1152 2012 tnot
1168 1991 1190 2012 et
1206 1986 1322 2019 viriﬁcut,
1337 1985 1372 2012 sic
1386 1990 1408 2012 et
1425 1984 1506 2011 Filius
1521 1993 1583 2019 quos
1599 1985 1649 2011 uult
1663 1984 1773 2017 viri/teat
1789 1983 1884 2020 (Joun.

1097 2031 1123 2058 5.
1138 2031 1196 2064 2|).
1218 2030 1246 2057 Si
1269 2031 1357 2065 itaque
1372 2030 1406 2057 de
1428 2029 1493 2056 Filio
1513 2030 1615 2056 dicatur
1635 2029 1660 2055 in
1685 2029 1772 2056 Veteri
1794 2029 1886 2056 Testa-

1097 2081 1197 2107 mento,
1214 2075 1292 2102 Initio
1307 2080 1344 2108 tu,
1361 2075 1477 2107 Domine,
1490 2080 1582 2101 (errant
1596 2074 1710 2110 fundasti
1722 2094 1730 2106 ,
1749 2073 1887 2101 manifesta

1097 2128 1138 2150 est
1159 2122 1303 2150 creatiouis
1323 2121 1437 2156 dignitas
1453 2121 1512 2148 :sin
1532 2120 1565 2147 tle
1585 2120 1663 2147 Patre
1684 2120 1839 2154 prophetam
1862 2119 1886 2145 id

1098 2169 1236 2203 loquutum
1248 2167 1358 2199 dixeris,
1373 2167 1484 2194 Paulum
1495 2171 1583 2193 autem
1597 2165 1662 2192 Filio
1677 2166 1852 2200 adscripsisse
1864 2166 1887 2192 id

1097 2214 1166 2248 quod
1181 2213 1215 2241 dc
1230 2213 1307 2240 Patre
1322 2212 1421 2239 dicltuu
1435 2217 1507 2244 erat;
1522 2211 1634 2246 itlipsuut
1647 2216 1735 2238 tamen
1751 2217 1886 2246 srquetur.

1098 2261 1189 2294 Neque
1199 2259 1270 2286 enim
1284 2259 1309 2285 id
1324 2258 1419 2286 Paulus
1435 2257 1501 2284 Filio
1513 2263 1665 2292 competere
1679 2258 1825 2290 statuisset,
1839 2257 1888 2284 nisi

1098 2305 1240 2333 admodmn
1263 2311 1351 2333 certus
1363 2327 1370 2336 ,
1389 2313 1479 2339 parem
1492 2313 1552 2332 esse
1566 2305 1731 2340 dignitatem.
1755 2304 1888 2331 Extrema:

1099 2360 1212 2386 namque
1224 2351 1342 2379 audaciae
1354 2355 1436 2381 esset.
1450 2359 1480 2377 ea
1496 2359 1555 2385 qua:
1568 2351 1618 2378 iuet
1630 2349 1768 2384 mparabili
1786 2354 1886 2376 natura;

1098 2402 1291 2432 tompeterenl,
1306 2397 1401 2424 minori
1415 2401 1442 2424 et
1455 2396 1577 2424 inferiori
1590 2396 1753 2423 :tdsrribere.

1134 2445 1159 2472 ὃ.
1172 2445 1206 2470 At.
1219 2451 1305 2478 neque
1316 2445 1412 2474 minor,
1426 2450 1511 2478 neque
1523 2434 1631 2469 inferior
1644 2442 1728 2469 Patris
1740 2441 1886 2469 substantia

1098 2495 1139 2516 cst
1154 2489 1245 2516 Filius.
1262 2488 1428 2523 Quapropter
1445 2496 1496 2514 non
1514 2487 1564 2514 hoc
1577 2488 1663 2514 solum
1679 2487 1712 2514 de
1727 2486 1794 2513 Filio
1808 2494 1888 2513 ausus

1098 2541 1138 2562 est
1151 2534 1248 2562 Paullus
1261 2534 1366 2566 dicere,
1380 2533 1426 2561 scd
1441 2534 1520 2560 ctiant
1535 2533 1585 2559 alia
1601 2533 1707 2559 similia.
1724 2531 1790 2560 Nam
1805 2532 1867 2559 illud
1879 2553 1886 2562 ,

1099 2581 1139 2607 [ιζε
1151 2589 1210 2615 quo,
1224 2579 1295 2615 quod
1311 2585 1338 2606 tu
1353 2579 1434 2606 solius
1449 2579 1534 2606 Patris
1547 2578 1668 2614 dignitati
1681 2578 1811 2606 adscribis
1821 2599 1828 2611 ,
1845 2579 1887 2605 illc

1098 2627 1131 2654 de
1155 2627 1221 2654 Filio
1241 2626 1306 2653 dicit
1330 2625 1371 2652 his
1392 2625 1478 2652 \erbis
1492 2634 1498 2652 :
1514 2624 1554 2651 Es:
1567 2633 1616 2660 quo
1631 2629 1709 2651 totum
1722 2632 1830 2659 corpus,
1846 2631 1887 2658 per

1098 2680 1176 2698 nexus
1193 2676 1215 2698 et
1231 2670 1420 2705 conjunctione;
1437 2670 1653 2697 subministrattmt
1668 2675 1691 2696 et
1704 2674 1884 2700 construrtum,

1097 2717 1184 2744 crescit
1197 2717 1223 2742 in
1237 2720 1398 2751 augtttetttunt
1411 2714 1456 2742 Dei
1472 2714 1587 2749 (Colon.
1599 2715 1626 2741 ‘2.
1643 2715 1703 2749 19).
1725 2713 1816 2748 Neque
1837 2713 1885 2740 hoc

1098 2763 1155 2790 solo
1167 2765 1306 2789 contentus
1317 2765 1368 2794 est,
1380 2760 1427 2787 sed
1442 2765 1468 2788 et
1480 2759 1588 2788 aliunde
1598 2760 1672 2787 vobis
1684 2760 1816 2787 obstruxit
1827 2767 1882 2791 ora,

1130 2840 1137 2856 ι
1157 2840 1198 2865 alii
1215 2840 1315 2869 habent,
1327 2840 1374 2865 sire
1387 2846 1410 2864 ιη
1420 2838 1560 2864 hominibus.
