2044 3113
156 123 191 152 m
706 116 738 143 IN
757 113 912 143 JUANNEM
933 115 1049 143 llOMlL.
1067 115 1098 142 V.
1119 116 1154 145 al.
1175 116 1218 146 iV.
1763 122 1795 149 53

160 189 216 208 cum
233 179 308 210 illud,
327 179 376 205 Per
389 185 471 213 quem,
485 176 555 211 quod
568 175 695 202 minorem
710 172 858 207 signiﬁcare
873 171 949 203 dicis,

160 226 228 254 Patri
242 225 379 252 adscribit.
398 223 493 250 Fidelis
505 222 576 249 cnim
593 221 675 251 Deus,
692 219 792 254 inquit,
812 227 857 252 per
877 226 949 249 quem

159 272 239 298 notati
252 271 311 298 estis
325 271 350 296 in
365 271 506 296 societatem
528 267 591 293 Filii
610 267 665 301 ejus
688 267 711 295 (1
740 265 798 292 Cor.
814 265 839 290 1.
858 263 875 290 9
886 264 909 297 );
923 268 950 289 et

158 325 275 348 rursum,
294 316 344 344 Per
357 317 509 343 voluntatem
522 315 576 349 ejus
591 313 702 347 (Ephes.
719 312 743 338 1.
760 311 770 338 1
784 311 810 344 );
826 314 852 336 et
866 309 927 336 alibi
940 329 947 340 ,

159 364 285 397 Quoniam
309 370 339 389 ea:
361 362 417 395 ipso
429 381 437 393 ,
455 366 477 387 et
497 369 540 394 per
561 360 656 393 ipsum,
672 363 694 384 et
716 358 743 384 in
763 357 847 390 ipsum
863 356 949 381 onmia

158 409 242 443 (Itum.
257 409 299 436 11.
312 407 367 442 56).
384 406 474 441 Itaque
489 413 539 432 non
554 406 599 432 uni
614 404 680 430 Filio
691 403 765 435 illud,
780 403 819 429 E1:
830 407 888 437 quo,
900 402 947 428 sed

156 455 236 481 etiam
250 453 359 488 Spiritui
378 453 511 480 tribuitur.
529 452 631 478 Etenim
647 449 764 484 Josepho
778 449 888 483 angelus
903 449 946 475 di-

156 499 230 525 cebat
246 509 252 525 :
272 499 312 525 Ne
332 499 419 524 timeas
440 499 553 532 accipere
574 496 685 522 Mariam
704 496 836 530 conjuge»:
856 499 947 521 tuum:

155 547 222 579 quod
237 546 302 572 enim
315 546 339 572 in
351 553 381 572 ea
389 550 475 572 nutum
486 550 532 576 est,
543 552 575 570 ex
586 543 685 578 Spiritu
695 547 782 569 sancto
793 546 828 568 est
840 541 945 576 (Matth.

157 593 179 617 1.
193 591 251 624 ‘20).
268 590 496 623 Quemadmodum
508 595 535 616 et
548 589 621 619 illud,
634 588 735 623 Inque,
748 587 816 622 quod
833 587 946 620 Spiritus

155 644 204 666 est.
224 646 275 664 nun
293 642 397 664 recursat
408 636 535 671 propheta
552 636 606 662 Deo
622 635 748 666 tribuere,
764 634 824 660 dum
840 634 876 659 ait
893 641 898 659 :
915 632 946 659 In

157 684 208 710 ltro
224 686 344 718 faciemus
356 685 470 710 t'irtutem
485 683 571 717 (Paul.
588 683 632 710 59.
646 681 700 716 14).
719 681 750 707 Et
763 681 858 707 Paulus
870 700 878 712 ,
893 679 946 705 0b-

154 738 255 756 tecrunl
266 751 272 762 ,
293 731 346 762 ait,
363 731 385 756 si
395 729 520 763 quomodo
534 729 635 755 tandem
650 728 784 762 aliquando
798 734 945 761 prosperum

154 777 200 803 iter
215 777 320 803 habeam
335 778 361 803 in
375 777 502 803 voluntate
518 775 564 802 Dei
577 776 692 802 veniendi
706 775 740 800 ntl
754 782 797 800 vos
813 773 899 808 (Rom.
918 774 943 800 1.

155 824 198 859 10)
214 833 220 850 :
237 828 264 850 et
288 825 380 850 iterum
404 823 429 850 id
450 824 483 850 de
502 823 608 850 Christo
621 822 701 853 dicit,
719 821 748 847 In
759 821 858 848 Christo
870 821 942 846 Iesu.

155 867 343 902 tlnjuseemodi
368 874 440 895 certe
468 868 546 895 verba
575 867 807 894 indiscrimiuatim
835 871 943 899 accepta

155 916 310 949 frequenter
319 915 482 949 reperiemus
495 923 501 940 :
514 914 584 947 quod
601 913 709 940 minime
726 913 809 943 ﬁeret,
826 912 874 938 nisi
888 911 943 937 ubi-

153 969 204 995 que
218 961 312 987 eadem
328 961 472 987 substantia
488 965 568 986 csSet.
590 959 627 986 Ne
644 963 731 985 autem
749 958 812 985 illud
826 979 832 989 ,
851 957 943 984 Omnia

153 1015 195 1040 per
206 1007 289 1042 ipsum
301 1007 368 1040 facta
377 1012 445 1039 sunt,
454 1006 487 1033 de
498 1006 579 1040 signis
591 1011 666 1040 putes
676 1012 744 1032 nunc
752 1012 811 1031 esse
822 1004 920 1031 dictum
934 1013 940 1030 ι

151 1052 185 1078 de
204 1053 236 1079 iis
255 1053 324 1079 enim
345 1052 439 1087 reliqui
457 1052 626 1086 evangelislm
640 1051 717 1078 verba
734 1051 867 1082 fecerunt;
884 1055 943 1084 post

152 1097 210 1124 b:rc
222 1098 309 1124 subdit
322 1106 328 1123 :
340 1097 372 1124 In
385 1098 479 1124 mundo
490 1104 552 1128 erat,
564 1103 587 1123 et
598 1098 706 1123 nntmlus
716 1105 758 1127 per
767 1097 848 1130 ipsum
859 1098 942 1130 factus

149 1148 184 1169 est
201 1151 210 1169 :
224 1151 277 1169 non
291 1147 379 1170 autem
392 1143 514 1176 Spiritus,
530 1142 572 1177 qni
589 1150 640 1169 non
655 1150 685 1168 (ιχ
701 1149 811 1168 tnuuero
824 1141 943 1174 opiticlo~

149 1197 206 1216 rnm
223 1194 276 1222 est,
293 1189 338 1216 sed
355 1196 434 1223 supra
447 1194 540 1216 omnes
553 1189 662 1214 omnino
677 1192 824 1214 creaturas.
842 1185 940 1213 Verum

147 1236 199 1269 jam
215 1235 317 1270 reliqua
332 1242 533 1270 prosequamur.
556 1235 620 1260 Cum
634 1234 668 1260 de
680 1234 815 1260 creatione
830 1232 941 1267 loquens

147 1281 265 1308 Joannes
279 1280 392 1307 dixisset
407 1289 412 1306 :
429 1280 520 1306 Omnia
536 1288 579 1314 per
590 1280 672 1314 ipsum
687 1280 755 1313 facta
769 1283 835 1308 sunt.
850 1284 874 1304 et
888 1278 942 1304 sine

147 1327 201 1361 ipso
213 1328 313 1361 factum
329 1331 364 1352 est
378 1325 443 1352 nihil
456 1325 523 1358 quod
537 1328 630 1360 factito:
647 1330 700 1357 est;
719 1324 753 1350 de
775 1323 939 1358 providentia

146 1379 300 1399 scrtuunem
315 1371 405 1404 adiicit
420 1371 459 1397 his
473 1371 571 1402 verbis,
584 1369 614 1396 In
626 1369 680 1404 ipso
692 1370 741 1395 vim
752 1374 813 1395 erat.
830 1368 868 1395 Ne
881 1369 941 1402 quis

146 1418 216 1444 enim
232 1416 385 1444 incredulus
399 1416 541 1448 dubitaret,
553 1415 688 1450 quomodo
703 1419 740 1441 tot
753 1418 877 1447 tantaque
893 1420 940 1448 pcr

147 1465 232 1499 ip~mn
258 1463 327 1490 facta
351 1463 414 1495 sint,
431 1463 548 1489 subdidit
563 1471 569 1489 :
588 1461 619 1488 In
634 1462 688 1496 ipso
699 1462 748 1488 vita
760 1465 821 1487 erat.
839 1460 939 1492 Quem-

145 1511 291 1537 admodum
307 1511 328 1536 si
347 1517 379 1536 ex
400 1508 472 1536 fonte
487 1509 597 1544 abyssus
612 1508 749 1534 emittente
764 1514 859 1541 aquam
874 1506 940 1532 hau-

145 1558 223 1587 seris,
238 1561 486 1591 quantumcumque
501 1555 607 1581 haurias
620 1546 717 1580 fontem
731 1553 796 1580 nihil
812 1552 915 1578 minues
930 1561 936 1578 :

145 1604 178 1630 ita
189 1603 223 1631 de
233 1603 370 1637 Uuigeniti
383 1603 408 1628 vi
419 1601 545 1636 operandi
558 1601 713 1636 putandum,
725 1605 939 1635 quantacumque

135 1659 191 1687 χιιι-ι’
206 1652 295 1684 ipsam
311 1649 378 1676 farta
393 1649 557 1680 credideris,
573 1649 716 1682 numquam
733 1647 775 1673 illa
791 1646 937 1683 minuitur;

116 1694 122 1695 ί
135 1686 196 1722 limo
211 1704 279 1722 vero
293 1700 321 1722 ut
336 1696 418 1729 magis
433 1695 541 1729 proprio
554 1699 613 1720 utar
626 1693 748 1726 exemplo
759 1713 766 1724 ,
784 1700 879 1726 nempe
895 1683 947 1718 lui"

124 1766 127 1768 η
144 1743 191 1772 ris,
208 1742 243 1768 de
259 1749 310 1776 qua
326 1740 370 1768 ille
386 1748 446 1767 mox
460 1740 549 1774 adjirit
561 1760 569 1771 ,
589 1739 620 1765 Et
634 1739 684 1765 vita
698 1743 750 1764 erat
767 1738 819 1764 lux.
837 1738 937 1770 Quent-

144 1786 290 1814 admodum
311 1794 375 1821 ergo
396 1786 438 1813 lux
450 1807 456 1817 ,
478 1790 690 1820 quantacumque
704 1782 840 1810 hominum
857 1783 936 1809 millia

145 1833 275 1860 illnminet
289 1853 297 1865 ,
314 1832 378 1859 nihil
393 1831 542 1866 splendoris
557 1830 654 1856 amittit
668 1838 674 1856 :
691 1830 728 1856 sic
741 1836 847 1864 quoque
868 1828 939 1855 Deus

144 1884 168 1905 et
187 1884 332 1913 antequam
348 1883 474 1912 aperetur
488 1882 514 1904 et
531 1881 589 1910 post
602 1876 699 1903 emissa
715 1883 794 1909 opera
805 1896 812 1906 .
827 1874 938 1909 perinde

145 1925 247 1959 integer
271 1929 372 1955 manet,
395 1932 444 1951 nec
466 1923 602 1954 tnimtimr,
618 1930 702 1957 ncqne
727 1929 758 1948 ex
782 1921 937 1955 operatione

144 1972 225 1997 multa
253 1970 394 2004 fatigatur;
417 1970 462 1996 Sed
482 1969 585 1996 etiamsi
608 1969 679 1994 mille
705 1967 817 1994 tnumlos
839 1967 938 1993 similes

143 2023 237 2042 creare
253 2019 403 2049 oporteret,
417 2014 520 2041 etiamsi
538 2014 665 2045 inlinitus,
683 2013 732 2039 illis
747 2012 870 2039 euntibus
882 2011 938 2038 sul-

144 2060 235 2087 liceret
246 2081 253 2091 ,
277 2067 327 2087 nec
346 2059 468 2087 creandis
483 2059 561 2086 modo
571 2079 578 2090 ,
595 2058 641 2086 sed
655 2059 734 2085 etiam
751 2062 810 2092 post
824 2058 937 2084 creatio-

145 2113 205 2132 nem
219 2105 371 2132 servandis.
387 2105 452 2132 Vita:
468 2105 565 2140 quippe
578 2112 675 2130 nomen
691 2103 733 2130 hic
749 2111 799 2130 non
816 2103 848 2129 ad
862 2110 938 2129 crea-

145 2152 244 2178 tionem
260 2151 349 2178 solum
366 2151 476 2185 pertinet
491 2171 498 2183 ,
515 2150 561 2177 sed
577 2154 603 2177 et
615 2149 647 2176 ad
664 2149 854 2184 proridentiam
866 2169 872 2180 ,
888 2155 937 2182 qua

144 2205 187 2223 res
199 2201 301 2223 creata:
315 2200 455 2223 servantur
466 2200 493 2222 et
505 2200 671 2230 permanent.
696 2194 834 2227 Etiamque
848 2201 938 2220 resur-

145 2243 275 2269 rectionis
291 2242 438 2269 doctrinam
452 2241 506 2275 jam
525 2240 600 2267 nobis
615 2239 725 2266 fundare
743 2238 851 2273 incipit,
867 2243 892 2265 et
906 2238 939 2264 ab

144 2288 314 2315 admirandis
342 2287 414 2314 hisce
440 2286 584 2320 evangeliis
608 2285 720 2312 orditur.
745 2285 802 2311 Vita
826 2292 939 2319 namque

144 2335 176 2361 ad
192 2342 243 2361 nes
259 2333 430 2365 adveniente,
445 2333 562 2360 Solutum
572 2338 613 2359 est
629 2332 722 2358 mortis
736 2330 886 2365 imperium,
902 2330 939 2356 lu-

144 2388 229 2415 ceque
254 2388 305 2407 nos
325 2379 490 2406 illuminante
502 2400 509 2411 ,
527 2379 644 2406 tenebrat
660 2386 712 2404 non
728 2377 793 2403 ultra
812 2381 938 2408 m:ment;

145 2427 191 2453 sed
205 2431 300 2453 manet
314 2434 420 2461 semper
435 2426 461 2452 in
478 2425 552 2453 nobis
565 2426 627 2458 vita,
642 2429 668 2451 et
683 2432 754 2450 mors
770 2423 792 2451 ei
810 2424 939 2450 dominari

146 2481 197 2499 non
212 2477 313 2507 potest.
330 2471 419 2507 Itaque
431 2472 501 2506 quod
515 2472 548 2498 de
561 2471 639 2498 Patre
650 2471 748 2497 dictum
764 2475 805 2497 est
816 2491 822 2500 ,
842 2470 874 2496 de
891 2469 940 2496 hoc

145 2525 253 2552 quoque
272 2516 381 2552 proprie
395 2516 507 2548 dicatur,
524 2515 554 2542 In
568 2516 622 2550 ipso
638 2515 750 2547 vivimus,
767 2523 901 2545 moventur,
918 2519 940 2540 et

146 2571 235 2590 altanus
256 2564 334 2596 (Act.
350 2562 391 2589 17.
405 2561 457 2596 28)
476 2571 483 2590 :
499 2562 523 2589 id
539 2561 609 2597 quod
622 2561 700 2588 etiam
717 2561 812 2587 Paulus
825 2560 942 2587 declarat

147 2608 187 2635 his
201 2608 294 2635 verbis
308 2617 314 2633 :
334 2607 459 2640 Quoniam
471 2608 496 2633 in
510 2607 564 2641 ipso
580 2611 663 2632 creata
676 2610 732 2632 sunt
744 2606 838 2638 outnia,
853 2610 875 2631 et
889 2613 942 2630 mn-

147 2655 189 2679 niu
203 2654 229 2679 in
244 2654 301 2688 ipso
315 2657 429 2679 conﬂant
444 2651 516 2684 (Col.
530 2653 553 2678 1.
572 2652 632 2684 16).
648 2651 815 2685 Quapropter
829 2656 855 2677 et
869 2650 941 2676 radix

147 2698 247 2725 dicitur
261 2706 289 2725 et
305 2697 516 2724 lntnlamentum.

185 2743 266 2770 Pater
288 2752 337 2769 non
358 2743 527 2777 compositus,
545 2741 626 2768 Filius
646 2743 704 2768 item
726 2750 775 2768 non
792 2742 944 2776 compositus

148 2794 193 2814 est.
206 2802 244 2809 —-
255 2793 323 2814 Lutn
339 2793 428 2814 autem
444 2787 527 2819 audis,
543 2787 574 2813 In
590 2789 643 2821 ipso
653 2788 703 2813 vita
715 2791 777 2820 erat,
793 2794 824 2813 ne
840 2794 944 2820 con-po-

148 2834 228 2862 situm
249 2834 397 2868 suspiceris
412 2841 417 2859 :
434 2841 493 2860 nam
510 2838 599 2868 postea
620 2833 652 2859 de
671 2833 747 2859 Patre
765 2832 829 2858 dicit
845 2842 851 2858 ε
868 2832 942 2859 Sit-ut

1007 171 1084 198 Pater
1098 173 1170 200 habet
1182 175 1258 201 vitam
1273 175 1300 201 in
1311 175 1454 210 semetipso,
1465 177 1501 202 sic
1511 176 1579 203 dedit
1589 181 1613 203 et
1625 176 1693 204 Filio
1707 177 1796 205 habere

1003 218 1079 244 vitam
1094 217 1184 252 (Joan.
1195 219 1222 246 5.
1236 219 1292 255 ‘26).
1309 220 1362 248 Sed
1373 221 1444 248 sicut
1457 221 1562 248 Patrem
1575 230 1626 249 non
1643 223 1703 250 ideo
1717 230 1792 250 cmu-

1004 263 1120 296 positum
1142 265 1259 297 dixeris,
1281 267 1320 293 sic
1339 274 1388 294 nec
1402 267 1497 294 Filium
1511 267 1594 295 dicas.
1611 268 1714 296 Etenim
1731 268 1792 295 alibi

1003 317 1108 344 quoque
1119 311 1191 342 dicit,
1207 311 1265 338 Lux
1278 318 1313 339 est
1324 312 1393 340 Deus
1404 314 1430 348 (l
1457 313 1536 340 Joan.
1553 314 1579 341 1.
1595 314 1638 349 5);
1651 319 1678 341 et
1690 322 1792 346 rursus.

1003 355 1095 383 Lucem
1117 356 1210 383 habitat
1227 358 1419 384 inaccessibilem
1444 359 1475 394 (1
1511 359 1577 386 Tim.
1601 360 1707 394 6.1%).
1731 360 1793 387 Ila-1:

1003 410 1083 436 porro
1094 402 1182 428 otnnia
1198 402 1267 429 dicta
1280 408 1352 434 sunt,
1369 411 1421 430 non
1435 408 1463 431 ut
1475 406 1694 440 compositiouem
1709 406 1794 440 suspi-

1001 454 1109 479 cemur,
1127 448 1171 474 sed
1187 453 1215 474 ut
1234 448 1359 482 paulatim
1375 448 1407 475 ad
1424 448 1551 476 doctrinm
1571 451 1676 478 culmen
1692 451 1791 478 eveha-

1001 500 1060 519 mttr
1087 492 1152 520 Cum
1164 494 1234 520 enim
1249 501 1300 520 non
1313 493 1390 521 facile
1399 501 1414 520 a
1425 494 1503 528 vulgo
1516 494 1623 530 intelligi
1639 497 1730 529 possit,
1739 505 1790 530 qua

1001 539 1104 566 ratione
1117 539 1168 566 vita
1189 540 1213 566 iu
1233 540 1290 573 ipso
1304 540 1424 572 exsistat,
1440 541 1526 574 primo
1540 540 1565 567 id
1579 542 1648 575 quod
1664 542 1790 570 lmmilius

1000 589 1039 610 cst
1052 584 1130 615 dicit;
1147 585 1265 612 ermlitos
1282 592 1346 612 vero
1360 590 1451 620 postea
1462 586 1541 613 altius
1555 587 1642 621 erigit.
1659 588 1707 620 Qui
1718 589 1789 615 enim

999 629 1075 662 dixit,
1091 630 1167 656 Dedit
1179 631 1202 657 ei
1212 631 1287 657 vitam
1297 631 1398 663 habere,
1416 632 1437 658 is
1453 631 1509 665 ipse
1522 632 1558 658 ait
1570 640 1577 658 :
1588 632 1642 665 Ego
1656 640 1712 658 sum
1724 633 1789 664 vita;

998 680 1026 702 et
1039 682 1141 706 rursus,
1155 675 1209 710 ligo
1224 684 1279 702 sum
1293 676 1337 703 luat
1350 676 1437 710 (loqu.
1454 677 1479 703 5.
1494 676 1539 703 26.
1561 677 1604 703 14.
1618 676 1645 704 6.
1662 682 1684 703 et
1694 677 1722 704 8.
1734 677 1788 712 12).

999 721 1033 747 Ει
1045 721 1140 755 qualis,
1154 729 1256 755 qtnesa,
1272 721 1328 748 btet:
1344 722 1386 748 lux
1401 722 1460 749 est?
1473 722 1529 749 Non
1542 723 1659 755 sensilis,
1674 722 1722 749 sed
1735 723 1790 757 spi-

998 767 1100 793 ritualis
1111 787 1119 798 ,
1134 774 1193 801 qua:
1209 767 1340 794 illuminat
1353 770 1477 794 animam.
1502 767 1568 801 Quia
1584 767 1654 794 cnim
1669 767 1789 795 Christus

998 813 1118 840 dicturus
1131 818 1202 845 erat,
1219 813 1300 839 Nemo
1316 819 1394 848 potest
1416 814 1498 841 venire
1515 814 1550 840 ad
1566 822 1622 846 me,
1643 814 1693 840 nisi
1714 813 1789 840 Pater

998 859 1101 885 traxerit
1114 866 1168 885 eum
1187 859 1265 893 (Ibid.
1282 859 1307 885 6.
1323 859 1379 893 Μ),
1397 859 1456 886 ideo
1472 860 1636 893 praeveniens
1652 860 1786 894 evangeli-

997 909 1036 931 sta
1049 903 1116 930 dixit
1130 906 1214 938 ipsum
1229 912 1289 932 esse
1300 905 1343 938 qui
1356 905 1502 937 illuminat;
1516 910 1544 931 ut
1556 905 1577 931 si
1590 905 1622 931 de
1636 905 1714 932 Patre
1723 906 1787 940 quid

996 949 1082 976 simile
1102 949 1203 982 audias,
1228 957 1261 976 tte
1284 949 1309 976 id
1331 949 1413 976 solius
1438 949 1534 982 Patris,
1546 950 1592 976 sed
1607 949 1665 976 Filii
1681 958 1788 984 quoque

996 1004 1055 1023 esse
1069 996 1218 1030 protitearis
1235 1005 1241 1022 :
1258 1003 1318 1022 nam
1334 995 1436 1027 Omnia,
1453 996 1546 1030 inquit,
1562 1004 1723 1031 quaecumque
1741 996 1788 1022 Int-

996 1043 1034 1069 bet
1049 1041 1125 1068 Pater
1136 1049 1213 1073 utens,
1231 1050 1285 1068 mea
1298 1046 1355 1068 sunt
1371 1040 1452 1075 (Ibid.
1466 1041 1509 1068 16.
1524 1042 1556 1068 15
1567 1042 1585 1075 ).
1603 1041 1693 1068 Primo
1708 1042 1787 1076 igitur

994 1089 1156 1115 creationem
1178 1096 1225 1114 nos
1245 1088 1335 1114 docuit
1347 1096 1353 1113 :
1365 1087 1462 1114 deinde
1477 1088 1572 1114 animm
1585 1087 1651 1114 bona
1667 1095 1726 1122 qua:
1742 1096 1786 1115 re-

995 1134 1071 1161 nieus
1083 1134 1158 1160 nobis
1172 1134 1280 1167 largitus
1295 1138 1345 1164 est,
1358 1141 1410 1160 uno
1422 1133 1503 1160 verbo
1517 1133 1692 1160 subiudicarit
1705 1141 1785 1160 eran-

993 1181 1086 1215 gelista
1105 1181 1197 1207 dicens
1214 1189 1220 1207 :
1239 1179 1271 1205 Et
1291 1181 1341 1206 vita
1355 1183 1406 1205 erat
1421 1179 1466 1206 tua:
1482 1179 1619 1205 hominum.
1639 1179 1692 1206 Nec
1707 1179 1783 1210 dixit,

995 1226 1059 1252 Erat
1083 1226 1125 1252 lux
1149 1225 1312 1257 Juda‘orum,
1335 1225 1392 1256 sed.
1421 1225 1608 1251 Universorum
1634 1225 1782 1252 hominum.

994 1272 1084 1306 Neque
1098 1272 1168 1299 enim
1183 1271 1266 1298 Jmlati
1282 1276 1393 1303 tantum,
1406 1271 1451 1297 sed
1463 1271 1541 1297 etiam
1553 1271 1663 1305 gentiles
1673 1271 1705 1297 ad
1716 1271 1783 1297 hanc

993 1319 1172 1352 cognitionem
1192 1318 1357 1344 devenerunt
1369 1338 1375 1349 ,
1390 1322 1414 1343 et
1433 1317 1488 1343 Iure
1504 1317 1547 1343 lux
1562 1317 1712 1344 communis
1726 1325 1785 1343 om~

993 1365 1071 1391 nibus
1088 1365 1220 1398 proposita
1232 1368 1299 1390 erat.
1314 1363 1369 1389 (iur
1382 1367 1470 1389 autem
1486 1370 1537 1389 non
1549 1363 1658 1397 angelos
1670 1362 1781 1393 addidit,

992 1411 1038 1437 sed
1053 1411 1174 1437 homines
1188 1410 1275 1437 soltttn
1293 1410 1375 1436 dixit?
1389 1409 1454 1441 Quia
1472 1417 1540 1435 nunc
1555 1409 1602 1444 ipsi
1618 1409 1652 1436 de
1666 1409 1783 1436 humana

993 1461 1084 1483 natura
1107 1464 1196 1483 sermo
1220 1460 1276 1487 est;
1298 1460 1326 1482 et
1347 1455 1499 1481 hominibus
1522 1455 1589 1481 bona
1612 1455 1783 1482 nuntiaturus

992 1502 1073 1529 venit.
1089 1502 1115 1529 5.
1132 1501 1164 1528 Ει
1179 1502 1224 1528 lux
1237 1502 1262 1528 in
1278 1501 1384 1527 tenebris
1397 1501 1472 1527 lucet.
1494 1499 1631 1527 Tenebras
1650 1500 1692 1527 hic
1706 1505 1783 1526 vocat

992 1554 1107 1576 mortem
1126 1553 1154 1575 et
1173 1555 1301 1575 errorem.
1320 1547 1381 1573 Ilzec
1394 1546 1492 1581 quippe
1507 1546 1549 1573 lux
1565 1545 1672 1572 sensilis
1685 1553 1737 1572 non
1754 1547 1781 1572 in

992 1595 1109 1622 tenebris
1125 1594 1209 1626 lueet,
1225 1593 1271 1620 sed
1290 1593 1347 1619 sine
1364 1592 1481 1618 tenebris
1499 1595 1550 1620 est.
1567 1591 1725 1618 Priedicatio
1734 1599 1781 1617 au-

991 1645 1043 1667 tent
1060 1640 1128 1666 inter
1137 1646 1209 1670 eum,
1221 1639 1265 1672 qui
1279 1637 1366 1664 omnia
1378 1641 1563 1670 occupaverat,
1577 1644 1695 1663 errorem
1707 1636 1780 1663 elIul<

990 1687 1042 1718 sil,
1061 1692 1175 1719 eumque
1197 1683 1312 1710 sustulit.
1335 1683 1368 1710 Et
1391 1683 1416 1709 in
1441 1682 1524 1717 ipsam
1547 1687 1660 1709 mortem
1673 1682 1782 1709 veniens

991 1733 1058 1767 ipse,
1073 1732 1112 1759 sic
1128 1731 1200 1757 illam
1216 1730 1352 1763 superarit
1366 1749 1372 1760 ,
1388 1734 1416 1755 ut
1430 1735 1478 1755 eos
1489 1728 1533 1762 qui
1549 1731 1634 1754 morte
1645 1727 1700 1762 jam
1714 1727 1780 1754 deti-

991 1778 1132 1809 nebantur,
1145 1779 1262 1803 erueret.
1275 1775 1405 1808 Quoniam
1417 1774 1496 1808 igitur
1507 1781 1592 1808 neque
1602 1780 1683 1805 mors,
1696 1781 1783 1807 neque

990 1831 1066 1851 error
1077 1823 1163 1849 lucem
1178 1821 1249 1848 illam
1261 1825 1420 1854 superarunt
1432 1828 1439 1850 ;
1461 1819 1507 1846 sed
1521 1824 1560 1846 est
1574 1818 1670 1853 ubique
1690 1819 1781 1852 splen-

991 1869 1062 1900 dida,
1076 1873 1102 1895 et
1117 1867 1222 1902 propria
1238 1867 1261 1892 vi
1277 1866 1356 1900 fulget
1374 1874 1381 1892 :
1399 1865 1457 1891 ideo
1470 1866 1526 1896 ait,
1551 1863 1582 1890 Et
1602 1864 1710 1890 tenebrat
1727 1872 1781 1890 eam

991 1923 1040 1942 non
1053 1914 1304 1949 comprehenderunt.
1329 1912 1375 1938 Est
1397 1911 1468 1938 enint
1489 1910 1717 1944 inexpugnabilis,
1733 1916 1782 1936 nec

992 1962 1104 1988 libenter
1118 1961 1142 1986 in
1159 1959 1255 1986 animis
1268 1958 1377 1989 habitat,
1394 1957 1436 1990 qui
1452 1957 1545 1983 nolunt
1557 1955 1709 1982 illuminari.

1026 2008 1052 2035 Δ,
1066 2007 1161 2033 Lumen
1181 2005 1278 2032 cwleste
1298 2012 1346 2030 non
1366 2003 1491 2029 illuminat
1509 2002 1557 2028 nisi
1570 2001 1659 2032 virtute
1677 2005 1699 2027 et
1718 2001 1781 2027 bona

991 2055 1117 2081 uoluntate
1129 2052 1271 2078 instructos.
1293 2049 1415 2076 Pecrutor
1427 2051 1499 2083 quasi
1511 2048 1536 2074 in
1551 2048 1667 2074 ebrietate
1679 2052 1701 2073 et
1716 2052 1782 2074 tene-

992 2101 1042 2127 bris
1052 2103 1173 2128 versatur,
1186 2097 1269 2123 omnia
1281 2101 1334 2122 luta
1345 2096 1441 2122 timens.
1457 2094 1543 2121 Satius
1556 2099 1590 2120 est
1599 2094 1692 2120 nudum
1707 2101 1782 2128 quam

992 2148 1099 2184 peccatis
1112 2151 1226 2173 onustum
1242 2144 1424 2170 ambulare.——
1439 2141 1513 2175 Quod
1527 2142 1548 2167 si
1566 2149 1617 2167 non
1633 2147 1726 2167 omnes
1739 2147 1780 2167 ce.

993 2195 1069 2229 perit,
1086 2200 1119 2219 nc
1141 2191 1166 2218 id
1181 2196 1206 2218 te
1227 2189 1369 2217 conturbet
1390 2197 1396 2215 :
1414 2196 1465 2215 non
1484 2187 1555 2214 enim
1575 2195 1606 2213 ex
1622 2186 1779 2213 necessitate

992 2245 1036 2267 aut
1051 2240 1086 2270 vi,
1102 2237 1148 2265 sed
1166 2244 1198 2263 ex
1214 2236 1349 2262 voluntate
1363 2238 1389 2260 et
1415 2233 1526 2259 arbitrio
1547 2232 1579 2258 ad
1609 2238 1656 2258 nos
1678 2231 1780 2257 accedit

994 2286 1073 2312 Deus.
1087 2283 1123 2311 Ne
1143 2282 1194 2309 luci
1205 2281 1265 2308 huic
1276 2280 1373 2318 ostium
1389 2278 1507 2309 claudas,
1518 2282 1544 2304 et
1556 2276 1637 2303 multa
1648 2275 1782 2309 Voluptate

994 2331 1099 2358 frueris.
1111 2328 1172 2356 lber.
1187 2335 1268 2363 porro
1282 2327 1324 2353 lux
1341 2332 1386 2360 per
1399 2325 1476 2351 tidem
1491 2323 1604 2355 accedit,
1618 2327 1646 2349 et
1660 2329 1720 2349 cum
1742 2329 1783 2348 se-

994 2378 1045 2404 mel
1057 2376 1174 2407 advenit,
1191 2373 1367 2408 excipientem
1382 2379 1412 2398 sc
1436 2369 1577 2397 admodum
1594 2368 1724 2395 illuminat
1738 2375 1745 2393 :
1760 2372 1787 2393 ct

993 2425 1013 2451 si
1035 2430 1127 2457 puram
1147 2421 1276 2448 exhibeas
1300 2419 1391 2449 vitam,
1414 2420 1541 2451 perpetuo
1555 2415 1626 2441 intus
1646 2413 1762 2440 manebit
1779 2421 1786 2438 :

994 2477 1054 2496 nam
1080 2467 1129 2500 Qui
1142 2466 1225 2500 diligit
1247 2473 1296 2497 me,
1316 2463 1438 2490 mandata
1454 2469 1508 2488 mea
1523 2459 1638 2491 servabit,
1657 2463 1680 2486 et
1693 2454 1786 2484 ‘venie-

994 2523 1049 2541 mus
1064 2514 1097 2539 nd
1112 2521 1167 2539 eum
1188 2519 1233 2546 ego
1256 2515 1278 2536 et
1304 2508 1380 2535 Pater
1394 2515 1472 2538 meus,
1499 2511 1521 2532 et
1544 2505 1700 2531 mansionem
1717 2502 1788 2537 apud

995 2568 1051 2587 cunt
1079 2559 1199 2594 faciemus
1216 2555 1305 2590 (Joan.
1330 2552 1443 2589 “.23).
1467 2549 1694 2584 Quemadmodum
1716 2548 1788 2594 enim

996 2614 1047 2632 non
1077 2607 1164 2640 potest
1184 2603 1242 2637 quis
1263 2600 1339 2628 radio
1355 2599 1433 2626 Solari
1450 2597 1533 2632 probe
1547 2596 1607 2627 frtri,
1631 2595 1679 2621 nisi
1695 2593 1788 2621 oculos

996 2652 1097 2686 aperiat
1113 2659 1119 2677 :
1136 2650 1171 2676 ita
1187 2655 1273 2683 neque
1303 2647 1381 2680 hujus
1394 2643 1542 2679 splendoris
1557 2641 1662 2669 abunde
1677 2647 1790 2667 consors

996 2685 1067 2729 esse,
1080 2695 1131 2723 nisi
1144 2695 1239 2722 animae
1255 2692 1346 2719 oculos
1361 2690 1472 2724 aperiat,
1483 2693 1628 2721 eorumque
1639 2685 1724 2712 aciem
1738 2693 1788 2711 un-

998 2743 1076 2776 dique
1091 2745 1175 2776 paret.
1190 2739 1330 2771 Quomodo
1351 2739 1440 2762 autem
1455 2733 1481 2760 id
1497 2731 1553 2759 ﬁeri
1568 2731 1672 2766 possit?
1692 2730 1720 2757 Si
1733 2730 1788 2756 ani-

1000 2774 1072 2813 mum
1086 2774 1158 2812 omni
1176 2783 1240 2810 vitio
1256 2787 1408 2816 purgemus.
1425 2779 1565 2805 Peccatum
1579 2776 1649 2803 enim
1666 2774 1791 2802 tenebro-

1001 2839 1059 2859 sum
1086 2836 1125 2858 est
1141 2852 1147 2863 ,
1171 2831 1305 2862 densaque
1333 2825 1444 2860 caligine
1473 2822 1604 2856 offusum;
1629 2822 1708 2856 idque
1730 2819 1791 2847 inde
