2044 3113
219 116 253 143 59
565 112 592 140 S.
613 110 752 139 JOANNIS
769 107 1007 136 CIIRYSOSTOMI
1029 108 1186 138 ARCIIIEP.
1207 109 1478 140 CONSTANTINOP.
1821 112 1854 141 Ni

221 172 307 207 palam
331 176 382 204 est,
399 171 468 207 quod
491 169 686 198 inconsiderate
710 173 737 196 et
759 169 817 196 sine
838 168 946 196 arbitris
961 168 1007 195 ad-

220 219 351 245 mittatur.
374 217 439 245 Nam
467 216 555 244 Omnis
580 216 623 249 qui
646 215 712 241 male
733 215 801 250 agit.
815 214 867 241 odit
881 215 973 247 lucem,
988 219 1010 241 et

220 273 271 291 non
283 264 348 291 venit
373 263 407 290 ad
421 253 692 295 Iucent(lo}n.3.20)
705 268 712 291 ;
727 265 764 292 et,
781 259 844 292 Qua!
862 260 888 286 in
912 260 1010 286 occulto

219 312 297 344 ﬁunt,
311 316 384 344 turpe
393 313 429 335 est
441 313 464 334 et
479 307 562 334 dicere
573 306 682 341 (Ephet.
694 306 721 334 5.
738 305 794 340 12).
808 305 883 333 Sicut
895 305 966 333 enim
983 305 1009 331 in

220 356 336 383 tenebris
350 362 398 381 nec
415 354 530 380 amicum
551 359 601 379 nec
619 352 753 380 inimicum
773 351 942 387 agnoscimus
964 358 1009 377 re-

220 408 331 434 rumque
341 399 460 426 omnium
470 403 591 426 naturam
603 399 765 434 ignoramus,
780 399 818 425 sic
826 402 853 424 et
864 398 889 424 in
902 402 1010 431 peccato

220 446 326 473 accidit.
341 445 405 472 Nam
418 445 465 480 qui
476 445 593 472 avaritiae
605 444 703 476 studet,
718 451 770 470 non
784 442 922 477 distinguit
944 442 1011 469 ami-

218 500 278 519 cum
292 493 325 518 ab
338 491 448 519 inimico
466 501 473 518 :
490 491 648 525 invidttsque
663 489 860 517 necessitudine
881 488 932 516 sibi
945 488 1010 522 jun-

217 543 288 565 ctum
303 543 331 564 ut
353 538 489 565 inimicum
506 538 583 564 habet
597 546 604 569 ;
633 543 663 564 ac
678 537 722 571 qui
739 536 892 566 insidiatur,
916 539 1009 562 eontra

217 593 309 611 omnes
320 585 419 612 bellum
431 586 498 618 gerit
515 592 522 610 :
539 591 591 610 uno
600 583 690 613 verbo,
705 582 824 617 quisquis
838 586 947 615 peccato
959 580 1009 607 ob-

218 632 311 657 noxius
327 635 377 662 est,
392 630 456 656 nihil
471 629 563 656 dim-rt
573 629 607 655 ab
620 628 731 655 ebriisel
742 627 901 658 furentibus,
924 633 1010 660 neque

219 684 308 703 rerum
332 681 452 702 naturam
476 674 559 701 novit.
582 674 621 700 Ac
638 673 862 706 quemadmodum
886 677 964 699 noctu
981 672 1012 698 li-

218 731 309 756 gnum,
323 722 469 757 plumbum,
487 721 596 752 ferrum,
609 724 760 754 argentum,
775 727 879 750 aurum.
895 719 1009 753 lapidem

218 769 376 803 pretiosum,
391 767 533 801 omniaque
556 765 612 800 pari
635 765 716 792 modo
729 766 872 797 cernimus,
887 773 947 792 eum
966 765 1009 791 lux

219 814 252 840 ad
273 814 330 840 hzrc
344 811 518 839 discernenda
533 818 586 838 non
598 810 667 838 adsit
682 819 689 837 :
705 810 744 837 sic
764 810 808 845 qui
825 810 876 836 vita
890 810 1011 844 impurus

218 863 269 891 est,
285 858 469 892 temperantite
479 858 603 884 virtutem
620 865 672 884 non
688 856 773 887 novit,
788 863 874 891 neque
888 855 1010 890 philoso-

219 905 288 938 phia:
301 903 536 939 pulchritudinem.
564 903 591 930 ln
607 902 725 929 tenebris
740 902 822 933 enim,
839 902 929 935 utjam
944 901 1009 932 dixi,

220 958 253 977 ne
268 949 369 985 lapides
382 949 487 984 quidem
501 949 609 983 pretiosi
625 947 848 982 pulchritudinem
873 955 947 973 suam
962 955 1010 974 ex-

221 997 322 1028 hibent,
339 1004 391 1023 non
405 1000 506 1023 natura:
517 1003 571 1022 suze
587 994 661 1024 vitio.
678 994 723 1021 sed
740 994 916 1029 spectantium
936 994 1010 1027 igno—

220 1044 316 1071 rantia.
336 1043 426 1077 Neque
441 1042 491 1069 Itoc
507 1049 586 1068 unum
609 1040 686 1068 nobis
703 1041 829 1068 damnum
854 1041 879 1066 in
902 1045 1011 1074 peccato

219 1089 376 1123 degentibus
389 1087 497 1119 accidit;
509 1086 554 1114 sed
563 1091 590 1113 et
598 1086 623 1113 in
638 1091 767 1121 perpetuo
775 1092 847 1113 metu
856 1092 993 1112 versamur
1002 1093 1009 1111 :

220 1141 250 1161 ac
272 1133 494 1168 quemadmodum
516 1133 532 1159 ii
554 1133 598 1167 qui
623 1140 672 1167 per
696 1137 800 1159 noctem
826 1132 936 1158 illuncm
961 1131 1011 1158 iter

221 1184 312 1214 agunt,
326 1187 433 1213 semper
445 1182 571 1210 tremunt,
584 1178 647 1205 licet
658 1186 738 1205 nemo
759 1178 830 1204 adsit
850 1177 893 1212 qui
910 1182 1010 1204 metum

221 1226 330 1252 incutiat
346 1235 352 1252 ξ
366 1226 404 1253 sic
418 1226 433 1252 ii
449 1226 491 1260 qui
504 1225 619 1259 peccatis
633 1225 714 1252 dediti
731 1229 803 1256 sunt,
816 1225 898 1251 lidere
910 1231 1010 1258 neque-

220 1276 268 1297 ont
280 1292 287 1302 ,
301 1271 404 1298 etiamsi
425 1271 513 1297 nullus
532 1270 601 1296 adsit
623 1270 668 1304 qui
688 1269 846 1303 redarguunt;
862 1269 907 1295 sed
924 1269 1010 1295 omnia

221 1316 361 1344 formidant
369 1320 395 1343 et
406 1320 527 1350 suspecta
536 1315 645 1345 habent,
655 1314 819 1342 conscientia
828 1314 981 1341 stimulante
990 1314 1010 1346 ',

219 1362 362 1397 omniaque
377 1361 441 1396 ipsis
454 1367 556 1389 terrore
566 1367 592 1388 et
606 1361 746 1388 formidine
755 1360 830 1394 plena
843 1360 1010 1392 sunt,omnia

220 1406 524 1441 anxiicircumspiciunt.
535 1406 600 1433 Tam
615 1406 752 1433 molestam
764 1413 827 1440 ergo
835 1406 915 1432 vitam
927 1405 1012 1440 lngia-

223 1461 291 1480 mus.
309 1452 374 1480 Nam
387 1457 445 1488 post
459 1460 586 1487 angorem
611 1452 773 1486 huiusmodi,
789 1459 861 1479 mors
876 1456 1011 1486 sequetur,

221 1507 294 1527 mors
304 1499 463 1527 immortalis
475 1507 481 1524 ι
496 1498 551 1526 illic
559 1498 630 1524 enim
643 1498 730 1524 nullus
739 1497 860 1532 supplicii
875 1498 934 1524 lluis
944 1497 993 1524 erit
1004 1506 1011 1528 ;

222 1546 264 1573 hic
275 1553 337 1573 vero
349 1545 384 1572 ab
398 1544 592 1572 insanientibus
603 1543 667 1570 nihil
678 1543 803 1571 differunt
814 1543 842 1575 ii,
857 1543 900 1578 qui
910 1551 953 1570 res
963 1543 1012 1569 sibi

222 1591 334 1626 lingunt,
344 1599 402 1626 qua:
417 1598 451 1618 ne
461 1589 568 1625 quidem
579 1590 724 1616 exsistunt.
739 1589 867 1616 Videntur
879 1589 949 1615 enim
964 1588 1013 1615 sibi

221 1639 315 1665 divites
338 1645 416 1670 esse,
443 1644 503 1665 cum
518 1643 571 1663 non
587 1635 656 1667 sint;
676 1643 706 1663 se
721 1635 839 1663 deliciari
862 1639 965 1669 putant,
988 1639 1015 1661 et

225 1684 308 1710 nulla:
322 1683 427 1710 delicia!
439 1690 446 1708 :
462 1689 512 1709 nec
531 1682 605 1716 prius
619 1680 750 1708 fallaciam
764 1686 791 1707 ut
807 1689 855 1715 par
869 1685 941 1707 esset
954 1687 1015 1707 sen-

222 1730 302 1760 tiunt,
319 1735 397 1762 quam
411 1727 444 1753 ab
455 1726 505 1754 hac
520 1726 622 1753 insania
637 1726 792 1758 liberentur,
808 1730 834 1753 et
845 1725 931 1752 donec
941 1733 1015 1752 som-

224 1781 286 1800 num
300 1773 445 1800 exeutiant.
463 1771 578 1807 Ideoque
594 1776 623 1799 ut
636 1771 717 1798 sobrii
733 1771 816 1798 simus
834 1775 861 1798 et
876 1771 1016 1805 vigilemus

225 1820 322 1848 Paulus
334 1819 459 1846 omnibus
474 1817 595 1852 przecipit.
611 1825 618 1845 :
635 1822 663 1844 et
685 1817 799 1851 idipsum
815 1824 922 1851 quoque
937 1816 1016 1843 Clu-i-

223 1871 290 1892 stus.
305 1865 353 1898 Qui
364 1864 469 1892 sobrius
483 1869 524 1890 est
535 1869 562 1890 et
573 1863 673 1898 vigilat,
690 1863 712 1890 si
735 1871 749 1889 a
765 1867 874 1897 peccato
884 1862 1015 1896 capiatur,

227 1911 281 1938 cito
296 1911 382 1946 ipsum
400 1908 501 1936 excutit
520 1917 526 1935 :
540 1908 585 1943 qui
601 1916 664 1936 vero
679 1908 777 1935 dormit
790 1913 835 1935 aut
860 1907 968 1940 insanit,
985 1915 1018 1934 ne

257 1967 264 1982 '
284 1965 338 1995 Alii,
351 1964 483 1989 mordente.

1065 169 1172 204 quidem
1184 170 1261 197 sentit
1274 171 1408 206 quomodo
1417 179 1432 199 a
1446 176 1556 206 peccato
1569 176 1699 200 teneatur.
1714 171 1752 200 Ne
1767 173 1855 208 itaque

1063 216 1238 243 dormiamus.
1253 216 1343 251 Neque
1358 217 1428 245 enim
1443 218 1529 246 noctis
1543 223 1646 253 tempus
1659 223 1710 248 est.
1729 218 1775 245 sed
1790 219 1853 245 diei.

1065 261 1155 296 Itaque
1167 261 1239 289 Sicut
1252 263 1277 289 in
1293 263 1334 290 die
1348 264 1449 291 honule
1462 264 1618 291 (turbulentat
1632 264 1718 299 (Rom.
1738 265 1780 292 15.
1797 265 1853 296 l5).

1064 307 1133 334 Nihil
1146 308 1216 335 enim
1228 313 1337 343 peccato
1347 309 1461 343 turpius.
1477 309 1563 337 Minus
1577 315 1618 336 est
1632 310 1742 341 malum.
1758 318 1852 337 secun-

1064 353 1126 380 dum
1152 353 1322 388 turpitudinis
1348 355 1488 388 rationem,
1515 355 1612 387 nudos,
1640 363 1718 390 quam
1741 356 1856 390 peccatis

1063 404 1091 426 et
1111 399 1257 427 sceleribus
1278 405 1390 428 onustos
1417 400 1599 428 obambulare.
1616 400 1680 428 lllud
1704 402 1774 428 enim
1803 409 1854 428 non

1065 450 1168 473 tantum
1183 446 1283 473 crimen
1307 451 1395 474 esset:
1419 454 1491 481 smpe
1509 454 1622 482 namque
1643 455 1676 474 ex
1700 451 1856 482 paupertate

1064 492 1167 519 oritur:
1183 497 1324 527 peccatore
1337 498 1426 520 autem
1440 493 1505 520 nihil
1520 493 1633 528 turpius,
1650 493 1714 520 nihil
1730 497 1854 520 centem-

1064 545 1108 573 ptu
1118 538 1232 574 dignius.
1242 538 1395 574 Cogitemus
1407 546 1471 575 ergo
1481 547 1538 570 eos,
1554 539 1599 572 qui
1616 539 1715 574 rapina:
1729 543 1756 566 et
1768 546 1855 565 usurze

1064 593 1142 612 causa
1159 586 1184 613 in
1197 585 1325 618 judicium
1339 591 1489 620 raptantur,
1504 593 1582 620 qttam
1598 591 1704 620 turpes.
1718 594 1797 620 quam
1817 585 1854 611 ri-

1064 632 1144 659 diculi
1159 632 1308 664 videantur,
1321 633 1405 668 utqui
1428 633 1516 659 omnia
1533 632 1711 667 impudenter,
1727 632 1856 658 fallaciter

1063 683 1090 705 et
1104 686 1165 706 eum
1181 679 1305 706 violentia
1320 679 1436 713 egerint.
1451 678 1506 706 Nos
1519 683 1607 706 autem
1624 679 1659 706 ita
1679 678 1768 705 miseri
1787 678 1856 704 inle-

1064 724 1180 758 licesque
1213 731 1319 756 sumus,
1346 729 1374 751 ut
1389 724 1452 751 dum
1478 725 1586 759 pallium
1618 725 1785 760 negligenter
1813 723 1854 749 vel

1064 775 1214 798 transverse
1227 770 1341 805 positum
1353 774 1457 805 gestare
1465 778 1517 797 non
1530 770 1661 804 patimur;
1676 770 1729 797 imo
1741 770 1855 805 idipsum

1064 817 1089 843 in
1103 816 1156 843 alio
1177 816 1368 847 emendamus;
1391 824 1451 844 cum
1476 821 1566 843 autem
1580 821 1607 843 et
1621 823 1670 843 nos
1693 822 1719 843 et
1742 817 1855 851 proximi

1064 862 1146 888 nostri
1161 862 1266 889 inverso
1279 862 1365 896 capite
1379 861 1553 892 ambulemus,
1565 862 1589 888 id
1602 869 1634 888 ne
1642 862 1747 896 quidem
1758 863 1857 889 sentias

1063 916 1131 934 mus.
1146 908 1212 941 Quid
1224 907 1306 938 enim,
1318 915 1418 942 qtucso,
1435 907 1538 941 turpius
1549 907 1616 939 viro,
1628 908 1672 942 qui
1687 908 1855 935 meretrici-nt

1062 953 1137 980 adit?
1150 953 1212 987 quid
1227 953 1432 983 contumelioso,
1448 952 1510 987 quid
1525 953 1667 984 maledico,
1679 953 1741 987 quid
1766 953 1857 979 imi-lo

1063 1000 1117 1026 risu
1133 999 1255 1034 dignius?
1270 999 1314 1034 qui
1341 999 1397 1026 ﬁeri
1414 1003 1501 1033 potest
1517 1003 1546 1025 ut
1561 998 1617 1025 Iure
1632 1006 1683 1025 non
1700 1003 1753 1025 tam
1770 999 1855 1032 turpia

1063 1045 1221 1075 habeantur,
1247 1052 1324 1079 quant
1340 1044 1425 1071 nudos
1440 1043 1594 1071 ambulare?
1617 1044 1639 1070 A
1661 1043 1855 1070 consuetudine

1064 1095 1176 1117 tantum.
1194 1090 1260 1117 Illud
1276 1090 1346 1117 enim
1362 1097 1441 1116 nemo
1454 1097 1569 1124 unquam
1593 1094 1687 1124 sponte
1702 1097 1748 1117 sua
1762 1097 1856 1124 p:-Ssu<

1063 1140 1114 1167 est,
1131 1136 1181 1162 hoc
1191 1143 1256 1162 vero
1269 1143 1363 1162 omnes
1376 1134 1541 1162 confidenter
1553 1134 1661 1162 audent.
1673 1134 1750 1162 Certe
1761 1135 1782 1161 si
1797 1135 1857 1169 quis

1064 1182 1220 1216 angelorum
1234 1186 1332 1208 certum
1347 1181 1442 1214 adiret,
1455 1181 1480 1208 in
1490 1188 1542 1215 quo
1556 1181 1621 1208 nihil
1635 1188 1749 1215 unquam
1767 1180 1858 1214 hujus-

1065 1227 1135 1253 modi
1150 1231 1253 1261 gestum
1274 1231 1324 1258 est,
1341 1227 1430 1252 statim
1455 1225 1558 1252 videret
1579 1233 1658 1261 quam
1681 1225 1790 1252 ridicula
1815 1232 1857 1250 res

1063 1277 1146 1300 esset.
1175 1272 1273 1306 Ecquid
1298 1272 1452 1307 angelorum
1470 1277 1570 1298 emtum
1587 1271 1728 1298 memoro?
1750 1270 1814 1297 Nam
1830 1270 1856 1295 in

1065 1319 1242 1352 imperatoriis
1264 1318 1331 1352 apud
1354 1325 1403 1344 nos
1417 1317 1528 1348 :t‘dibus,
1541 1317 1563 1344 si
1578 1318 1638 1351 quis
1652 1316 1755 1343 inducta
1769 1323 1856 1342 meri--

1065 1365 1130 1392 trice
1141 1369 1241 1396 utatur,
1256 1364 1295 1391 \‘el
1308 1364 1329 1391 si
1343 1364 1473 1391 ebrietate
1486 1364 1615 1398 capiatur,
1631 1362 1672 1389 vel
1687 1367 1764 1396 turpe
1785 1362 1857 1388 aliud

1064 1410 1198 1445 quidpiam
1210 1410 1341 1441 admittat,
1367 1415 1499 1436 extremas
1521 1409 1566 1435 dat
1581 1415 1682 1443 pinnas.
1698 1408 1774 1442 Quod
1789 1408 1811 1434 si
1832 1408 1857 1434 in

1066 1455 1241 1490 imperatoriis
1249 1455 1350 1482 aedibus
1364 1451 1424 1482 (alia
1436 1455 1535 1482 attdcre
1550 1462 1602 1481 non
1620 1455 1694 1485 licet;
1704 1454 1786 1481 multo
1801 1463 1841 1481 una
1851 1471 1857 1475 -

1065 1502 1116 1536 gis,
1135 1501 1232 1536 ubique
1249 1505 1379 1536 przesente
1403 1501 1588 1529 universorum
1614 1501 1696 1535 Rege,
1713 1501 1858 1535 omniaque

1065 1547 1308 1582 circumspiciente.
1322 1548 1344 1574 si
1372 1547 1469 1574 similia
1489 1547 1692 1582 aggrediamur,
1708 1552 1858 1574 extremum

1068 1593 1174 1620 lttemus
1187 1593 1356 1627 supplicium.
1370 1593 1538 1627 Quapropter
1549 1600 1625 1627 rogo.
1637 1593 1747 1619 multam
1760 1592 1786 1619 in
1811 1593 1859 1618 har

1068 1639 1118 1665 vita
1147 1638 1262 1673 quietem
1296 1643 1324 1665 et
1352 1637 1528 1670 modestiam,
1556 1638 1668 1665 multam
1702 1639 1859 1664 munditiem

1067 1685 1250 1712 exbibeamus.
1275 1684 1373 1719 Regem
1399 1685 1497 1719 quippe
1527 1684 1673 1716 habemus,
1697 1683 1741 1719 qui
1770 1689 1858 1710 nostr.-

1068 1731 1156 1758 omnia
1172 1734 1300 1765 perpetuo
1321 1729 1447 1757 intuetur.
1463 1729 1497 1757 Ut
1521 1730 1610 1764 itaque
1628 1737 1734 1764 semper
1748 1729 1791 1756 lux
1818 1729 1860 1754 illa

1069 1784 1118 1803 nos
1145 1777 1284 1807 illuminct,
1312 1776 1380 1802 hunc
1402 1775 1479 1802 nobis
1502 1775 1603 1802 radium
1626 1775 1802 1802 attrahamus.
1825 1775 1861 1801 Ita

1069 1822 1139 1849 cnim
1159 1827 1185 1849 et
1204 1821 1378 1856 prmsentibus
1392 1820 1523 1848 etfuluris
1544 1822 1662 1848 fruemur
1672 1822 1759 1853 bonis,
1777 1822 1861 1856 gratia

1070 1873 1097 1893 et
1112 1867 1275 1901 benignitate
1300 1866 1405 1893 Domini
1422 1867 1505 1893 nostri
1518 1866 1580 1893 .lesu
1597 1866 1705 1898 Christi,
1722 1874 1768 1901 per
1783 1873 1862 1901 quem

1070 1917 1169 1939 etcum
1184 1919 1236 1946 quo
1256 1911 1326 1938 Patri
1343 1912 1426 1946 gloria
1440 1931 1448 1942 ,
1464 1919 1570 1947 unaque
1584 1912 1693 1946 Spiritui
1717 1917 1820 1943 sancto,
1837 1911 1863 1936 in

1071 1960 1167 1986 sa‘enla
1189 1959 1356 1986 smculorum.
1373 1959 1466 1986 Amen.

922 2064 1092 2094 HOMILIA
1116 2064 1170 2095 VI.

226 2128 252 2154 6.
271 2126 329 2153 Fuit
342 2126 416 2153 homo
430 2126 519 2152 minus
537 2133 552 2152 ιι
570 2124 624 2152 Ι)εο
634 2145 641 2156 ,
664 2125 706 2152 cui
724 2133 813 2152 nomen
828 2129 881 2151 erat
896 2124 1018 2151 Joannes.

260 2175 369 2203 Joannis
384 2174 503 2210 Baptista:
512 2174 605 2201 missio.
619 2173 770 2208 Explicatur
779 2173 853 2205 illud,
873 2171 932 2199 Fuit
942 2172 1020 2198 homo

228 2223 325 2249 missus
341 2229 356 2248 a
378 2221 441 2248 Deo.
455 2220 507 2248 Cur
527 2225 550 2247 et
569 2219 694 2253 quomodo
717 2218 832 2246 Christus
852 2218 1020 2245 testimonium

227 2269 333 2303 arripiat
348 2268 379 2294 ab
398 2267 506 2294 homine.
532 2265 653 2293 Doctrina
671 2266 735 2292 nihil
755 2265 856 2299 prodeat
878 2265 932 2292 sine
952 2265 1022 2291 bonis

228 2313 426 2348 operibus.—ln
440 2312 550 2340 exordio
563 2312 596 2339 de
610 2312 665 2338 Deo
678 2304 766 2339 Verbo
776 2319 835 2346 qua:
849 2311 982 2346 prmcipua
995 2315 1023 2338 et

230 2360 313 2394 magis
328 2359 476 2386 necesSaria
496 2362 572 2385 erant
590 2357 714 2391 loquutus
729 2356 891 2391 evangelista
902 2378 909 2389 ,
930 2356 1024 2383 ordine

232 2405 393 2441 procedens,
418 2403 450 2431 ad
474 2403 552 2430 Verbi
577 2410 728 2438 prmconem
759 2402 808 2429 sibi
837 2401 1022 2436 cognominem

230 2451 360 2478 Joannem
376 2454 466 2484 postea
483 2448 564 2475 venit.
588 2447 626 2475 'l‘u
642 2455 703 2475 vera
722 2455 782 2474 cum
803 2447 879 2474 audis
901 2447 987 2481 ipsum
1009 2453 1024 2473 a

233 2497 289 2524 Deo
301 2496 410 2523 missum
425 2494 521 2526 fuisse,
540 2494 606 2521 nihil
621 2493 763 2520 humanum
777 2493 811 2520 ab
823 2501 855 2519 eo
870 2493 921 2520 dici
936 2498 1023 2528 putes.

233 2543 289 2570 Non
302 2542 373 2569 enim
388 2548 434 2568 sua
444 2561 451 2573 ,
464 2540 510 2567 sed
524 2540 651 2567 mittentis
663 2547 692 2567 se
705 2540 774 2567 dicta
787 2538 898 2574 profert.
911 2538 1026 2572 Ideoque

233 2589 342 2623 angelus
357 2587 504 2622 appellatus
519 2591 561 2613 est
582 2593 589 2612 :
611 2585 697 2620 angeli
720 2593 783 2612 vero
797 2585 853 2611 sive
869 2584 952 2610 nuntii
968 2583 1027 2609 ofﬁ-

234 2636 303 2661 cium
317 2639 372 2665 est,
389 2633 454 2660 nihil
467 2641 498 2660 ex
512 2639 542 2659 se
553 2632 651 2659 dicere.
667 2631 732 2658 lllml
748 2635 837 2657 autem
849 2651 855 2661 ,
872 2629 950 2661 Fuit,
974 2637 1026 2656 non

237 2681 279 2707 hic
293 2680 325 2706 ad
344 2678 525 2706 exsistentiam
541 2677 680 2704 transitum
694 2676 823 2710 signiﬁcat
835 2697 842 2706 ,
858 2675 904 2702 sed
921 2675 1026 2701 missio-

237 2734 297 2753 nem
313 2726 407 2760 ipsam.
424 2724 488 2751 Nam
503 2723 568 2750 illud
579 2744 586 2754 ,
605 2723 665 2749 Fuit
685 2722 775 2748 missus
789 2729 805 2747 α
821 2721 890 2753 Deo,
913 2720 1025 2755 idipsum

236 2775 276 2798 est
292 2770 379 2806 quod,
400 2769 494 2797 Missus
513 2773 554 2796 est
572 2776 586 2794 a
609 2768 672 2795 Deo.
689 2767 827 2801 Quomodo
847 2767 926 2801 igitur
941 2766 1004 2793 illud
1015 2786 1023 2798 ,

238 2815 287 2850 Qui
300 2824 356 2842 tum
370 2816 396 2842 in
411 2815 493 2850 formo
514 2813 559 2841 Dei
579 2818 641 2840 esset
656 2812 790 2849 (Philipp.
811 2812 838 2839 2.
859 2812 914 2847 6),
935 2813 1024 2839 dicunt

1072 2131 1124 2151 non
1144 2123 1252 2158 intelligi
1266 2124 1300 2151 de
1313 2123 1463 2159 aequalitate
1484 2124 1542 2151 Filii
1557 2132 1617 2151 cum
1634 2124 1710 2152 Patre
1721 2146 1728 2158 ,
1749 2132 1781 2152 eo
1796 2125 1866 2159 quod

1073 2170 1201 2197 articulus
1215 2178 1267 2196 non
1282 2170 1448 2204 apponatur?
1463 2170 1530 2197 Ecce
1543 2171 1613 2197 enim
1636 2170 1678 2197 hic
1691 2179 1798 2205 quoque
1812 2171 1866 2197 uul-

1073 2215 1114 2242 lus
1129 2215 1203 2242 adest
1217 2216 1354 2242 articulus.
1379 2216 1418 2242 An
1439 2215 1518 2250 igitur
1539 2216 1581 2243 hic
1603 2216 1637 2243 de
1656 2217 1733 2243 Patre
1756 2225 1807 2243 non
1826 2221 1867 2244 est

1073 2262 1181 2289 sermo?
1194 2261 1262 2295 Quid
1275 2270 1338 2296 ergo
1351 2262 1470 2289 dicemus
1484 2262 1516 2289 de
1531 2262 1658 2296 propheta
1672 2263 1716 2297 qui
1730 2263 1766 2290 ait
1781 2273 1787 2289 :
1804 2263 1867 2289 Ecce

1074 2315 1119 2341 ego
1135 2307 1204 2333 mitto
1217 2307 1334 2341 angelum
1346 2316 1429 2333 meum
1442 2312 1499 2334 ante
1512 2308 1600 2343 faciem
1615 2313 1695 2340 ιιιιιηι,
1709 2309 1751 2343 qui
1766 2317 1866 2344 praepu-

1074 2352 1139 2378 ruln't
1154 2352 1218 2378 viam
1233 2357 1301 2379 tuam
1317 2352 1394 2388 (Mal.
1410 2353 1437 2379 5.
1453 2353 1464 2380 1
1482 2353 1511 2386 )?
1528 2352 1593 2380 Illud
1617 2361 1703 2380 meum
1726 2359 1752 2381 et
1772 2358 1845 2381 tuum
1861 2377 1868 2388 ,

1075 2398 1141 2425 duas
1155 2406 1282 2432 personas
1297 2398 1427 2434 signiﬁcat
1441 2408 1448 2425 ε
1465 2399 1491 2426 7.
1505 2398 1555 2426 llic
1571 2399 1634 2425 venit
1647 2400 1673 2425 in
1687 2400 1866 2432 (alimonium,

1076 2450 1102 2471 ut
1117 2445 1284 2471 testimonium
1301 2444 1438 2479 perhiberet
1452 2445 1483 2471 de
1497 2445 1599 2472 lumine.
1620 2445 1688 2478 Quid
1709 2445 1759 2472 hoc
1770 2466 1776 2477 ,
1797 2446 1868 2472 dicet

1077 2490 1187 2517 fortasse
1211 2489 1360 2524 quispiam,
1384 2497 1476 2517 servus
1500 2490 1533 2517 de
1557 2490 1665 2517 domino
1688 2491 1868 2519 testimonium

1077 2535 1216 2569 perhibet?
1230 2535 1295 2562 Cum
1309 2543 1372 2570 ergo
1387 2543 1438 2562 non
1453 2536 1531 2562 modo
1545 2535 1618 2563 illum
1633 2535 1702 2563 servi
1717 2537 1869 2563 testimonio

1077 2581 1210 2616 perhiberi
1226 2581 1345 2613 videbis,
1366 2582 1412 2609 sed
1427 2582 1507 2609 etiam
1526 2582 1558 2609 ad
1579 2590 1684 2609 servum
1707 2583 1817 2615 venire,
1840 2590 1869 2610 ac

1077 2635 1136 2654 cum
1146 2627 1245 2655 Jodteis
1255 2627 1342 2654 abillo
1354 2628 1492 2662 baptizari,
1502 2636 1589 2655 annon
1603 2629 1686 2663 magis
1697 2629 1869 2663 obstupesccs

1077 2678 1103 2700 et
1117 2673 1266 2700 dubitabis?
1280 2673 1331 2701 Sed
1348 2681 1399 2700 non
1413 2678 1519 2708 oportet
1530 2675 1628 2701 turbari
1640 2675 1680 2701 vel
1694 2676 1869 2705 commoveri,

1077 2724 1105 2747 at
1126 2720 1213 2754 potius
1235 2720 1293 2754 ejus
1316 2719 1474 2747 inclfabilem
1499 2720 1688 2754 benignitatem
1713 2721 1814 2748 mirari.
1842 2722 1867 2748 Si

1079 2772 1143 2792 vero
1156 2766 1215 2800 quis
1227 2764 1323 2792 dubius
1338 2765 1363 2791 in
1380 2766 1576 2799 perturbatione
1597 2771 1720 2799 maneat,
1742 2766 1765 2793 id
1783 2767 1818 2793 illi
1831 2766 1869 2793 di~

1078 2816 1120 2839 cet
1131 2831 1138 2844 ,
1153 2810 1221 2846 quod
1235 2810 1329 2838 Joanni
1345 2819 1350 2838 :
1368 2810 1430 2838 Sine
1444 2811 1518 2838 modo
1532 2818 1542 2838 .°
1552 2812 1588 2838 sic
1601 2812 1667 2839 enim
1681 2813 1748 2839 decet
1764 2821 1808 2839 nos
1822 2814 1868 2838 im-
