2044 3113
185 149 214 177 (il
600 144 633 172 ΙΝ
652 143 807 172 ,ΙΟΑΝΧΕΜ
827 143 942 171 IIOMIL.
959 143 987 170 γι

1040 143 1065 170 ιτ
1086 143 1142 171 Vll.
1162 145 1197 171 al.
1219 144 1250 172 Υ.
1271 144 1316 172 ΕΤ
1337 145 1379 172 \'l.

188 208 255 242 plus
267 212 367 231 omnem
378 202 505 238 justitiam
519 201 631 236 (Matth.
645 201 673 227 3.
692 199 750 235 15).
765 199 840 233 Quod
855 199 877 225 si
898 199 982 233 magis

187 251 273 278 adhuc
286 249 415 280 turbetur,
430 247 502 274 dicet
523 246 559 272 illi
574 252 679 272 rursum
701 244 726 271 id
745 243 815 279 quod
829 243 929 270 Juda-is
942 242 982 269 di-

187 296 281 326 cebat,
303 293 364 320 Non
378 293 409 319 ab
423 292 524 318 homine
537 290 704 318 testimonium
722 289 819 322 accipio
842 287 937 323 (Joan.
954 287 981 314 5.

188 340 252 376 5i).
266 340 293 367 Si
308 346 373 374 ergo
388 338 438 364 hoc
455 336 607 364 testimonio
629 343 681 361 non
703 338 780 369 eget,
801 341 849 360 cur
867 333 983 360 Joannes

189 388 285 414 missus
299 390 341 412 est
354 393 369 411 a
384 383 457 411 Deo?
481 382 537 410 Non
558 381 629 416 quod
650 380 708 415 ejus
728 379 879 406 testimonio
893 383 982 413 egeret

190 432 198 467 (
211 432 236 459 id
249 431 321 458 enim
335 431 434 461 dicere,
449 433 576 455 extremae
591 426 734 461 impietatis
747 425 849 460 esset),
869 424 915 451 sed
936 432 984 450 cur

191 477 316 505 tandem?
331 476 395 504 lllod
409 476 465 510 ipse
478 475 594 502 Joannes
603 473 691 504 docet.
701 479 761 499 cum
777 472 813 498 ait
828 480 834 497 :
849 470 883 497 Ut
898 479 983 497 omnes

191 524 317 551 crederent
331 530 375 556 per
386 521 459 548 illum
469 523 488 546 '.
502 520 560 554 Ipse
574 527 638 546 vero
645 518 766 545 Christus
780 524 841 544 cum
855 516 982 546 dixisset,

191 568 251 595 Non
265 570 296 595 ab
310 568 410 594 homine
423 566 591 593 testimonium
604 564 711 598 accipio,
726 570 760 590 ne
773 561 842 597 apud
857 562 983 596 insipien—

191 614 271 640 tiores
292 613 343 639 sibi
368 612 418 647 ipsi
442 617 590 644 repugnare
607 608 758 640 videretur;
777 615 838 635 cum
859 613 929 634 nunc
944 605 985 632 di-

190 664 232 685 cat
248 658 335 685 :Alius
349 662 385 684 est
393 655 607 691 quiteslimonium
616 653 724 689 perhibet
731 653 762 680 de
769 661 808 680 me
817 657 854 679 εει
863 652 915 678 scio
924 651 984 686 quia

191 711 274 730 rerum
286 708 322 729 es:
336 702 501 729 testimonium
510 701 564 734 ejus
575 699 663 735 (Joan.
676 699 703 726 5.
719 698 774 733 32),
788 697 822 725 de
834 697 936 724 Joanne
945 697 985 723 l0—

191 757 290 784 quens;
303 755 373 775 nunc
385 754 460 779 vero,
473 746 532 773 Non
543 746 574 772 ab
583 745 684 772 homine
695 744 860 771 testimonium
874 743 982 776 accipio,

191 795 348 821 solutionem
365 801 426 819 mox
441 792 531 826 adjicit
545 791 637 818 dicens
655 798 663 816 ε
677 789 730 817 Sed
743 789 796 815 Ita-c
810 788 866 815 dico
883 793 983 822 propter

192 849 244 873 vos,
259 846 286 867 nt
307 840 369 867 salvi
383 839 456 871 sitis;
475 845 507 865 ac
521 837 544 864 si
558 837 658 864 diceret
674 845 681 864 :
696 836 766 863 Deus
786 842 844 862 sum
856 855 864 867 ,
888 838 915 861 et
936 833 983 860 Dei

192 894 270 914 verus
285 886 375 916 Filius.
393 893 426 912 cx
443 884 591 911 substantia
612 883 656 910 illa
677 881 821 909 immortali
841 885 867 907 et
887 880 982 911 beata,

193 932 341 966 uulliusque
354 930 505 958 testimonio
519 936 593 963 egeo.
608 928 663 955 Etsi
678 928 749 954 enim
763 933 841 954 nemo
853 925 878 952 id
892 924 985 952 testifi-

193 977 247 1004 cari
261 976 348 1009 vellet,
363 976 388 1002 iu
401 975 472 1002 nullo
486 974 632 1001 secundum
648 977 769 1000 naturam
783 971 870 998 miuor
884 977 981 997 esscin.

193 1024 258 1056 Quia
269 1030 332 1049 vero
341 1022 486 1048 multorum
497 1020 570 1048 salus
583 1019 647 1047 mihi
657 1026 729 1046 cura?
740 1023 792 1050 est,
805 1017 866 1044 ideo
877 1017 904 1044 in
916 1016 984 1043 hanc

195 1078 236 1096 lue
247 1068 338 1096 demisi
349 1067 536 1098 humilitatem,
550 1071 578 1093 ut
590 1065 692 1093 homini
705 1064 884 1092 testimonium
897 1063 931 1090 de
941 1070 984 1090 me

195 1113 330 1141 ferendum
353 1113 558 1140 committerem.
582 1111 648 1138 Nam
669 1114 806 1144 perspecta
830 1107 984 1135 Judaeorum

194 1159 374 1186 imbecillitate
384 1179 391 1190 ,
408 1158 448 1184 sic
462 1157 563 1184 facilior
578 1155 644 1183 tides
655 1156 682 1182 in
695 1162 755 1183 eum
775 1154 862 1181 futura
876 1153 985 1180 videba-

196 1211 245 1232 tur.
261 1205 336 1231 Sicut
350 1204 429 1238 igitur
443 1210 549 1230 carnem
565 1201 666 1233 induit,
684 1208 718 1228 ne
731 1207 792 1228 cum
806 1199 876 1227 nuda
891 1199 986 1226 divini-

195 1255 247 1277 tate
261 1256 437 1284 congressus,
454 1256 547 1276 omnes
566 1247 708 1282 perderet;
730 1246 768 1273 sic
787 1250 815 1273 et
835 1251 984 1280 praeconem

196 1296 266 1323 misit
279 1295 426 1325 hominem,
438 1299 466 1321 ut
476 1300 652 1328 congenerem
665 1292 714 1319 sibi
730 1299 822 1319 vocem
836 1290 984 1322 audientes,

196 1342 297 1369 facilius
312 1341 328 1367 ii
343 1341 386 1375 qui
402 1345 463 1367 timc
476 1339 619 1366 audiebant
638 1338 806 1365 accederent.
826 1336 892 1364 Nam
914 1335 986 1371 quod

197 1396 249 1415 non
262 1387 331 1413 illius
345 1386 496 1413 testimonio
513 1392 579 1418 opus
592 1383 721 1415 haberet,
738 1383 789 1409 hoc
801 1382 886 1408 solum
906 1381 987 1407 modo

197 1432 298 1460 ostendi
319 1435 437 1466 poterat.
453 1431 474 1457 si
494 1437 590 1463 nempe
609 1436 639 1456 se
659 1428 730 1455 nuda
751 1426 898 1454 substantia
913 1425 986 1453 exhi<

198 1478 313 1510 buisset,
330 1483 477 1510 omnesque
497 1476 522 1502 iu
544 1480 680 1509 stuporem
702 1473 870 1508 conjecisset.
889 1472 985 1499 Verum

197 1524 221 1551 id
235 1532 287 1550 non
301 1523 378 1553 fecit.
392 1521 517 1556 quoniam
528 1541 535 1553 ,
548 1525 576 1547 ut
588 1520 695 1554 jamjatn
709 1519 778 1550 dixi,
791 1524 885 1545 omnes
899 1517 988 1551 perdi-

196 1571 276 1597 disset
288 1591 295 1602 ,
311 1569 381 1603 quod
395 1575 474 1595 neum
487 1569 577 1601 posset
591 1567 754 1592 inaccessam
770 1564 840 1590 illam
854 1563 921 1590 lucis
934 1562 986 1588 vim

197 1616 277 1642 ferre.
294 1614 356 1641 Ideo
370 1620 479 1639 carnem
495 1611 596 1642 induit,
611 1616 638 1637 et
654 1610 834 1637 testimonium
853 1608 887 1636 de
906 1615 935 1634 se
950 1607 988 1634 fe-

197 1661 272 1689 rendi
295 1660 412 1687 officium
434 1659 478 1685 uni
500 1664 690 1684 conservorum
712 1659 864 1682 nostrorum
888 1653 985 1685 tradit,

197 1708 256 1742 quia
269 1706 356 1732 omnia
368 1705 400 1731 ad
415 1704 526 1731 salutem
541 1702 677 1729 hominum
691 1705 814 1735 operatus
825 1703 866 1727 est
879 1707 885 1726 :
902 1705 988 1732 Itaque

198 1763 251 1781 sine
265 1753 385 1789 dignitati
401 1756 500 1778 tantum
510 1771 517 1783 ,
532 1750 577 1777 sed
593 1750 672 1777 etiam
686 1747 835 1775 auditorum
855 1745 942 1780 ωριυί
962 1749 989 1771 et

198 1800 303 1828 utilitati
316 1798 449 1826 consuluit
463 1806 469 1824 :
485 1795 556 1831 quod
569 1800 597 1823 et
611 1795 667 1829 ipse
679 1793 852 1821 subindicans
862 1791 966 1818 dicebat
980 1799 987 1818 :

201 1845 263 1872 Ilaec
277 1845 333 1870 dico
349 1848 449 1878 propter
468 1850 510 1868 vos
520 1862 527 1873 ,
549 1846 577 1867 ut
591 1839 732 1867 salvemini.
755 1839 789 1865 Et
807 1836 969 1872 evangelista
979 1855 988 1867 ,

199 1891 244 1925 qui
257 1898 287 1917 ea
303 1890 357 1924 ipsa
369 1909 376 1919 .
390 1895 450 1922 qua}
465 1887 601 1918 Dominus,
618 1885 744 1920 loquitur,
759 1887 897 1918 postquam
915 1881 990 1908 dixe-

199 1941 254 1966 rat,
271 1934 303 1963 Ut
319 1934 486 1961 testimonium
501 1932 640 1966 perhiberet
653 1931 684 1957 de
703 1929 798 1956 lumine
809 1949 817 1960 ,
833 1927 968 1962 subiunxit
980 1947 988 1958 ,

201 1980 234 2009 Ut
254 1988 338 2007 omnes
352 1980 478 2006 crederent
497 1986 541 2013 per
554 1985 628 2010 eum;
642 1984 674 2004 ac
687 1976 709 2003 si
724 1975 826 2002 diceret
841 1983 847 1999 :
862 1973 901 2001 Ne
914 1977 990 2008 putes

231 2047 239 2062 ¹
257 2046 283 2070 In
302 2045 356 2070 aliis
370 2045 464 2100 lepitur
477 2052 483 2068 :
495 2045 541 2069 Sed
562 2050 606 2069 cur
625 2048 727 2068 Joarmes
739 2041 818 2070 addit,
835 2049 846 2063 ι
861 2043 890 2065 nt
910 2045 991 2065 omnes

231 2077 324 2100 ederent
333 2083 376 2100 ver
386 2083 395 2100 ι
407 2076 455 2100 tum
470 2075 481 2100 1’
493 2083 503 2097 ι

199 2077 324 2102 crederent
333 2083 376 2107 per
386 2075 455 2100 illum
470 2075 481 2100 5’
493 2083 503 2097 ι

200 2127 1191 2145 _________________________

1037 197 1098 226 ideo
1119 199 1319 227 testiﬁcaturum
1339 201 1444 228 venisse
1457 201 1586 230 Joannem
1611 203 1774 239 Baptistam.
1798 213 1824 233 ut

1034 244 1134 279 aliquid
1153 244 1214 272 fidei
1233 246 1322 273 verbis
1341 247 1445 273 Domini
1466 247 1576 274 adderet
1590 256 1596 274 :
1612 256 1665 276 non
1686 255 1827 284 propterea

1035 290 1123 320 venit,
1146 289 1194 316 sed
1215 294 1243 317 ut
1260 291 1422 319 contribules
1442 293 1482 319 sui
1505 301 1551 327 per
1571 293 1655 328 ipsum
1674 295 1826 323 crederent.

1034 335 1111 368 Quod
1125 341 1212 363 autem
1225 336 1258 363 ad
1274 344 1332 363 eam
1346 337 1491 365 tollendam
1510 340 1688 375 suspicionem
1710 341 1766 368 lucc
1786 342 1825 368 di-

1036 381 1114 411 xerit,
1125 389 1158 408 ex
1169 382 1339 416 sequentibus
1349 388 1453 410 constat
1464 392 1471 410 :
1482 384 1555 412 addit
1565 387 1635 412 enim
1645 395 1652 412 :
1663 386 1689 414 8.
1702 386 1763 413 Non
1773 393 1825 414 erat

1035 427 1078 452 ille
1089 426 1143 452 lux.
1158 426 1212 454 Nisi
1227 427 1297 454 enim
1318 428 1396 462 hujus
1410 428 1546 463 abigenda:
1565 431 1722 465 suspicionis
1740 433 1824 467 gratia

1036 471 1093 498 lucc
1105 471 1232 504 dixisset,
1247 472 1409 506 superfluum
1430 473 1481 500 hoc
1493 479 1565 501 esset
1577 495 1584 506 ,
1606 480 1633 502 ct
1653 477 1735 511 magis
1749 485 1826 512 repe-

1036 517 1094 542 titio
1109 524 1187 551 quam
1202 518 1344 552 explicatio
1357 518 1495 545 doctrinae.
1515 519 1582 546 Cum
1602 520 1715 548 dixisset
1732 524 1803 550 enim
1815 544 1823 554 ,

1035 563 1130 589 Missus
1142 568 1182 590 est
1206 563 1239 590 Ut
1253 564 1421 590 testimonium
1441 565 1578 599 perhiberet
1597 566 1629 593 de
1647 567 1757 600 (iturine,
1777 576 1826 596 cur

1037 608 1130 634 iterum
1143 608 1224 640 dicit,
1245 608 1302 636 Non
1318 614 1371 635 erat
1390 610 1433 636 ille
1446 609 1511 636 (ne?
1523 609 1580 637 Non
1594 610 1690 638 frustra
1706 621 1754 640 nec
1767 614 1825 642 sine

1035 661 1115 680 causa
1131 663 1138 680 :
1153 654 1200 681 sed
1212 654 1272 689 quia
1290 654 1443 689 frequenter
1457 655 1526 690 apud
1541 663 1589 683 nos
1601 657 1685 691 major
1697 663 1735 684 est
1750 659 1772 686 is
1781 662 1825 694 qui

1035 699 1201 731 testificatur,
1228 707 1307 734 quam
1330 701 1375 727 ille
1396 701 1430 728 de
1452 709 1504 736 quo
1526 702 1706 729 testimonium
1731 703 1825 736 fertur,

1037 745 1141 780 fideque
1155 746 1259 780 dignior
1274 746 1432 781 plerumque
1446 747 1549 774 videtur
1562 755 1623 775 esse
1645 757 1652 774 :
1673 755 1706 776 ne
1719 749 1778 782 quis
1792 749 1827 776 de

1035 791 1137 818 Joanne
1152 791 1178 818 id
1195 791 1387 826 suspicaretur,
1407 792 1495 819 statim
1510 800 1525 820 a
1541 793 1669 828 principio
1683 792 1753 821 hanc
1770 801 1826 821 ma-

1037 837 1088 863 lam
1102 837 1280 871 suspicionem
1297 838 1376 869 tollit,
1387 845 1472 873 eaque
1484 837 1610 867 radicitus
1624 839 1724 871 evulsa,
1737 844 1827 866 osten-

1035 882 1074 910 dit
1086 883 1147 918 quis
1160 882 1231 910 sitis
1242 883 1286 917 qui
1299 882 1464 916 testiﬁcatur,
1485 889 1512 910 et
1531 884 1592 918 quis
1609 885 1653 912 ille
1671 885 1705 913 de
1721 893 1775 920 qtto
1788 880 1845 913 to”

1035 930 1190 956 stimonium
1215 928 1308 962 fertur,
1332 935 1360 956 ct
1384 935 1510 964 quantum
1535 930 1570 957 sit
1593 930 1662 958 inter
1686 936 1828 967 utrumque

1035 975 1189 1002 discrimen.
1206 976 1245 1003 Ac
1259 980 1397 1010 postquam
1411 975 1462 1003 hoc
1476 975 1550 1008 fecit,
1572 977 1742 1012 ostenditque
1757 979 1828 1007 illius

1036 1021 1271 1056 incomparabilem
1293 1021 1496 1055 excellentiam,
1520 1022 1635 1050 fidenter
1651 1024 1706 1058 jam
1731 1029 1826 1053 ca-tera

1036 1067 1205 1101 prosequitur
1219 1076 1226 1093 :
1243 1071 1270 1094 et
1287 1067 1310 1093 si
1329 1067 1391 1101 quid
1408 1067 1516 1094 absurdi
1537 1068 1748 1103 insipientiorum
1767 1070 1827 1097 aui-

1037 1120 1095 1139 mos
1109 1112 1225 1144 subiret,
1240 1112 1290 1140 hoc
1304 1113 1446 1148 diligenter
1465 1115 1583 1147 sublato,
1606 1115 1682 1143 facile
1702 1116 1828 1152 deinceps

1037 1162 1064 1184 et
1084 1157 1142 1184 sine
1163 1158 1238 1185 obice
1258 1158 1385 1185 doctrina:
1404 1159 1513 1186 verbum
1533 1160 1660 1188 immittit.
1685 1161 1828 1190 Prccemur

1037 1203 1140 1238 itaque,
1157 1208 1186 1230 ut
1200 1211 1260 1230 cum
1275 1207 1406 1230 tantarum
1421 1205 1585 1232 revelations
1598 1213 1701 1238 rerum,
1715 1214 1828 1242 cumque

1038 1256 1103 1276 sana
1113 1254 1238 1283 rectaque
1252 1249 1371 1276 doctrina
1386 1250 1466 1277 vitam
1480 1259 1584 1285 quoque
1595 1259 1686 1287 puram
1700 1258 1828 1281 sanctam-

1037 1301 1088 1328 que
1099 1294 1236 1321 ducamus.
1251 1294 1374 1321 Doctrina
1385 1295 1482 1330 quippe
1493 1296 1556 1322 nihil
1568 1297 1643 1323 nobis
1654 1297 1761 1331 prodest
1770 1299 1828 1326 sine

1039 1340 1115 1367 bonis
1127 1340 1264 1374 operibus.
1276 1339 1351 1366 Licet
1363 1341 1434 1366 enim
1447 1340 1524 1368 lldem
1538 1341 1666 1376 integrata
1681 1343 1830 1378 Scriptura-

1039 1393 1151 1420 rumque
1163 1386 1362 1421 intelligentiam
1377 1391 1525 1420 teneamus,
1540 1388 1562 1414 si
1576 1388 1652 1415 bona:
1668 1389 1729 1416 vita:
1741 1394 1829 1424 pati-.0-

1038 1431 1110 1458 ciuio
1129 1432 1191 1458 nudi
1205 1436 1233 1458 et
1246 1431 1320 1459 vacui
1338 1431 1440 1465 simus,
1461 1432 1525 1459 nihil
1546 1433 1672 1468 impediet
1689 1435 1830 1468 quominus

1039 1478 1065 1504 in
1091 1477 1220 1512 gehennae
1242 1477 1328 1512 ignem
1341 1477 1508 1511 dejiciamur,
1523 1482 1551 1506 et
1568 1479 1594 1506 in
1613 1479 1743 1507 infinitum
1757 1481 1829 1508 inex-

1039 1522 1182 1557 stinguibili
1207 1522 1313 1549 ﬂamma
1339 1523 1536 1550 comburamur.
1561 1523 1635 1552 Sicut
1653 1525 1724 1552 enim
1745 1525 1762 1552 ii
1784 1527 1829 1560 qui

1040 1567 1107 1595 bona
1121 1572 1248 1601 egerunt,
1269 1573 1409 1603 resurgent
1427 1568 1453 1595 in
1473 1570 1553 1596 vitatu
1573 1574 1715 1603 maternam;
1735 1571 1774 1599 sic
1794 1572 1829 1599 illi

1039 1613 1083 1647 qui
1094 1613 1226 1639 contraria
1237 1613 1293 1640 ausi
1303 1617 1381 1646 sunt,
1394 1614 1419 1640 in
1433 1619 1562 1641 mteruum
1570 1619 1598 1641 et
1606 1623 1738 1650 nuuquatn
1750 1615 1829 1643 linem

1041 1658 1190 1684 habiturum
1201 1658 1369 1693 supplicium.
1382 1659 1559 1692 Quamobrem
1571 1667 1650 1687 omne
1658 1661 1831 1690 adhibeamus

1040 1704 1171 1737 studium,
1193 1709 1221 1731 ut
1236 1711 1270 1732 ne
1285 1704 1386 1731 lucrum
1402 1705 1478 1732 nobis
1497 1713 1530 1733 ex
1550 1711 1620 1733 recta
1639 1707 1690 1734 fide
1709 1714 1811 1742 partum
1823 1731 1829 1740 .

1041 1757 1151 1784 operum
1165 1749 1293 1783 pravitate
1306 1749 1508 1782 labefactemus;
1522 1751 1568 1778 sed
1579 1758 1640 1778 eum
1653 1752 1696 1779 hic
1709 1753 1751 1787 pie
1763 1754 1832 1781 vixe-

1041 1795 1134 1827 rimus,
1148 1794 1283 1822 Christum
1297 1802 1357 1822 cum
1370 1795 1465 1822 fiducia
1484 1795 1631 1829 videamus,
1652 1798 1694 1824 cui
1716 1798 1832 1826 beatitu-

1041 1839 1095 1866 dini
1110 1847 1157 1874 par
1170 1839 1236 1866 nihil
1250 1847 1365 1874 unquam
1380 1839 1468 1868 fuerit.
1483 1840 1589 1868 Utinam
1603 1849 1652 1869 nos
1666 1850 1745 1877 supra
1760 1843 1831 1871 dicta

1041 1886 1198 1920 consequuti
1211 1887 1230 1918 ¹,
1254 1886 1286 1912 ad
1308 1886 1419 1921 gloriam
1444 1886 1489 1913 Dei
1514 1887 1602 1914 omnia
1623 1888 1765 1921 faciamus,
1789 1892 1830 1917 cui

1041 1931 1124 1966 gloria
1138 1938 1189 1958 una
1202 1939 1262 1959 cum
1278 1931 1416 1966 unigenito
1437 1931 1504 1959 Filio
1517 1937 1544 1960 et
1562 1932 1661 1968 Spiritu
1680 1941 1786 1967 sancto,
1806 1936 1830 1962 iu

1042 1977 1138 2005 saecula
1153 1977 1321 2004 saeculorum.
1336 1977 1432 2005 Amen.

1075 2036 1083 2052 ι
1102 2033 1276 2070 Αιίίίηυιὶηαηξ
1294 2039 1347 2070 nos.
1360 2036 1432 2070 utam
1443 2040 1517 2070 supra
1535 2034 1606 2070 dictis
1616 2041 1751 2070 _consonam
1762 2043 1833 2069 agen-

1043 2071 1086 2092 tes.
1096 2070 1140 2090 ltro
1155 2067 1258 2095 utraque
1271 2064 1378 2089 lectione
1387 2068 1452 2089 stant
1463 2064 1516 2089 Mss.
1524 2064 1631 2096 plurimi.

1701 2129 1833 2137 ——-——.

890 2165 1063 2197 HOMILIA
1081 2163 1148 2194 Vl].

202 2247 228 2274 9.
250 2247 311 2274 Erat
327 2247 372 2273 lux
384 2254 457 2278 vera,
473 2253 529 2280 qua:
549 2244 676 2271 illuminat
697 2251 794 2269 onmem
809 2241 934 2268 hominem
949 2247 991 2266 re-

413 2292 520 2318 ttt'entem
534 2292 558 2317 in
570 2291 635 2316 Itum:
647 2290 778 2316 mundum.

240 2373 264 2399 Ι.
283 2371 430 2398 Methodum
442 2369 581 2396 disserendi
592 2377 607 2395 a
620 2377 646 2395 se
658 2372 805 2402 usurpatam
815 2365 902 2392 arserit
913 2363 996 2398 Chry-

205 2422 335 2445 tostomus.
361 2414 630 2449 lncompreltensibilia
653 2412 700 2439 Dei
722 2420 772 2439 non
793 2409 940 2438 scrutanda.
960 2423 996 2429 -

208 2463 267 2490 ldeo
280 2483 288 2493 ,
304 2460 472 2488 dilectissimi
492 2459 553 2491 ﬁlii,
569 2467 617 2486 vos
639 2457 787 2485 minutatim
802 2460 830 2483 et
847 2464 893 2490 per
908 2460 996 2490 partes

206 2508 402 2542 Scripturaruin
415 2505 535 2532 doctrina
551 2504 694 2538 pascimus,
712 2510 797 2536 neque
814 2501 892 2528 simul
908 2500 996 2527 omnia

207 2553 367 2580 cllunditnus
380 2573 387 2584 ,
404 2555 432 2577 ut
447 2550 549 2578 facilior
570 2549 645 2576 vobis
659 2549 694 2575 sit
709 2548 798 2575 emissi
816 2547 888 2574 verbi
905 2551 996 2574 custo-

207 2599 258 2625 dia.
275 2598 340 2625 Nam
357 2598 383 2624 in
399 2596 516 2623 aediliciis
527 2617 534 2628 ,
550 2595 594 2630 qui
616 2599 756 2628 antequam
775 2593 878 2628 priores
896 2591 998 2627 lapides

208 2645 340 2679 conjuncti
357 2645 426 2675 sint,
443 2643 508 2669 alios
524 2641 733 2676 superimponit,
747 2647 799 2667 non
816 2639 938 2671 firmum,
951 2637 998 2664 sed

210 2691 286 2718 facile
300 2692 431 2717 ruiturum
447 2690 525 2716 struit
542 2689 685 2723 parietem;
700 2687 743 2722 qui
759 2691 847 2713 autem
863 2689 1001 2719 exspectat

209 2737 293 2763 donec
306 2736 380 2763 calce
395 2735 543 2766 ﬁrmentur,
558 2739 585 2761 et
598 2734 636 2761 sic
649 2733 773 2768 paulatim
787 2737 884 2760 catlera
898 2730 998 2765 adjicit,

210 2787 303 2814 tutam,
317 2781 421 2808 ﬁrmam
432 2780 529 2814 diuque
539 2780 692 2807 duraturam
705 2779 813 2805 domum
828 2778 935 2806 excitat.
948 2777 1002 2804 Hos

211 2829 307 2855 milium
324 2831 470 2854 structores
484 2831 512 2852 et
532 2833 582 2852 nos
601 2825 744 2857 imitemur,
761 2824 908 2860 eodemque
923 2822 1003 2851 modo

376 2887 508 2916 Punoe.
529 2884 587 2913 (in.
611 2883 690 2911 LIX.

1045 2239 1148 2262 vestras
1162 2233 1322 2261 azdlficemus
1340 2235 1443 2262 animas
1454 2236 1473 2262 ί.
1490 2235 1628 2264 'Iimemus
1641 2238 1712 2265 enim
1722 2258 1729 2269 .
1745 2246 1777 2265 nc
1791 2247 1835 2266 re-

1046 2288 1109 2308 cens
1122 2287 1182 2307 cum
1196 2280 1231 2306 sit
1247 2279 1320 2314 prior
1331 2284 1474 2312 structura,
1489 2281 1613 2309 secunda:
1628 2283 1725 2310 addita:
1739 2292 1836 2319 specu-

1046 2327 1168 2358 lationes,
1181 2325 1282 2360 priores
1294 2325 1474 2360 pessumdeut,
1488 2334 1548 2354 cum
1563 2334 1641 2355 mens
1652 2334 1765 2363 nequeat
1778 2338 1836 2356 om-

1047 2373 1090 2399 nia
1109 2372 1187 2398 simul
1208 2371 1356 2398 contiuere.
1369 2371 1438 2404 Quid
1460 2372 1539 2406 igitur
1559 2372 1638 2400 hodie
1659 2374 1755 2401 lectum
1777 2379 1833 2408 cst,

1048 2417 1112 2444 Erat
1126 2417 1171 2443 lux
1180 2424 1237 2442 vera
1249 2423 1305 2450 qua:
1315 2416 1441 2442 illuminat
1453 2425 1550 2443 omnem
1566 2417 1691 2445 hominem
1702 2420 1838 2447 venientem

1048 2463 1074 2489 in
1094 2461 1160 2488 hunc
1180 2461 1311 2488 mundum.
1325 2460 1374 2494 Qui
1397 2461 1467 2488 enim
1490 2470 1570 2496 supra
1585 2463 1620 2490 de
1634 2463 1738 2492 Joanne
1751 2465 1838 2492 disse-

1049 2515 1120 2540 rens,
1137 2507 1242 2534 dicebat
1253 2515 1314 2534 eum
1330 2507 1445 2539 venisse,
1464 2507 1498 2535 Ut
1515 2509 1683 2536 testimonium
1701 2510 1839 2543 perhiberet

1050 2554 1081 2581 de
1095 2553 1204 2586 lumine,
1219 2558 1247 2581 et
1265 2561 1335 2580 nunc
1355 2554 1465 2581 missum
1485 2561 1564 2586 esse;
1585 2562 1618 2582 ne
1636 2555 1695 2589 quis
1716 2555 1774 2582 ha-c
1791 2563 1839 2583 au-

1050 2599 1141 2630 diens,
1157 2599 1190 2626 ob
1204 2607 1334 2632 nuperum
1349 2599 1515 2626 testiiicantis
1530 2599 1688 2632 adventum,
1703 2600 1737 2627 de
1751 2607 1783 2628 eo
1798 2602 1839 2628 ctti

1051 2644 1231 2672 testimonium
1248 2643 1381 2671 ferebatur
1396 2644 1509 2678 aliquam
1525 2644 1702 2678 suspicionem
1719 2646 1841 2673 admitte-

1053 2695 1104 2724 ret,
1120 2695 1222 2718 tncntcs
1236 2691 1339 2724 erexit,
1353 2695 1380 2718 et
1398 2690 1430 2717 ad
1444 2690 1515 2718 omni
1531 2690 1662 2725 principio
1676 2693 1840 2726 superiorem

1087 2767 1094 2783 ι
1113 2767 1149 2792 sic
1170 2767 1334 2798 Msstquidam
1346 2771 1423 2793 recte.
1435 2767 1506 2793 savii.
1519 2773 1602 2794 autem
1612 2773 1638 2794 et
1648 2767 1730 2793 ttorel.
1744 2787 1750 2798 ,
1763 2769 1842 2793 imitu~

1055 2804 1148 2822 mur....
1168 2797 1327 2831 a'diﬁcamus,
1345 2798 1447 2831 legunt;
1460 2806 1515 2830 quae
1531 2800 1560 2824 ad
1575 2800 1667 2825 seriem
1682 2797 1842 2831 CltrySoctDtnl

1057 2834 1105 2852 non
1122 2833 1170 2852 tam
1181 2829 1245 2854 bene
1256 2829 1376 2860 quadrare
1388 2829 1508 2854 videntur.

1631 2872 1650 2901 ἢ
