2044 3113
227 144 260 170 (:3
584 138 613 166 S.
633 136 771 165 JOANNIS
789 133 1023 164 CHRYSOSTOlll
1043 133 1202 162 ARClllEP.
1223 135 1489 164 CONSTANTINOP.
1827 139 1861 165 α

225 200 408 227 exsistentiam
423 196 587 228 transmisit,
604 203 663 230 qua:
680 194 781 221 nullum
797 192 919 221 habitura
934 191 1014 218 linem

225 251 276 274 est.
292 246 325 273 Et
338 244 471 281 quomodo
486 246 596 278 possunt
612 241 670 268 ba‘c
682 247 758 273 esse,
775 239 891 274 inquies,
908 245 967 265 cum
982 238 1015 264 sit

228 292 325 319 Filius'
336 291 348 318 7
358 291 396 318 De
408 291 462 317 Deo
472 287 614 323 loquimur,
626 292 653 314 et
665 291 693 313 tu
707 286 853 320 interrogas
863 283 1014 319 quomodo?

227 344 313 372 neque
329 337 405 363 tintcs
417 335 460 362 vel
474 333 625 361 horrescis?
637 332 678 360 Ad
693 332 762 364 haec,
775 331 798 358 si
813 331 872 366 quis
885 334 986 365 quaerat
999 337 1014 355 a

227 388 261 414 te,
273 380 405 417 quomodo
419 380 514 406 animae
525 383 551 406 et
561 386 673 413 corpora
687 377 827 405 immortali
840 377 892 402 vita
903 375 1013 402 fruitura

225 429 289 460 sint,
303 425 537 460 interrogationem
552 425 625 452 illam
638 424 745 454 ridebis,
760 422 834 458 quasi
850 428 902 448 non
917 421 951 448 sit
966 420 1014 446 hu-

226 479 311 499 manm
325 470 422 498 mentis
436 478 567 505 quaerere,
579 469 626 497 sed
640 469 749 496 credere
763 472 862 495 tantum
873 470 1011 501 oporteat;

224 525 309 552 neque
327 516 427 544 dictum
448 515 511 543 illud
533 515 646 543 serutari
659 536 666 546 ,
681 514 757 548 cujus
771 513 905 540 sufficiens
919 513 953 538 sit
964 511 1012 538 de-

225 563 382 590 monstratio
397 562 510 589 dicentis
529 561 645 596 potentia
659 569 666 591 ;
681 559 721 586 sin
736 562 824 585 autem
840 557 914 584 illum
928 556 972 591 qui
987 561 1014 583 ct

223 611 326 637 animas
345 614 374 637 et
395 616 508 642 corpora
531 608 649 639 creavit,
674 611 699 633 et
723 605 792 632 nulla
814 603 1012 637 comparatione

223 661 372 683 creaturam
388 655 539 682 universam
555 657 717 687 exsuperat,
733 652 791 678 sine
809 649 939 685 principio
953 655 1012 676 essa

223 701 352 731 dicamus,
367 704 395 726 tu
410 698 585 733 interrogabis
598 696 731 732 quomodo
744 695 769 722 id
787 695 882 722 factum
896 694 947 721 sit?
962 693 1012 721 Ec-

222 746 282 780 quis
295 752 367 772 samo
381 745 477 771 mentis
491 744 547 771 haec
562 751 622 770 esse
637 741 753 770 dixerit?
769 741 829 776 quis
843 741 911 768 bene
923 740 1012 766 valeti-

223 791 256 817 tis
271 791 352 818 animi
366 796 392 817 et
407 789 558 817 ratiocinii?
574 789 691 816 Audistis
706 787 780 819 illud,
798 787 859 814 Erat
879 786 924 813 tua:
942 794 1008 812 vera.

223 835 290 868 Quid
306 835 402 862 frustra
417 835 574 867 contendis,
591 839 619 861 ut
634 833 763 861 infinitam
783 833 855 860 illam
871 833 950 859 vitam
966 839 1009 858 ra-

222 880 330 908 tiocinio
339 880 500 914 assequaris,
512 887 570 914 quae
582 886 633 906 non
647 883 733 913 potest
745 878 857 912 attingi?
866 877 928 911 quid
938 885 1010 911 qua:-

220 926 256 953 ris
270 933 301 953 ea
314 934 373 961 qua:
388 926 491 960 exquiri
505 926 660 960 nequeunt?
672 933 720 953 cur
733 923 1008 959 incomprehensibilia

219 972 366 998 scrutaris?
384 979 432 999 cur
451 972 588 1000 examinas
603 979 633 1000 ca
647 979 706 1006 qua:
721 971 837 999 examini
850 978 902 997 non
917 969 1008 1004 subju-

219 1018 301 1045 eent?
314 1017 445 1045 Solarium
461 1017 594 1045 radiorum
610 1017 732 1052 perquire
745 1017 875 1048 radicem;
892 1023 943 1042 non
960 1023 1008 1050 po-

220 1062 283 1090 teris
298 1062 402 1096 assequi
414 1082 421 1093 ,
441 1069 528 1097 neque
549 1066 637 1089 tamen
657 1061 817 1096 indignaris,
834 1067 919 1094 neque
938 1068 1008 1094 :cgre

218 1108 272 1134 fers
293 1107 499 1134 imbecillitatem
515 1113 597 1134 tuam.
617 1107 670 1134 Cur
686 1114 749 1139 ergo
764 1107 789 1133 in
803 1105 946 1140 majoribus
958 1113 1007 1132 au-

217 1155 267 1181 dax
281 1161 311 1180 es
324 1158 350 1180 et
366 1153 541 1180 temerarius?
554 1153 670 1180 Joannes
683 1153 751 1179 filius
763 1152 881 1184 tonitrui,
895 1151 939 1186 qui
952 1151 1006 1185 spi-

217 1199 303 1226 rituali
320 1199 381 1225 tuba
394 1198 481 1230 canit,
499 1198 541 1225 ubi
560 1198 622 1225 illud
633 1218 640 1230 ,
657 1197 735 1229 Erat,
751 1204 764 1222 a
779 1196 876 1230 Spiritu
891 1195 1005 1228 audivit,

216 1244 280 1272 nihil
296 1244 361 1271 ultra
377 1243 499 1278 quaesivit
513 1252 519 1270 :
534 1248 563 1271 et
582 1247 608 1270 tu
627 1250 679 1270 non
701 1242 756 1276 pari
777 1241 859 1276 gratia
874 1241 1005 1273 donatus,

215 1290 258 1324 qui
273 1297 304 1317 ex
327 1289 438 1316 infirmis
459 1288 604 1315 ratiociniis
627 1287 678 1314 tuis
697 1287 832 1321 loqueris,
848 1286 1006 1320 cognitionis

216 1335 286 1362 illius
302 1334 445 1362 terminum
468 1333 656 1360 transcendere
677 1332 800 1360 conaris?
821 1331 934 1366 Ideoque
953 1339 1006 1358 non

215 1387 305 1414 parem
319 1381 361 1412 ei,
378 1388 457 1415 quam
479 1380 523 1407 ille
544 1379 651 1412 habuit,
671 1379 790 1406 notitiam
803 1385 917 1412 unquam
931 1384 1004 1404 asse-

213 1426 312 1460 queris.
329 1425 483 1460 llujusmedi
498 1432 612 1460 namque
626 1429 667 1451 est
679 1424 776 1451 diaboli
791 1423 923 1450 calliditas
936 1431 943 1451 :
958 1429 1004 1449 eos

214 1471 259 1506 qui
273 1471 310 1498 illi
323 1471 517 1506 obsequuntur,
531 1475 606 1498 extra
620 1470 749 1497 terminos
762 1477 776 1496 a
792 1469 845 1496 Deo
860 1468 936 1496 nobis
956 1475 1003 1502 po-

214 1517 280 1543 sitos
294 1515 431 1549 transfert,
447 1516 522 1550 quasi
543 1515 621 1550 longe
634 1515 759 1542 ulteriora
773 1515 902 1548 attingere
917 1514 1003 1548 possi-

213 1569 270 1588 mus
283 1569 289 1588 :
302 1564 441 1596 p0stquam
453 1565 540 1588 autem
554 1560 604 1587 hac
617 1568 664 1595 spe
677 1560 808 1587 inescatos
820 1567 834 1586 a
847 1560 933 1587 divina
945 1566 1003 1594 gra-

214 1607 248 1634 tia
264 1607 385 1639 extrusit,
401 1611 462 1633 tunc
474 1606 580 1633 demum
595 1614 647 1633 non
662 1606 742 1632 modo
753 1606 818 1632 nihil
835 1605 903 1632 ultra
914 1605 1001 1637 addit;

212 1651 345 1685 quomodo
359 1651 429 1678 enim
445 1651 470 1678 id
486 1651 603 1682 faceret,
617 1651 739 1677 diabolus
751 1658 810 1677 cum
824 1650 880 1677 sit?
892 1649 938 1677 sed
954 1657 1003 1677 nec

213 1697 274 1724 sinit
288 1701 313 1723 ut
335 1696 368 1723 ad
390 1696 477 1731 priora
488 1717 495 1727 ,
513 1696 538 1722 in
552 1696 627 1730 queis
641 1699 697 1722 tuto
712 1695 892 1727 versabantur,
907 1694 1001 1722 redea-

213 1750 271 1770 mus
284 1751 291 1775 ;
306 1750 398 1769 verum
413 1742 513 1768 circum
529 1749 632 1776 quaque
650 1742 703 1776 agit
721 1745 844 1768 errantes
855 1761 862 1773 ,
877 1741 922 1775 qui
940 1748 1001 1767 nus-

213 1795 290 1822 quam
304 1788 451 1815 cmisistere
467 1788 608 1822 possimus.
625 1787 669 1814 Sic
689 1787 801 1821 primum
817 1792 954 1820 parentem
968 1793 1001 1812 ex

212 1833 334 1868 paradiso
353 1833 476 1861 excidere
496 1833 606 1860 curavit.
622 1833 687 1860 Cum
707 1833 778 1860 enim
797 1832 870 1859 illum
885 1839 932 1866 spe
946 1838 1002 1857 ma-

212 1879 277 1913 joris
292 1878 410 1906 scientia:
425 1882 454 1905 et
467 1878 576 1906 honoris
589 1877 707 1905 inﬂasset
719 1898 725 1908 ,
742 1878 821 1905 etiam
837 1877 909 1904 illum
922 1877 956 1904 ah
971 1877 1002 1904 iis

212 1924 308 1959 quibus
329 1924 472 1959 tranquille
491 1923 627 1952 fruebatur
645 1923 733 1958 ejecit.
754 1923 812 1950 Non
833 1923 912 1949 modo
931 1922 1000 1949 enim

213 1976 266 1996 non
281 1969 364 1996 factus
378 1973 420 1996 est
439 1969 546 2004 a'qualis
565 1969 634 2000 Deo,
651 1973 678 1995 ιιι
693 1968 740 2003 ipsi
757 1968 939 2002 pollicebatur,
954 1967 1000 1994 sed

212 2014 263 2042 sub
284 2014 377 2041 mortis
398 2014 565 2049 tyrannidem
586 2013 718 2046 detrusit;
738 2021 786 2041 nec
803 2013 890 2041 solum
907 2021 920 2038 a
937 2012 1000 2047 ligni

212 2068 258 2087 esu
279 2060 344 2087 nihil
367 2060 483 2095 accepit,
500 2059 547 2088 sed
569 2060 648 2087 etiam
669 2068 701 2088 ex
725 2060 766 2086 illa
787 2068 865 2094 quam
888 2059 1001 2086 habebat

211 2105 323 2133 scientia
339 2113 391 2132 non
404 2113 497 2140 parum
512 2105 619 2136 amisit,
637 2105 716 2139 idque
730 2113 777 2140 spe
791 2105 898 2139 majoris
915 2104 999 2138 adipi-

212 2151 327 2178 scendaz.
349 2150 413 2177 Nam
436 2154 499 2177 tunc
520 2150 634 2184 primum
655 2150 688 2177 de
708 2150 826 2177 nuditate
843 2150 1000 2177 erubescere

211 2195 310 2229 coepit.
330 2202 390 2221 cum
412 2199 487 2221 antea
510 2195 583 2221 omni
603 2195 704 2229 pudore
724 2199 750 2221 et
771 2195 866 2221 rubore
880 2195 1000 2229 superior

213 2240 315 2267 fuisset.
332 2239 396 2266 Illud
417 2240 496 2267 etiam
511 2239 581 2274 quod
596 2247 625 2266 se
640 2240 738 2266 nudum
756 2247 816 2267 esse
834 2240 998 2273 adverteret,

211 2286 282 2320 quod
297 2285 414 2312 vestibus
430 2285 525 2313 exinde
546 2290 652 2320 egeret,
668 2285 732 2312 illud
743 2306 750 2317 .,
766 2288 888 2320 inquam,
904 2290 931 2313 et
949 2287 999 2313 alia

212 2330 324 2364 plurima
337 2330 420 2357 tristia
431 2330 596 2358 acciderunt.
608 2330 683 2363 Quod
696 2338 729 2357 ne
740 2331 815 2357 nobis
825 2339 930 2365 quoque
940 2339 1000 2358 con-

213 2376 313 2410 tingat,
329 2376 383 2402 Ι)οθ
398 2375 626 2410 obtemperemus,
647 2376 705 2409 ejus
725 2381 856 2410 praecepta
875 2376 999 2403 observe-

212 2428 281 2453 mus,
295 2424 322 2448 et
336 2421 402 2447 nihil
416 2421 530 2448 ulterius
542 2422 649 2448 curiose
663 2422 861 2455 perquiramus;
879 2426 906 2449 ut
919 2430 951 2449 ne
966 2430 999 2449 ex

213 2466 291 2493 nobis
300 2466 436 2493 concessis
448 2467 602 2494 exeidamus
615 2467 699 2499 bonis,
713 2467 782 2502 quod
795 2472 822 2494 et
833 2467 882 2494 illis
893 2468 996 2495 accidit.

212 2511 280 2539 Dum
300 2512 370 2538 enim
388 2512 449 2539 vita:
470 2513 601 2548 principio
627 2514 742 2540 carentis
765 2513 921 2548 principium
940 2521 998 2548 per-

210 2557 336 2591 quirunt,
352 2558 432 2585 etiam
449 2559 492 2585 illa
509 2566 567 2593 qua:
587 2558 686 2586 habere
705 2563 825 2593 poterant
842 2559 996 2586 amisorunt.

210 2602 301 2637 Neque
312 2603 382 2630 enim
397 2603 422 2630 id
435 2604 505 2638 quod
516 2604 671 2639 qumrehant
681 2605 852 2637 invenerunt;
866 2612 916 2632 non
927 2604 996 2632 enim

212 2652 353 2682 ruderum;
371 2654 450 2683 atque
463 2657 478 2676 a
492 2657 554 2677 sana
566 2651 636 2678 circa
647 2650 815 2685 Unigenitum
832 2651 881 2677 fide
893 2651 998 2678 excide-

210 2700 281 2721 runt.
294 2695 327 2722 At
336 2703 384 2722 nos
398 2703 431 2723 ne
445 2696 632 2724 transferamus
645 2697 771 2724 terminos
784 2697 916 2731 antiquos,
931 2704 998 2731 quos

210 2745 357 2774 postrerttnt
370 2746 459 2776 patres
475 2743 574 2775 nostri,
588 2748 615 2770 et
628 2743 725 2778 ubique
737 2743 850 2777 Spiritus
862 2743 945 2769 sancti
959 2743 997 2769 le-

242 2837 251 2853 '
268 2841 337 2864 quta
345 2841 458 2872 quosdam
468 2841 600 2873 legendum
610 2845 657 2872 est,
670 2848 725 2867 cum
737 2842 766 2866 sit
779 2841 852 2867 Filius
865 2842 969 2867 “homo.

1069 191 1146 225 gibus
1159 193 1285 221 cedamus
1298 202 1304 220 :
1316 199 1343 221 et
1356 201 1416 221 cum
1431 193 1563 225 audimus,
1581 193 1642 221 Erat
1655 194 1701 222 lu:
1714 202 1781 227 uera,
1795 195 1859 222 nihil

1070 238 1179 265 ulterius
1193 238 1356 273 inquiramus
1369 248 1375 265 :
1387 247 1474 272 neque
1484 239 1555 266 enim
1567 239 1633 266 ultra
1645 246 1788 274 possumus
1798 247 1859 274 per-

1069 284 1181 318 tingere.
1197 284 1262 312 Nam
1276 285 1298 312 si
1313 285 1384 313 Deus
1402 290 1430 313 ut
1449 285 1529 312 homo
1543 286 1693 320 genuisset,
1708 287 1860 314 necessario

1069 329 1202 357 interstitii
1222 331 1358 366 quidpiam
1379 331 1472 359 fuisset
1488 333 1635 367 genitorem
1651 332 1720 360 inter
1738 337 1766 360 et
1783 333 1858 367 geni-

1069 379 1123 402 tum
1136 384 1143 408 ς
1159 376 1205 403 sed
1225 379 1284 411 quia
1304 376 1428 404 ineffabili
1449 377 1529 404 modo
1543 382 1569 405 et
1582 383 1609 404 ut
1623 378 1705 405 Deum
1718 378 1797 405 decet
1810 386 1857 413 ge-

1069 421 1136 454 nuit,
1149 421 1252 449 abstine
1263 422 1296 448 ab
1310 422 1350 449 his
1363 421 1483 454 vocibus,
1494 427 1552 450 ante
1565 428 1591 450 et
1604 427 1658 457 post
1668 430 1678 450 :
1693 423 1749 451 haec
1759 423 1858 459 quippe

1069 470 1217 500 temporum
1229 467 1334 494 nomina
1348 471 1411 494 sunt
1422 476 1428 494 :
1440 467 1522 495 Filius
1532 475 1596 496 vero
1606 468 1684 496 etiam
1697 469 1856 496 stnculorum

1067 512 1184 539 omnium
1199 512 1320 541 conditor
1331 517 1383 540 est.

1101 556 1129 583 2.
1149 556 1213 583 Vera
1223 557 1255 584 de
1271 557 1349 584 Patre
1359 563 1384 585 et
1395 558 1427 585 de
1443 558 1511 586 Filio
1532 559 1656 585 doctrina.
1681 559 1855 586 Sabbclliano-

1066 611 1122 630 rum
1151 609 1174 630 et
1201 603 1425 632 Marcellianorum
1454 606 1561 633 insania.
1590 605 1697 632 Pet-cata
1729 607 1854 641 quomodo

1065 649 1320 684 abluantur.-—Ergo
1335 658 1386 677 non
1403 655 1486 684 pater,
1496 651 1561 683 aies,
1571 651 1617 678 sed
1632 650 1713 678 frater
1726 656 1777 679 est.
1789 652 1854 685 Qua:

1066 697 1221 728 necessitas,
1237 697 1350 732 quzeso?
1364 697 1428 724 Nam
1445 698 1467 724 si
1483 697 1588 725 Patrem
1599 701 1628 724 et
1647 698 1743 724 Filium
1757 705 1790 725 ex
1800 698 1852 725 alia

1065 748 1091 770 et
1103 743 1206 770 diversa
1220 743 1309 771 radice
1322 749 1397 771 ortos
1418 743 1568 771 diceremus
1580 764 1587 776 ,
1612 743 1668 771 haec
1684 743 1744 778 jure
1762 744 1854 771 dicere

1065 796 1158 823 posses
1175 798 1180 816 :
1197 789 1238 816 sin
1261 789 1330 816 hanc
1351 790 1465 817 vitamus
1486 790 1665 824 impietatem,
1688 789 1853 824 dicitnusqua

1064 834 1168 861 Patrem
1181 835 1239 862 siue
1252 835 1380 869 principio
1395 842 1470 868 esse,
1483 842 1533 862 nec
1544 835 1661 870 genitum
1683 834 1782 867 fuisse;
1804 834 1851 862 Fi-

1063 879 1126 906 lium
1142 887 1207 907 vero
1220 881 1278 907 sine
1291 880 1421 914 principio
1435 880 1541 914 quidem
1561 887 1621 907 esse
1633 899 1641 910 .
1664 879 1711 907 sed
1730 880 1851 914 genitum

1063 931 1077 950 a
1091 924 1167 952 Patre
1180 946 1187 957 ,
1202 933 1261 960 qua:
1275 926 1420 953 necessitas
1435 933 1469 952 ex
1486 925 1534 952 hac
1547 925 1706 960 cogitatione
1718 945 1725 959 ,
1740 925 1850 961 impium

1062 970 1135 997 illum
1149 970 1248 998 inferre
1262 971 1432 999 sermonem?
1450 971 1526 998 Nulla
1542 978 1616 998 sane.
1632 971 1737 998 Etenim
1758 972 1850 1006 splen-

1061 1015 1110 1042 dor
1122 1021 1179 1048 est;
1195 1016 1322 1051 splendor
1335 1021 1423 1044 autem
1441 1016 1520 1043 simul
1541 1016 1696 1051 intelligitur
1715 1024 1775 1044 cum
1800 1024 1850 1043 na-

1062 1066 1120 1089 tura
1135 1062 1178 1089 illa
1189 1082 1197 1094 ,
1213 1063 1288 1097 cujus
1302 1067 1344 1090 est
1356 1062 1491 1097 splendor.
1505 1062 1566 1090 ldeo
1581 1062 1650 1090 enim
1667 1062 1763 1089 Paulus
1775 1061 1850 1089 illmn

1060 1108 1099 1134 sic
1112 1108 1233 1139 vocavit,
1252 1113 1280 1134 ut
1294 1107 1357 1135 nihil
1374 1107 1489 1135 medium
1509 1107 1683 1142 suspicareris
1705 1107 1774 1134 inter
1798 1107 1850 1134 Pa-

1060 1157 1126 1180 trem
1141 1157 1168 1180 et
1187 1153 1304 1180 Filium:
1322 1152 1348 1180 id
1367 1153 1438 1180 enim
1465 1152 1515 1180 hoc
1539 1153 1647 1179 nomine
1671 1153 1844 1187 significatur.

1060 1197 1122 1225 Post
1136 1199 1187 1225 hoc
1201 1198 1352 1233 exemplum
1365 1218 1372 1231 ,
1390 1205 1451 1226 eam
1473 1206 1534 1233 qua:
1561 1198 1621 1225 hinc
1646 1198 1716 1232 apud
1740 1198 1849 1225 insanos

1059 1244 1172 1272 suboriri
1186 1249 1289 1279 poterat
1310 1244 1500 1272 absurditatem
1523 1244 1642 1278 corrigit.
1666 1243 1723 1276 Ne,
1746 1244 1846 1279 inquit,

1058 1289 1182 1323 quoniam
1198 1289 1368 1324 splendorem
1393 1289 1507 1321 audisti,
1526 1289 1610 1323 ipsum
1632 1289 1737 1324 propria
1761 1288 1847 1324 hypo-

1058 1335 1120 1360 ειηδί
1137 1334 1234 1368 privari
1249 1340 1334 1369 putes.
1350 1334 1415 1361 Nam
1432 1335 1541 1369 impium
1555 1334 1605 1361 hoc
1615 1338 1695 1366 esset,
1711 1339 1738 1361 et
1750 1333 1846 1361 Sabelo

1058 1379 1187 1406 lianorum
1200 1379 1483 1413 Marcellianorumqne
1496 1379 1607 1406 insania.
1619 1378 1674 1408 Nos
1688 1383 1776 1406 autem
1792 1387 1845 1405 non

1057 1423 1093 1451 ita
1107 1425 1254 1457 sentimus,
1272 1425 1320 1452 sed
1344 1425 1429 1459 ipsum
1453 1425 1480 1451 in
1505 1424 1611 1458 propria
1633 1424 1683 1451 sibi
1709 1424 1845 1459 hypostasi

1057 1477 1116 1497 esse
1131 1470 1244 1498 dicimus
1260 1479 1266 1496 :
1282 1470 1341 1497 ideo
1355 1474 1494 1505 postquam
1514 1469 1588 1496 illum
1610 1469 1779 1504 splendoretn
1798 1477 1846 1504 ap-

1056 1517 1217 1551 pellaverat,
1241 1517 1347 1549 intulit,
1378 1516 1411 1543 Et
1435 1516 1565 1543 character
1588 1516 1734 1542 substantia
1756 1515 1844 1548 illius,

1056 1562 1154 1597 (Hebr.
1174 1563 1199 1589 1.
1219 1562 1268 1597 5),
1284 1567 1312 1589 ut
1327 1562 1460 1597 propriam
1485 1561 1639 1596 hypostasin
1663 1561 1843 1596 significaret,

1055 1609 1262 1644 ostenderetque
1276 1609 1360 1642 ipsum
1375 1616 1407 1636 ex
1422 1607 1516 1635 eadem
1530 1615 1590 1635 esse
1602 1607 1845 1642 substantia,cujus

1055 1654 1195 1682 character
1209 1659 1260 1682 est.
1281 1653 1372 1688 Neque
1384 1653 1454 1680 enim
1471 1654 1535 1680 satis
1549 1658 1591 1680 est
1612 1653 1720 1680 verbum
1740 1661 1821 1681 unum
1835 1673 1843 1683 ,

1055 1705 1083 1726 ut
1094 1700 1148 1733 jam
1161 1700 1233 1731 dixi,
1249 1700 1282 1726 ad
1297 1700 1341 1727 illa
1355 1699 1388 1726 dc
1408 1699 1463 1727 Deo
1482 1699 1605 1734 dogmata
1630 1699 1782 1726 hominibus
1805 1701 1843 1726 si-

1054 1745 1202 1780 gnificanda
1221 1755 1226 1772 :
1243 1745 1290 1773 sed
1305 1744 1449 1780 optandum
1463 1749 1492 1772 ut
1506 1745 1595 1772 multis
1609 1745 1688 1772 simul
1701 1744 1798 1777 allatis,
1810 1753 1842 1771 ex

1053 1791 1163 1825 singulis
1171 1790 1239 1825 quod
1247 1790 1546 1824 conveniatseligamus.
1567 1789 1602 1817 Ita
1614 1790 1684 1817 enim
1698 1790 1844 1824 poterimus

1053 1835 1133 1870 digne
1144 1836 1256 1870 gloriam
1271 1836 1316 1862 Dei
1327 1835 1481 1868 celebrare;
1495 1835 1573 1870 digne
1583 1835 1684 1862 scilicet
1696 1835 1842 1862 secundum

1054 1881 1203 1909 facultatem
1219 1887 1346 1909 nostram.
1362 1881 1389 1908 Si
1405 1882 1464 1916 quis
1488 1881 1560 1908 enim
1585 1881 1619 1908 de
1642 1881 1685 1908 illa
1712 1881 1790 1915 digne
1812 1888 1843 1907 se

1052 1927 1124 1962 loqui
1139 1934 1215 1962 posse
1228 1931 1311 1961 putet,
1327 1932 1407 1961 atque
1419 1930 1555 1954 asseveret
1567 1933 1596 1953 se
1608 1926 1642 1953 ita
1655 1927 1736 1953 Deum
1750 1933 1840 1957 nosse.

1053 1978 1081 1999 ut
1094 1973 1150 2008 ipse
1163 1981 1192 2000 se
1208 1973 1295 2005 novit,
1310 1973 1332 2000 is
1345 1973 1459 2000 maxime
1471 1973 1553 2000 Deum
1570 1973 1684 2007 ignorat.
1701 1973 1761 1999 llarc
1779 1980 1840 1999 cum

1052 2020 1182 2050 sciamus,
1196 2019 1338 2053 diligenter
1351 2019 1513 2045 retineamus
1526 2025 1556 2045 ea
1570 2026 1630 2053 qua:
1646 2018 1778 2045 tradidere
1790 2026 1839 2044 no-

1053 2065 1094 2092 bis
1107 2065 1124 2092 ii
1137 2065 1182 2099 qui
1195 2065 1228 2091 ab
1242 2065 1317 2091 initio
1331 2064 1395 2100 ipsis
1408 2065 1493 2091 oculis
1517 2064 1658 2096 viderunt,
1680 2069 1706 2091 et
1727 2064 1840 2091 ministri

1052 2111 1126 2138 fuere
1149 2110 1247 2143 Verbi,
1273 2118 1360 2145 neque
1384 2111 1452 2137 ultra
1477 2110 1581 2137 curiose
1603 2115 1760 2137 scrutemur.
1784 2109 1841 2136 Duo

1053 2164 1168 2190 namque
1193 2156 1291 2183 damna
1320 2156 1371 2182 hoc
1394 2156 1488 2183 morbo
1516 2155 1668 2182 laborantes
1692 2155 1838 2182 invadent:

1052 2200 1122 2235 (ιιιυὰ
1138 2205 1240 2227 temere
1256 2200 1377 2227 laborent
1390 2200 1434 2226 illa
1449 2199 1612 2234 qumrendo,
1635 2207 1695 2234 quae
1719 2200 1840 2226 invenire

1053 2250 1204 2281 nequeunt;
1220 2245 1327 2280 etquod
1345 2246 1426 2272 Deum
1441 2246 1466 2272 in
1481 2245 1547 2272 iram
1564 2251 1719 2280 provocent,
1735 2245 1797 2272 dum
1807 2246 1841 2271 ab

1053 2291 1110 2326 ipso
1124 2292 1225 2326 positos
1239 2292 1368 2318 terminos
1380 2296 1500 2318 evertere
1513 2296 1653 2318 conantur.
1670 2291 1744 2324 Quod
1759 2299 1839 2326 quan-

1053 2342 1143 2372 topere
1156 2337 1221 2364 iram
1239 2337 1284 2364 Dei
1298 2337 1431 2369 concitet,
1448 2345 1500 2364 non
1515 2345 1582 2371 opus
1595 2342 1636 2364 est
1652 2338 1727 2364 vobis
1739 2338 1838 2370 dicere,

1051 2390 1110 2410 cum
1125 2383 1149 2409 id
1164 2391 1256 2410 omnes
1271 2383 1371 2410 sciatis.
1385 2383 1564 2416 Quamobrem
1582 2384 1661 2410 missa
1675 2383 1781 2410 illorum
1795 2393 1839 2410 ar-

1052 2430 1171 2464 rogantia
1183 2449 1191 2461 ,
1208 2429 1253 2455 Dei
1266 2429 1345 2455 verba
1357 2437 1416 2455 cum
1431 2434 1546 2456 tremore
1564 2430 1702 2456 audiamus
1714 2449 1721 2460 ,
1743 2435 1773 2456 ut
1797 2430 1841 2457 ille

1052 2479 1181 2510 perpetuo
1193 2481 1242 2501 nos
1258 2479 1363 2501 tueatur
1378 2482 1384 2500 ε
1401 2482 1461 2500 nam
1476 2475 1530 2507 ait,
1553 2475 1593 2500 Ad
1614 2483 1686 2509 quem
1708 2476 1840 2508 respiciam

1051 2521 1100 2547 nisi
1113 2521 1146 2546 ad
1158 2525 1315 2546 mansuetum
1329 2525 1350 2546 et
1365 2520 1485 2547 humilem
1495 2541 1501 2552 ,
1519 2526 1542 2546 et
1554 2521 1663 2555 quirtum
1677 2542 1684 2553 ,
1699 2527 1720 2548 et
1734 2527 1839 2548 [remm-

1052 2571 1099 2592 tent
1110 2565 1183 2592 verba
1195 2574 1248 2592 mea
1260 2565 1340 2599 (luti.
1357 2565 1401 2592 66.
1417 2565 1434 2591 2
1447 2566 1473 2600 )?
1494 2565 1549 2592 ΙΙ.ιο
1564 2565 1643 2600 igitur
1657 2567 1736 2593 missa
1750 2569 1839 2594 curio-

1051 2612 1146 2644 sitate,
1177 2616 1348 2638 eonteramus
1367 2611 1467 2642 corda.
1498 2617 1605 2646 peccata
1631 2612 1786 2646 lugeamus,
1815 2619 1839 2640 ut

1051 2657 1171 2684 Christus
1183 2657 1261 2691 jussit
1273 2676 1280 2688 ,
1295 2656 1328 2683 de
1342 2657 1488 2684 sceleribus
1502 2657 1602 2684 nostris
1617 2665 1839 2692 conlpungantur,

1051 2710 1082 2729 ac
1094 2702 1235 2737 diligenter
1249 2702 1340 2729 animo
1354 2706 1505 2736 repetamus
1520 2710 1550 2730 ea
1566 2711 1624 2737 qum
1644 2703 1771 2730 haetenus
1792 2705 1839 2730 al-

1052 2747 1173 2774 misimus
1185 2747 1280 2774 delicta
1295 2755 1302 2778 ;
1318 2747 1473 2774 studeamus
1487 2748 1529 2774 illa
1542 2749 1651 2775 omnino
1666 2749 1785 2776 abluere.
1803 2749 1840 2776 Ad

1052 2794 1120 2819 hanc
1130 2791 1227 2827 quippe
1243 2799 1300 2819 rem
1313 2791 1408 2819 multas
1422 2791 1493 2820 Deus
1505 2793 1581 2820 nobis
1594 2794 1694 2826 apt-ruit
1708 2794 1772 2820 vias.
1795 2794 1840 2820 hic

1055 2843 1082 2864 tu
1096 2838 1164 2873 prior
1175 2859 1181 2871 ,
1199 2838 1298 2873 inquit,
1311 2838 1454 2873 iniquitates
1467 2843 1537 2872 tunc,
1552 2844 1578 2865 ut
1587 2839 1736 2874 jurtiﬁteris
1755 2839 1836 2875 (lsai.
