2044 3113
215 153 250 180 δε
753 145 786 173 IN
805 144 960 173 JOANNEM
980 144 1095 172 HOMlL.
1116 144 1184 172 vm.
1203 144 1240 172 al.
1260 144 1314 172 vn.
1803 157 1838 184 εδ

214 212 259 238 45.
284 207 361 243 ‘26)?
387 211 414 233 et
442 213 550 237 rursus,
575 204 665 236 Dixi‘,
699 202 841 238 conﬁtebor
871 202 1002 229 adversum

215 262 254 281 me
263 253 412 288 injustitiam
433 259 513 278 meam
538 249 664 280 Domino,
688 253 710 275 et
733 253 760 274 tu
782 248 898 275 remisisti
912 248 1002 283 impie-

211 304 286 325 latent
297 298 380 324 cordis
392 297 440 323 mei
457 295 549 331 (Psal.
572 295 616 322 51.
639 294 683 329 5,).
709 293 801 328 Neque
817 293 887 321 enim
909 301 1001 328 parum

212 345 289 372 nobis
317 343 421 370 confert
446 342 479 369 ad
511 341 681 368 minuendam
714 344 881 374 peccatorum
904 340 1001 367 molem
1024 335 1033 341 ”

213 389 339 424 frequens
354 396 446 416 eorum
465 387 592 414 memoria
615 391 641 413 et
664 385 808 412 accusatio.
834 385 881 412 Est
903 389 930 411 et
950 385 1002 411 alia

213 435 347 462 eflicacior
369 434 429 466 via,
458 433 480 460 si
500 432 599 460 nemini
623 439 714 458 eorum
728 451 735 463 ,
759 431 803 465 qui
826 431 852 457 in
877 437 926 457 nos
940 437 1002 465 pec-

214 477 598 511 earunt,succenseamus;si
609 477 732 504 omnibus
758 476 807 507 iis,
834 475 878 510 qui
902 475 928 502 iu
954 483 1003 503 nos

213 525 397 560 deliquerunt,
419 524 514 550 delicta
527 522 717 550 condonemus.
734 521 780 548 Vis
793 525 819 548 et
833 520 935 547 tertiam
945 520 1003 547 edi-

214 578 289 597 soere
310 569 396 596 viam?
417 568 485 596 Audi
509 567 643 594 Danielem
665 566 820 593 dicentem:
839 565 1003 597 Quamobrem

214 620 316 650 peccata
326 620 369 641 tua
380 614 542 648 eleemosyuis
554 613 658 644 redime,
673 617 696 638 et
706 611 848 644 iniquitates
864 615 918 637 tuas
930 611 1003 637 mise-

213 660 325 687 ricordia
339 668 399 695 erga
415 666 537 693 pauperes
558 657 647 692 (Dan.
674 657 701 684 4.
723 655 790 691 24).
815 656 862 682 Est
881 660 908 682 et
931 655 980 681 alia
993 675 1001 687 ,

215 714 309 741 nempe
323 706 472 733 orationum
487 704 644 739 frequentia,
656 707 684 730 et
699 702 724 729 in
740 700 862 737 precibus
872 701 904 728 ad
918 701 1000 727 Deum

214 753 316 780 emissis
340 751 548 786 perseverantia.
563 750 647 777 Atl'ert
660 749 739 776 etiam
752 747 828 775 nobis
842 746 1002 774 consolatio-

213 806 273 826 nem
289 807 340 825 non
353 798 483 824 modicam
496 801 523 824 et
536 796 721 823 remissionem
741 797 910 829 peccatorum
932 792 1002 826 jeju-

214 845 299 876 nium,
315 844 420 878 quando
446 850 506 870 cutn
532 841 694 876 benignitate
718 846 778 874 erga
804 839 870 865 alios
889 836 1002 871 conjun-

212 895 282 917 ctqu
302 896 360 922 est,
384 894 463 924 atque
489 889 536 915 ira:
560 888 605 914 Dei
630 886 824 914 vehementiam
848 884 1000 918 exstinguit.

245 945 252 959 ¹
271 944 333 974 Vox,
343 943 406 974 dixi,
415 944 488 968 deest
499 944 523 968 in
532 942 603 967 sarit.

1055 202 1145 237 Ignem
1169 204 1239 230 enim
1259 204 1430 238 ﬂammantem
1452 212 1519 240 aqua
1542 205 1697 241 exstinguat,
1725 210 1748 233 et
1777 207 1842 233 etes-

1055 249 1167 282 mosgnis
1180 253 1282 282 peccata
1296 254 1437 285 purgantur
1451 250 1547 285 (Eccli.
1564 251 1592 278 5.
1608 251 1643 278 50
1690 252 1717 278 In
1729 251 1770 279 his
1780 259 1844 286 ergo

1055 293 1105 320 viis
1119 293 1243 321 omnibus
1255 293 1418 328 gradiantur.
1429 295 1456 323 Si
1469 296 1540 323 enim
1561 296 1587 323 in
1607 297 1640 323 iis
1658 303 1768 331 semper
1784 304 1844 323 ver-

1055 345 1155 370 semur,
1168 338 1189 365 si
1204 338 1230 365 in
1239 338 1271 366 iis
1284 346 1363 367 omne
1377 340 1494 368 studium
1508 342 1684 375 insumamus,
1699 349 1752 368 non
1763 341 1842 368 modo

1055 383 1189 417 praeterita
1201 387 1310 418 peccata
1321 384 1469 418 abluemus,
1485 386 1532 413 sed
1547 387 1627 414 etiam
1642 387 1669 414 in
1681 385 1773 414 futuro
1783 394 1842 413 ma-

1055 428 1125 454 xima
1140 428 1312 456 lucrabimur.
1326 429 1417 464 Neque
1429 430 1499 457 enim
1519 430 1624 458 diabolo
1637 432 1724 460 locum
1747 431 1843 458 offere-

1054 480 1114 500 mus
1128 481 1177 501 nos
1192 473 1346 507 invadendi,
1360 482 1447 510 neque
1458 475 1484 502 in
1498 476 1636 510 segnitiem
1652 477 1692 504 vel
1705 477 1731 504 in
1753 477 1843 511 perni-

1054 519 1153 546 ciosam
1169 519 1351 547 curiositatem
1366 520 1524 548 incidemus.
1540 521 1590 548 Per
1605 521 1663 548 haec
1675 521 1746 549 enim
1760 525 1841 556 atque

1055 564 1126 597 alia,
1146 565 1254 592 insanas
1267 565 1326 592 illas
1349 566 1529 600 quaestiones,
1554 566 1697 600 noxiasque
1722 566 1841 600 disputa-

1055 609 1141 636 tiones
1156 609 1272 642 inducit,
1294 609 1366 644 quod
1378 611 1479 638 otiosos
1500 610 1661 645 desidesque
1683 610 1790 644 videat,
1814 616 1842 638 et

1055 654 1153 681 nullam
1166 655 1228 682 vita:
1241 655 1332 689 probae
1345 663 1436 682 curam
1452 660 1586 690 gerentes.
1599 656 1632 684 At
1647 663 1695 683 nos
1706 656 1777 684 hunc
1803 657 1839 684 illi

1055 699 1156 726 aditum
1168 700 1348 732 obstruamus,
1358 701 1509 736 vigilemus,
1523 702 1603 729 sobrii
1618 702 1712 735 simus,
1728 707 1757 729 ut
1769 707 1842 737 post-

1054 751 1133 778 quam
1147 744 1198 772 hoc
1219 745 1292 772 brevi
1315 750 1435 781 tempore
1457 747 1590 774 modicum
1613 747 1839 780 laboraverimus,

1055 789 1249 817 immortalibus
1261 797 1308 824 per
1321 791 1421 818 infinita
1434 792 1531 819 saecula
1543 792 1661 820 fruamur
1674 793 1751 820 bonis
1760 813 1768 826 ,
1782 801 1842 827 gra-

1056 833 1091 859 tia
1114 838 1141 860 et
1162 834 1325 869 benignitate
1350 835 1454 863 Domini
1479 837 1563 863 nostri
1582 836 1646 864 Iesu
1660 836 1778 869 Christi,
1794 844 1842 872 per

1054 886 1133 929 quem
1149 884 1176 906 et
1190 887 1250 907 cum
1266 889 1320 915 quo
1334 881 1423 914 Patri,
1437 887 1463 909 et
1473 889 1524 909 una
1542 882 1652 917 Spiritui
1673 888 1765 910 sancto
1783 883 1842 918 glo-

1054 924 1093 951 ria
1103 943 1110 956 ,
1127 924 1153 951 in
1166 926 1262 952 satcula
1276 927 1446 954 saeculorum.
1460 927 1557 954 Amen.

880 1023 1044 1055 HOMILIA
1065 1025 1148 1057 VIII.

267 1104 327 1132 Erat
341 1105 386 1131 tua:
400 1111 458 1129 vera
469 1122 476 1134 ,
490 1109 546 1136 qua:
558 1100 684 1126 illuminat
704 1105 801 1125 onmem
821 1095 946 1123 hominem

401 1149 537 1175 venientem
551 1147 578 1173 in
593 1146 659 1172 hunc
673 1143 804 1171 mundum.

248 1197 272 1224 Ι.
287 1196 400 1223 Christus
415 1202 487 1221 verus
501 1193 569 1219 Deus
580 1197 626 1218 est.
647 1190 708 1224 Ipse
719 1210 726 1223 ,
741 1197 797 1215 cum
811 1188 842 1214 sit
856 1187 901 1214 lua:
923 1194 981 1212 vera
992 1206 999 1218 ,

212 1252 256 1270 rur
275 1251 326 1269 non
350 1249 435 1268 omnes
449 1239 583 1266 illuminet.
607 1237 685 1263 Pauli
709 1233 867 1262 Samosateni
889 1231 999 1260 insania.

214 1289 302 1316 Inanis
313 1287 401 1323 gloriae
412 1286 539 1321 tyrannis.
555 1283 667 1310 Mundus
681 1282 722 1316 qui
734 1281 860 1308 Christum
883 1287 933 1306 non
957 1286 1001 1305 co-

213 1334 316 1369 gnovit,
332 1332 398 1366 quis.
415 1330 550 1365 Propheta:
573 1327 698 1362 quomodo
721 1326 848 1353 Christum
869 1327 999 1351 noverunt.

212 1368 247 1399 ζ-
262 1378 331 1405 Nihil
344 1377 415 1405 enim
427 1375 558 1410 prohibet,
573 1373 714 1408 quominus
729 1371 807 1398 hodie
817 1370 909 1397 eadem
921 1368 1001 1396 verba

215 1423 406 1457 expendamus,
420 1421 480 1455 quia
492 1427 575 1454 nuper
593 1418 747 1452 dogmatum
764 1415 895 1449 expositio
915 1415 1000 1448 impe-

213 1469 331 1496 dimento
361 1468 425 1499 fuit,
446 1466 588 1501 quominus
610 1463 697 1490 omnia
724 1470 783 1497 quae
805 1462 874 1489 lecta
897 1460 1002 1487 fuerant

213 1515 416 1548 explicaremus.
432 1511 481 1539 Ubi
494 1515 556 1538 sunt
576 1510 654 1544 igitur
669 1508 720 1540 illi,
734 1507 779 1542 qui
802 1507 896 1533 dicunt
913 1506 999 1540 ipsum

213 1568 305 1588 verum
320 1560 402 1586 Deum
418 1565 469 1584 non
483 1556 566 1584 esse?
580 1555 628 1582 Hic
646 1554 717 1582 enim
733 1554 778 1580 lux
802 1560 863 1579 vera
885 1550 1001 1585 appella-

214 1613 276 1639 tur;
292 1606 353 1632 alibi
371 1611 434 1631 vero
450 1603 505 1638 ipsa
520 1603 630 1633 veritas,
646 1600 701 1635 ipsa
714 1599 778 1626 vita.
798 1598 894 1625 Verum
914 1595 978 1623 illud
990 1615 998 1628 ,

214 1661 272 1679 rum
281 1660 313 1679 eo
324 1651 531 1685 pervenerimus,
543 1650 660 1682 apertius
675 1645 857 1680 indagabimus
874 1652 880 1670 :
896 1643 922 1670 in
932 1650 1001 1677 pra:-

214 1699 281 1726 senti
305 1704 392 1724 autent
418 1703 527 1723 necesse
549 1697 589 1721 est
608 1693 634 1719 id
654 1691 759 1719 interim
780 1690 883 1717 caritati
905 1693 1001 1716 vestrte

214 1750 364 1771 recensere.
378 1742 404 1769 Si
419 1740 547 1767 illuminat
567 1745 674 1766 omnem
693 1737 827 1764 hominem
850 1735 1001 1762 venientem

215 1789 240 1815 in
255 1788 325 1815 hunc
340 1787 466 1814 mundum
479 1806 487 1818 ,
502 1783 636 1820 quomodo
655 1787 693 1810 tot
705 1782 827 1809 homines
841 1788 894 1807 non
907 1780 1002 1807 illumi-

214 1834 269 1861 nati
284 1837 392 1860 manent
402 1832 413 1858 ’ἒ
423 1831 479 1858 Non
491 1831 562 1858 enim
574 1837 668 1857 omnes
682 1827 782 1855 Christi
805 1826 905 1853 cultum
919 1832 1002 1860 agno-

214 1884 301 1907 scunt.
316 1878 455 1913 Quomodo
476 1884 539 1912 ergo
560 1876 692 1903 illuminat
713 1881 819 1901 omnem
845 1871 1001 1899 hominem?

215 1927 345 1959 Quantum
361 1924 386 1950 in
403 1923 461 1958 ipso
475 1928 525 1950 est.
547 1921 575 1949 Si
589 1921 632 1955 qui
645 1927 709 1946 vero
730 1922 826 1953 sponte
844 1924 890 1943 sua
906 1915 1002 1943 mentis

214 1971 306 1998 oculos
318 1969 483 2000 claudentes,
500 1967 577 2002 hujus
595 1966 664 1993 lucis
688 1964 777 1992 radios
799 1963 936 1998 percipere
950 1968 1000 1988 no-

216 2018 284 2048 lint,
310 2024 362 2043 non
385 2023 417 2042 ex
439 2018 531 2041 natura
553 2012 620 2039 lucis
644 2010 734 2038 evenit
757 2009 826 2044 quod
843 2008 868 2035 in
886 2005 1003 2035 tenebris

215 2067 339 2090 maneant
350 2083 356 2094 ,
376 2061 422 2087 sed
436 2068 468 2087 ex
483 2058 599 2093 nequitia
614 2064 706 2084 eorum
719 2056 764 2090 qui
785 2058 880 2089 sponte
901 2060 930 2080 se
952 2052 1003 2080 hoc

217 2109 321 2143 prii-ant
336 2114 455 2133 utuucrc.
470 2104 559 2132 Gratia
575 2103 674 2137 quippe
688 2101 714 2127 in
728 2107 822 2127 omnes
835 2098 918 2126 effusa
942 2102 1003 2130 est;

218 2163 270 2181 non
284 2154 402 2181 .Iudteum
417 2173 424 2184 ,
439 2159 492 2178 non
517 2149 639 2176 Grzecum
654 2168 661 2179 ,
687 2154 739 2173 non
766 2145 908 2172 barbarum
919 2163 927 2176 ,
950 2150 1003 2170 non

216 2191 352 2235 Scytham,
367 2205 419 2224 non
436 2197 558 2228 liberum,
571 2202 623 2221 non
642 2200 759 2225 servum,
774 2199 826 2218 non
842 2190 937 2222 virum,
952 2196 1003 2216 non

218 2247 367 2275 mulierem.
380 2251 432 2270 non
445 2249 535 2268 senem
548 2261 555 2272 ,
569 2248 622 2267 non
635 2239 762 2274 juvenem
778 2240 916 2263 aversatur
929 2243 936 2267 ;
957 2234 1004 2261 sed

218 2299 310 2318 omnes
325 2290 447 2317 similiter
460 2287 596 2319 admittit,
616 2291 643 2313 et
655 2292 716 2312 cum
731 2283 786 2318 pari
801 2286 878 2310 vocat.
893 2282 1003 2308 honore.

218 2338 266 2370 Qui
282 2345 343 2363 vero
359 2335 451 2362 uolunt
465 2333 516 2361 hoc
529 2332 578 2359 frui
594 2331 664 2358 dono
676 2351 683 2363 ,
698 2329 766 2356 hanc
780 2328 830 2355 sibi
850 2326 914 2362 ipsis
927 2326 1006 2352 (ιωθί-

220 2387 299 2409 tatent
314 2382 444 2414 imputcut
457 2381 573 2413 oportet.
600 2376 666 2403 Cum
689 2375 760 2402 enim
785 2373 858 2400 aditu
884 2371 1007 2399 omnibus

221 2431 370 2462 patente,et
381 2433 396 2452 a
410 2424 516 2451 nemine
529 2421 684 2452 intercluso,
698 2418 804 2454 quidam
816 2426 848 2445 ex
860 2416 1006 2443 voluntaria

222 2473 338 2508 nequitia
351 2476 424 2499 extra
440 2474 559 2502 manent,
574 2468 590 2495 ii
607 2474 655 2494 suo
664 2470 764 2493 tantum
771 2465 836 2492 vitio
847 2462 1008 2498 pereuntJu

221 2518 314 2545 mundo
323 2521 376 2544 erat
391 2524 400 2543 :
415 2521 441 2542 at
454 2523 506 2542 non
522 2520 656 2548 tamquam
670 2511 770 2538 mundo
780 2514 933 2538 coaetaneus
943 2508 1009 2541 ;ab-

221 2566 264 2591 sit.
279 2564 339 2590 ldeo
353 2562 450 2594 intulit,
462 2561 494 2587 Et
509 2559 617 2586 mundus
630 2566 673 2593 per
685 2558 768 2592 ipsum
782 2559 863 2591 factus
873 2560 908 2582 est
918 2554 1008 2589 (Iban.

223 2610 248 2636 Ι.
266 2609 311 2643 10)
322 2617 329 2636 :
342 2615 389 2642 per
404 2607 460 2633 haec
476 2612 579 2632 rursum
596 2608 621 2630 te
636 2602 737 2630 inducit
747 2601 779 2628 ad
792 2601 863 2627 illam
877 2599 1009 2634 Unigeniti

222 2661 284 2682 ante
296 2654 393 2682 saecula
407 2651 597 2680 exsistentiam.
614 2649 678 2676 Nam
692 2648 735 2683 qui
749 2647 848 2674 audivit
866 2646 936 2672 hunc
950 2644 1011 2671 tuti-

223 2707 328 2727 versum
335 2698 461 2725 mundum
470 2697 539 2723 illius
548 2702 607 2722 esse
616 2701 691 2728 opus,
700 2692 804 2719 etiamsi
816 2697 895 2718 sensu
905 2697 1013 2725 prorsus

223 2751 323 2776 careat,
333 2742 439 2771 etiamsi
454 2741 576 2768 inimicus
587 2745 614 2767 et
627 2738 795 2766 adversarius
806 2735 898 2771 gloria:
910 2735 957 2763 Dei
966 2735 1011 2768 sit,

224 2795 342 2817 attamen
359 2787 518 2819 velituelit,
536 2784 700 2812 conditorem
719 2787 781 2809 ante
804 2781 909 2816 Opillcia
932 2779 1014 2807 fuisse

227 2835 349 2862 conﬁteri
363 2837 483 2868 cogetur.
501 2829 679 2864 Quamobrem
702 2827 792 2856 mirari
816 2833 922 2862 semper
944 2824 1016 2853 subit

1054 1095 1126 1122 Pauli
1140 1097 1303 1126 Samosaleni
1317 1099 1447 1127 insaniam
1458 1120 1465 1132 ,
1481 1101 1616 1135 quomodo
1627 1105 1680 1128 tam
1694 1101 1841 1129 manifestat

1052 1142 1156 1168 veritati
1168 1143 1299 1171 obsistere
1313 1145 1435 1178 potuerit.
1445 1152 1556 1179 seseque
1571 1151 1665 1181 sponte
1678 1146 1838 1180 praecipitem

1053 1185 1165 1214 dederit.
1182 1187 1272 1222 Neque
1282 1189 1352 1216 enim
1366 1197 1399 1216 ex
1409 1189 1566 1224 ignorantia,
1582 1191 1628 1217 sed
1643 1191 1680 1218 rei
1695 1191 1837 1218 admodum

1054 1238 1153 1264 gnarus
1167 1233 1281 1264 erravit,
1298 1241 1350 1260 non
1366 1242 1445 1261 secus
1460 1243 1490 1262 ac
1503 1235 1598 1262 Judaei.
1611 1235 1839 1269 Quemadmodum

1054 1277 1124 1303 enim
1140 1277 1188 1310 illi,
1204 1283 1232 1305 ut
1242 1278 1395 1306 hominibus
1407 1286 1615 1313 asseutareutur,
1633 1289 1724 1308 sanam
1748 1281 1839 1317 prodi-

1054 1321 1118 1349 dere
1132 1322 1226 1356 lidem,
1242 1324 1317 1358 gnari
1331 1324 1416 1359 ipsum
1430 1324 1600 1360 Uuigeuitum
1615 1326 1660 1353 Dei
1675 1333 1749 1358 esse,
1768 1326 1840 1360 prin-

1053 1367 1141 1402 cipum
1151 1376 1215 1396 vero
1228 1373 1299 1396 metu
1314 1369 1340 1397 id
1356 1378 1409 1398 non
1426 1371 1594 1403 confitentes.
1611 1379 1644 1399 ne
1658 1379 1690 1399 ex
1705 1379 1838 1407 synagoga

1054 1413 1215 1448 eiicerentur
1231 1422 1238 1440 :
1255 1415 1289 1441 ita
1305 1419 1332 1442 et
1345 1415 1419 1442 illttm
1434 1416 1460 1443 in
1476 1416 1596 1443 mulieris
1614 1416 1762 1450 cujuspiam
1781 1424 1842 1451 gra-

1053 1459 1116 1486 tiam
1127 1479 1134 1491 ,
1161 1460 1275 1487 salutem
1299 1468 1374 1487 suam
1389 1461 1511 1495 inquiunt
1523 1461 1671 1496 prodidisse
1686 1461 1735 1497 (a).
1748 1461 1841 1489 Gravis

1053 1504 1125 1531 enim
1137 1525 1144 1538 ,
1158 1505 1246 1539 gravis
1257 1510 1329 1533 certe
1342 1510 1383 1533 est
1397 1506 1484 1534 inanis
1505 1507 1597 1542 gloriae
1618 1507 1737 1542 tyrannis
1747 1526 1754 1538 ,
1781 1514 1841 1542 quas

1054 1551 1137 1585 possit
1147 1552 1226 1578 etiarn
1242 1551 1401 1586 sapientium
1420 1552 1513 1579 oculos
1531 1560 1682 1585 cxcaecare,
1697 1552 1746 1579 nisi
1769 1553 1835 1587 vigi-

1053 1597 1119 1624 lent.
1133 1597 1199 1624 Nam
1213 1598 1235 1625 si
1251 1605 1360 1624 munera
1383 1597 1410 1624 id
1432 1602 1562 1632 possunt,
1589 1598 1673 1624 multo
1694 1597 1777 1632 magis
1799 1597 1841 1625 hic

1053 1642 1164 1670 affectus
1189 1643 1267 1678 longe
1300 1643 1451 1670 violentior.
1484 1643 1584 1670 Idcirco
1609 1643 1708 1670 Judaeis
1736 1643 1842 1671 dicebat

1053 1687 1196 1715 Christus:
1211 1688 1342 1721 Quomodo
1358 1688 1461 1722 potestis
1476 1688 1594 1721 credere,
1610 1688 1654 1722 qui
1679 1688 1786 1723 gloriam
1810 1688 1841 1714 ab

1054 1734 1196 1761 hominibus
1208 1734 1324 1768 accipitis
1335 1753 1343 1766 ,
1359 1738 1383 1760 et
1395 1733 1503 1767 gloriam
1513 1753 1520 1766 ,
1535 1740 1592 1768 qua:
1605 1741 1620 1759 a
1634 1733 1688 1759 solo
1709 1731 1764 1760 Deo
1783 1737 1819 1760 est
1832 1753 1840 1765 ,

1053 1788 1104 1806 non
1116 1779 1226 1814 quteritis
1242 1778 1339 1813 (Joan.
1352 1778 1380 1805 5.
1396 1777 1471 1813 44)?
1485 1777 1528 1805 ιο.
1543 1777 1576 1804 Ει
1589 1777 1696 1804 mundus
1718 1785 1775 1804 eum
1790 1785 1840 1804 non

1053 1825 1176 1859 cognovit.
1203 1824 1252 1851 Hic
1279 1823 1406 1851 mundum
1426 1827 1505 1850 vocat
1526 1823 1721 1850 multitudinem
1748 1829 1841 1849 corru-

1054 1875 1126 1905 ptam
1148 1874 1175 1897 et
1188 1870 1302 1897 terrenis
1317 1870 1396 1897 rebus
1410 1869 1555 1896 inhiantem
1570 1889 1576 1900 ,
1593 1869 1695 1896 turbam
1706 1889 1713 1901 ,
1729 1869 1822 1903 vulgus
1832 1889 1840 1900 ,

1056 1915 1228 1950 insipientem
1243 1915 1379 1950 populum.
1394 1913 1460 1941 Nam
1475 1914 1521 1941 Dei
1540 1914 1618 1941 amici
1631 1918 1658 1941 et
1673 1913 1842 1941 admirabiles

1055 1962 1105 1989 viri
1121 1968 1215 1989 omnes
1225 1961 1310 1995 ipsum
1324 1981 1331 1992 ,
1346 1960 1425 1987 etiam
1438 1965 1499 1987 ante
1512 1959 1720 1986 incarnationem
1730 1980 1737 1991 ,
1759 1967 1842 1986 nove-

1055 2011 1124 2034 rant.
1138 2007 1174 2033 De
1186 2005 1335 2040 patriarcha
1346 2005 1445 2040 quippe
1460 2005 1615 2032 nominatim
1626 2004 1691 2032 dicit
1700 2004 1821 2032 Christus
1834 2014 1841 2031 :

1056 2052 1184 2079 Abraham
1196 2056 1266 2086 pater
1278 2055 1357 2077 vester
1371 2050 1513 2082 exsultavit,
1522 2054 1548 2076 ut
1561 2049 1653 2076 videret
1665 2050 1732 2076 diem
1745 2057 1842 2076 meum:

1057 2102 1079 2124 et
1091 2097 1161 2128 vidit,
1175 2101 1198 2123 et
1212 2097 1311 2130 gavisus
1325 2100 1361 2122 est
1380 2095 1475 2130 (Joan.
1488 2094 1514 2122 8.
1529 2095 1594 2129 56).
1616 2095 1653 2122 De
1677 2095 1775 2121 Davide
1796 2102 1843 2122 au-

1057 2147 1110 2170 tem
1123 2141 1232 2169 Iudaeos
1246 2140 1387 2168 confutans
1403 2149 1410 2167 :
1428 2140 1559 2173 Quomodo
1573 2148 1631 2174 ergo
1645 2139 1729 2166 David
1743 2140 1769 2166 in
1782 2139 1844 2174 Spi-

1056 2188 1106 2214 ritu
1120 2191 1190 2214 t'ocat
1203 2194 1258 2212 eum
1272 2185 1425 2217 Dominum,
1439 2185 1542 2211 dicens:
1557 2184 1628 2211 Dixit
1653 2183 1776 2211 Dominus
1789 2183 1844 2211 Do.

1057 2233 1126 2259 mino
1139 2240 1193 2259 meo
1205 2252 1211 2264 ,
1227 2231 1294 2258 Sede
1308 2238 1324 2257 a
1337 2230 1432 2257 dextris
1445 2230 1506 2256 meis
1519 2230 1528 2264 (
1540 2229 1634 2258 Matth.
1647 2230 1694 2257 ‘22.
1714 2230 1758 2257 45.
1774 2230 1808 2257 44
1818 2230 1845 2264 )Ῑ

1058 2279 1096 2305 Ac
1111 2284 1182 2311 saepe
1195 2276 1248 2303 illis
1263 2276 1398 2303 obsistens
1412 2295 1421 2308 ,
1436 2275 1554 2310 Moysem
1568 2279 1708 2303 memorat.
1725 2275 1763 2302 De
1781 2275 1845 2302 reli-

1058 2323 1117 2358 quis
1130 2330 1194 2350 vero
1209 2321 1346 2356 prophetis
1360 2320 1507 2355 apostolus.
1518 2319 1693 2348 Omnesenim
1703 2319 1846 2354 prophetas

1059 2377 1074 2396 a
1088 2368 1212 2397 Samuele
1227 2368 1300 2395 illum
1314 2366 1472 2401 cognovisse
1484 2386 1491 2398 ,
1506 2370 1534 2393 et
1558 2365 1699 2393 adventum
1721 2365 1779 2399 ejus
1800 2365 1847 2392 diu

1060 2419 1122 2442 ante
1137 2413 1329 2449 prmnuutiasse
1343 2411 1409 2439 dicit
1424 2412 1519 2438 Petrus
1535 2410 1575 2438 his
1588 2410 1677 2437 verbis
1691 2418 1697 2436 :
1714 2409 1748 2437 Et
1761 2417 1848 2437 omnes

1061 2454 1189 2496 propheta:
1201 2468 1217 2485 a
1227 2458 1347 2486 Samuele
1363 2462 1387 2484 et
1399 2457 1516 2491 deinceps
1525 2457 1568 2492 qui
1587 2456 1682 2492 loquutt'
1701 2460 1776 2489 sunt,
1799 2464 1848 2482 an—

1062 2507 1238 2533 nuntiauerunt
1253 2504 1305 2531 dies
1315 2504 1376 2530 istos
1390 2503 1465 2537 (Αιι.
1479 2503 1506 2529 3.
1521 2501 1587 2537 24).
1598 2501 1698 2529 Jacobo
1713 2505 1800 2528 autem
1823 2504 1850 2528 et

1094 2581 1130 2612 (a)
1146 2579 1282 2612 Quodtﬁcil
1300 2578 1502 2612 Chrysostomus,
1513 2576 1622 2612 _Paulum
1632 2577 1812 2612 Samosatenutn
1824 2575 1850 2612 in

1063 2605 1173 2637 mulieris
1184 2610 1307 2641 cujusdam
1328 2605 1446 2641 gi-atiam,
1458 2605 1562 2641 salutem
1572 2613 1640 2641 suam
1653 2605 1788 2641 prodidisse
1797 2623 1807 2641 ,_
1817 2605 1851 2630 de

1063 2636 1166 2667 ienobia
1177 2636 1468 2672 Pal'rtiyrenoritm‘regiha
1479 2636 1586 2672 intelligi
1595 2636 1679 2672 debet.
1687 2642 1741 2672 quae
1754 2636 1850 2672 fautum

1064 2666 1398 2701 samosatenum'aliquamdiu
1404 2666 1587 2700 p'rotexiLQuod
1595 2670 1677 2701 autem
1684 2666 1851 2701 dicit,t’aulum

1064 2696 1203 2729 minaberis
1210 2702 1275 2727 illius
1285 2696 1395 2729 gratiam,
1403 2696 1429 2724 et
1437 2702 1518 2723 contra
1522 2703 1601 2729 quam
1611 2698 1664 2728 ipse
1670 2696 1795 2729 sentiebat
1802 2696 1852 2729 haz-

1065 2726 1216 2759 resim_illam
1225 2726 1362 2764 prottilisse.
1374 2726 1458 2764 nescio
1467 2734 1497 2764 an
1508 2726 1569 2764 alius
1576 2726 1692 2764 umﬁuam
1699 2726 1852 2764 dixerikl‘n:

1066 2757 1250 2790 terialiarautein
1265 2757 1363 2787 dicebat
1374 2760 1459 2785 Paulus
1467 2757 1636 2790 Samosatenus
1653 2758 1735 2782 Filium
1746 2757 1772 2790 iu
1783 2759 1852 2790 tfatre

1066 2785 1260 2827 aitiéﬁtggé',
1270 2785 1319 2827 sed
1335 2785 1393 2827 non
1408 2788 1747 2827 twmymiuonLhypostasiu
1760 2785 1852 2812 habere

1067 2819 1145 2856 suam,
1156 2825 1220 2857 quod
1232 2819 1261 2849 ad
1272 2821 1375 2848 sabellii.
1387 2820 1494 2846 haeresiu
1505 2819 1646 2844 accedebat.
