  <div class='ocr_page' id='page_1' title='image "/cluster/home/n/w/nwhite01/storage/ocr_20150623/59/njp.32101077772661/065.png"; bbox 0 0 2044 3113; ppageno 0'>
   <div class='ocr_carea' id='block_1_1' title="bbox 205 146 239 173">
    <p class='ocr_par' dir='ltr' id='par_1_1' title="bbox 205 146 239 173">
     <span class='ocr_line' id='line_1_1' title="bbox 205 146 239 173; baseline 0 -1"><span class='ocrx_word' id='word_1_1' title='bbox 205 146 239 173; x_wconf 77' lang='grc'><strong>177</strong></span> 
     </span>
    </p>
   </div>
   <div class='ocr_carea' id='block_1_2' title="bbox 205 194 984 234">
    <p class='ocr_par' dir='ltr' id='par_1_2' title="bbox 205 194 984 234">
     <span class='ocr_line' id='line_1_2' title="bbox 205 194 984 234; baseline -0.014 -4"><span class='ocrx_word' id='word_1_2' title='bbox 205 202 271 234; x_wconf 80' lang='lat' dir='ltr'><strong>patri</strong></span> <span class='ocrx_word' id='word_1_3' title='bbox 285 223 292 234; x_wconf 87' lang='lat'><strong>,</strong></span> <span class='ocrx_word' id='word_1_4' title='bbox 310 208 413 228; x_wconf 80' lang='lat' dir='ltr'><strong>nemon</strong></span> <span class='ocrx_word' id='word_1_5' title='bbox 423 205 447 228; x_wconf 93' lang='lat' dir='ltr'><strong>et</strong></span> <span class='ocrx_word' id='word_1_6' title='bbox 458 206 507 226; x_wconf 88' lang='lat' dir='ltr'><strong>avo</strong></span> <span class='ocrx_word' id='word_1_7' title='bbox 520 197 577 231; x_wconf 86' lang='lat' dir='ltr'><strong>ejus</strong></span> <span class='ocrx_word' id='word_1_8' title='bbox 587 217 594 228; x_wconf 89' lang='lat'><strong>,</strong></span> <span class='ocrx_word' id='word_1_9' title='bbox 610 201 636 223; x_wconf 87' lang='lat' dir='ltr'><strong>et</strong></span> <span class='ocrx_word' id='word_1_10' title='bbox 657 195 730 222; x_wconf 87' lang='lat' dir='ltr'><strong>visus</strong></span> <span class='ocrx_word' id='word_1_11' title='bbox 745 199 772 221; x_wconf 85' lang='lat' dir='ltr'><strong>et</strong></span> <span class='ocrx_word' id='word_1_12' title='bbox 785 194 910 228; x_wconf 75' lang='lat' dir='ltr'><strong>loquutus</strong></span> <span class='ocrx_word' id='word_1_13' title='bbox 923 198 964 220; x_wconf 88' lang='lat' dir='ltr'><strong>cst</strong></span> <span class='ocrx_word' id='word_1_14' title='bbox 976 214 984 224; x_wconf 83' lang='grc'><em>,</em></span> 
     </span>
    </p>
   </div>
   <div class='ocr_carea' id='block_1_3' title="bbox 204 239 989 282">
    <p class='ocr_par' dir='ltr' id='par_1_3' title="bbox 204 239 989 282">
     <span class='ocr_line' id='line_1_3' title="bbox 204 239 989 282; baseline -0.011 -8"><span class='ocrx_word' id='word_1_15' title='bbox 204 248 288 282; x_wconf 88' lang='lat' dir='ltr'><strong>iisque</strong></span> <span class='ocrx_word' id='word_1_16' title='bbox 300 247 380 274; x_wconf 86' lang='lat' dir='ltr'><strong>multa</strong></span> <span class='ocrx_word' id='word_1_17' title='bbox 395 250 421 272; x_wconf 91' lang='lat' dir='ltr'><strong>et</strong></span> <span class='ocrx_word' id='word_1_18' title='bbox 432 251 523 279; x_wconf 79' lang='lat' dir='ltr'><strong>magna</strong></span> <span class='ocrx_word' id='word_1_19' title='bbox 538 250 567 269; x_wconf 87' lang='lat' dir='ltr'><strong>se</strong></span> <span class='ocrx_word' id='word_1_20' title='bbox 581 242 701 268; x_wconf 83' lang='lat' dir='ltr'><strong>daturum</strong></span> <span class='ocrx_word' id='word_1_21' title='bbox 716 245 757 267; x_wconf 88' lang='lat' dir='ltr'><strong>est</strong></span> <span class='ocrx_word' id='word_1_22' title='bbox 771 239 915 274; x_wconf 80' lang='lat' dir='ltr'><strong>pollicitus,</strong></span> <span class='ocrx_word' id='word_1_23' title='bbox 929 245 989 273; x_wconf 64' lang='lat' dir='ltr'><strong>quae</strong></span> 
     </span>
    </p>
   </div>
   <div class='ocr_carea' id='block_1_4' title="bbox 204 285 1016 325">
    <p class='ocr_par' dir='ltr' id='par_1_4' title="bbox 204 285 1016 325">
     <span class='ocr_line' id='line_1_4' title="bbox 204 285 1016 325; baseline -0.012 -5"><span class='ocrx_word' id='word_1_24' title='bbox 204 295 283 320; x_wconf 86' lang='lat' dir='ltr'><strong>etiam</strong></span> <span class='ocrx_word' id='word_1_25' title='bbox 296 295 455 325; x_wconf 79' lang='lat' dir='ltr'><strong>exsequutus</strong></span> <span class='ocrx_word' id='word_1_26' title='bbox 471 293 520 315; x_wconf 87' lang='lat' dir='ltr'><strong>cst.</strong></span> <span class='ocrx_word' id='word_1_27' title='bbox 537 287 676 321; x_wconf 82' lang='lat' dir='ltr'><strong>Quomodo</strong></span> <span class='ocrx_word' id='word_1_28' title='bbox 690 294 753 320; x_wconf 80' lang='lat' dir='ltr'><strong>ergo</strong></span> <span class='ocrx_word' id='word_1_29' title='bbox 767 307 774 319; x_wconf 83' lang='lat'><strong>,</strong></span> <span class='ocrx_word' id='word_1_30' title='bbox 789 285 892 320; x_wconf 80' lang='lat' dir='ltr'><strong>inquies</strong></span> <span class='ocrx_word' id='word_1_31' title='bbox 905 305 912 316; x_wconf 87' lang='lat'><strong>,</strong></span> <span class='ocrx_word' id='word_1_32' title='bbox 933 285 989 318; x_wconf 90' lang='lat' dir='ltr'><strong>ipse</strong></span> <span class='ocrx_word' id='word_1_33' title='bbox 1003 310 1016 325; x_wconf 60' lang='lat'><em>.</em></span> 
     </span>
    </p>
   </div>
   <div class='ocr_carea' id='block_1_5' title="bbox 203 329 988 370">
    <p class='ocr_par' dir='ltr' id='par_1_5' title="bbox 203 329 988 370">
     <span class='ocr_line' id='line_1_5' title="bbox 203 329 988 370; baseline -0.011 -6"><span class='ocrx_word' id='word_1_34' title='bbox 203 338 287 369; x_wconf 81' lang='lat' dir='ltr'><strong>dixit,</strong></span> <span class='ocrx_word' id='word_1_35' title='bbox 304 334 379 362; x_wconf 82' lang='lat' dir='ltr'><strong>Mulli</strong></span> <span class='ocrx_word' id='word_1_36' title='bbox 391 334 521 370; x_wconf 74' lang='lat' dir='ltr'><strong>prophelm</strong></span> <span class='ocrx_word' id='word_1_37' title='bbox 535 334 665 360; x_wconf 75' lang='lat' dir='ltr'><strong>voluerunt</strong></span> <span class='ocrx_word' id='word_1_38' title='bbox 679 332 763 358; x_wconf 79' lang='lat' dir='ltr'><strong>videre</strong></span> <span class='ocrx_word' id='word_1_39' title='bbox 774 338 830 366; x_wconf 81' lang='lat' dir='ltr'><strong>qute</strong></span> <span class='ocrx_word' id='word_1_40' title='bbox 845 329 931 357; x_wconf 72' lang='lat' dir='ltr'><strong>videtis</strong></span> <span class='ocrx_word' id='word_1_41' title='bbox 941 350 948 362; x_wconf 90' lang='lat'><strong>,</strong></span> <span class='ocrx_word' id='word_1_42' title='bbox 965 333 988 356; x_wconf 84' lang='lat' dir='ltr'><strong>et</strong></span> 
     </span>
    </p>
   </div>
   <div class='ocr_carea' id='block_1_6' title="bbox 203 374 989 414">
    <p class='ocr_par' dir='ltr' id='par_1_6' title="bbox 203 374 989 414">
     <span class='ocr_line' id='line_1_6' title="bbox 203 374 989 414; baseline -0.009 -6"><span class='ocrx_word' id='word_1_43' title='bbox 203 390 252 408; x_wconf 80' lang='lat' dir='ltr'><strong>non</strong></span> <span class='ocrx_word' id='word_1_44' title='bbox 265 381 376 408; x_wconf 77' lang='lat' dir='ltr'><strong>viderunt</strong></span> <span class='ocrx_word' id='word_1_45' title='bbox 387 401 393 412; x_wconf 86' lang='lat'><strong>,</strong></span> <span class='ocrx_word' id='word_1_46' title='bbox 407 384 429 406; x_wconf 79' lang='lat' dir='ltr'><strong>et</strong></span> <span class='ocrx_word' id='word_1_47' title='bbox 442 380 530 406; x_wconf 81' lang='lat' dir='ltr'><strong>audire</strong></span> <span class='ocrx_word' id='word_1_48' title='bbox 542 386 598 414; x_wconf 66' lang='lat' dir='ltr'><strong>quia</strong></span> <span class='ocrx_word' id='word_1_49' title='bbox 615 378 708 404; x_wconf 79' lang='lat' dir='ltr'><strong>auditis</strong></span> <span class='ocrx_word' id='word_1_50' title='bbox 719 399 725 409; x_wconf 85' lang='lat'><strong>,</strong></span> <span class='ocrx_word' id='word_1_51' title='bbox 743 381 765 403; x_wconf 78' lang='lat' dir='ltr'><strong>et</strong></span> <span class='ocrx_word' id='word_1_52' title='bbox 786 384 836 403; x_wconf 83' lang='lat' dir='ltr'><strong>non</strong></span> <span class='ocrx_word' id='word_1_53' title='bbox 855 374 989 402; x_wconf 82' lang='lat' dir='ltr'><strong>audierant</strong></span> 
     </span>
    </p>
   </div>
   <div class='ocr_carea' id='block_1_7' title="bbox 201 421 989 461">
    <p class='ocr_par' dir='ltr' id='par_1_7' title="bbox 201 421 989 461">
     <span class='ocr_line' id='line_1_7' title="bbox 201 421 989 461; baseline -0.008 -9"><span class='ocrx_word' id='word_1_54' title='bbox 201 427 210 461; x_wconf 88' lang='lat'>(</span> <span class='ocrx_word' id='word_1_55' title='bbox 225 422 285 452; x_wconf 82' lang='lat' dir='ltr'><strong>Luc.</strong></span> <span class='ocrx_word' id='word_1_56' title='bbox 301 425 344 452; x_wconf 83' lang='grc'><strong>10.</strong></span> <span class='ocrx_word' id='word_1_57' title='bbox 358 422 393 451; x_wconf 73' lang='grc'><strong>21</strong></span> <span class='ocrx_word' id='word_1_58' title='bbox 405 424 431 459; x_wconf 74' lang='lat' dir='ltr'><strong>)‘l</strong></span> <span class='ocrx_word' id='word_1_59' title='bbox 445 424 538 451; x_wconf 82' lang='lat' dir='ltr'><strong>Annon</strong></span> <span class='ocrx_word' id='word_1_60' title='bbox 561 423 667 450; x_wconf 77' lang='lat' dir='ltr'><strong>fuerunt</strong></span> <span class='ocrx_word' id='word_1_61' title='bbox 683 423 740 456; x_wconf 84' lang='lat' dir='ltr'><strong>ejus</strong></span> <span class='ocrx_word' id='word_1_62' title='bbox 754 421 914 456; x_wconf 80' lang='lat' dir='ltr'><strong>cognitionis</strong></span> <span class='ocrx_word' id='word_1_63' title='bbox 929 427 989 454; x_wconf 90' lang='lat' dir='ltr'><strong>par-</strong></span> 
     </span>
    </p>
   </div>
   <div class='ocr_carea' id='block_1_8' title="bbox 202 466 990 505">
    <p class='ocr_par' dir='ltr' id='par_1_8' title="bbox 202 466 990 505">
     <span class='ocr_line' id='line_1_8' title="bbox 202 466 990 505; baseline -0.008 -8"><span class='ocrx_word' id='word_1_64' title='bbox 202 471 312 505; x_wconf 82' lang='lat' dir='ltr'><strong>ticipes?</strong></span> <span class='ocrx_word' id='word_1_65' title='bbox 327 470 444 496; x_wconf 87' lang='lat' dir='ltr'><strong>Fuerunt</strong></span> <span class='ocrx_word' id='word_1_66' title='bbox 457 473 529 496; x_wconf 81' lang='lat' dir='ltr'><strong>certe</strong></span> <span class='ocrx_word' id='word_1_67' title='bbox 545 478 550 495; x_wconf 78' lang='grc' dir='ltr'>ε</span> <span class='ocrx_word' id='word_1_68' title='bbox 566 469 644 503; x_wconf 92' lang='lat' dir='ltr'><strong>idque</strong></span> <span class='ocrx_word' id='word_1_69' title='bbox 658 475 689 495; x_wconf 82' lang='lat' dir='ltr'><strong>ex</strong></span> <span class='ocrx_word' id='word_1_70' title='bbox 705 467 755 494; x_wconf 88' lang='lat' dir='ltr'><strong>hoc</strong></span> <span class='ocrx_word' id='word_1_71' title='bbox 772 467 840 499; x_wconf 85' lang='lat' dir='ltr'><strong>loco,</strong></span> <span class='ocrx_word' id='word_1_72' title='bbox 857 466 927 493; x_wconf 88' lang='lat' dir='ltr'><strong>unde</strong></span> <span class='ocrx_word' id='word_1_73' title='bbox 941 472 990 499; x_wconf 89' lang='lat' dir='ltr'><strong>pu-</strong></span> 
     </span>
    </p>
   </div>
   <div class='ocr_carea' id='block_1_9' title="bbox 202 511 988 551">
    <p class='ocr_par' dir='ltr' id='par_1_9' title="bbox 202 511 988 551">
     <span class='ocr_line' id='line_1_9' title="bbox 202 511 988 551; baseline -0.008 -8"><span class='ocrx_word' id='word_1_74' title='bbox 202 521 257 544; x_wconf 86' lang='lat' dir='ltr'><strong>tant</strong></span> <span class='ocrx_word' id='word_1_75' title='bbox 271 516 377 551; x_wconf 85' lang='lat' dir='ltr'><strong>quidam</strong></span> <span class='ocrx_word' id='word_1_76' title='bbox 394 516 465 550; x_wconf 89' lang='lat' dir='ltr'><strong>ipsos</strong></span> <span class='ocrx_word' id='word_1_77' title='bbox 490 515 539 542; x_wconf 90' lang='lat' dir='ltr'><strong>hac</strong></span> <span class='ocrx_word' id='word_1_78' title='bbox 552 514 701 548; x_wconf 77' lang='lat' dir='ltr'><strong>cognitione</strong></span> <span class='ocrx_word' id='word_1_79' title='bbox 724 513 858 547; x_wconf 82' lang='lat' dir='ltr'><strong>privatos,</strong></span> <span class='ocrx_word' id='word_1_80' title='bbox 875 511 988 539; x_wconf 83' lang='lat' dir='ltr'><strong>demon-</strong></span> 
     </span>
    </p>
   </div>
   <div class='ocr_carea' id='block_1_10' title="bbox 201 556 990 593">
    <p class='ocr_par' dir='ltr' id='par_1_10' title="bbox 201 556 990 593">
     <span class='ocr_line' id='line_1_10' title="bbox 201 556 990 593; baseline -0.009 -4"><span class='ocrx_word' id='word_1_81' title='bbox 201 566 288 589; x_wconf 78' lang='lat' dir='ltr'><strong>strare</strong></span> <span class='ocrx_word' id='word_1_82' title='bbox 305 559 423 588; x_wconf 89' lang='lat' dir='ltr'><strong>tentabo.</strong></span> <span class='ocrx_word' id='word_1_83' title='bbox 440 560 516 588; x_wconf 80' lang='lat' dir='ltr'><strong>Mulli</strong></span> <span class='ocrx_word' id='word_1_84' title='bbox 531 561 619 592; x_wconf 87' lang='lat' dir='ltr'><strong>enim,</strong></span> <span class='ocrx_word' id='word_1_85' title='bbox 639 559 739 593; x_wconf 89' lang='lat' dir='ltr'><strong>inquit.</strong></span> <span class='ocrx_word' id='word_1_86' title='bbox 761 558 892 584; x_wconf 78' lang='lat' dir='ltr'><strong>voluerunt</strong></span> <span class='ocrx_word' id='word_1_87' title='bbox 907 556 990 583; x_wconf 79' lang='lat' dir='ltr'><strong>videre</strong></span> 
     </span>
    </p>
   </div>
   <div class='ocr_carea' id='block_1_11' title="bbox 200 603 988 642">
    <p class='ocr_par' dir='ltr' id='par_1_11' title="bbox 200 603 988 642">
     <span class='ocr_line' id='line_1_11' title="bbox 200 603 988 642; baseline -0.009 -7"><span class='ocrx_word' id='word_1_88' title='bbox 200 613 256 642; x_wconf 61' lang='lat' dir='ltr'><strong>qut:</strong></span> <span class='ocrx_word' id='word_1_89' title='bbox 268 607 366 635; x_wconf 75' lang='lat' dir='ltr'><strong>videtis.</strong></span> <span class='ocrx_word' id='word_1_90' title='bbox 383 607 474 642; x_wconf 88' lang='lat' dir='ltr'><strong>Itaque</strong></span> <span class='ocrx_word' id='word_1_91' title='bbox 489 607 611 633; x_wconf 88' lang='lat' dir='ltr'><strong>viderunt</strong></span> <span class='ocrx_word' id='word_1_92' title='bbox 626 611 685 632; x_wconf 90' lang='lat' dir='ltr'><strong>eum</strong></span> <span class='ocrx_word' id='word_1_93' title='bbox 701 604 732 630; x_wconf 88' lang='lat' dir='ltr'><strong>ad</strong></span> <span class='ocrx_word' id='word_1_94' title='bbox 747 603 879 631; x_wconf 68' lang='lat' dir='ltr'><strong>homines1</strong></span> <span class='ocrx_word' id='word_1_95' title='bbox 893 607 988 629; x_wconf 85' lang='lat' dir='ltr'><strong>ventu-</strong></span> 
     </span>
    </p>
   </div>
   <div class='ocr_carea' id='block_1_12' title="bbox 201 647 988 687">
    <p class='ocr_par' dir='ltr' id='par_1_12' title="bbox 201 647 988 687">
     <span class='ocr_line' id='line_1_12' title="bbox 201 647 988 687; baseline -0.009 -6"><span class='ocrx_word' id='word_1_96' title='bbox 201 662 259 682; x_wconf 89' lang='lat' dir='ltr'><strong>rtun</strong></span> <span class='ocrx_word' id='word_1_97' title='bbox 274 660 348 684; x_wconf 86' lang='lat' dir='ltr'><strong>esse,</strong></span> <span class='ocrx_word' id='word_1_98' title='bbox 364 658 392 681; x_wconf 92' lang='lat' dir='ltr'><strong>et</strong></span> <span class='ocrx_word' id='word_1_99' title='bbox 405 660 436 680; x_wconf 84' lang='lat' dir='ltr'><strong>ea</strong></span> <span class='ocrx_word' id='word_1_100' title='bbox 450 653 662 687; x_wconf 77' lang='lat' dir='ltr'><strong>dispensaturum</strong></span> <span class='ocrx_word' id='word_1_101' title='bbox 674 657 732 684; x_wconf 73' lang='lat' dir='ltr'><strong>qum.</strong></span> <span class='ocrx_word' id='word_1_102' title='bbox 743 656 804 676; x_wconf 89' lang='lat' dir='ltr'><strong>vere</strong></span> <span class='ocrx_word' id='word_1_103' title='bbox 814 647 988 682; x_wconf 72' lang='lat' dir='ltr'><strong>dispensavit.</strong></span> 
     </span>
    </p>
   </div>
   <div class='ocr_carea' id='block_1_13' title="bbox 200 693 986 734">
    <p class='ocr_par' dir='ltr' id='par_1_13' title="bbox 200 693 986 734">
     <span class='ocr_line' id='line_1_13' title="bbox 200 693 986 734; baseline -0.011 -7"><span class='ocrx_word' id='word_1_104' title='bbox 200 699 291 734; x_wconf 84' lang='lat' dir='ltr'><strong>Neque</strong></span> <span class='ocrx_word' id='word_1_105' title='bbox 312 699 400 731; x_wconf 87' lang='lat' dir='ltr'><strong>enim,</strong></span> <span class='ocrx_word' id='word_1_106' title='bbox 421 698 470 724; x_wconf 88' lang='lat' dir='ltr'><strong>nisi</strong></span> <span class='ocrx_word' id='word_1_107' title='bbox 486 697 632 727; x_wconf 82' lang='lat' dir='ltr'><strong>novissent.</strong></span> <span class='ocrx_word' id='word_1_108' title='bbox 653 695 742 721; x_wconf 86' lang='lat' dir='ltr'><strong>videre</strong></span> <span class='ocrx_word' id='word_1_109' title='bbox 764 693 986 727; x_wconf 85' lang='lat' dir='ltr'><strong>concupivissent.</strong></span> 
     </span>
    </p>
   </div>
   <div class='ocr_carea' id='block_1_14' title="bbox 202 737 988 776">
    <p class='ocr_par' dir='ltr' id='par_1_14' title="bbox 202 737 988 776">
     <span class='ocr_line' id='line_1_14' title="bbox 202 737 988 776; baseline -0.01 -4"><span class='ocrx_word' id='word_1_110' title='bbox 202 744 285 772; x_wconf 85' lang='lat' dir='ltr'><strong>Nemo</strong></span> <span class='ocrx_word' id='word_1_111' title='bbox 296 745 366 771; x_wconf 86' lang='lat' dir='ltr'><strong>enim</strong></span> <span class='ocrx_word' id='word_1_112' title='bbox 380 750 472 770; x_wconf 89' lang='lat' dir='ltr'><strong>eorum</strong></span> <span class='ocrx_word' id='word_1_113' title='bbox 484 762 492 774; x_wconf 84' lang='lat'><strong>,</strong></span> <span class='ocrx_word' id='word_1_114' title='bbox 506 749 618 776; x_wconf 89' lang='lat' dir='ltr'><strong>quorum</strong></span> <span class='ocrx_word' id='word_1_115' title='bbox 635 740 757 767; x_wconf 92' lang='lat' dir='ltr'><strong>notitiam</strong></span> <span class='ocrx_word' id='word_1_116' title='bbox 771 747 822 766; x_wconf 91' lang='lat' dir='ltr'><strong>non</strong></span> <span class='ocrx_word' id='word_1_117' title='bbox 838 738 927 769; x_wconf 81' lang='lat' dir='ltr'><strong>habet,</strong></span> <span class='ocrx_word' id='word_1_118' title='bbox 942 737 988 765; x_wconf 88' lang='lat' dir='ltr'><strong>de-</strong></span> 
     </span>
    </p>
   </div>
   <div class='ocr_carea' id='block_1_15' title="bbox 203 783 987 823">
    <p class='ocr_par' dir='ltr' id='par_1_15' title="bbox 203 783 987 823">
     <span class='ocr_line' id='line_1_15' title="bbox 203 783 987 823; baseline -0.009 -7"><span class='ocrx_word' id='word_1_119' title='bbox 203 790 302 816; x_wconf 86' lang='lat' dir='ltr'><strong>siderio</strong></span> <span class='ocrx_word' id='word_1_120' title='bbox 317 789 374 823; x_wconf 87' lang='lat' dir='ltr'><strong>capi</strong></span> <span class='ocrx_word' id='word_1_121' title='bbox 388 792 485 822; x_wconf 86' lang='lat' dir='ltr'><strong>potest.</strong></span> <span class='ocrx_word' id='word_1_122' title='bbox 502 787 593 821; x_wconf 86' lang='lat' dir='ltr'><strong>Itaque</strong></span> <span class='ocrx_word' id='word_1_123' title='bbox 607 789 788 820; x_wconf 79' lang='lat' dir='ltr'><strong>cognoverunt</strong></span> <span class='ocrx_word' id='word_1_124' title='bbox 799 783 894 811; x_wconf 87' lang='lat' dir='ltr'><strong>Filium</strong></span> <span class='ocrx_word' id='word_1_125' title='bbox 919 783 964 810; x_wconf 88' lang='lat' dir='ltr'><strong>Dei</strong></span> <span class='ocrx_word' id='word_1_126' title='bbox 979 803 987 816; x_wconf 84' lang='lat'><strong>,</strong></span> 
     </span>
    </p>
   </div>
   <div class='ocr_carea' id='block_1_16' title="bbox 202 828 988 862">
    <p class='ocr_par' dir='ltr' id='par_1_16' title="bbox 202 828 988 862">
     <span class='ocr_line' id='line_1_16' title="bbox 202 828 988 862; baseline -0.009 -1"><span class='ocrx_word' id='word_1_127' title='bbox 202 839 228 862; x_wconf 89' lang='lat' dir='ltr'><strong>et</strong></span> <span class='ocrx_word' id='word_1_128' title='bbox 241 839 378 862; x_wconf 88' lang='lat' dir='ltr'><strong>venturum</strong></span> <span class='ocrx_word' id='word_1_129' title='bbox 394 840 455 860; x_wconf 86' lang='lat' dir='ltr'><strong>eum</strong></span> <span class='ocrx_word' id='word_1_130' title='bbox 470 832 502 859; x_wconf 88' lang='lat' dir='ltr'><strong>ad</strong></span> <span class='ocrx_word' id='word_1_131' title='bbox 518 832 640 858; x_wconf 90' lang='lat' dir='ltr'><strong>homines</strong></span> <span class='ocrx_word' id='word_1_132' title='bbox 662 838 720 857; x_wconf 85' lang='lat' dir='ltr'><strong>esse</strong></span> <span class='ocrx_word' id='word_1_133' title='bbox 746 834 887 857; x_wconf 78' lang='lat' dir='ltr'><strong>noverunt.</strong></span> <span class='ocrx_word' id='word_1_134' title='bbox 909 828 988 861; x_wconf 68' lang='lat' dir='ltr'><strong>Qua:-</strong></span> 
     </span>
    </p>
   </div>
   <div class='ocr_carea' id='block_1_17' title="bbox 202 877 988 914">
    <p class='ocr_par' dir='ltr' id='par_1_17' title="bbox 202 877 988 914">
     <span class='ocr_line' id='line_1_17' title="bbox 202 877 988 914; baseline -0.009 -7"><span class='ocrx_word' id='word_1_135' title='bbox 202 886 263 907; x_wconf 86' lang='lat' dir='ltr'><strong>nam</strong></span> <span class='ocrx_word' id='word_1_136' title='bbox 277 886 340 914; x_wconf 77' lang='lat' dir='ltr'><strong>ergo</strong></span> <span class='ocrx_word' id='word_1_137' title='bbox 355 882 417 905; x_wconf 86' lang='lat' dir='ltr'><strong>sunt</strong></span> <span class='ocrx_word' id='word_1_138' title='bbox 427 886 485 913; x_wconf 69' lang='grc' dir='ltr'><strong>ψιω</strong></span> <span class='ocrx_word' id='word_1_139' title='bbox 498 877 669 908; x_wconf 83' lang='lat' dir='ltr'><strong>nescierunt,</strong></span> <span class='ocrx_word' id='word_1_140' title='bbox 685 881 712 902; x_wconf 87' lang='lat' dir='ltr'><strong>ct</strong></span> <span class='ocrx_word' id='word_1_141' title='bbox 725 882 847 910; x_wconf 79' lang='lat' dir='ltr'><strong>quaenam</strong></span> <span class='ocrx_word' id='word_1_142' title='bbox 861 882 920 908; x_wconf 73' lang='lat' dir='ltr'><strong>qtae</strong></span> <span class='ocrx_word' id='word_1_143' title='bbox 936 881 988 900; x_wconf 87' lang='lat' dir='ltr'><strong>non</strong></span> 
     </span>
    </p>
   </div>
   <div class='ocr_carea' id='block_1_18' title="bbox 201 920 988 958">
    <p class='ocr_par' dir='ltr' id='par_1_18' title="bbox 201 920 988 958">
     <span class='ocr_line' id='line_1_18' title="bbox 201 920 988 958; baseline -0.009 -6"><span class='ocrx_word' id='word_1_144' title='bbox 201 924 361 952; x_wconf 89' lang='lat' dir='ltr'><strong>audierunt?</strong></span> <span class='ocrx_word' id='word_1_145' title='bbox 383 924 445 950; x_wconf 85' lang='lat' dir='ltr'><strong>lla-c</strong></span> <span class='ocrx_word' id='word_1_146' title='bbox 469 931 527 958; x_wconf 71' lang='lat' dir='ltr'><strong>qua:</strong></span> <span class='ocrx_word' id='word_1_147' title='bbox 554 930 623 949; x_wconf 84' lang='lat' dir='ltr'><strong>nunc</strong></span> <span class='ocrx_word' id='word_1_148' title='bbox 649 929 696 949; x_wconf 90' lang='lat' dir='ltr'><strong>vos</strong></span> <span class='ocrx_word' id='word_1_149' title='bbox 718 921 813 948; x_wconf 70' lang='lat' dir='ltr'><strong>Videtis</strong></span> <span class='ocrx_word' id='word_1_150' title='bbox 836 926 862 947; x_wconf 88' lang='lat' dir='ltr'><strong>et</strong></span> <span class='ocrx_word' id='word_1_151' title='bbox 880 920 988 946; x_wconf 90' lang='lat' dir='ltr'><strong>auditis.</strong></span> 
     </span>
    </p>
   </div>
   <div class='ocr_carea' id='block_1_19' title="bbox 200 966 987 1005">
    <p class='ocr_par' dir='ltr' id='par_1_19' title="bbox 200 966 987 1005">
     <span class='ocr_line' id='line_1_19' title="bbox 200 966 987 1005; baseline -0.006 -8"><span class='ocrx_word' id='word_1_152' title='bbox 200 971 276 1005; x_wconf 83' lang='lat' dir='ltr'><strong>Quod</strong></span> <span class='ocrx_word' id='word_1_153' title='bbox 287 970 309 997; x_wconf 86' lang='lat' dir='ltr'><strong>si</strong></span> <span class='ocrx_word' id='word_1_154' title='bbox 322 970 360 996; x_wconf 88' lang='lat' dir='ltr'><strong>illi</strong></span> <span class='ocrx_word' id='word_1_155' title='bbox 376 974 403 997; x_wconf 91' lang='lat' dir='ltr'><strong>et</strong></span> <span class='ocrx_word' id='word_1_156' title='bbox 415 977 506 997; x_wconf 86' lang='lat' dir='ltr'><strong>vocem</strong></span> <span class='ocrx_word' id='word_1_157' title='bbox 519 969 575 1003; x_wconf 88' lang='lat' dir='ltr'><strong>ejus</strong></span> <span class='ocrx_word' id='word_1_158' title='bbox 586 968 735 998; x_wconf 79' lang='lat' dir='ltr'><strong>audierunt,</strong></span> <span class='ocrx_word' id='word_1_159' title='bbox 747 970 774 993; x_wconf 88' lang='lat' dir='ltr'><strong>et</strong></span> <span class='ocrx_word' id='word_1_160' title='bbox 783 966 905 993; x_wconf 89' lang='lat' dir='ltr'><strong>viderunt</strong></span> <span class='ocrx_word' id='word_1_161' title='bbox 915 973 987 998; x_wconf 79' lang='lat' dir='ltr'><strong>eum,</strong></span> 
     </span>
    </p>
   </div>
   <div class='ocr_carea' id='block_1_20' title="bbox 200 1011 990 1049">
    <p class='ocr_par' dir='ltr' id='par_1_20' title="bbox 200 1011 990 1049">
     <span class='ocr_line' id='line_1_20' title="bbox 200 1011 990 1049; baseline -0.009 -6"><span class='ocrx_word' id='word_1_162' title='bbox 200 1021 228 1042; x_wconf 88' lang='lat' dir='ltr'><strong>at</strong></span> <span class='ocrx_word' id='word_1_163' title='bbox 241 1024 293 1042; x_wconf 89' lang='lat' dir='ltr'><strong>non</strong></span> <span class='ocrx_word' id='word_1_164' title='bbox 307 1015 333 1042; x_wconf 94' lang='lat' dir='ltr'><strong>iu</strong></span> <span class='ocrx_word' id='word_1_165' title='bbox 346 1022 441 1047; x_wconf 83' lang='lat' dir='ltr'><strong>carne,</strong></span> <span class='ocrx_word' id='word_1_166' title='bbox 458 1022 544 1049; x_wconf 89' lang='lat' dir='ltr'><strong>neque</strong></span> <span class='ocrx_word' id='word_1_167' title='bbox 565 1014 601 1040; x_wconf 89' lang='lat' dir='ltr'><strong>ita</strong></span> <span class='ocrx_word' id='word_1_168' title='bbox 623 1021 682 1039; x_wconf 93' lang='lat' dir='ltr'><strong>cum</strong></span> <span class='ocrx_word' id='word_1_169' title='bbox 706 1011 856 1038; x_wconf 88' lang='lat' dir='ltr'><strong>hominibus</strong></span> <span class='ocrx_word' id='word_1_170' title='bbox 880 1017 990 1037; x_wconf 85' lang='lat' dir='ltr'><strong>versan-</strong></span> 
     </span>
    </p>
   </div>
   <div class='ocr_carea' id='block_1_21' title="bbox 202 1054 990 1094">
    <p class='ocr_par' dir='ltr' id='par_1_21' title="bbox 202 1054 990 1094">
     <span class='ocr_line' id='line_1_21' title="bbox 202 1054 990 1094; baseline -0.006 -8"><span class='ocrx_word' id='word_1_171' title='bbox 202 1065 270 1091; x_wconf 86' lang='lat' dir='ltr'><strong>tem,</strong></span> <span class='ocrx_word' id='word_1_172' title='bbox 300 1067 385 1094; x_wconf 84' lang='lat' dir='ltr'><strong>neque</strong></span> <span class='ocrx_word' id='word_1_173' title='bbox 413 1065 464 1086; x_wconf 91' lang='lat' dir='ltr'><strong>tam</strong></span> <span class='ocrx_word' id='word_1_174' title='bbox 488 1059 569 1085; x_wconf 84' lang='lat' dir='ltr'><strong>libere</strong></span> <span class='ocrx_word' id='word_1_175' title='bbox 590 1065 650 1084; x_wconf 84' lang='lat' dir='ltr'><strong>cum</strong></span> <span class='ocrx_word' id='word_1_176' title='bbox 678 1057 742 1091; x_wconf 85' lang='lat' dir='ltr'><strong>ipsis</strong></span> <span class='ocrx_word' id='word_1_177' title='bbox 756 1056 918 1090; x_wconf 78' lang='lat' dir='ltr'><strong>loquentem.</strong></span> <span class='ocrx_word' id='word_1_178' title='bbox 934 1054 990 1081; x_wconf 84' lang='lat' dir='ltr'><strong>lloc</strong></span> 
     </span>
    </p>
   </div>
   <div class='ocr_carea' id='block_1_22' title="bbox 201 1102 990 1140">
    <p class='ocr_par' dir='ltr' id='par_1_22' title="bbox 201 1102 990 1140">
     <span class='ocr_line' id='line_1_22' title="bbox 201 1102 990 1140; baseline -0.005 -8"><span class='ocrx_word' id='word_1_179' title='bbox 201 1106 280 1140; x_wconf 79' lang='lat' dir='ltr'><strong>igitur</strong></span> <span class='ocrx_word' id='word_1_180' title='bbox 293 1111 319 1132; x_wconf 91' lang='lat' dir='ltr'><strong>ct</strong></span> <span class='ocrx_word' id='word_1_181' title='bbox 332 1106 388 1139; x_wconf 77' lang='lat' dir='ltr'><strong>ipse</strong></span> <span class='ocrx_word' id='word_1_182' title='bbox 404 1105 554 1139; x_wconf 79' lang='lat' dir='ltr'><strong>signiﬁcans</strong></span> <span class='ocrx_word' id='word_1_183' title='bbox 570 1111 621 1130; x_wconf 88' lang='lat' dir='ltr'><strong>non</strong></span> <span class='ocrx_word' id='word_1_184' title='bbox 636 1103 791 1137; x_wconf 70' lang='lat' dir='ltr'><strong>simpEicitcr</strong></span> <span class='ocrx_word' id='word_1_185' title='bbox 804 1102 882 1132; x_wconf 81' lang='lat' dir='ltr'><strong>dixit,</strong></span> <span class='ocrx_word' id='word_1_186' title='bbox 895 1102 990 1135; x_wconf 82' lang='lat' dir='ltr'><strong>Cupie-</strong></span> 
     </span>
    </p>
   </div>
   <div class='ocr_carea' id='block_1_23' title="bbox 201 1147 988 1183">
    <p class='ocr_par' dir='ltr' id='par_1_23' title="bbox 201 1147 988 1183">
     <span class='ocr_line' id='line_1_23' title="bbox 201 1147 988 1183; baseline -0.006 -5"><span class='ocrx_word' id='word_1_187' title='bbox 201 1156 261 1178; x_wconf 92' lang='lat' dir='ltr'><strong>runt</strong></span> <span class='ocrx_word' id='word_1_188' title='bbox 274 1150 364 1178; x_wconf 88' lang='lat' dir='ltr'><strong>videre</strong></span> <span class='ocrx_word' id='word_1_189' title='bbox 380 1158 438 1183; x_wconf 88' lang='lat' dir='ltr'><strong>me;</strong></span> <span class='ocrx_word' id='word_1_190' title='bbox 452 1149 499 1176; x_wconf 87' lang='lat' dir='ltr'><strong>sed</strong></span> <span class='ocrx_word' id='word_1_191' title='bbox 513 1148 593 1183; x_wconf 87' lang='lat' dir='ltr'><strong>quid?</strong></span> <span class='ocrx_word' id='word_1_192' title='bbox 618 1148 680 1181; x_wconf 65' lang='lat' dir='ltr'><strong>Quae</strong></span> <span class='ocrx_word' id='word_1_193' title='bbox 704 1156 746 1174; x_wconf 80' lang='lat' dir='ltr'><strong>vos</strong></span> <span class='ocrx_word' id='word_1_194' title='bbox 772 1147 878 1179; x_wconf 76' lang='lat' dir='ltr'><strong>ridetis;</strong></span> <span class='ocrx_word' id='word_1_195' title='bbox 902 1155 988 1180; x_wconf 85' lang='lat' dir='ltr'><strong>neque</strong></span> 
     </span>
    </p>
   </div>
   <div class='ocr_carea' id='block_1_24' title="bbox 201 1193 990 1230">
    <p class='ocr_par' dir='ltr' id='par_1_24' title="bbox 201 1193 990 1230">
     <span class='ocr_line' id='line_1_24' title="bbox 201 1193 990 1230; baseline -0.008 -6"><span class='ocrx_word' id='word_1_196' title='bbox 201 1197 292 1224; x_wconf 83' lang='lat' dir='ltr'><strong>audire</strong></span> <span class='ocrx_word' id='word_1_197' title='bbox 303 1204 360 1228; x_wconf 89' lang='lat' dir='ltr'><strong>me;</strong></span> <span class='ocrx_word' id='word_1_198' title='bbox 375 1196 421 1223; x_wconf 88' lang='lat' dir='ltr'><strong>sed</strong></span> <span class='ocrx_word' id='word_1_199' title='bbox 434 1195 589 1230; x_wconf 73' lang='lat' dir='ltr'><strong>quid?Quw</strong></span> <span class='ocrx_word' id='word_1_200' title='bbox 612 1202 654 1220; x_wconf 75' lang='lat' dir='ltr'><strong>vos</strong></span> <span class='ocrx_word' id='word_1_201' title='bbox 680 1193 782 1219; x_wconf 76' lang='lat' dir='ltr'><strong>auditis.</strong></span> <span class='ocrx_word' id='word_1_202' title='bbox 810 1193 898 1227; x_wconf 89' lang='lat' dir='ltr'><strong>Itaque</strong></span> <span class='ocrx_word' id='word_1_203' title='bbox 929 1193 990 1218; x_wconf 85' lang='lat' dir='ltr'><strong>licet</strong></span> 
     </span>
    </p>
   </div>
   <div class='ocr_carea' id='block_1_25' title="bbox 201 1238 989 1276">
    <p class='ocr_par' dir='ltr' id='par_1_25' title="bbox 201 1238 989 1276">
     <span class='ocr_line' id='line_1_25' title="bbox 201 1238 989 1276; baseline -0.006 -8"><span class='ocrx_word' id='word_1_204' title='bbox 201 1242 259 1276; x_wconf 77' lang='lat' dir='ltr'><strong>ejus</strong></span> <span class='ocrx_word' id='word_1_205' title='bbox 272 1242 298 1268; x_wconf 91' lang='lat' dir='ltr'><strong>in</strong></span> <span class='ocrx_word' id='word_1_206' title='bbox 313 1249 394 1268; x_wconf 79' lang='lat' dir='ltr'><strong>carne</strong></span> <span class='ocrx_word' id='word_1_207' title='bbox 407 1241 548 1267; x_wconf 80' lang='lat' dir='ltr'><strong>adventum</strong></span> <span class='ocrx_word' id='word_1_208' title='bbox 565 1248 616 1266; x_wconf 86' lang='lat' dir='ltr'><strong>non</strong></span> <span class='ocrx_word' id='word_1_209' title='bbox 632 1239 756 1269; x_wconf 84' lang='lat' dir='ltr'><strong>viderint,</strong></span> <span class='ocrx_word' id='word_1_210' title='bbox 774 1238 888 1264; x_wconf 82' lang='lat' dir='ltr'><strong>futurum</strong></span> <span class='ocrx_word' id='word_1_211' title='bbox 902 1242 989 1264; x_wconf 87' lang='lat' dir='ltr'><strong>tatnen</strong></span> 
     </span>
    </p>
   </div>
   <div class='ocr_carea' id='block_1_26' title="bbox 201 1282 989 1319">
    <p class='ocr_par' dir='ltr' id='par_1_26' title="bbox 201 1282 989 1319">
     <span class='ocr_line' id='line_1_26' title="bbox 201 1282 989 1319; baseline -0.01 -5"><span class='ocrx_word' id='word_1_212' title='bbox 201 1295 261 1314; x_wconf 79' lang='lat' dir='ltr'><strong>esse</strong></span> <span class='ocrx_word' id='word_1_213' title='bbox 283 1290 430 1318; x_wconf 88' lang='lat' dir='ltr'><strong>noverunt,</strong></span> <span class='ocrx_word' id='word_1_214' title='bbox 455 1293 533 1319; x_wconf 84' lang='lat' dir='ltr'><strong>queui</strong></span> <span class='ocrx_word' id='word_1_215' title='bbox 555 1284 645 1312; x_wconf 89' lang='lat' dir='ltr'><strong>videre</strong></span> <span class='ocrx_word' id='word_1_216' title='bbox 657 1283 817 1318; x_wconf 79' lang='lat' dir='ltr'><strong>cupiebant;</strong></span> <span class='ocrx_word' id='word_1_217' title='bbox 835 1282 861 1308; x_wconf 91' lang='lat' dir='ltr'><strong>in</strong></span> <span class='ocrx_word' id='word_1_218' title='bbox 876 1289 989 1316; x_wconf 87' lang='lat' dir='ltr'><strong>eumque</strong></span> 
     </span>
    </p>
   </div>
   <div class='ocr_carea' id='block_1_27' title="bbox 201 1327 989 1365">
    <p class='ocr_par' dir='ltr' id='par_1_27' title="bbox 201 1327 989 1365">
     <span class='ocr_line' id='line_1_27' title="bbox 201 1327 989 1365; baseline -0.009 -4"><span class='ocrx_word' id='word_1_219' title='bbox 201 1333 363 1365; x_wconf 85' lang='lat' dir='ltr'><strong>credebant,</strong></span> <span class='ocrx_word' id='word_1_220' title='bbox 381 1332 443 1360; x_wconf 92' lang='lat' dir='ltr'><strong>licet</strong></span> <span class='ocrx_word' id='word_1_221' title='bbox 457 1332 531 1359; x_wconf 90' lang='lat' dir='ltr'><strong>illum</strong></span> <span class='ocrx_word' id='word_1_222' title='bbox 545 1331 570 1358; x_wconf 92' lang='lat' dir='ltr'><strong>in</strong></span> <span class='ocrx_word' id='word_1_223' title='bbox 585 1337 665 1358; x_wconf 89' lang='lat' dir='ltr'><strong>carne</strong></span> <span class='ocrx_word' id='word_1_224' title='bbox 688 1337 741 1356; x_wconf 89' lang='lat' dir='ltr'><strong>non</strong></span> <span class='ocrx_word' id='word_1_225' title='bbox 766 1329 903 1355; x_wconf 82' lang='lat' dir='ltr'><strong>vidissent.</strong></span> <span class='ocrx_word' id='word_1_226' title='bbox 923 1327 989 1355; x_wconf 85' lang='lat' dir='ltr'><strong>Cum</strong></span> 
     </span>
    </p>
   </div>
   <div class='ocr_carea' id='block_1_28' title="bbox 202 1373 988 1414">
    <p class='ocr_par' dir='ltr' id='par_1_28' title="bbox 202 1373 988 1414">
     <span class='ocr_line' id='line_1_28' title="bbox 202 1373 988 1414; baseline -0.01 -8"><span class='ocrx_word' id='word_1_227' title='bbox 202 1380 289 1414; x_wconf 83' lang='lat' dir='ltr'><strong>itaque</strong></span> <span class='ocrx_word' id='word_1_228' title='bbox 301 1387 348 1406; x_wconf 87' lang='lat' dir='ltr'><strong>nos</strong></span> <span class='ocrx_word' id='word_1_229' title='bbox 361 1378 474 1413; x_wconf 79' lang='lat' dir='ltr'><strong>gentiles</strong></span> <span class='ocrx_word' id='word_1_230' title='bbox 487 1376 670 1404; x_wconf 82' lang='lat' dir='ltr'><strong>accusaverim</strong></span> <span class='ocrx_word' id='word_1_231' title='bbox 681 1374 800 1402; x_wconf 89' lang='lat' dir='ltr'><strong>dicentes</strong></span> <span class='ocrx_word' id='word_1_232' title='bbox 811 1383 816 1400; x_wconf 94' lang='lat'><strong>:</strong></span> <span class='ocrx_word' id='word_1_233' title='bbox 826 1373 892 1406; x_wconf 86' lang='lat' dir='ltr'><strong>Quid</strong></span> <span class='ocrx_word' id='word_1_234' title='bbox 907 1373 988 1408; x_wconf 89' lang='lat' dir='ltr'><strong>priori</strong></span> 
     </span>
    </p>
   </div>
   <div class='ocr_carea' id='block_1_29' title="bbox 201 1417 989 1458">
    <p class='ocr_par' dir='ltr' id='par_1_29' title="bbox 201 1417 989 1458">
     <span class='ocr_line' id='line_1_29' title="bbox 201 1417 989 1458; baseline -0.01 -7"><span class='ocrx_word' id='word_1_235' title='bbox 201 1424 245 1452; x_wconf 93' lang='lat' dir='ltr'><strong>illo</strong></span> <span class='ocrx_word' id='word_1_236' title='bbox 261 1429 380 1458; x_wconf 88' lang='lat' dir='ltr'><strong>tempore</strong></span> <span class='ocrx_word' id='word_1_237' title='bbox 394 1422 506 1449; x_wconf 83' lang='lat' dir='ltr'><strong>faciebat</strong></span> <span class='ocrx_word' id='word_1_238' title='bbox 520 1421 651 1452; x_wconf 85' lang='lat' dir='ltr'><strong>Christus,</strong></span> <span class='ocrx_word' id='word_1_239' title='bbox 667 1427 725 1446; x_wconf 92' lang='lat' dir='ltr'><strong>cum</strong></span> <span class='ocrx_word' id='word_1_240' title='bbox 741 1417 857 1446; x_wconf 85' lang='lat' dir='ltr'><strong>nondum</strong></span> <span class='ocrx_word' id='word_1_241' title='bbox 873 1418 989 1445; x_wconf 87' lang='lat' dir='ltr'><strong>humano</strong></span> 
     </span>
    </p>
   </div>
   <div class='ocr_carea' id='block_1_30' title="bbox 200 1464 989 1505">
    <p class='ocr_par' dir='ltr' id='par_1_30' title="bbox 200 1464 989 1505">
     <span class='ocr_line' id='line_1_30' title="bbox 200 1464 989 1505; baseline -0.009 -8"><span class='ocrx_word' id='word_1_242' title='bbox 200 1469 291 1505; x_wconf 75' lang='lat' dir='ltr'><strong>generi</strong></span> <span class='ocrx_word' id='word_1_243' title='bbox 307 1468 491 1504; x_wconf 80' lang='lat' dir='ltr'><strong>prospiceret?</strong></span> <span class='ocrx_word' id='word_1_244' title='bbox 507 1471 533 1494; x_wconf 89' lang='lat' dir='ltr'><strong>et</strong></span> <span class='ocrx_word' id='word_1_245' title='bbox 544 1474 591 1494; x_wconf 90' lang='lat' dir='ltr'><strong>cur</strong></span> <span class='ocrx_word' id='word_1_246' title='bbox 604 1471 726 1494; x_wconf 81' lang='lat' dir='ltr'><strong>extremo</strong></span> <span class='ocrx_word' id='word_1_247' title='bbox 742 1470 862 1499; x_wconf 86' lang='lat' dir='ltr'><strong>tempore</strong></span> <span class='ocrx_word' id='word_1_248' title='bbox 878 1464 950 1491; x_wconf 88' lang='lat' dir='ltr'><strong>venit</strong></span> <span class='ocrx_word' id='word_1_249' title='bbox 961 1468 989 1490; x_wconf 89' lang='lat' dir='ltr'><strong>ut</strong></span> 
     </span>
    </p>
   </div>
   <div class='ocr_carea' id='block_1_31' title="bbox 201 1512 989 1548">
    <p class='ocr_par' dir='ltr' id='par_1_31' title="bbox 201 1512 989 1548">
     <span class='ocr_line' id='line_1_31' title="bbox 201 1512 989 1548; baseline -0.006 -6"><span class='ocrx_word' id='word_1_250' title='bbox 201 1520 298 1542; x_wconf 82' lang='lat' dir='ltr'><strong>nostra:</strong></span> <span class='ocrx_word' id='word_1_251' title='bbox 313 1515 392 1542; x_wconf 89' lang='lat' dir='ltr'><strong>saluti</strong></span> <span class='ocrx_word' id='word_1_252' title='bbox 415 1512 587 1548; x_wconf 83' lang='lat' dir='ltr'><strong>provideret,</strong></span> <span class='ocrx_word' id='word_1_253' title='bbox 613 1517 751 1547; x_wconf 87' lang='lat' dir='ltr'><strong>postquam</strong></span> <span class='ocrx_word' id='word_1_254' title='bbox 772 1517 844 1538; x_wconf 88' lang='lat' dir='ltr'><strong>tanto</strong></span> <span class='ocrx_word' id='word_1_255' title='bbox 869 1515 989 1545; x_wconf 84' lang='lat' dir='ltr'><strong>tempore</strong></span> 
     </span>
    </p>
   </div>
   <div class='ocr_carea' id='block_1_32' title="bbox 201 1557 988 1595">
    <p class='ocr_par' dir='ltr' id='par_1_32' title="bbox 201 1557 988 1595">
     <span class='ocr_line' id='line_1_32' title="bbox 201 1557 988 1595; baseline -0.003 -9"><span class='ocrx_word' id='word_1_256' title='bbox 201 1567 249 1588; x_wconf 90' lang='lat' dir='ltr'><strong>nos</strong></span> <span class='ocrx_word' id='word_1_257' title='bbox 263 1559 433 1595; x_wconf 81' lang='lat' dir='ltr'><strong>neglexerat?</strong></span> <span class='ocrx_word' id='word_1_258' title='bbox 448 1558 668 1593; x_wconf 85' lang='lat' dir='ltr'><strong>respondebimus</strong></span> <span class='ocrx_word' id='word_1_259' title='bbox 680 1578 688 1590; x_wconf 88' lang='lat'><strong>,</strong></span> <span class='ocrx_word' id='word_1_260' title='bbox 712 1558 799 1593; x_wconf 90' lang='lat' dir='ltr'><strong>ipsum</strong></span> <span class='ocrx_word' id='word_1_261' title='bbox 825 1557 905 1583; x_wconf 92' lang='lat' dir='ltr'><strong>etiam</strong></span> <span class='ocrx_word' id='word_1_262' title='bbox 926 1561 988 1584; x_wconf 87' lang='lat' dir='ltr'><strong>ante</strong></span> 
     </span>
    </p>
   </div>
   <div class='ocr_carea' id='block_1_33' title="bbox 201 1601 988 1636">
    <p class='ocr_par' dir='ltr' id='par_1_33' title="bbox 201 1601 988 1636">
     <span class='ocr_line' id='line_1_33' title="bbox 201 1601 988 1636; baseline -0.004 -5"><span class='ocrx_word' id='word_1_263' title='bbox 201 1605 344 1631; x_wconf 84' lang='lat' dir='ltr'><strong>adventqu</strong></span> <span class='ocrx_word' id='word_1_264' title='bbox 360 1603 434 1630; x_wconf 93' lang='lat' dir='ltr'><strong>illum</strong></span> <span class='ocrx_word' id='word_1_265' title='bbox 450 1603 475 1629; x_wconf 93' lang='lat' dir='ltr'><strong>in</strong></span> <span class='ocrx_word' id='word_1_266' title='bbox 491 1602 589 1629; x_wconf 91' lang='lat' dir='ltr'><strong>mundo</strong></span> <span class='ocrx_word' id='word_1_267' title='bbox 601 1602 697 1633; x_wconf 79' lang='lat' dir='ltr'><strong>fuisse,</strong></span> <span class='ocrx_word' id='word_1_268' title='bbox 713 1601 746 1628; x_wconf 89' lang='lat' dir='ltr'><strong>de</strong></span> <span class='ocrx_word' id='word_1_269' title='bbox 759 1601 885 1636; x_wconf 88' lang='lat' dir='ltr'><strong>operibus</strong></span> <span class='ocrx_word' id='word_1_270' title='bbox 905 1601 938 1628; x_wconf 91' lang='lat' dir='ltr'><strong>ab</strong></span> <span class='ocrx_word' id='word_1_271' title='bbox 960 1609 988 1627; x_wconf 86' lang='lat' dir='ltr'><strong>se</strong></span> 
     </span>
    </p>
   </div>
   <div class='ocr_carea' id='block_1_34' title="bbox 200 1646 988 1682">
    <p class='ocr_par' dir='ltr' id='par_1_34' title="bbox 200 1646 988 1682">
     <span class='ocr_line' id='line_1_34' title="bbox 200 1646 988 1682; baseline -0.003 -7"><span class='ocrx_word' id='word_1_272' title='bbox 200 1647 310 1676; x_wconf 86' lang='lat' dir='ltr'><strong>edendis</strong></span> <span class='ocrx_word' id='word_1_273' title='bbox 324 1648 396 1682; x_wconf 87' lang='lat' dir='ltr'><strong>prius</strong></span> <span class='ocrx_word' id='word_1_274' title='bbox 410 1647 541 1682; x_wconf 69' lang='lat' dir='ltr'><strong>cogitasse</strong></span> <span class='ocrx_word' id='word_1_275' title='bbox 553 1667 559 1678; x_wconf 85' lang='lat'>.</span> <span class='ocrx_word' id='word_1_276' title='bbox 577 1651 657 1681; x_wconf 89' lang='lat' dir='ltr'><strong>atque</strong></span> <span class='ocrx_word' id='word_1_277' title='bbox 672 1647 723 1673; x_wconf 90' lang='lat' dir='ltr'><strong>illis</strong></span> <span class='ocrx_word' id='word_1_278' title='bbox 747 1647 870 1674; x_wconf 91' lang='lat' dir='ltr'><strong>omnibus</strong></span> <span class='ocrx_word' id='word_1_279' title='bbox 895 1646 988 1682; x_wconf 78' lang='lat' dir='ltr'><strong>cogni-</strong></span> 
     </span>
    </p>
   </div>
   <div class='ocr_carea' id='block_1_35' title="bbox 201 1690 987 1727">
    <p class='ocr_par' dir='ltr' id='par_1_35' title="bbox 201 1690 987 1727">
     <span class='ocr_line' id='line_1_35' title="bbox 201 1690 987 1727; baseline 0 -7"><span class='ocrx_word' id='word_1_280' title='bbox 201 1698 255 1720; x_wconf 93' lang='lat' dir='ltr'><strong>tum</strong></span> <span class='ocrx_word' id='word_1_281' title='bbox 271 1690 351 1720; x_wconf 79' lang='lat' dir='ltr'><strong>fuisse</strong></span> <span class='ocrx_word' id='word_1_282' title='bbox 362 1714 369 1725; x_wconf 92' lang='lat'><strong>,</strong></span> <span class='ocrx_word' id='word_1_283' title='bbox 384 1693 429 1727; x_wconf 92' lang='lat' dir='ltr'><strong>qui</strong></span> <span class='ocrx_word' id='word_1_284' title='bbox 445 1692 494 1719; x_wconf 85' lang='lat' dir='ltr'><strong>hac</strong></span> <span class='ocrx_word' id='word_1_285' title='bbox 509 1691 661 1726; x_wconf 72' lang='lat' dir='ltr'><strong>cognitione</strong></span> <span class='ocrx_word' id='word_1_286' title='bbox 674 1692 744 1726; x_wconf 79' lang='lat' dir='ltr'><strong>digni</strong></span> <span class='ocrx_word' id='word_1_287' title='bbox 761 1697 846 1719; x_wconf 86' lang='lat' dir='ltr'><strong>erant.</strong></span> <span class='ocrx_word' id='word_1_288' title='bbox 868 1692 943 1726; x_wconf 86' lang='lat' dir='ltr'><strong>Quod</strong></span> <span class='ocrx_word' id='word_1_289' title='bbox 966 1693 987 1720; x_wconf 91' lang='lat' dir='ltr'><strong>si</strong></span> 
     </span>
    </p>
   </div>
   <div class='ocr_carea' id='block_1_36' title="bbox 199 1736 987 1773">
    <p class='ocr_par' dir='ltr' id='par_1_36' title="bbox 199 1736 987 1773">
     <span class='ocr_line' id='line_1_36' title="bbox 199 1736 987 1773; baseline -0.001 -8"><span class='ocrx_word' id='word_1_290' title='bbox 199 1738 260 1773; x_wconf 89' lang='lat' dir='ltr'><strong>quia</strong></span> <span class='ocrx_word' id='word_1_291' title='bbox 275 1746 327 1765; x_wconf 90' lang='lat' dir='ltr'><strong>non</strong></span> <span class='ocrx_word' id='word_1_292' title='bbox 340 1737 462 1765; x_wconf 88' lang='lat' dir='ltr'><strong>omnibus</strong></span> <span class='ocrx_word' id='word_1_293' title='bbox 477 1743 538 1764; x_wconf 93' lang='lat' dir='ltr'><strong>tunc</strong></span> <span class='ocrx_word' id='word_1_294' title='bbox 553 1742 629 1764; x_wconf 84' lang='lat' dir='ltr'><strong>notus</strong></span> <span class='ocrx_word' id='word_1_295' title='bbox 642 1736 701 1768; x_wconf 81' lang='lat' dir='ltr'><strong>fuit,</strong></span> <span class='ocrx_word' id='word_1_296' title='bbox 717 1736 763 1764; x_wconf 87' lang='lat' dir='ltr'><strong>sed</strong></span> <span class='ocrx_word' id='word_1_297' title='bbox 783 1737 871 1772; x_wconf 82' lang='lat' dir='ltr'><strong>probis</strong></span> <span class='ocrx_word' id='word_1_298' title='bbox 887 1742 987 1764; x_wconf 91' lang='lat' dir='ltr'><strong>tantum</strong></span> 
     </span>
    </p>
   </div>
   <div class='ocr_carea' id='block_1_37' title="bbox 200 1782 987 1819">
    <p class='ocr_par' dir='ltr' id='par_1_37' title="bbox 200 1782 987 1819">
     <span class='ocr_line' id='line_1_37' title="bbox 200 1782 987 1819; baseline 0 -8"><span class='ocrx_word' id='word_1_299' title='bbox 200 1788 227 1811; x_wconf 88' lang='lat' dir='ltr'><strong>et</strong></span> <span class='ocrx_word' id='word_1_300' title='bbox 253 1783 349 1811; x_wconf 76' lang='lat' dir='ltr'><strong>virtute</strong></span> <span class='ocrx_word' id='word_1_301' title='bbox 373 1783 503 1817; x_wconf 53' lang='lat' dir='ltr'><strong>praeditis.</strong></span> <span class='ocrx_word' id='word_1_302' title='bbox 532 1782 591 1810; x_wconf 88' lang='lat' dir='ltr'><strong>ideo</strong></span> <span class='ocrx_word' id='word_1_303' title='bbox 614 1783 702 1810; x_wconf 88' lang='lat' dir='ltr'><strong>dicitis</strong></span> <span class='ocrx_word' id='word_1_304' title='bbox 727 1783 800 1810; x_wconf 93' lang='lat' dir='ltr'><strong>illum</strong></span> <span class='ocrx_word' id='word_1_305' title='bbox 825 1784 987 1819; x_wconf 76' lang='lat' dir='ltr'><strong>incognitum</strong></span> 
     </span>
    </p>
   </div>
   <div class='ocr_carea' id='block_1_38' title="bbox 200 1828 987 1862">
    <p class='ocr_par' dir='ltr' id='par_1_38' title="bbox 200 1828 987 1862">
     <span class='ocr_line' id='line_1_38' title="bbox 200 1828 987 1862; baseline 0.001 -7"><span class='ocrx_word' id='word_1_306' title='bbox 200 1829 281 1856; x_wconf 82' lang='lat' dir='ltr'><strong>fuisse</strong></span> <span class='ocrx_word' id='word_1_307' title='bbox 291 1849 299 1862; x_wconf 89' lang='lat'><strong>,</strong></span> <span class='ocrx_word' id='word_1_308' title='bbox 314 1828 408 1856; x_wconf 80' lang='lat' dir='ltr'><strong>eadem</strong></span> <span class='ocrx_word' id='word_1_309' title='bbox 424 1829 526 1855; x_wconf 88' lang='lat' dir='ltr'><strong>ratione</strong></span> <span class='ocrx_word' id='word_1_310' title='bbox 541 1828 627 1862; x_wconf 91' lang='lat' dir='ltr'><strong>ipsum</strong></span> <span class='ocrx_word' id='word_1_311' title='bbox 642 1835 712 1855; x_wconf 90' lang='lat' dir='ltr'><strong>nunc</strong></span> <span class='ocrx_word' id='word_1_312' title='bbox 725 1836 833 1862; x_wconf 90' lang='lat' dir='ltr'><strong>quoque</strong></span> <span class='ocrx_word' id='word_1_313' title='bbox 847 1835 898 1855; x_wconf 89' lang='lat' dir='ltr'><strong>non</strong></span> <span class='ocrx_word' id='word_1_314' title='bbox 922 1828 987 1856; x_wconf 86' lang='lat' dir='ltr'><strong>ado-</strong></span> 
     </span>
    </p>
   </div>
   <div class='ocr_carea' id='block_1_39' title="bbox 201 1873 986 1908">
    <p class='ocr_par' dir='ltr' id='par_1_39' title="bbox 201 1873 986 1908">
     <span class='ocr_line' id='line_1_39' title="bbox 201 1873 986 1908; baseline 0 -7"><span class='ocrx_word' id='word_1_315' title='bbox 201 1874 252 1901; x_wconf 75' lang='lat' dir='ltr'><strong>rari</strong></span> <span class='ocrx_word' id='word_1_316' title='bbox 272 1873 306 1901; x_wconf 87' lang='lat' dir='ltr'><strong>ab</strong></span> <span class='ocrx_word' id='word_1_317' title='bbox 326 1873 476 1900; x_wconf 89' lang='lat' dir='ltr'><strong>hominibus</strong></span> <span class='ocrx_word' id='word_1_318' title='bbox 499 1873 637 1905; x_wconf 83' lang='lat' dir='ltr'><strong>dixeritis,</strong></span> <span class='ocrx_word' id='word_1_319' title='bbox 662 1874 722 1908; x_wconf 85' lang='lat' dir='ltr'><strong>quia</strong></span> <span class='ocrx_word' id='word_1_320' title='bbox 745 1874 825 1900; x_wconf 89' lang='lat' dir='ltr'><strong>etiam</strong></span> <span class='ocrx_word' id='word_1_321' title='bbox 850 1882 921 1901; x_wconf 88' lang='lat' dir='ltr'><strong>nunc</strong></span> <span class='ocrx_word' id='word_1_322' title='bbox 934 1882 986 1902; x_wconf 86' lang='lat' dir='ltr'><strong>non</strong></span> 
     </span>
    </p>
   </div>
   <div class='ocr_carea' id='block_1_40' title="bbox 199 1918 988 1953">
    <p class='ocr_par' dir='ltr' id='par_1_40' title="bbox 199 1918 988 1953">
     <span class='ocr_line' id='line_1_40' title="bbox 199 1918 988 1953; baseline 0 -7"><span class='ocrx_word' id='word_1_323' title='bbox 199 1926 293 1946; x_wconf 88' lang='lat' dir='ltr'><strong>omnes</strong></span> <span class='ocrx_word' id='word_1_324' title='bbox 308 1918 393 1952; x_wconf 89' lang='lat' dir='ltr'><strong>ipsum</strong></span> <span class='ocrx_word' id='word_1_325' title='bbox 410 1923 549 1945; x_wconf 90' lang='lat' dir='ltr'><strong>noverunt.</strong></span> <span class='ocrx_word' id='word_1_326' title='bbox 567 1918 619 1945; x_wconf 89' lang='lat' dir='ltr'><strong>Sed</strong></span> <span class='ocrx_word' id='word_1_327' title='bbox 639 1918 862 1952; x_wconf 84' lang='lat' dir='ltr'><strong>quemadmodum</strong></span> <span class='ocrx_word' id='word_1_328' title='bbox 877 1919 903 1946; x_wconf 86' lang='lat' dir='ltr'><strong>in</strong></span> <span class='ocrx_word' id='word_1_329' title='bbox 920 1926 988 1953; x_wconf 78' lang='lat' dir='ltr'><strong>prcc-</strong></span> 
     </span>
    </p>
   </div>
   <div class='ocr_carea' id='block_1_41' title="bbox 200 1963 989 1999">
    <p class='ocr_par' dir='ltr' id='par_1_41' title="bbox 200 1963 989 1999">
     <span class='ocr_line' id='line_1_41' title="bbox 200 1963 989 1999; baseline 0 -8"><span class='ocrx_word' id='word_1_330' title='bbox 200 1963 266 1992; x_wconf 88' lang='lat' dir='ltr'><strong>senti</strong></span> <span class='ocrx_word' id='word_1_331' title='bbox 276 1971 365 1996; x_wconf 93' lang='lat' dir='ltr'><strong>nemo,</strong></span> <span class='ocrx_word' id='word_1_332' title='bbox 373 1964 433 1998; x_wconf 85' lang='lat' dir='ltr'><strong>quia</strong></span> <span class='ocrx_word' id='word_1_333' title='bbox 447 1971 460 1990; x_wconf 94' lang='lat' dir='ltr'><strong>a</strong></span> <span class='ocrx_word' id='word_1_334' title='bbox 473 1964 562 1991; x_wconf 86' lang='lat' dir='ltr'><strong>multis</strong></span> <span class='ocrx_word' id='word_1_335' title='bbox 571 1964 715 1999; x_wconf 80' lang='lat' dir='ltr'><strong>ignoratur,</strong></span> <span class='ocrx_word' id='word_1_336' title='bbox 726 1964 810 1998; x_wconf 89' lang='lat' dir='ltr'><strong>ipsum</strong></span> <span class='ocrx_word' id='word_1_337' title='bbox 821 1971 836 1991; x_wconf 88' lang='lat' dir='ltr'><strong>a</strong></span> <span class='ocrx_word' id='word_1_338' title='bbox 845 1964 934 1991; x_wconf 77' lang='lat' dir='ltr'><strong>militis</strong></span> <span class='ocrx_word' id='word_1_339' title='bbox 943 1972 989 1991; x_wconf 87' lang='lat' dir='ltr'><strong>co-</strong></span> 
     </span>
    </p>
   </div>
   <div class='ocr_carea' id='block_1_42' title="bbox 198 2009 987 2044">
    <p class='ocr_par' dir='ltr' id='par_1_42' title="bbox 198 2009 987 2044">
     <span class='ocr_line' id='line_1_42' title="bbox 198 2009 987 2044; baseline 0.003 -10"><span class='ocrx_word' id='word_1_340' title='bbox 198 2009 289 2043; x_wconf 72' lang='lat' dir='ltr'><strong>gnosci</strong></span> <span class='ocrx_word' id='word_1_341' title='bbox 299 2010 434 2044; x_wconf 79' lang='lat' dir='ltr'><strong>negaverit</strong></span> <span class='ocrx_word' id='word_1_342' title='bbox 445 2019 451 2035; x_wconf 90' lang='lat'><strong>:</strong></span> <span class='ocrx_word' id='word_1_343' title='bbox 461 2010 500 2036; x_wconf 87' lang='lat' dir='ltr'><strong>sic</strong></span> <span class='ocrx_word' id='word_1_344' title='bbox 513 2017 599 2044; x_wconf 89' lang='lat' dir='ltr'><strong>neque</strong></span> <span class='ocrx_word' id='word_1_345' title='bbox 607 2009 780 2036; x_wconf 88' lang='lat' dir='ltr'><strong>dubitandum</strong></span> <span class='ocrx_word' id='word_1_346' title='bbox 794 2014 835 2037; x_wconf 90' lang='lat' dir='ltr'><strong>est</strong></span> <span class='ocrx_word' id='word_1_347' title='bbox 845 2010 931 2044; x_wconf 90' lang='lat' dir='ltr'><strong>ipsum</strong></span> <span class='ocrx_word' id='word_1_348' title='bbox 942 2017 987 2036; x_wconf 90' lang='lat' dir='ltr'><strong>su-</strong></span> 
     </span>
    </p>
   </div>
   <div class='ocr_carea' id='block_1_43' title="bbox 199 2053 986 2089">
    <p class='ocr_par' dir='ltr' id='par_1_43' title="bbox 199 2053 986 2089">
     <span class='ocr_line' id='line_1_43' title="bbox 199 2053 986 2089; baseline 0.003 -9"><span class='ocrx_word' id='word_1_349' title='bbox 199 2053 346 2087; x_wconf 87' lang='lat' dir='ltr'><strong>perioribus</strong></span> <span class='ocrx_word' id='word_1_350' title='bbox 360 2054 410 2080; x_wconf 92' lang='lat' dir='ltr'><strong>illis</strong></span> <span class='ocrx_word' id='word_1_351' title='bbox 420 2053 593 2087; x_wconf 86' lang='lat' dir='ltr'><strong>temporibus,</strong></span> <span class='ocrx_word' id='word_1_352' title='bbox 604 2062 620 2081; x_wconf 90' lang='lat' dir='ltr'><strong>a</strong></span> <span class='ocrx_word' id='word_1_353' title='bbox 631 2054 731 2087; x_wconf 91' lang='lat' dir='ltr'><strong>multis,</strong></span> <span class='ocrx_word' id='word_1_354' title='bbox 744 2055 798 2082; x_wconf 89' lang='lat' dir='ltr'><strong>imo</strong></span> <span class='ocrx_word' id='word_1_355' title='bbox 807 2055 887 2082; x_wconf 89' lang='lat' dir='ltr'><strong>etiam</strong></span> <span class='ocrx_word' id='word_1_356' title='bbox 899 2055 986 2089; x_wconf 90' lang='lat' dir='ltr'><strong>probis</strong></span> 
     </span>
    </p>
   </div>
   <div class='ocr_carea' id='block_1_44' title="bbox 199 2097 984 2135">
    <p class='ocr_par' dir='ltr' id='par_1_44' title="bbox 199 2097 984 2135">
     <span class='ocr_line' id='line_1_44' title="bbox 199 2097 984 2135; baseline 0.004 -11"><span class='ocrx_word' id='word_1_357' title='bbox 199 2097 251 2124; x_wconf 87' lang='lat' dir='ltr'><strong>illis</strong></span> <span class='ocrx_word' id='word_1_358' title='bbox 267 2102 294 2124; x_wconf 91' lang='lat' dir='ltr'><strong>et</strong></span> <span class='ocrx_word' id='word_1_359' title='bbox 316 2098 480 2126; x_wconf 81' lang='lat' dir='ltr'><strong>admirandis</strong></span> <span class='ocrx_word' id='word_1_360' title='bbox 507 2098 570 2125; x_wconf 80' lang='lat' dir='ltr'><strong>viris</strong></span> <span class='ocrx_word' id='word_1_361' title='bbox 593 2099 716 2126; x_wconf 89' lang='lat' dir='ltr'><strong>omnibus</strong></span> <span class='ocrx_word' id='word_1_362' title='bbox 737 2100 873 2135; x_wconf 80' lang='lat' dir='ltr'><strong>cognitum</strong></span> <span class='ocrx_word' id='word_1_363' title='bbox 895 2099 984 2127; x_wconf 79' lang='lat' dir='ltr'><strong>fuisse.</strong></span> 
     </span>
    </p>
   </div>
   <div class='ocr_carea' id='block_1_45' title="bbox 233 2143 985 2180">
    <p class='ocr_par' dir='ltr' id='par_1_45' title="bbox 233 2143 985 2180">
     <span class='ocr_line' id='line_1_45' title="bbox 233 2143 985 2180; baseline 0.004 -11"><span class='ocrx_word' id='word_1_364' title='bbox 233 2143 260 2170; x_wconf 69' lang='grc' dir='ltr'><strong>Ξ.</strong></span> <span class='ocrx_word' id='word_1_365' title='bbox 276 2143 351 2175; x_wconf 83' lang='lat' dir='ltr'><strong>Quod</strong></span> <span class='ocrx_word' id='word_1_366' title='bbox 367 2144 389 2171; x_wconf 86' lang='lat' dir='ltr'><strong>si</strong></span> <span class='ocrx_word' id='word_1_367' title='bbox 405 2144 464 2178; x_wconf 85' lang='lat' dir='ltr'><strong>quis</strong></span> <span class='ocrx_word' id='word_1_368' title='bbox 481 2145 578 2171; x_wconf 80' lang='lat' dir='ltr'><strong>dixerit</strong></span> <span class='ocrx_word' id='word_1_369' title='bbox 590 2165 598 2177; x_wconf 90' lang='lat'><strong>,</strong></span> <span class='ocrx_word' id='word_1_370' title='bbox 614 2143 666 2171; x_wconf 90' lang='lat' dir='ltr'><strong>Cur</strong></span> <span class='ocrx_word' id='word_1_371' title='bbox 681 2152 733 2171; x_wconf 92' lang='lat' dir='ltr'><strong>non</strong></span> <span class='ocrx_word' id='word_1_372' title='bbox 750 2153 844 2172; x_wconf 86' lang='lat' dir='ltr'><strong>omnes</strong></span> <span class='ocrx_word' id='word_1_373' title='bbox 860 2150 923 2173; x_wconf 88' lang='lat' dir='ltr'><strong>tunc</strong></span> <span class='ocrx_word' id='word_1_374' title='bbox 936 2145 985 2180; x_wconf 86' lang='lat' dir='ltr'><strong>ipsi</strong></span> 
     </span>
    </p>
   </div>
   <div class='ocr_carea' id='block_1_46' title="bbox 198 2187 985 2224">
    <p class='ocr_par' dir='ltr' id='par_1_46' title="bbox 198 2187 985 2224">
     <span class='ocr_line' id='line_1_46' title="bbox 198 2187 985 2224; baseline 0.005 -10"><span class='ocrx_word' id='word_1_375' title='bbox 198 2187 381 2220; x_wconf 73' lang='lat' dir='ltr'><strong>adhrescruut,</strong></span> <span class='ocrx_word' id='word_1_376' title='bbox 396 2197 482 2223; x_wconf 87' lang='lat' dir='ltr'><strong>neque</strong></span> <span class='ocrx_word' id='word_1_377' title='bbox 492 2197 585 2216; x_wconf 83' lang='lat' dir='ltr'><strong>omnes</strong></span> <span class='ocrx_word' id='word_1_378' title='bbox 600 2189 685 2223; x_wconf 90' lang='lat' dir='ltr'><strong>ipsum</strong></span> <span class='ocrx_word' id='word_1_379' title='bbox 699 2191 839 2217; x_wconf 87' lang='lat' dir='ltr'><strong>coluerunt</strong></span> <span class='ocrx_word' id='word_1_380' title='bbox 852 2212 859 2224; x_wconf 89' lang='lat'><strong>,</strong></span> <span class='ocrx_word' id='word_1_381' title='bbox 872 2192 917 2217; x_wconf 68' lang='lat' dir='ltr'><strong>sed</strong></span> <span class='ocrx_word' id='word_1_382' title='bbox 934 2192 985 2218; x_wconf 89' lang='lat' dir='ltr'><strong>soli</strong></span> 
     </span>
    </p>
   </div>
   <div class='ocr_carea' id='block_1_47' title="bbox 196 2232 986 2269">
    <p class='ocr_par' dir='ltr' id='par_1_47' title="bbox 196 2232 986 2269">
     <span class='ocr_line' id='line_1_47' title="bbox 196 2232 986 2269; baseline 0.008 -10"><span class='ocrx_word' id='word_1_383' title='bbox 196 2232 282 2266; x_wconf 86' lang='lat' dir='ltr'><strong>justi?</strong></span> <span class='ocrx_word' id='word_1_384' title='bbox 294 2233 449 2260; x_wconf 71' lang='lat' dir='ltr'><strong>sciscitabar</strong></span> <span class='ocrx_word' id='word_1_385' title='bbox 463 2239 489 2260; x_wconf 93' lang='lat' dir='ltr'><strong>et</strong></span> <span class='ocrx_word' id='word_1_386' title='bbox 501 2242 550 2269; x_wconf 78' lang='lat' dir='ltr'><strong>ego</strong></span> <span class='ocrx_word' id='word_1_387' title='bbox 560 2255 568 2267; x_wconf 86' lang='grc'><em>,</em></span> <span class='ocrx_word' id='word_1_388' title='bbox 582 2233 636 2261; x_wconf 89' lang='lat' dir='ltr'><strong>Cur</strong></span> <span class='ocrx_word' id='word_1_389' title='bbox 646 2234 728 2262; x_wconf 90' lang='lat' dir='ltr'><strong>etiam</strong></span> <span class='ocrx_word' id='word_1_390' title='bbox 744 2244 814 2263; x_wconf 92' lang='lat' dir='ltr'><strong>nunc</strong></span> <span class='ocrx_word' id='word_1_391' title='bbox 825 2245 878 2263; x_wconf 89' lang='lat' dir='ltr'><strong>non</strong></span> <span class='ocrx_word' id='word_1_392' title='bbox 892 2246 986 2265; x_wconf 87' lang='lat' dir='ltr'><strong>omnes</strong></span> 
     </span>
    </p>
   </div>
   <div class='ocr_carea' id='block_1_48' title="bbox 198 2278 987 2316">
    <p class='ocr_par' dir='ltr' id='par_1_48' title="bbox 198 2278 987 2316">
     <span class='ocr_line' id='line_1_48' title="bbox 198 2278 987 2316; baseline 0.008 -12"><span class='ocrx_word' id='word_1_393' title='bbox 198 2278 283 2312; x_wconf 89' lang='lat' dir='ltr'><strong>ipsum</strong></span> <span class='ocrx_word' id='word_1_394' title='bbox 295 2280 444 2305; x_wconf 74' lang='lat' dir='ltr'><strong>noverunt?</strong></span> <span class='ocrx_word' id='word_1_395' title='bbox 456 2279 554 2314; x_wconf 85' lang='lat' dir='ltr'><strong>Ecquid</strong></span> <span class='ocrx_word' id='word_1_396' title='bbox 568 2280 601 2307; x_wconf 86' lang='lat' dir='ltr'><strong>de</strong></span> <span class='ocrx_word' id='word_1_397' title='bbox 612 2279 717 2307; x_wconf 84' lang='lat' dir='ltr'><strong>Christo</strong></span> <span class='ocrx_word' id='word_1_398' title='bbox 731 2281 845 2316; x_wconf 84' lang='lat' dir='ltr'><strong>loquor?</strong></span> <span class='ocrx_word' id='word_1_399' title='bbox 857 2281 921 2309; x_wconf 83' lang='lat' dir='ltr'><strong>Nam</strong></span> <span class='ocrx_word' id='word_1_400' title='bbox 937 2282 987 2310; x_wconf 83' lang='lat' dir='ltr'><strong>Pa-</strong></span> 
     </span>
    </p>
   </div>
   <div class='ocr_carea' id='block_1_49' title="bbox 199 2324 985 2357">
    <p class='ocr_par' dir='ltr' id='par_1_49' title="bbox 199 2324 985 2357">
     <span class='ocr_line' id='line_1_49' title="bbox 199 2324 985 2357; baseline 0.009 -9"><span class='ocrx_word' id='word_1_401' title='bbox 199 2327 264 2349; x_wconf 88' lang='lat' dir='ltr'><strong>lrent</strong></span> <span class='ocrx_word' id='word_1_402' title='bbox 283 2330 388 2357; x_wconf 85' lang='lat' dir='ltr'><strong>quoque</strong></span> <span class='ocrx_word' id='word_1_403' title='bbox 403 2324 461 2357; x_wconf 84' lang='lat' dir='ltr'><strong>ejus</strong></span> <span class='ocrx_word' id='word_1_404' title='bbox 479 2332 527 2350; x_wconf 85' lang='lat' dir='ltr'><strong>cur</strong></span> <span class='ocrx_word' id='word_1_405' title='bbox 547 2332 598 2350; x_wconf 83' lang='lat' dir='ltr'><strong>non</strong></span> <span class='ocrx_word' id='word_1_406' title='bbox 615 2332 708 2351; x_wconf 88' lang='lat' dir='ltr'><strong>onmes</strong></span> <span class='ocrx_word' id='word_1_407' title='bbox 728 2331 755 2352; x_wconf 87' lang='lat' dir='ltr'><strong>et</strong></span> <span class='ocrx_word' id='word_1_408' title='bbox 776 2330 839 2353; x_wconf 90' lang='lat' dir='ltr'><strong>tunc</strong></span> <span class='ocrx_word' id='word_1_409' title='bbox 859 2332 886 2354; x_wconf 86' lang='lat' dir='ltr'><strong>ct</strong></span> <span class='ocrx_word' id='word_1_410' title='bbox 908 2327 985 2356; x_wconf 82' lang='lat' dir='ltr'><strong>hodie</strong></span> 
     </span>
    </p>
   </div>
   <div class='ocr_carea' id='block_1_50' title="bbox 197 2367 981 2404">
    <p class='ocr_par' dir='ltr' id='par_1_50' title="bbox 197 2367 981 2404">
     <span class='ocr_line' id='line_1_50' title="bbox 197 2367 981 2404; baseline 0.006 -10"><span class='ocrx_word' id='word_1_411' title='bbox 197 2369 346 2395; x_wconf 84' lang='lat' dir='ltr'><strong>noverunt?</strong></span> <span class='ocrx_word' id='word_1_412' title='bbox 368 2367 464 2395; x_wconf 78' lang='lat' dir='ltr'><strong>Verum</strong></span> <span class='ocrx_word' id='word_1_413' title='bbox 485 2369 529 2395; x_wconf 84' lang='lat' dir='ltr'><strong>alii</strong></span> <span class='ocrx_word' id='word_1_414' title='bbox 553 2370 642 2396; x_wconf 87' lang='lat' dir='ltr'><strong>omnia</strong></span> <span class='ocrx_word' id='word_1_415' title='bbox 663 2376 763 2398; x_wconf 85' lang='lat' dir='ltr'><strong>temere</strong></span> <span class='ocrx_word' id='word_1_416' title='bbox 787 2371 849 2398; x_wconf 81' lang='lat' dir='ltr'><strong>ferri</strong></span> <span class='ocrx_word' id='word_1_417' title='bbox 870 2370 981 2404; x_wconf 83' lang='lat' dir='ltr'><strong>dicunt;</strong></span> 
     </span>
    </p>
   </div>
   <div class='ocr_carea' id='block_1_51' title="bbox 197 2412 985 2448">
    <p class='ocr_par' dir='ltr' id='par_1_51' title="bbox 197 2412 985 2448">
     <span class='ocr_line' id='line_1_51' title="bbox 197 2412 985 2448; baseline 0.006 -10"><span class='ocrx_word' id='word_1_418' title='bbox 197 2412 241 2439; x_wconf 85' lang='lat' dir='ltr'><strong>alii</strong></span> <span class='ocrx_word' id='word_1_419' title='bbox 256 2413 422 2440; x_wconf 56' lang='lat' dir='ltr'><strong>daemonibus</strong></span> <span class='ocrx_word' id='word_1_420' title='bbox 437 2414 555 2440; x_wconf 85' lang='lat' dir='ltr'><strong>universi</strong></span> <span class='ocrx_word' id='word_1_421' title='bbox 570 2413 762 2448; x_wconf 87' lang='lat' dir='ltr'><strong>providentiam</strong></span> <span class='ocrx_word' id='word_1_422' title='bbox 778 2415 911 2443; x_wconf 90' lang='lat' dir='ltr'><strong>tribuunt:</strong></span> <span class='ocrx_word' id='word_1_423' title='bbox 923 2421 985 2444; x_wconf 89' lang='lat' dir='ltr'><strong>sunt</strong></span> 
     </span>
    </p>
   </div>
   <div class='ocr_carea' id='block_1_52' title="bbox 196 2457 982 2492">
    <p class='ocr_par' dir='ltr' id='par_1_52' title="bbox 196 2457 982 2492">
     <span class='ocr_line' id='line_1_52' title="bbox 196 2457 982 2492; baseline 0.005 -8"><span class='ocrx_word' id='word_1_424' title='bbox 196 2458 276 2484; x_wconf 85' lang='lat' dir='ltr'><strong>etiam</strong></span> <span class='ocrx_word' id='word_1_425' title='bbox 291 2457 336 2484; x_wconf 91' lang='lat' dir='ltr'><strong>alii</strong></span> <span class='ocrx_word' id='word_1_426' title='bbox 349 2478 356 2490; x_wconf 83' lang='lat'><strong>,</strong></span> <span class='ocrx_word' id='word_1_427' title='bbox 370 2458 414 2492; x_wconf 90' lang='lat' dir='ltr'><strong>qui</strong></span> <span class='ocrx_word' id='word_1_428' title='bbox 435 2463 531 2492; x_wconf 67' lang='lat' dir='ltr'><strong>pra-ter</strong></span> <span class='ocrx_word' id='word_1_429' title='bbox 544 2458 615 2485; x_wconf 90' lang='lat' dir='ltr'><strong>hunc</strong></span> <span class='ocrx_word' id='word_1_430' title='bbox 630 2459 710 2486; x_wconf 90' lang='lat' dir='ltr'><strong>Deum</strong></span> <span class='ocrx_word' id='word_1_431' title='bbox 724 2480 731 2492; x_wconf 87' lang='grc'><em>,</em></span> <span class='ocrx_word' id='word_1_432' title='bbox 748 2460 829 2487; x_wconf 90' lang='lat' dir='ltr'><strong>alium</strong></span> <span class='ocrx_word' id='word_1_433' title='bbox 843 2461 893 2488; x_wconf 88' lang='lat' dir='ltr'><strong>sibi</strong></span> <span class='ocrx_word' id='word_1_434' title='bbox 909 2468 982 2488; x_wconf 88' lang='lat' dir='ltr'><strong>com-</strong></span> 
     </span>
    </p>
   </div>
   <div class='ocr_carea' id='block_1_53' title="bbox 196 2502 982 2540">
    <p class='ocr_par' dir='ltr' id='par_1_53' title="bbox 196 2502 982 2540">
     <span class='ocr_line' id='line_1_53' title="bbox 196 2502 982 2540; baseline 0.006 -12"><span class='ocrx_word' id='word_1_435' title='bbox 196 2502 373 2529; x_wconf 85' lang='lat' dir='ltr'><strong>miniscuntur</strong></span> <span class='ocrx_word' id='word_1_436' title='bbox 384 2511 389 2529; x_wconf 95' lang='lat'>:</span> <span class='ocrx_word' id='word_1_437' title='bbox 400 2511 431 2530; x_wconf 87' lang='lat' dir='ltr'><strong>ex</strong></span> <span class='ocrx_word' id='word_1_438' title='bbox 444 2503 475 2529; x_wconf 94' lang='lat' dir='ltr'><strong>iis</strong></span> <span class='ocrx_word' id='word_1_439' title='bbox 485 2503 592 2537; x_wconf 88' lang='lat' dir='ltr'><strong>quidam</strong></span> <span class='ocrx_word' id='word_1_440' title='bbox 606 2503 783 2531; x_wconf 86' lang='lat' dir='ltr'><strong>adversariam</strong></span> <span class='ocrx_word' id='word_1_441' title='bbox 800 2506 853 2533; x_wconf 84' lang='lat' dir='ltr'><strong>Deo</strong></span> <span class='ocrx_word' id='word_1_442' title='bbox 864 2512 982 2540; x_wconf 85' lang='lat' dir='ltr'><strong>potesta-</strong></span> 
     </span>
    </p>
   </div>
   <div class='ocr_carea' id='block_1_54' title="bbox 195 2548 983 2585">
    <p class='ocr_par' dir='ltr' id='par_1_54' title="bbox 195 2548 983 2585">
     <span class='ocr_line' id='line_1_54' title="bbox 195 2548 983 2585; baseline 0.006 -11"><span class='ocrx_word' id='word_1_443' title='bbox 195 2554 248 2575; x_wconf 90' lang='lat' dir='ltr'><strong>tem</strong></span> <span class='ocrx_word' id='word_1_444' title='bbox 262 2555 323 2575; x_wconf 85' lang='lat' dir='ltr'><strong>esse</strong></span> <span class='ocrx_word' id='word_1_445' title='bbox 333 2548 533 2582; x_wconf 84' lang='lat' dir='ltr'><strong>biasphemant,</strong></span> <span class='ocrx_word' id='word_1_446' title='bbox 549 2549 656 2583; x_wconf 72' lang='lat' dir='ltr'><strong>etleges</strong></span> <span class='ocrx_word' id='word_1_447' title='bbox 668 2550 725 2584; x_wconf 85' lang='lat' dir='ltr'><strong>ejus</strong></span> <span class='ocrx_word' id='word_1_448' title='bbox 735 2551 842 2585; x_wconf 77' lang='lat' dir='ltr'><strong>maligni</strong></span> <span class='ocrx_word' id='word_1_449' title='bbox 853 2552 983 2579; x_wconf 64' lang='lat' dir='ltr'><strong>dazmonis</strong></span> 
     </span>
    </p>
   </div>
   <div class='ocr_carea' id='block_1_55' title="bbox 195 2593 981 2628">
    <p class='ocr_par' dir='ltr' id='par_1_55' title="bbox 195 2593 981 2628">
     <span class='ocr_line' id='line_1_55' title="bbox 195 2593 981 2628; baseline 0.008 -9"><span class='ocrx_word' id='word_1_450' title='bbox 195 2600 256 2620; x_wconf 85' lang='lat' dir='ltr'><strong>esse</strong></span> <span class='ocrx_word' id='word_1_451' title='bbox 271 2597 375 2626; x_wconf 87' lang='lat' dir='ltr'><strong>putant.</strong></span> <span class='ocrx_word' id='word_1_452' title='bbox 397 2593 466 2627; x_wconf 86' lang='lat' dir='ltr'><strong>Quid</strong></span> <span class='ocrx_word' id='word_1_453' title='bbox 485 2594 583 2628; x_wconf 78' lang='lat' dir='ltr'><strong>igitur?</strong></span> <span class='ocrx_word' id='word_1_454' title='bbox 603 2603 664 2621; x_wconf 92' lang='lat' dir='ltr'><strong>num</strong></span> <span class='ocrx_word' id='word_1_455' title='bbox 686 2595 745 2622; x_wconf 83' lang='lat' dir='ltr'><strong>ideo</strong></span> <span class='ocrx_word' id='word_1_456' title='bbox 761 2596 880 2624; x_wconf 87' lang='lat' dir='ltr'><strong>dicemus</strong></span> <span class='ocrx_word' id='word_1_457' title='bbox 897 2598 981 2625; x_wconf 90' lang='lat' dir='ltr'><strong>Deum</strong></span> 
     </span>
    </p>
   </div>
   <div class='ocr_carea' id='block_1_56' title="bbox 196 2639 981 2678">
    <p class='ocr_par' dir='ltr' id='par_1_56' title="bbox 196 2639 981 2678">
     <span class='ocr_line' id='line_1_56' title="bbox 196 2639 981 2678; baseline 0.008 -14"><span class='ocrx_word' id='word_1_458' title='bbox 196 2645 247 2664; x_wconf 91' lang='lat' dir='ltr'><strong>non</strong></span> <span class='ocrx_word' id='word_1_459' title='bbox 268 2646 346 2672; x_wconf 84' lang='lat' dir='ltr'><strong>esse,</strong></span> <span class='ocrx_word' id='word_1_460' title='bbox 367 2639 427 2673; x_wconf 89' lang='lat' dir='ltr'><strong>quia</strong></span> <span class='ocrx_word' id='word_1_461' title='bbox 448 2639 554 2673; x_wconf 80' lang='lat' dir='ltr'><strong>quidam</strong></span> <span class='ocrx_word' id='word_1_462' title='bbox 577 2640 627 2667; x_wconf 89' lang='lat' dir='ltr'><strong>hoc</strong></span> <span class='ocrx_word' id='word_1_463' title='bbox 643 2640 754 2668; x_wconf 86' lang='lat' dir='ltr'><strong>dicunt?</strong></span> <span class='ocrx_word' id='word_1_464' title='bbox 770 2651 831 2669; x_wconf 93' lang='lat' dir='ltr'><strong>num</strong></span> <span class='ocrx_word' id='word_1_465' title='bbox 848 2649 874 2670; x_wconf 92' lang='lat' dir='ltr'><strong>et</strong></span> <span class='ocrx_word' id='word_1_466' title='bbox 896 2644 981 2678; x_wconf 70' lang='lat' dir='ltr'><strong>ipsum</strong></span> 
     </span>
    </p>
   </div>
   <div class='ocr_carea' id='block_1_57' title="bbox 195 2682 980 2725">
    <p class='ocr_par' dir='ltr' id='par_1_57' title="bbox 195 2682 980 2725">
     <span class='ocr_line' id='line_1_57' title="bbox 195 2682 980 2725; baseline 0.009 -17"><span class='ocrx_word' id='word_1_467' title='bbox 195 2682 295 2725; x_wconf 79' lang='lat' dir='ltr'><strong>malum</strong></span> <span class='ocrx_word' id='word_1_468' title='bbox 307 2690 366 2710; x_wconf 83' lang='lat' dir='ltr'><strong>esse</strong></span> <span class='ocrx_word' id='word_1_469' title='bbox 379 2683 576 2717; x_wconf 80' lang='lat' dir='ltr'><strong>conﬁtebimur,</strong></span> <span class='ocrx_word' id='word_1_470' title='bbox 593 2686 653 2720; x_wconf 91' lang='lat' dir='ltr'><strong>quia</strong></span> <span class='ocrx_word' id='word_1_471' title='bbox 669 2687 774 2720; x_wconf 88' lang='lat' dir='ltr'><strong>quidam</strong></span> <span class='ocrx_word' id='word_1_472' title='bbox 788 2687 812 2714; x_wconf 87' lang='lat' dir='ltr'><strong>id</strong></span> <span class='ocrx_word' id='word_1_473' title='bbox 827 2688 907 2722; x_wconf 86' lang='lat' dir='ltr'><strong>impie</strong></span> <span class='ocrx_word' id='word_1_474' title='bbox 919 2697 980 2722; x_wconf 88' lang='lat' dir='ltr'><strong>pro-</strong></span> 
     </span>
    </p>
   </div>
   <div class='ocr_carea' id='block_1_58' title="bbox 196 2728 978 2766">
    <p class='ocr_par' dir='ltr' id='par_1_58' title="bbox 196 2728 978 2766">
     <span class='ocr_line' id='line_1_58' title="bbox 196 2728 978 2766; baseline 0.008 -12"><span class='ocrx_word' id='word_1_475' title='bbox 196 2728 325 2755; x_wconf 81' lang='lat' dir='ltr'><strong>ﬁtentur?</strong></span> <span class='ocrx_word' id='word_1_476' title='bbox 340 2729 430 2764; x_wconf 81' lang='lat' dir='ltr'><strong>Apage</strong></span> <span class='ocrx_word' id='word_1_477' title='bbox 443 2730 579 2758; x_wconf 85' lang='lat' dir='ltr'><strong>stultitiam</strong></span> <span class='ocrx_word' id='word_1_478' title='bbox 596 2737 794 2766; x_wconf 69' lang='lat' dir='ltr'><strong>extremamque</strong></span> <span class='ocrx_word' id='word_1_479' title='bbox 806 2733 978 2760; x_wconf 86' lang='lat' dir='ltr'><strong>dementiam.</strong></span> 
     </span>
    </p>
   </div>
   <div class='ocr_carea' id='block_1_59' title="bbox 228 2789 979 2828">
    <p class='ocr_par' dir='ltr' id='par_1_59' title="bbox 228 2789 979 2828">
     <span class='ocr_line' id='line_1_59' title="bbox 228 2789 979 2828; baseline 0.009 -12"><span class='ocrx_word' id='word_1_480' title='bbox 228 2792 235 2806; x_wconf 84' lang='grc'>¹</span> <span class='ocrx_word' id='word_1_481' title='bbox 249 2789 408 2828; x_wconf 39' lang='lat' dir='ltr'><strong>SavitLlegit,</strong></span> <span class='ocrx_word' id='word_1_482' title='bbox 419 2794 448 2828; x_wconf 66' lang='lat' dir='ltr'><strong>de</strong></span> <span class='ocrx_word' id='word_1_483' title='bbox 459 2794 533 2825; x_wconf 72' lang='lat' dir='ltr'><strong>cretis,</strong></span> <span class='ocrx_word' id='word_1_484' title='bbox 546 2803 598 2826; x_wconf 87' lang='lat' dir='ltr'><strong>pro,</strong></span> <span class='ocrx_word' id='word_1_485' title='bbox 608 2796 640 2820; x_wconf 86' lang='lat' dir='ltr'><strong>ad</strong></span> <span class='ocrx_word' id='word_1_486' title='bbox 648 2795 764 2828; x_wconf 67' lang='lat' dir='ltr'><strong>ltmnines.</strong></span> <span class='ocrx_word' id='word_1_487' title='bbox 778 2801 844 2822; x_wconf 80' lang='lat' dir='ltr'><strong>Alex</strong></span> <span class='ocrx_word' id='word_1_488' title='bbox 853 2799 948 2824; x_wconf 87' lang='lat' dir='ltr'><strong>duobus</strong></span> <span class='ocrx_word' id='word_1_489' title='bbox 959 2799 979 2823; x_wconf 81' lang='lat' dir='ltr'><strong>si</strong></span> 
     </span>
    </p>
   </div>
   <div class='ocr_carea' id='block_1_60' title="bbox 195 2822 802 2857">
    <p class='ocr_par' dir='ltr' id='par_1_60' title="bbox 195 2822 802 2857">
     <span class='ocr_line' id='line_1_60' title="bbox 195 2822 802 2857; baseline 0.008 -11"><span class='ocrx_word' id='word_1_490' title='bbox 195 2822 300 2847; x_wconf 82' lang='lat' dir='ltr'><strong>alterum</strong></span> <span class='ocrx_word' id='word_1_491' title='bbox 309 2822 410 2856; x_wconf 69' lang='lat' dir='ltr'><strong>dicatur,</strong></span> <span class='ocrx_word' id='word_1_492' title='bbox 424 2822 532 2851; x_wconf 80' lang='lat' dir='ltr'><strong>alterum</strong></span> <span class='ocrx_word' id='word_1_493' title='bbox 547 2822 747 2857; x_wconf 63' lang='lat' dir='ltr'><strong>&#39;suhintelhgitur.</strong></span> <span class='ocrx_word' id='word_1_494' title='bbox 793 2833 802 2847; x_wconf 54' lang='grc' dir='ltr'><em>φ</em></span> 
     </span>
    </p>
   </div>
   <div class='ocr_carea' id='block_1_61' title="bbox 575 134 1474 168">
    <p class='ocr_par' dir='ltr' id='par_1_61' title="bbox 575 134 1474 168">
     <span class='ocr_line' id='line_1_61' title="bbox 575 134 1474 168; baseline -0.007 0"><span class='ocrx_word' id='word_1_495' title='bbox 575 141 602 168; x_wconf 83' lang='grc'><strong>5.</strong></span> <span class='ocrx_word' id='word_1_496' title='bbox 623 137 760 167; x_wconf 80' lang='lat' dir='ltr'><strong>JOANNIS</strong></span> <span class='ocrx_word' id='word_1_497' title='bbox 778 134 1011 165; x_wconf 75' lang='lat' dir='ltr'><strong>CHRYSOSTOMI</strong></span> <span class='ocrx_word' id='word_1_498' title='bbox 1031 135 1190 164; x_wconf 77' lang='lat' dir='ltr'><strong>ARCIIIEP.</strong></span> <span class='ocrx_word' id='word_1_499' title='bbox 1209 134 1474 164; x_wconf 80' lang='lat' dir='ltr'><strong>CONSTANTINOP.</strong></span> 
     </span>
    </p>
   </div>
   <div class='ocr_carea' id='block_1_62' title="bbox 1794 132 1829 161">
    <p class='ocr_par' dir='ltr' id='par_1_62' title="bbox 1794 132 1829 161">
     <span class='ocr_line' id='line_1_62' title="bbox 1794 132 1829 161; baseline -0.029 0"><span class='ocrx_word' id='word_1_500' title='bbox 1794 132 1829 161; x_wconf 72' lang='lat'><strong>68</strong></span> 
     </span>
    </p>
   </div>
   <div class='ocr_carea' id='block_1_63' title="bbox 1045 191 1828 226">
    <p class='ocr_par' dir='ltr' id='par_1_63' title="bbox 1045 191 1828 226">
     <span class='ocr_line' id='line_1_63' title="bbox 1045 191 1828 226; baseline -0.003 -7"><span class='ocrx_word' id='word_1_501' title='bbox 1045 191 1110 219; x_wconf 78' lang='lat' dir='ltr'><strong>Nam</strong></span> <span class='ocrx_word' id='word_1_502' title='bbox 1124 192 1147 220; x_wconf 93' lang='lat' dir='ltr'><strong>si</strong></span> <span class='ocrx_word' id='word_1_503' title='bbox 1161 200 1193 221; x_wconf 78' lang='lat' dir='ltr'><strong>ex</strong></span> <span class='ocrx_word' id='word_1_504' title='bbox 1210 192 1353 220; x_wconf 77' lang='lat' dir='ltr'><strong>furentium</strong></span> <span class='ocrx_word' id='word_1_505' title='bbox 1370 191 1472 226; x_wconf 84' lang='lat' dir='ltr'><strong>judicio</strong></span> <span class='ocrx_word' id='word_1_506' title='bbox 1489 191 1612 225; x_wconf 78' lang='lat' dir='ltr'><strong>dogmata</strong></span> <span class='ocrx_word' id='word_1_507' title='bbox 1628 194 1806 218; x_wconf 85' lang='lat' dir='ltr'><strong>statueremus</strong></span> <span class='ocrx_word' id='word_1_508' title='bbox 1819 211 1828 225; x_wconf 84' lang='lat'><strong>,</strong></span> 
     </span>
    </p>
   </div>
   <div class='ocr_carea' id='block_1_64' title="bbox 1046 237 1829 274">
    <p class='ocr_par' dir='ltr' id='par_1_64' title="bbox 1046 237 1829 274">
     <span class='ocr_line' id='line_1_64' title="bbox 1046 237 1829 274; baseline -0.004 -8"><span class='ocrx_word' id='word_1_509' title='bbox 1046 239 1111 266; x_wconf 90' lang='lat' dir='ltr'><strong>nihil</strong></span> <span class='ocrx_word' id='word_1_510' title='bbox 1126 239 1233 266; x_wconf 85' lang='lat' dir='ltr'><strong>obesset</strong></span> <span class='ocrx_word' id='word_1_511' title='bbox 1245 239 1388 274; x_wconf 87' lang='lat' dir='ltr'><strong>quominus</strong></span> <span class='ocrx_word' id='word_1_512' title='bbox 1400 242 1427 265; x_wconf 90' lang='lat' dir='ltr'><strong>et</strong></span> <span class='ocrx_word' id='word_1_513' title='bbox 1440 238 1489 272; x_wconf 91' lang='lat' dir='ltr'><strong>ipsi</strong></span> <span class='ocrx_word' id='word_1_514' title='bbox 1511 238 1599 264; x_wconf 80' lang='lat' dir='ltr'><strong>furore</strong></span> <span class='ocrx_word' id='word_1_515' title='bbox 1614 237 1769 271; x_wconf 77' lang='lat' dir='ltr'><strong>gravissimo</strong></span> <span class='ocrx_word' id='word_1_516' title='bbox 1782 237 1829 263; x_wconf 89' lang='lat' dir='ltr'><strong>dn-</strong></span> 
     </span>
    </p>
   </div>
   <div class='ocr_carea' id='block_1_65' title="bbox 1044 283 1830 317">
    <p class='ocr_par' dir='ltr' id='par_1_65' title="bbox 1044 283 1830 317">
     <span class='ocr_line' id='line_1_65' title="bbox 1044 283 1830 317; baseline -0.004 -5"><span class='ocrx_word' id='word_1_517' title='bbox 1044 293 1175 312; x_wconf 89' lang='lat' dir='ltr'><strong>ceremur.</strong></span> <span class='ocrx_word' id='word_1_518' title='bbox 1192 284 1271 312; x_wconf 84' lang='lat' dir='ltr'><strong>Certe</strong></span> <span class='ocrx_word' id='word_1_519' title='bbox 1285 292 1364 312; x_wconf 91' lang='lat' dir='ltr'><strong>nemo</strong></span> <span class='ocrx_word' id='word_1_520' title='bbox 1379 284 1462 311; x_wconf 79' lang='lat' dir='ltr'><strong>solem</strong></span> <span class='ocrx_word' id='word_1_521' title='bbox 1476 288 1569 310; x_wconf 84' lang='lat' dir='ltr'><strong>natura</strong></span> <span class='ocrx_word' id='word_1_522' title='bbox 1581 290 1627 310; x_wconf 89' lang='lat' dir='ltr'><strong>sua</strong></span> <span class='ocrx_word' id='word_1_523' title='bbox 1641 283 1726 310; x_wconf 84' lang='lat' dir='ltr'><strong>oculis</strong></span> <span class='ocrx_word' id='word_1_524' title='bbox 1741 283 1830 317; x_wconf 89' lang='lat' dir='ltr'><strong>perni-</strong></span> 
     </span>
    </p>
   </div>
   <div class='ocr_carea' id='block_1_66' title="bbox 1045 329 1827 365">
    <p class='ocr_par' dir='ltr' id='par_1_66' title="bbox 1045 329 1827 365">
     <span class='ocr_line' id='line_1_66' title="bbox 1045 329 1827 365; baseline -0.003 -8"><span class='ocrx_word' id='word_1_525' title='bbox 1045 331 1145 357; x_wconf 86' lang='lat' dir='ltr'><strong>ciosum</strong></span> <span class='ocrx_word' id='word_1_526' title='bbox 1161 337 1219 357; x_wconf 77' lang='lat' dir='ltr'><strong>esse</strong></span> <span class='ocrx_word' id='word_1_527' title='bbox 1233 330 1351 362; x_wconf 81' lang='lat' dir='ltr'><strong>dixerit,</strong></span> <span class='ocrx_word' id='word_1_528' title='bbox 1369 330 1430 365; x_wconf 89' lang='lat' dir='ltr'><strong>quia</strong></span> <span class='ocrx_word' id='word_1_529' title='bbox 1450 329 1571 356; x_wconf 87' lang='lat' dir='ltr'><strong>nonnulli</strong></span> <span class='ocrx_word' id='word_1_530' title='bbox 1585 329 1669 356; x_wconf 86' lang='lat' dir='ltr'><strong>oculis</strong></span> <span class='ocrx_word' id='word_1_531' title='bbox 1687 329 1827 360; x_wconf 81' lang='lat' dir='ltr'><strong>laborant;</strong></span> 
     </span>
    </p>
   </div>
   <div class='ocr_carea' id='block_1_67' title="bbox 1044 374 1830 409">
    <p class='ocr_par' dir='ltr' id='par_1_67' title="bbox 1044 374 1830 409">
     <span class='ocr_line' id='line_1_67' title="bbox 1044 374 1830 409; baseline -0.003 -7"><span class='ocrx_word' id='word_1_532' title='bbox 1044 375 1090 402; x_wconf 89' lang='lat' dir='ltr'><strong>sed</strong></span> <span class='ocrx_word' id='word_1_533' title='bbox 1106 375 1208 402; x_wconf 87' lang='lat' dir='ltr'><strong>lucidus</strong></span> <span class='ocrx_word' id='word_1_534' title='bbox 1222 375 1319 402; x_wconf 89' lang='lat' dir='ltr'><strong>dicitur</strong></span> <span class='ocrx_word' id='word_1_535' title='bbox 1329 383 1361 402; x_wconf 76' lang='lat' dir='ltr'><strong>ex</strong></span> <span class='ocrx_word' id='word_1_536' title='bbox 1375 382 1467 402; x_wconf 87' lang='lat' dir='ltr'><strong>eorum</strong></span> <span class='ocrx_word' id='word_1_537' title='bbox 1478 374 1523 409; x_wconf 94' lang='lat' dir='ltr'><strong>qui</strong></span> <span class='ocrx_word' id='word_1_538' title='bbox 1537 382 1616 401; x_wconf 86' lang='lat' dir='ltr'><strong>sanos</strong></span> <span class='ocrx_word' id='word_1_539' title='bbox 1630 374 1722 401; x_wconf 83' lang='lat' dir='ltr'><strong>oculos</strong></span> <span class='ocrx_word' id='word_1_540' title='bbox 1732 374 1830 401; x_wconf 83' lang='lat' dir='ltr'><strong>habent</strong></span> 
     </span>
    </p>
   </div>
   <div class='ocr_carea' id='block_1_68' title="bbox 1042 419 1830 455">
    <p class='ocr_par' dir='ltr' id='par_1_68' title="bbox 1042 419 1830 455">
     <span class='ocr_line' id='line_1_68' title="bbox 1042 419 1830 455; baseline -0.003 -8"><span class='ocrx_word' id='word_1_541' title='bbox 1042 419 1143 455; x_wconf 90' lang='lat' dir='ltr'><strong>judicio</strong></span> <span class='ocrx_word' id='word_1_542' title='bbox 1159 429 1165 445; x_wconf 90' lang='lat'><strong>:</strong></span> <span class='ocrx_word' id='word_1_543' title='bbox 1180 421 1231 447; x_wconf 88' lang='lat' dir='ltr'><strong>mel</strong></span> <span class='ocrx_word' id='word_1_544' title='bbox 1242 427 1347 455; x_wconf 84' lang='lat' dir='ltr'><strong>quoque</strong></span> <span class='ocrx_word' id='word_1_545' title='bbox 1361 427 1440 447; x_wconf 87' lang='lat' dir='ltr'><strong>nemo</strong></span> <span class='ocrx_word' id='word_1_546' title='bbox 1453 427 1572 446; x_wconf 83' lang='lat' dir='ltr'><strong>amarunt</strong></span> <span class='ocrx_word' id='word_1_547' title='bbox 1586 419 1701 451; x_wconf 82' lang='lat' dir='ltr'><strong>dixerit,</strong></span> <span class='ocrx_word' id='word_1_548' title='bbox 1715 419 1775 454; x_wconf 90' lang='lat' dir='ltr'><strong>quia</strong></span> <span class='ocrx_word' id='word_1_549' title='bbox 1790 419 1830 445; x_wconf 90' lang='lat' dir='ltr'><strong>in-</strong></span> 
     </span>
    </p>
   </div>
   <div class='ocr_carea' id='block_1_69' title="bbox 1044 465 1831 500">
    <p class='ocr_par' dir='ltr' id='par_1_69' title="bbox 1044 465 1831 500">
     <span class='ocr_line' id='line_1_69' title="bbox 1044 465 1831 500; baseline -0.001 -8"><span class='ocrx_word' id='word_1_550' title='bbox 1044 466 1126 492; x_wconf 87' lang='lat' dir='ltr'><strong>llrmis</strong></span> <span class='ocrx_word' id='word_1_551' title='bbox 1141 466 1298 500; x_wconf 83' lang='lat' dir='ltr'><strong>quibusdam</strong></span> <span class='ocrx_word' id='word_1_552' title='bbox 1314 465 1365 492; x_wconf 80' lang='lat' dir='ltr'><strong>tale</strong></span> <span class='ocrx_word' id='word_1_553' title='bbox 1377 465 1480 493; x_wconf 90' lang='lat' dir='ltr'><strong>videtur</strong></span> <span class='ocrx_word' id='word_1_554' title='bbox 1488 473 1563 498; x_wconf 89' lang='lat' dir='ltr'><strong>esse;</strong></span> <span class='ocrx_word' id='word_1_555' title='bbox 1573 471 1600 492; x_wconf 87' lang='lat' dir='ltr'><strong>et</strong></span> <span class='ocrx_word' id='word_1_556' title='bbox 1608 465 1689 492; x_wconf 92' lang='lat' dir='ltr'><strong>Deum</strong></span> <span class='ocrx_word' id='word_1_557' title='bbox 1702 471 1788 492; x_wconf 75' lang='lat' dir='ltr'><strong>L&#39;Illlett</strong></span> <span class='ocrx_word' id='word_1_558' title='bbox 1798 471 1831 491; x_wconf 81' lang='lat' dir='ltr'><strong>ex</strong></span> 
     </span>
    </p>
   </div>
   <div class='ocr_carea' id='block_1_70' title="bbox 1043 511 1830 545">
    <p class='ocr_par' dir='ltr' id='par_1_70' title="bbox 1043 511 1830 545">
     <span class='ocr_line' id='line_1_70' title="bbox 1043 511 1830 545; baseline -0.001 -7"><span class='ocrx_word' id='word_1_559' title='bbox 1043 511 1210 538; x_wconf 80' lang='lat' dir='ltr'><strong>inﬁrmorum</strong></span> <span class='ocrx_word' id='word_1_560' title='bbox 1223 511 1349 545; x_wconf 87' lang='lat' dir='ltr'><strong>opinione</strong></span> <span class='ocrx_word' id='word_1_561' title='bbox 1365 511 1404 539; x_wconf 87' lang='lat' dir='ltr'><strong>vel</strong></span> <span class='ocrx_word' id='word_1_562' title='bbox 1417 519 1470 538; x_wconf 90' lang='lat' dir='ltr'><strong>non</strong></span> <span class='ocrx_word' id='word_1_563' title='bbox 1484 518 1544 538; x_wconf 85' lang='lat' dir='ltr'><strong>esse</strong></span> <span class='ocrx_word' id='word_1_564' title='bbox 1557 532 1564 544; x_wconf 84' lang='lat'><strong>,</strong></span> <span class='ocrx_word' id='word_1_565' title='bbox 1577 511 1620 538; x_wconf 75' lang='lat' dir='ltr'><strong>vel</strong></span> <span class='ocrx_word' id='word_1_566' title='bbox 1635 511 1732 537; x_wconf 90' lang='lat' dir='ltr'><strong>malum</strong></span> <span class='ocrx_word' id='word_1_567' title='bbox 1748 517 1808 537; x_wconf 79' lang='lat' dir='ltr'><strong>esse</strong></span> <span class='ocrx_word' id='word_1_568' title='bbox 1822 531 1830 540; x_wconf 92' lang='lat'><strong>.</strong></span> 
     </span>
    </p>
   </div>
   <div class='ocr_carea' id='block_1_71' title="bbox 1042 556 1830 591">
    <p class='ocr_par' dir='ltr' id='par_1_71' title="bbox 1042 556 1830 591">
     <span class='ocr_line' id='line_1_71' title="bbox 1042 556 1830 591; baseline 0 -8"><span class='ocrx_word' id='word_1_569' title='bbox 1042 557 1082 584; x_wconf 79' lang='lat' dir='ltr'><strong>vel</strong></span> <span class='ocrx_word' id='word_1_570' title='bbox 1105 557 1184 584; x_wconf 89' lang='lat' dir='ltr'><strong>modo</strong></span> <span class='ocrx_word' id='word_1_571' title='bbox 1211 557 1367 591; x_wconf 84' lang='lat' dir='ltr'><strong>providere,</strong></span> <span class='ocrx_word' id='word_1_572' title='bbox 1383 557 1461 583; x_wconf 93' lang='lat' dir='ltr'><strong>modo</strong></span> <span class='ocrx_word' id='word_1_573' title='bbox 1480 564 1531 583; x_wconf 92' lang='lat' dir='ltr'><strong>non</strong></span> <span class='ocrx_word' id='word_1_574' title='bbox 1554 556 1709 591; x_wconf 78' lang='lat' dir='ltr'><strong>providere,</strong></span> <span class='ocrx_word' id='word_1_575' title='bbox 1725 556 1830 590; x_wconf 91' lang='lat' dir='ltr'><strong>quidam</strong></span> 
     </span>
    </p>
   </div>
   <div class='ocr_carea' id='block_1_72' title="bbox 1044 601 1831 636">
    <p class='ocr_par' dir='ltr' id='par_1_72' title="bbox 1044 601 1831 636">
     <span class='ocr_line' id='line_1_72' title="bbox 1044 601 1831 636; baseline -0.001 -7"><span class='ocrx_word' id='word_1_576' title='bbox 1044 602 1276 636; x_wconf 83' lang='lat' dir='ltr'><strong>pronuntiabunt?</strong></span> <span class='ocrx_word' id='word_1_577' title='bbox 1292 602 1390 636; x_wconf 80' lang='lat' dir='ltr'><strong>Ecquis</strong></span> <span class='ocrx_word' id='word_1_578' title='bbox 1404 602 1464 629; x_wconf 86' lang='lat' dir='ltr'><strong>illos</strong></span> <span class='ocrx_word' id='word_1_579' title='bbox 1477 609 1548 629; x_wconf 77' lang='lat' dir='ltr'><strong>same</strong></span> <span class='ocrx_word' id='word_1_580' title='bbox 1562 602 1660 629; x_wconf 89' lang='lat' dir='ltr'><strong>mentis</strong></span> <span class='ocrx_word' id='word_1_581' title='bbox 1672 609 1732 629; x_wconf 85' lang='lat' dir='ltr'><strong>esse</strong></span> <span class='ocrx_word' id='word_1_582' title='bbox 1742 601 1831 628; x_wconf 77' lang='lat' dir='ltr'><strong>dicat&quot;</strong></span> 
     </span>
    </p>
   </div>
   <div class='ocr_carea' id='block_1_73' title="bbox 1042 646 1830 682">
    <p class='ocr_par' dir='ltr' id='par_1_73' title="bbox 1042 646 1830 682">
     <span class='ocr_line' id='line_1_73' title="bbox 1042 646 1830 682; baseline 0 -8"><span class='ocrx_word' id='word_1_583' title='bbox 1042 647 1102 682; x_wconf 86' lang='lat' dir='ltr'><strong>quis</strong></span> <span class='ocrx_word' id='word_1_584' title='bbox 1117 655 1167 674; x_wconf 91' lang='lat' dir='ltr'><strong>non</strong></span> <span class='ocrx_word' id='word_1_585' title='bbox 1188 647 1302 674; x_wconf 82' lang='lat' dir='ltr'><strong>furiosos</strong></span> <span class='ocrx_word' id='word_1_586' title='bbox 1317 653 1344 675; x_wconf 92' lang='lat' dir='ltr'><strong>et</strong></span> <span class='ocrx_word' id='word_1_587' title='bbox 1362 652 1481 675; x_wconf 79' lang='lat' dir='ltr'><strong>extrema</strong></span> <span class='ocrx_word' id='word_1_588' title='bbox 1495 647 1627 675; x_wconf 89' lang='lat' dir='ltr'><strong>dementia</strong></span> <span class='ocrx_word' id='word_1_589' title='bbox 1650 652 1741 681; x_wconf 88' lang='lat' dir='ltr'><strong>captos</strong></span> <span class='ocrx_word' id='word_1_590' title='bbox 1754 646 1830 674; x_wconf 76' lang='lat' dir='ltr'><strong>dixe-</strong></span> 
     </span>
    </p>
   </div>
   <div class='ocr_carea' id='block_1_74' title="bbox 1045 692 1832 728">
    <p class='ocr_par' dir='ltr' id='par_1_74' title="bbox 1045 692 1832 728">
     <span class='ocr_line' id='line_1_74' title="bbox 1045 692 1832 728; baseline -0.001 -8"><span class='ocrx_word' id='word_1_591' title='bbox 1045 693 1102 720; x_wconf 87' lang='lat' dir='ltr'><strong>rit?</strong></span> <span class='ocrx_word' id='word_1_592' title='bbox 1125 693 1237 720; x_wconf 74' lang='lat' dir='ltr'><strong>Mundus</strong></span> <span class='ocrx_word' id='word_1_593' title='bbox 1258 702 1313 720; x_wconf 85' lang='lat' dir='ltr'><strong>eum</strong></span> <span class='ocrx_word' id='word_1_594' title='bbox 1326 701 1376 720; x_wconf 83' lang='lat' dir='ltr'><strong>non</strong></span> <span class='ocrx_word' id='word_1_595' title='bbox 1394 694 1508 728; x_wconf 77' lang='lat' dir='ltr'><strong>cognovit</strong></span> <span class='ocrx_word' id='word_1_596' title='bbox 1521 714 1527 725; x_wconf 82' lang='lat'><strong>,</strong></span> <span class='ocrx_word' id='word_1_597' title='bbox 1543 693 1655 728; x_wconf 76' lang='lat' dir='ltr'><strong>inquies.</strong></span> <span class='ocrx_word' id='word_1_598' title='bbox 1673 693 1725 720; x_wconf 90' lang='lat' dir='ltr'><strong>Sed</strong></span> <span class='ocrx_word' id='word_1_599' title='bbox 1741 693 1758 720; x_wconf 92' lang='lat' dir='ltr'><strong>ii</strong></span> <span class='ocrx_word' id='word_1_600' title='bbox 1773 692 1832 726; x_wconf 80' lang='lat' dir='ltr'><strong>qui-</strong></span> 
     </span>
    </p>
   </div>
   <div class='ocr_carea' id='block_1_75' title="bbox 1045 738 1830 774">
    <p class='ocr_par' dir='ltr' id='par_1_75' title="bbox 1045 738 1830 774">
     <span class='ocr_line' id='line_1_75' title="bbox 1045 738 1830 774; baseline -0.001 -8"><span class='ocrx_word' id='word_1_601' title='bbox 1045 739 1093 766; x_wconf 91' lang='lat' dir='ltr'><strong>bus</strong></span> <span class='ocrx_word' id='word_1_602' title='bbox 1107 738 1203 774; x_wconf 79' lang='lat' dir='ltr'><strong>dignus</strong></span> <span class='ocrx_word' id='word_1_603' title='bbox 1218 747 1269 766; x_wconf 91' lang='lat' dir='ltr'><strong>non</strong></span> <span class='ocrx_word' id='word_1_604' title='bbox 1284 744 1342 766; x_wconf 83' lang='lat' dir='ltr'><strong>erat</strong></span> <span class='ocrx_word' id='word_1_605' title='bbox 1354 739 1468 766; x_wconf 86' lang='lat' dir='ltr'><strong>mundus</strong></span> <span class='ocrx_word' id='word_1_606' title='bbox 1478 760 1485 770; x_wconf 84' lang='lat'><strong>,</strong></span> <span class='ocrx_word' id='word_1_607' title='bbox 1502 739 1588 773; x_wconf 89' lang='lat' dir='ltr'><strong>ipsum</strong></span> <span class='ocrx_word' id='word_1_608' title='bbox 1605 744 1745 766; x_wconf 86' lang='lat' dir='ltr'><strong>noverunt.</strong></span> <span class='ocrx_word' id='word_1_609' title='bbox 1763 738 1830 766; x_wconf 86' lang='lat' dir='ltr'><strong>Cum</strong></span> 
     </span>
    </p>
   </div>
   <div class='ocr_carea' id='block_1_76' title="bbox 1042 785 1831 819">
    <p class='ocr_par' dir='ltr' id='par_1_76' title="bbox 1042 785 1831 819">
     <span class='ocr_line' id='line_1_76' title="bbox 1042 785 1831 819; baseline 0 -8"><span class='ocrx_word' id='word_1_610' title='bbox 1042 790 1130 812; x_wconf 86' lang='lat' dir='ltr'><strong>autem</strong></span> <span class='ocrx_word' id='word_1_611' title='bbox 1148 789 1279 812; x_wconf 83' lang='lat' dir='ltr'><strong>memorat</strong></span> <span class='ocrx_word' id='word_1_612' title='bbox 1298 791 1344 812; x_wconf 88' lang='lat' dir='ltr'><strong>eos</strong></span> <span class='ocrx_word' id='word_1_613' title='bbox 1366 785 1410 819; x_wconf 92' lang='lat' dir='ltr'><strong>qui</strong></span> <span class='ocrx_word' id='word_1_614' title='bbox 1432 785 1516 819; x_wconf 89' lang='lat' dir='ltr'><strong>ipsum</strong></span> <span class='ocrx_word' id='word_1_615' title='bbox 1536 792 1588 812; x_wconf 90' lang='lat' dir='ltr'><strong>non</strong></span> <span class='ocrx_word' id='word_1_616' title='bbox 1607 789 1753 814; x_wconf 87' lang='lat' dir='ltr'><strong>noverunt.</strong></span> <span class='ocrx_word' id='word_1_617' title='bbox 1770 792 1831 811; x_wconf 86' lang='lat' dir='ltr'><strong>car-</strong></span> 
     </span>
    </p>
   </div>
   <div class='ocr_carea' id='block_1_77' title="bbox 1044 829 1833 865">
    <p class='ocr_par' dir='ltr' id='par_1_77' title="bbox 1044 829 1833 865">
     <span class='ocr_line' id='line_1_77' title="bbox 1044 829 1833 865; baseline 0 -9"><span class='ocrx_word' id='word_1_618' title='bbox 1044 830 1109 864; x_wconf 89' lang='lat' dir='ltr'><strong>ptim</strong></span> <span class='ocrx_word' id='word_1_619' title='bbox 1124 831 1279 865; x_wconf 68' lang='lat' dir='ltr'><strong>ignorantiae</strong></span> <span class='ocrx_word' id='word_1_620' title='bbox 1293 837 1399 857; x_wconf 88' lang='lat' dir='ltr'><strong>causam</strong></span> <span class='ocrx_word' id='word_1_621' title='bbox 1415 829 1522 857; x_wconf 89' lang='lat' dir='ltr'><strong>indicat.</strong></span> <span class='ocrx_word' id='word_1_622' title='bbox 1537 829 1628 863; x_wconf 84' lang='lat' dir='ltr'><strong>Neque</strong></span> <span class='ocrx_word' id='word_1_623' title='bbox 1643 830 1712 856; x_wconf 89' lang='lat' dir='ltr'><strong>enim</strong></span> <span class='ocrx_word' id='word_1_624' title='bbox 1730 829 1833 863; x_wconf 85' lang='lat' dir='ltr'><strong>simpli-</strong></span> 
     </span>
    </p>
   </div>
   <div class='ocr_carea' id='block_1_78' title="bbox 1042 874 1832 909">
    <p class='ocr_par' dir='ltr' id='par_1_78' title="bbox 1042 874 1832 909">
     <span class='ocr_line' id='line_1_78' title="bbox 1042 874 1832 909; baseline 0 -7"><span class='ocrx_word' id='word_1_625' title='bbox 1042 875 1110 903; x_wconf 86' lang='lat' dir='ltr'><strong>citer</strong></span> <span class='ocrx_word' id='word_1_626' title='bbox 1130 875 1213 907; x_wconf 86' lang='lat' dir='ltr'><strong>dixit,</strong></span> <span class='ocrx_word' id='word_1_627' title='bbox 1234 875 1317 902; x_wconf 87' lang='lat' dir='ltr'><strong>Nemo</strong></span> <span class='ocrx_word' id='word_1_628' title='bbox 1339 875 1423 909; x_wconf 88' lang='lat' dir='ltr'><strong>ipsum</strong></span> <span class='ocrx_word' id='word_1_629' title='bbox 1446 874 1617 906; x_wconf 78' lang='lat' dir='ltr'><strong>n0\&#39;it;sed.</strong></span> <span class='ocrx_word' id='word_1_630' title='bbox 1640 874 1752 902; x_wconf 75' lang='lat' dir='ltr'><strong>Mundus</strong></span> <span class='ocrx_word' id='word_1_631' title='bbox 1773 883 1832 902; x_wconf 81' lang='lat' dir='ltr'><strong>eum</strong></span> 
     </span>
    </p>
   </div>
   <div class='ocr_carea' id='block_1_79' title="bbox 1043 920 1830 956">
    <p class='ocr_par' dir='ltr' id='par_1_79' title="bbox 1043 920 1830 956">
     <span class='ocr_line' id='line_1_79' title="bbox 1043 920 1830 956; baseline 0 -9"><span class='ocrx_word' id='word_1_632' title='bbox 1043 929 1094 948; x_wconf 83' lang='lat' dir='ltr'><strong>non</strong></span> <span class='ocrx_word' id='word_1_633' title='bbox 1116 921 1250 956; x_wconf 78' lang='lat' dir='ltr'><strong>cognouit;</strong></span> <span class='ocrx_word' id='word_1_634' title='bbox 1266 920 1294 948; x_wconf 88' lang='lat' dir='ltr'><strong>id</strong></span> <span class='ocrx_word' id='word_1_635' title='bbox 1315 925 1370 951; x_wconf 86' lang='lat' dir='ltr'><strong>est.</strong></span> <span class='ocrx_word' id='word_1_636' title='bbox 1385 920 1401 947; x_wconf 92' lang='lat' dir='ltr'><strong>ii</strong></span> <span class='ocrx_word' id='word_1_637' title='bbox 1421 920 1542 948; x_wconf 85' lang='lat' dir='ltr'><strong>homines</strong></span> <span class='ocrx_word' id='word_1_638' title='bbox 1556 920 1600 954; x_wconf 90' lang='lat' dir='ltr'><strong>qui</strong></span> <span class='ocrx_word' id='word_1_639' title='bbox 1617 920 1715 947; x_wconf 92' lang='lat' dir='ltr'><strong>mundo</strong></span> <span class='ocrx_word' id='word_1_640' title='bbox 1728 924 1830 947; x_wconf 84' lang='lat' dir='ltr'><strong>tantum</strong></span> 
     </span>
    </p>
   </div>
   <div class='ocr_carea' id='block_1_80' title="bbox 1043 967 1830 1002">
    <p class='ocr_par' dir='ltr' id='par_1_80' title="bbox 1043 967 1830 1002">
     <span class='ocr_line' id='line_1_80' title="bbox 1043 967 1830 1002; baseline -0.001 -8"><span class='ocrx_word' id='word_1_641' title='bbox 1043 967 1166 998; x_wconf 72' lang='lat' dir='ltr'><strong>hcercnt,</strong></span> <span class='ocrx_word' id='word_1_642' title='bbox 1182 972 1209 995; x_wconf 92' lang='lat' dir='ltr'><strong>et</strong></span> <span class='ocrx_word' id='word_1_643' title='bbox 1231 975 1261 994; x_wconf 88' lang='lat' dir='ltr'><strong>ea</strong></span> <span class='ocrx_word' id='word_1_644' title='bbox 1285 974 1345 1002; x_wconf 73' lang='lat' dir='ltr'><strong>qua:</strong></span> <span class='ocrx_word' id='word_1_645' title='bbox 1365 967 1454 994; x_wconf 91' lang='lat' dir='ltr'><strong>mundi</strong></span> <span class='ocrx_word' id='word_1_646' title='bbox 1476 971 1538 994; x_wconf 89' lang='lat' dir='ltr'><strong>sunt</strong></span> <span class='ocrx_word' id='word_1_647' title='bbox 1557 967 1673 1001; x_wconf 87' lang='lat' dir='ltr'><strong>sapiunt.</strong></span> <span class='ocrx_word' id='word_1_648' title='bbox 1694 967 1738 994; x_wconf 89' lang='lat' dir='ltr'><strong>Sic</strong></span> <span class='ocrx_word' id='word_1_649' title='bbox 1759 967 1830 994; x_wconf 87' lang='lat' dir='ltr'><strong>enim</strong></span> 
     </span>
    </p>
   </div>
   <div class='ocr_carea' id='block_1_81' title="bbox 1043 1012 1833 1048">
    <p class='ocr_par' dir='ltr' id='par_1_81' title="bbox 1043 1012 1833 1048">
     <span class='ocr_line' id='line_1_81' title="bbox 1043 1012 1833 1048; baseline -0.003 -8"><span class='ocrx_word' id='word_1_650' title='bbox 1043 1014 1112 1040; x_wconf 85' lang='lat' dir='ltr'><strong>solet</strong></span> <span class='ocrx_word' id='word_1_651' title='bbox 1130 1012 1253 1040; x_wconf 86' lang='lat' dir='ltr'><strong>Christus</strong></span> <span class='ocrx_word' id='word_1_652' title='bbox 1275 1013 1345 1047; x_wconf 86' lang='lat' dir='ltr'><strong>ipsos</strong></span> <span class='ocrx_word' id='word_1_653' title='bbox 1360 1013 1494 1048; x_wconf 89' lang='lat' dir='ltr'><strong>appellare</strong></span> <span class='ocrx_word' id='word_1_654' title='bbox 1504 1033 1512 1045; x_wconf 89' lang='lat'><strong>,</strong></span> <span class='ocrx_word' id='word_1_655' title='bbox 1529 1018 1559 1040; x_wconf 91' lang='lat' dir='ltr'><strong>ut</strong></span> <span class='ocrx_word' id='word_1_656' title='bbox 1572 1021 1632 1040; x_wconf 91' lang='lat' dir='ltr'><strong>cum</strong></span> <span class='ocrx_word' id='word_1_657' title='bbox 1646 1013 1729 1044; x_wconf 88' lang='lat' dir='ltr'><strong>dicit,</strong></span> <span class='ocrx_word' id='word_1_658' title='bbox 1754 1012 1833 1039; x_wconf 82' lang='lat' dir='ltr'><strong>Pater</strong></span> 
     </span>
    </p>
   </div>
   <div class='ocr_carea' id='block_1_82' title="bbox 1043 1057 1830 1094">
    <p class='ocr_par' dir='ltr' id='par_1_82' title="bbox 1043 1057 1830 1094">
     <span class='ocr_line' id='line_1_82' title="bbox 1043 1057 1830 1094; baseline 0 -10"><span class='ocrx_word' id='word_1_659' title='bbox 1043 1063 1137 1092; x_wconf 71' lang='lat' dir='ltr'><strong>sancte,</strong></span> <span class='ocrx_word' id='word_1_660' title='bbox 1153 1064 1176 1085; x_wconf 81' lang='lat' dir='ltr'><strong>et</strong></span> <span class='ocrx_word' id='word_1_661' title='bbox 1189 1058 1298 1085; x_wconf 79' lang='lat' dir='ltr'><strong>mundus</strong></span> <span class='ocrx_word' id='word_1_662' title='bbox 1309 1063 1333 1085; x_wconf 87' lang='lat' dir='ltr'><strong>te</strong></span> <span class='ocrx_word' id='word_1_663' title='bbox 1345 1067 1395 1085; x_wconf 80' lang='lat' dir='ltr'><strong>non</strong></span> <span class='ocrx_word' id='word_1_664' title='bbox 1406 1059 1521 1094; x_wconf 78' lang='lat' dir='ltr'><strong>cognovit</strong></span> <span class='ocrx_word' id='word_1_665' title='bbox 1536 1058 1624 1094; x_wconf 80' lang='lat' dir='ltr'><strong>(Joan.</strong></span> <span class='ocrx_word' id='word_1_666' title='bbox 1642 1059 1685 1086; x_wconf 83' lang='grc'><strong>17.</strong></span> <span class='ocrx_word' id='word_1_667' title='bbox 1698 1058 1754 1092; x_wconf 74' lang='grc'><strong>25).</strong></span> <span class='ocrx_word' id='word_1_668' title='bbox 1771 1057 1830 1085; x_wconf 83' lang='lat' dir='ltr'><strong>Non</strong></span> 
     </span>
    </p>
   </div>
   <div class='ocr_carea' id='block_1_83' title="bbox 1044 1104 1830 1139">
    <p class='ocr_par' dir='ltr' id='par_1_83' title="bbox 1044 1104 1830 1139">
     <span class='ocr_line' id='line_1_83' title="bbox 1044 1104 1830 1139; baseline 0 -9"><span class='ocrx_word' id='word_1_669' title='bbox 1044 1104 1122 1139; x_wconf 76' lang='lat' dir='ltr'><strong>igitur</strong></span> <span class='ocrx_word' id='word_1_670' title='bbox 1138 1104 1234 1130; x_wconf 81' lang='lat' dir='ltr'><strong>Filium</strong></span> <span class='ocrx_word' id='word_1_671' title='bbox 1249 1108 1369 1137; x_wconf 86' lang='lat' dir='ltr'><strong>tantum,</strong></span> <span class='ocrx_word' id='word_1_672' title='bbox 1385 1104 1431 1131; x_wconf 91' lang='lat' dir='ltr'><strong>sed</strong></span> <span class='ocrx_word' id='word_1_673' title='bbox 1448 1104 1527 1131; x_wconf 90' lang='lat' dir='ltr'><strong>etiam</strong></span> <span class='ocrx_word' id='word_1_674' title='bbox 1548 1104 1654 1131; x_wconf 83' lang='lat' dir='ltr'><strong>Patrem</strong></span> <span class='ocrx_word' id='word_1_675' title='bbox 1675 1105 1732 1138; x_wconf 82' lang='lat' dir='ltr'><strong>ejus</strong></span> <span class='ocrx_word' id='word_1_676' title='bbox 1751 1111 1830 1130; x_wconf 91' lang='lat' dir='ltr'><strong>mun-</strong></span> 
     </span>
    </p>
   </div>
   <div class='ocr_carea' id='block_1_84' title="bbox 1043 1148 1830 1183">
    <p class='ocr_par' dir='ltr' id='par_1_84' title="bbox 1043 1148 1830 1183">
     <span class='ocr_line' id='line_1_84' title="bbox 1043 1148 1830 1183; baseline -0.001 -8"><span class='ocrx_word' id='word_1_677' title='bbox 1043 1149 1093 1175; x_wconf 86' lang='lat' dir='ltr'><strong>dus</strong></span> <span class='ocrx_word' id='word_1_678' title='bbox 1106 1149 1236 1183; x_wconf 77' lang='lat' dir='ltr'><strong>ignoravit</strong></span> <span class='ocrx_word' id='word_1_679' title='bbox 1249 1169 1256 1180; x_wconf 89' lang='lat'><strong>,</strong></span> <span class='ocrx_word' id='word_1_680' title='bbox 1273 1153 1301 1174; x_wconf 91' lang='lat' dir='ltr'><strong>ut</strong></span> <span class='ocrx_word' id='word_1_681' title='bbox 1313 1148 1477 1176; x_wconf 81' lang='lat' dir='ltr'><strong>dicebamus.</strong></span> <span class='ocrx_word' id='word_1_682' title='bbox 1492 1148 1560 1176; x_wconf 82' lang='lat' dir='ltr'><strong>Nihil</strong></span> <span class='ocrx_word' id='word_1_683' title='bbox 1576 1149 1646 1176; x_wconf 89' lang='lat' dir='ltr'><strong>enim</strong></span> <span class='ocrx_word' id='word_1_684' title='bbox 1665 1149 1699 1176; x_wconf 94' lang='lat' dir='ltr'><strong>ita</strong></span> <span class='ocrx_word' id='word_1_685' title='bbox 1714 1153 1830 1176; x_wconf 89' lang='lat' dir='ltr'><strong>mentem</strong></span> 
     </span>
    </p>
   </div>
   <div class='ocr_carea' id='block_1_85' title="bbox 1044 1194 1828 1228">
    <p class='ocr_par' dir='ltr' id='par_1_85' title="bbox 1044 1194 1828 1228">
     <span class='ocr_line' id='line_1_85' title="bbox 1044 1194 1828 1228; baseline -0.001 -8"><span class='ocrx_word' id='word_1_686' title='bbox 1044 1194 1149 1226; x_wconf 80' lang='lat' dir='ltr'><strong>turbat,</strong></span> <span class='ocrx_word' id='word_1_687' title='bbox 1166 1199 1194 1220; x_wconf 85' lang='lat' dir='ltr'><strong>Iit</strong></span> <span class='ocrx_word' id='word_1_688' title='bbox 1205 1194 1284 1221; x_wconf 83' lang='lat' dir='ltr'><strong>rebus</strong></span> <span class='ocrx_word' id='word_1_689' title='bbox 1295 1195 1471 1228; x_wconf 65' lang='lat' dir='ltr'><strong>praesentibus</strong></span> <span class='ocrx_word' id='word_1_690' title='bbox 1482 1194 1594 1222; x_wconf 87' lang='lat' dir='ltr'><strong>inhiare.</strong></span> <span class='ocrx_word' id='word_1_691' title='bbox 1612 1195 1674 1221; x_wconf 64' lang='lat' dir='ltr'><strong>llazc</strong></span> <span class='ocrx_word' id='word_1_692' title='bbox 1687 1202 1746 1221; x_wconf 91' lang='lat' dir='ltr'><strong>cum</strong></span> <span class='ocrx_word' id='word_1_693' title='bbox 1761 1194 1828 1220; x_wconf 83' lang='lat' dir='ltr'><strong>scia-</strong></span> 
     </span>
    </p>
   </div>
   <div class='ocr_carea' id='block_1_86' title="bbox 1043 1239 1831 1274">
    <p class='ocr_par' dir='ltr' id='par_1_86' title="bbox 1043 1239 1831 1274">
     <span class='ocr_line' id='line_1_86' title="bbox 1043 1239 1831 1274; baseline -0.004 -8"><span class='ocrx_word' id='word_1_694' title='bbox 1043 1240 1076 1266; x_wconf 88' lang='lat' dir='ltr'><strong>tis</strong></span> <span class='ocrx_word' id='word_1_695' title='bbox 1091 1260 1098 1271; x_wconf 96' lang='lat'><strong>,</strong></span> <span class='ocrx_word' id='word_1_696' title='bbox 1115 1247 1128 1266; x_wconf 87' lang='lat' dir='ltr'><strong>a</strong></span> <span class='ocrx_word' id='word_1_697' title='bbox 1149 1239 1247 1266; x_wconf 89' lang='lat' dir='ltr'><strong>mundo</strong></span> <span class='ocrx_word' id='word_1_698' title='bbox 1268 1247 1315 1266; x_wconf 80' lang='lat' dir='ltr'><strong>vos</strong></span> <span class='ocrx_word' id='word_1_699' title='bbox 1335 1244 1490 1274; x_wconf 78' lang='lat' dir='ltr'><strong>segregate,</strong></span> <span class='ocrx_word' id='word_1_700' title='bbox 1505 1244 1532 1267; x_wconf 90' lang='lat' dir='ltr'><strong>et</strong></span> <span class='ocrx_word' id='word_1_701' title='bbox 1552 1247 1566 1266; x_wconf 90' lang='lat' dir='ltr'><strong>a</strong></span> <span class='ocrx_word' id='word_1_702' title='bbox 1582 1239 1732 1267; x_wconf 87' lang='lat' dir='ltr'><strong>carnalibus</strong></span> <span class='ocrx_word' id='word_1_703' title='bbox 1751 1239 1831 1267; x_wconf 83' lang='lat' dir='ltr'><strong>rebus</strong></span> 
     </span>
    </p>
   </div>
   <div class='ocr_carea' id='block_1_87' title="bbox 1042 1285 1830 1323">
    <p class='ocr_par' dir='ltr' id='par_1_87' title="bbox 1042 1285 1830 1323">
     <span class='ocr_line' id='line_1_87' title="bbox 1042 1285 1830 1323; baseline 0.001 -12"><span class='ocrx_word' id='word_1_704' title='bbox 1042 1285 1176 1312; x_wconf 83' lang='lat' dir='ltr'><strong>abscedite</strong></span> <span class='ocrx_word' id='word_1_705' title='bbox 1187 1306 1193 1316; x_wconf 85' lang='grc'><strong>,</strong></span> <span class='ocrx_word' id='word_1_706' title='bbox 1209 1290 1337 1323; x_wconf 81' lang='lat' dir='ltr'><strong>quantum</strong></span> <span class='ocrx_word' id='word_1_707' title='bbox 1352 1285 1408 1312; x_wconf 89' lang='lat' dir='ltr'><strong>lieri</strong></span> <span class='ocrx_word' id='word_1_708' title='bbox 1429 1285 1528 1320; x_wconf 89' lang='lat' dir='ltr'><strong>poterit</strong></span> <span class='ocrx_word' id='word_1_709' title='bbox 1545 1295 1550 1309; x_wconf 75' lang='grc' dir='ltr'><strong><em>ε</em></strong></span> <span class='ocrx_word' id='word_1_710' title='bbox 1566 1293 1653 1319; x_wconf 88' lang='lat' dir='ltr'><strong>neque</strong></span> <span class='ocrx_word' id='word_1_711' title='bbox 1667 1285 1737 1312; x_wconf 90' lang='lat' dir='ltr'><strong>enim</strong></span> <span class='ocrx_word' id='word_1_712' title='bbox 1760 1285 1785 1312; x_wconf 88' lang='lat' dir='ltr'><strong>in</strong></span> <span class='ocrx_word' id='word_1_713' title='bbox 1801 1293 1830 1313; x_wconf 87' lang='lat' dir='ltr'><strong>re</strong></span> 
     </span>
    </p>
   </div>
   <div class='ocr_carea' id='block_1_88' title="bbox 1042 1330 1830 1366">
    <p class='ocr_par' dir='ltr' id='par_1_88' title="bbox 1042 1330 1830 1366">
     <span class='ocr_line' id='line_1_88' title="bbox 1042 1330 1830 1366; baseline 0.003 -10"><span class='ocrx_word' id='word_1_714' title='bbox 1042 1330 1138 1357; x_wconf 88' lang='lat' dir='ltr'><strong>nullius</strong></span> <span class='ocrx_word' id='word_1_715' title='bbox 1154 1330 1230 1365; x_wconf 84' lang='lat' dir='ltr'><strong>pretii</strong></span> <span class='ocrx_word' id='word_1_716' title='bbox 1245 1330 1307 1357; x_wconf 86' lang='lat' dir='ltr'><strong>hinc</strong></span> <span class='ocrx_word' id='word_1_717' title='bbox 1320 1331 1445 1358; x_wconf 88' lang='lat' dir='ltr'><strong>damnum</strong></span> <span class='ocrx_word' id='word_1_718' title='bbox 1460 1331 1543 1358; x_wconf 89' lang='lat' dir='ltr'><strong>oritur</strong></span> <span class='ocrx_word' id='word_1_719' title='bbox 1555 1351 1563 1364; x_wconf 86' lang='lat'><strong>,</strong></span> <span class='ocrx_word' id='word_1_720' title='bbox 1578 1331 1623 1358; x_wconf 87' lang='lat' dir='ltr'><strong>sed</strong></span> <span class='ocrx_word' id='word_1_721' title='bbox 1639 1331 1665 1358; x_wconf 96' lang='lat' dir='ltr'><strong>in</strong></span> <span class='ocrx_word' id='word_1_722' title='bbox 1679 1331 1766 1366; x_wconf 84' lang='lat' dir='ltr'><strong>capite</strong></span> <span class='ocrx_word' id='word_1_723' title='bbox 1781 1332 1830 1358; x_wconf 87' lang='lat' dir='ltr'><strong>bo-</strong></span> 
     </span>
    </p>
   </div>
   <div class='ocr_carea' id='block_1_89' title="bbox 1043 1375 1828 1410">
    <p class='ocr_par' dir='ltr' id='par_1_89' title="bbox 1043 1375 1828 1410">
     <span class='ocr_line' id='line_1_89' title="bbox 1043 1375 1828 1410; baseline 0.003 -9"><span class='ocrx_word' id='word_1_724' title='bbox 1043 1382 1148 1402; x_wconf 88' lang='lat' dir='ltr'><strong>norum.</strong></span> <span class='ocrx_word' id='word_1_725' title='bbox 1165 1375 1255 1409; x_wconf 85' lang='lat' dir='ltr'><strong>Neque</strong></span> <span class='ocrx_word' id='word_1_726' title='bbox 1269 1375 1339 1403; x_wconf 91' lang='lat' dir='ltr'><strong>enim</strong></span> <span class='ocrx_word' id='word_1_727' title='bbox 1354 1380 1440 1410; x_wconf 86' lang='lat' dir='ltr'><strong>potest</strong></span> <span class='ocrx_word' id='word_1_728' title='bbox 1455 1375 1549 1407; x_wconf 84' lang='lat' dir='ltr'><strong>homo.</strong></span> <span class='ocrx_word' id='word_1_729' title='bbox 1566 1376 1610 1410; x_wconf 87' lang='lat' dir='ltr'><strong>qui</strong></span> <span class='ocrx_word' id='word_1_730' title='bbox 1627 1376 1765 1410; x_wconf 69' lang='lat' dir='ltr'><strong>prtesentis</strong></span> <span class='ocrx_word' id='word_1_731' title='bbox 1778 1376 1828 1404; x_wconf 76' lang='lat' dir='ltr'><strong>aevi</strong></span> 
     </span>
    </p>
   </div>
   <div class='ocr_carea' id='block_1_90' title="bbox 1042 1420 1830 1456">
    <p class='ocr_par' dir='ltr' id='par_1_90' title="bbox 1042 1420 1830 1456">
     <span class='ocr_line' id='line_1_90' title="bbox 1042 1420 1830 1456; baseline 0.001 -8"><span class='ocrx_word' id='word_1_732' title='bbox 1042 1421 1123 1448; x_wconf 87' lang='lat' dir='ltr'><strong>rebus</strong></span> <span class='ocrx_word' id='word_1_733' title='bbox 1133 1420 1274 1448; x_wconf 90' lang='lat' dir='ltr'><strong>admodum</strong></span> <span class='ocrx_word' id='word_1_734' title='bbox 1290 1421 1373 1447; x_wconf 70' lang='lat' dir='ltr'><strong>ha‘ret</strong></span> <span class='ocrx_word' id='word_1_735' title='bbox 1383 1441 1389 1452; x_wconf 88' lang='lat'><strong>,</strong></span> <span class='ocrx_word' id='word_1_736' title='bbox 1403 1422 1518 1448; x_wconf 65' lang='lat' dir='ltr'><strong>ea-lestia</strong></span> <span class='ocrx_word' id='word_1_737' title='bbox 1530 1426 1602 1449; x_wconf 90' lang='lat' dir='ltr'><strong>recte</strong></span> <span class='ocrx_word' id='word_1_738' title='bbox 1613 1422 1749 1456; x_wconf 85' lang='lat' dir='ltr'><strong>percipere</strong></span> <span class='ocrx_word' id='word_1_739' title='bbox 1762 1431 1768 1448; x_wconf 92' lang='lat'>:</span> <span class='ocrx_word' id='word_1_740' title='bbox 1783 1422 1830 1449; x_wconf 87' lang='lat' dir='ltr'><strong>sed</strong></span> 
     </span>
    </p>
   </div>
   <div class='ocr_carea' id='block_1_91' title="bbox 1043 1465 1830 1500">
    <p class='ocr_par' dir='ltr' id='par_1_91' title="bbox 1043 1465 1830 1500">
     <span class='ocr_line' id='line_1_91' title="bbox 1043 1465 1830 1500; baseline 0.004 -8"><span class='ocrx_word' id='word_1_741' title='bbox 1043 1474 1154 1494; x_wconf 85' lang='lat' dir='ltr'><strong>necesse</strong></span> <span class='ocrx_word' id='word_1_742' title='bbox 1172 1471 1213 1493; x_wconf 74' lang='lat' dir='ltr'><strong>est</strong></span> <span class='ocrx_word' id='word_1_743' title='bbox 1224 1474 1284 1493; x_wconf 91' lang='lat' dir='ltr'><strong>eum</strong></span> <span class='ocrx_word' id='word_1_744' title='bbox 1296 1487 1303 1494; x_wconf 96' lang='lat'><strong>.</strong></span> <span class='ocrx_word' id='word_1_745' title='bbox 1319 1466 1363 1500; x_wconf 94' lang='lat' dir='ltr'><strong>qui</strong></span> <span class='ocrx_word' id='word_1_746' title='bbox 1382 1465 1422 1493; x_wconf 85' lang='lat' dir='ltr'><strong>his</strong></span> <span class='ocrx_word' id='word_1_747' title='bbox 1441 1466 1563 1493; x_wconf 87' lang='lat' dir='ltr'><strong>addictus</strong></span> <span class='ocrx_word' id='word_1_748' title='bbox 1580 1471 1631 1500; x_wconf 87' lang='lat' dir='ltr'><strong>est,</strong></span> <span class='ocrx_word' id='word_1_749' title='bbox 1645 1467 1679 1494; x_wconf 88' lang='lat' dir='ltr'><strong>ab</strong></span> <span class='ocrx_word' id='word_1_750' title='bbox 1693 1467 1743 1494; x_wconf 84' lang='lat' dir='ltr'><strong>illis</strong></span> <span class='ocrx_word' id='word_1_751' title='bbox 1757 1467 1830 1495; x_wconf 77' lang='lat' dir='ltr'><strong>exci-</strong></span> 
     </span>
    </p>
   </div>
   <div class='ocr_carea' id='block_1_92' title="bbox 1041 1511 1829 1547">
    <p class='ocr_par' dir='ltr' id='par_1_92' title="bbox 1041 1511 1829 1547">
     <span class='ocr_line' id='line_1_92' title="bbox 1041 1511 1829 1547; baseline 0 -8"><span class='ocrx_word' id='word_1_752' title='bbox 1041 1512 1107 1539; x_wconf 87' lang='lat' dir='ltr'><strong>dere</strong></span> <span class='ocrx_word' id='word_1_753' title='bbox 1123 1521 1130 1540; x_wconf 77' lang='lat' dir='ltr'><strong><em>z</em></strong></span> <span class='ocrx_word' id='word_1_754' title='bbox 1148 1511 1208 1538; x_wconf 79' lang='lat' dir='ltr'><strong>Non</strong></span> <span class='ocrx_word' id='word_1_755' title='bbox 1221 1513 1324 1546; x_wconf 74' lang='lat' dir='ltr'><strong>potestis</strong></span> <span class='ocrx_word' id='word_1_756' title='bbox 1338 1512 1419 1544; x_wconf 87' lang='lat' dir='ltr'><strong>enim,</strong></span> <span class='ocrx_word' id='word_1_757' title='bbox 1441 1512 1536 1547; x_wconf 87' lang='lat' dir='ltr'><strong>inquit,</strong></span> <span class='ocrx_word' id='word_1_758' title='bbox 1558 1511 1611 1539; x_wconf 82' lang='lat' dir='ltr'><strong>Deo</strong></span> <span class='ocrx_word' id='word_1_759' title='bbox 1624 1513 1717 1540; x_wconf 64' lang='lat' dir='ltr'><strong>servire</strong></span> <span class='ocrx_word' id='word_1_760' title='bbox 1728 1518 1751 1539; x_wconf 85' lang='lat' dir='ltr'><strong>et</strong></span> <span class='ocrx_word' id='word_1_761' title='bbox 1772 1521 1829 1539; x_wconf 80' lang='lat' dir='ltr'><strong>ma-</strong></span> 
     </span>
    </p>
   </div>
   <div class='ocr_carea' id='block_1_93' title="bbox 1042 1555 1828 1592">
    <p class='ocr_par' dir='ltr' id='par_1_93' title="bbox 1042 1555 1828 1592">
     <span class='ocr_line' id='line_1_93' title="bbox 1042 1555 1828 1592; baseline 0.001 -9"><span class='ocrx_word' id='word_1_762' title='bbox 1042 1565 1124 1583; x_wconf 74' lang='lat' dir='ltr'><strong>moma</strong></span> <span class='ocrx_word' id='word_1_763' title='bbox 1145 1555 1228 1592; x_wconf 83' lang='lat' dir='ltr'><strong>(Luc.</strong></span> <span class='ocrx_word' id='word_1_764' title='bbox 1250 1557 1294 1587; x_wconf 81' lang='grc'><strong>16,</strong></span> <span class='ocrx_word' id='word_1_765' title='bbox 1321 1556 1384 1590; x_wconf 76' lang='grc'>15);</span> <span class='ocrx_word' id='word_1_766' title='bbox 1402 1561 1430 1584; x_wconf 88' lang='grc' dir='ltr'>ιιι</span> <span class='ocrx_word' id='word_1_767' title='bbox 1451 1557 1497 1583; x_wconf 91' lang='lat' dir='ltr'><strong>uni</strong></span> <span class='ocrx_word' id='word_1_768' title='bbox 1521 1557 1690 1590; x_wconf 69' lang='lat' dir='ltr'><strong>haireamus,</strong></span> <span class='ocrx_word' id='word_1_769' title='bbox 1714 1558 1828 1585; x_wconf 89' lang='lat' dir='ltr'><strong>alterum</strong></span> 
     </span>
    </p>
   </div>
   <div class='ocr_carea' id='block_1_94' title="bbox 1042 1601 1826 1637">
    <p class='ocr_par' dir='ltr' id='par_1_94' title="bbox 1042 1601 1826 1637">
     <span class='ocr_line' id='line_1_94' title="bbox 1042 1601 1826 1637; baseline 0.001 -9"><span class='ocrx_word' id='word_1_770' title='bbox 1042 1602 1133 1629; x_wconf 87' lang='lat' dir='ltr'><strong>odisse</strong></span> <span class='ocrx_word' id='word_1_771' title='bbox 1147 1605 1263 1636; x_wconf 71' lang='lat' dir='ltr'><strong>oportet.</strong></span> <span class='ocrx_word' id='word_1_772' title='bbox 1281 1601 1344 1628; x_wconf 66' lang='lat' dir='ltr'><strong>llaec</strong></span> <span class='ocrx_word' id='word_1_773' title='bbox 1359 1602 1413 1636; x_wconf 90' lang='lat' dir='ltr'><strong>ipsa</strong></span> <span class='ocrx_word' id='word_1_774' title='bbox 1430 1609 1520 1629; x_wconf 90' lang='lat' dir='ltr'><strong>rerum</strong></span> <span class='ocrx_word' id='word_1_775' title='bbox 1536 1603 1698 1637; x_wconf 72' lang='lat' dir='ltr'><strong>experientia</strong></span> <span class='ocrx_word' id='word_1_776' title='bbox 1721 1603 1826 1630; x_wconf 87' lang='lat' dir='ltr'><strong>clamat.</strong></span> 
     </span>
    </p>
   </div>
   <div class='ocr_carea' id='block_1_95' title="bbox 1041 1646 1829 1682">
    <p class='ocr_par' dir='ltr' id='par_1_95' title="bbox 1041 1646 1829 1682">
     <span class='ocr_line' id='line_1_95' title="bbox 1041 1646 1829 1682; baseline 0.004 -9"><span class='ocrx_word' id='word_1_777' title='bbox 1041 1646 1092 1680; x_wconf 86' lang='lat' dir='ltr'><strong>Qui</strong></span> <span class='ocrx_word' id='word_1_778' title='bbox 1113 1646 1184 1673; x_wconf 86' lang='lat' dir='ltr'><strong>enim</strong></span> <span class='ocrx_word' id='word_1_779' title='bbox 1207 1647 1378 1681; x_wconf 60' lang='lat' dir='ltr'><strong>pncuniarum</strong></span> <span class='ocrx_word' id='word_1_780' title='bbox 1399 1648 1641 1682; x_wconf 80' lang='lat' dir='ltr'><strong>concupiscentiam</strong></span> <span class='ocrx_word' id='word_1_781' title='bbox 1661 1647 1796 1679; x_wconf 88' lang='lat' dir='ltr'><strong>derident.</strong></span> <span class='ocrx_word' id='word_1_782' title='bbox 1812 1649 1829 1677; x_wconf 92' lang='lat' dir='ltr'><strong>ii</strong></span> 
     </span>
    </p>
   </div>
   <div class='ocr_carea' id='block_1_96' title="bbox 1043 1693 1829 1729">
    <p class='ocr_par' dir='ltr' id='par_1_96' title="bbox 1043 1693 1829 1729">
     <span class='ocr_line' id='line_1_96' title="bbox 1043 1693 1829 1729; baseline 0.001 -9"><span class='ocrx_word' id='word_1_783' title='bbox 1043 1693 1158 1720; x_wconf 72' lang='lat' dir='ltr'><strong>maxime</strong></span> <span class='ocrx_word' id='word_1_784' title='bbox 1173 1698 1235 1720; x_wconf 89' lang='lat' dir='ltr'><strong>sunt</strong></span> <span class='ocrx_word' id='word_1_785' title='bbox 1249 1693 1292 1727; x_wconf 89' lang='lat' dir='ltr'><strong>qui</strong></span> <span class='ocrx_word' id='word_1_786' title='bbox 1305 1693 1387 1720; x_wconf 90' lang='lat' dir='ltr'><strong>Deum</strong></span> <span class='ocrx_word' id='word_1_787' title='bbox 1403 1698 1431 1720; x_wconf 90' lang='lat' dir='ltr'><strong>ut</strong></span> <span class='ocrx_word' id='word_1_788' title='bbox 1446 1693 1521 1721; x_wconf 90' lang='lat' dir='ltr'><strong>decet</strong></span> <span class='ocrx_word' id='word_1_789' title='bbox 1533 1700 1640 1726; x_wconf 87' lang='lat' dir='ltr'><strong>amant;</strong></span> <span class='ocrx_word' id='word_1_790' title='bbox 1654 1694 1829 1729; x_wconf 83' lang='lat' dir='ltr'><strong>quemadmo-</strong></span> 
     </span>
    </p>
   </div>
   <div class='ocr_carea' id='block_1_97' title="bbox 1041 1739 1829 1776">
    <p class='ocr_par' dir='ltr' id='par_1_97' title="bbox 1041 1739 1829 1776">
     <span class='ocr_line' id='line_1_97' title="bbox 1041 1739 1829 1776; baseline 0.003 -10"><span class='ocrx_word' id='word_1_791' title='bbox 1041 1739 1103 1766; x_wconf 90' lang='lat' dir='ltr'><strong>dum</strong></span> <span class='ocrx_word' id='word_1_792' title='bbox 1124 1745 1151 1766; x_wconf 89' lang='lat' dir='ltr'><strong>et</strong></span> <span class='ocrx_word' id='word_1_793' title='bbox 1164 1739 1208 1774; x_wconf 86' lang='lat' dir='ltr'><strong>qui</strong></span> <span class='ocrx_word' id='word_1_794' title='bbox 1229 1748 1242 1765; x_wconf 87' lang='lat' dir='ltr'><strong>a</strong></span> <span class='ocrx_word' id='word_1_795' title='bbox 1259 1739 1388 1774; x_wconf 89' lang='lat' dir='ltr'><strong>principio</strong></span> <span class='ocrx_word' id='word_1_796' title='bbox 1407 1740 1466 1766; x_wconf 87' lang='lat' dir='ltr'><strong>illas</strong></span> <span class='ocrx_word' id='word_1_797' title='bbox 1479 1740 1610 1767; x_wconf 88' lang='lat' dir='ltr'><strong>mirantur</strong></span> <span class='ocrx_word' id='word_1_798' title='bbox 1623 1762 1630 1773; x_wconf 85' lang='lat'><strong>,</strong></span> <span class='ocrx_word' id='word_1_799' title='bbox 1647 1741 1664 1767; x_wconf 92' lang='lat' dir='ltr'><strong>ii</strong></span> <span class='ocrx_word' id='word_1_800' title='bbox 1680 1741 1829 1776; x_wconf 63' lang='lat' dir='ltr'><strong>praesertim</strong></span> 
     </span>
    </p>
   </div>
   <div class='ocr_carea' id='block_1_98' title="bbox 1041 1785 1828 1819">
    <p class='ocr_par' dir='ltr' id='par_1_98' title="bbox 1041 1785 1828 1819">
     <span class='ocr_line' id='line_1_98' title="bbox 1041 1785 1828 1819; baseline 0.003 -8"><span class='ocrx_word' id='word_1_801' title='bbox 1041 1790 1102 1812; x_wconf 87' lang='lat' dir='ltr'><strong>sunt</strong></span> <span class='ocrx_word' id='word_1_802' title='bbox 1115 1785 1159 1819; x_wconf 91' lang='lat' dir='ltr'><strong>qui</strong></span> <span class='ocrx_word' id='word_1_803' title='bbox 1174 1785 1255 1812; x_wconf 87' lang='lat' dir='ltr'><strong>Deum</strong></span> <span class='ocrx_word' id='word_1_804' title='bbox 1271 1785 1408 1812; x_wconf 83' lang='lat' dir='ltr'><strong>remissius</strong></span> <span class='ocrx_word' id='word_1_805' title='bbox 1421 1785 1545 1819; x_wconf 75' lang='lat' dir='ltr'><strong>diligunt.</strong></span> <span class='ocrx_word' id='word_1_806' title='bbox 1562 1787 1658 1813; x_wconf 80' lang='lat' dir='ltr'><strong>Anima</strong></span> <span class='ocrx_word' id='word_1_807' title='bbox 1673 1787 1742 1813; x_wconf 91' lang='lat' dir='ltr'><strong>enim</strong></span> <span class='ocrx_word' id='word_1_808' title='bbox 1759 1786 1828 1813; x_wconf 79' lang='lat' dir='ltr'><strong>diri-</strong></span> 
     </span>
    </p>
   </div>
   <div class='ocr_carea' id='block_1_99' title="bbox 1042 1830 1829 1865">
    <p class='ocr_par' dir='ltr' id='par_1_99' title="bbox 1042 1830 1829 1865">
     <span class='ocr_line' id='line_1_99' title="bbox 1042 1830 1829 1865; baseline 0 -7"><span class='ocrx_word' id='word_1_809' title='bbox 1042 1831 1137 1858; x_wconf 85' lang='lat' dir='ltr'><strong>tiarum</strong></span> <span class='ocrx_word' id='word_1_810' title='bbox 1150 1838 1242 1858; x_wconf 86' lang='lat' dir='ltr'><strong>amore</strong></span> <span class='ocrx_word' id='word_1_811' title='bbox 1256 1830 1338 1857; x_wconf 82' lang='lat' dir='ltr'><strong>semel</strong></span> <span class='ocrx_word' id='word_1_812' title='bbox 1350 1835 1427 1865; x_wconf 88' lang='lat' dir='ltr'><strong>capta</strong></span> <span class='ocrx_word' id='word_1_813' title='bbox 1440 1851 1448 1863; x_wconf 88' lang='lat'><strong>,</strong></span> <span class='ocrx_word' id='word_1_814' title='bbox 1465 1839 1517 1858; x_wconf 91' lang='lat' dir='ltr'><strong>non</strong></span> <span class='ocrx_word' id='word_1_815' title='bbox 1532 1831 1609 1858; x_wconf 80' lang='lat' dir='ltr'><strong>facile</strong></span> <span class='ocrx_word' id='word_1_816' title='bbox 1621 1832 1731 1859; x_wconf 80' lang='lat' dir='ltr'><strong>absistet</strong></span> <span class='ocrx_word' id='word_1_817' title='bbox 1747 1832 1781 1858; x_wconf 89' lang='lat' dir='ltr'><strong>ab</strong></span> <span class='ocrx_word' id='word_1_818' title='bbox 1797 1832 1829 1859; x_wconf 91' lang='lat' dir='ltr'><strong>iis</strong></span> 
     </span>
    </p>
   </div>
   <div class='ocr_carea' id='block_1_100' title="bbox 1040 1875 1829 1912">
    <p class='ocr_par' dir='ltr' id='par_1_100' title="bbox 1040 1875 1829 1912">
     <span class='ocr_line' id='line_1_100' title="bbox 1040 1875 1829 1912; baseline 0.001 -9"><span class='ocrx_word' id='word_1_819' title='bbox 1040 1876 1150 1909; x_wconf 71' lang='lat' dir='ltr'><strong>agendis</strong></span> <span class='ocrx_word' id='word_1_820' title='bbox 1162 1896 1169 1909; x_wconf 84' lang='lat'><strong>,</strong></span> <span class='ocrx_word' id='word_1_821' title='bbox 1183 1883 1242 1910; x_wconf 66' lang='lat' dir='ltr'><strong>qua:</strong></span> <span class='ocrx_word' id='word_1_822' title='bbox 1256 1876 1338 1903; x_wconf 84' lang='lat' dir='ltr'><strong>Deum</strong></span> <span class='ocrx_word' id='word_1_823' title='bbox 1354 1876 1386 1902; x_wconf 84' lang='lat' dir='ltr'><strong>ad</strong></span> <span class='ocrx_word' id='word_1_824' title='bbox 1402 1875 1466 1903; x_wconf 91' lang='lat' dir='ltr'><strong>iram</strong></span> <span class='ocrx_word' id='word_1_825' title='bbox 1483 1881 1647 1911; x_wconf 81' lang='lat' dir='ltr'><strong>provocant,</strong></span> <span class='ocrx_word' id='word_1_826' title='bbox 1664 1881 1755 1912; x_wconf 79' lang='lat' dir='ltr'><strong>utpote</strong></span> <span class='ocrx_word' id='word_1_827' title='bbox 1770 1885 1829 1912; x_wconf 64' lang='lat' dir='ltr'><strong>qua:</strong></span> 
     </span>
    </p>
   </div>
   <div class='ocr_carea' id='block_1_101' title="bbox 1040 1921 1828 1955">
    <p class='ocr_par' dir='ltr' id='par_1_101' title="bbox 1040 1921 1828 1955">
     <span class='ocr_line' id='line_1_101' title="bbox 1040 1921 1828 1955; baseline 0.001 -7"><span class='ocrx_word' id='word_1_828' title='bbox 1040 1921 1118 1948; x_wconf 86' lang='lat' dir='ltr'><strong>alteri</strong></span> <span class='ocrx_word' id='word_1_829' title='bbox 1141 1921 1242 1947; x_wconf 85' lang='lat' dir='ltr'><strong>serviat</strong></span> <span class='ocrx_word' id='word_1_830' title='bbox 1266 1921 1391 1953; x_wconf 89' lang='lat' dir='ltr'><strong>domino,</strong></span> <span class='ocrx_word' id='word_1_831' title='bbox 1407 1921 1451 1955; x_wconf 88' lang='lat' dir='ltr'><strong>qui</strong></span> <span class='ocrx_word' id='word_1_832' title='bbox 1477 1921 1502 1948; x_wconf 92' lang='lat' dir='ltr'><strong>in</strong></span> <span class='ocrx_word' id='word_1_833' title='bbox 1522 1921 1646 1949; x_wconf 80' lang='lat' dir='ltr'><strong>clunibus</strong></span> <span class='ocrx_word' id='word_1_834' title='bbox 1665 1927 1756 1950; x_wconf 86' lang='lat' dir='ltr'><strong>contra</strong></span> <span class='ocrx_word' id='word_1_835' title='bbox 1782 1922 1828 1949; x_wconf 77' lang='lat' dir='ltr'><strong>Dei</strong></span> 
     </span>
    </p>
   </div>
   <div class='ocr_carea' id='block_1_102' title="bbox 1040 1965 1332 1999">
    <p class='ocr_par' dir='ltr' id='par_1_102' title="bbox 1040 1965 1332 1999">
     <span class='ocr_line' id='line_1_102' title="bbox 1040 1965 1332 1999; baseline -0.003 -7"><span class='ocrx_word' id='word_1_836' title='bbox 1040 1965 1163 1992; x_wconf 88' lang='lat' dir='ltr'><strong>mandata</strong></span> <span class='ocrx_word' id='word_1_837' title='bbox 1188 1965 1332 1999; x_wconf 78' lang='lat' dir='ltr'><strong>przccipiat.</strong></span> 
     </span>
    </p>
   </div>
   <div class='ocr_carea' id='block_1_103' title="bbox 1078 2011 1829 2044">
    <p class='ocr_par' dir='ltr' id='par_1_103' title="bbox 1078 2011 1829 2044">
     <span class='ocr_line' id='line_1_103' title="bbox 1078 2011 1829 2044; baseline 0.004 -7"><span class='ocrx_word' id='word_1_838' title='bbox 1078 2011 1207 2044; x_wconf 77' lang='lat' dir='ltr'><strong>Quantum</strong></span> <span class='ocrx_word' id='word_1_839' title='bbox 1221 2011 1353 2037; x_wconf 77' lang='lat' dir='ltr'><strong>discrimen</strong></span> <span class='ocrx_word' id='word_1_840' title='bbox 1364 2011 1429 2038; x_wconf 69' lang='lat' dir='ltr'><strong>inter</strong></span> <span class='ocrx_word' id='word_1_841' title='bbox 1443 2019 1525 2038; x_wconf 78' lang='lat' dir='ltr'><strong>servos</strong></span> <span class='ocrx_word' id='word_1_842' title='bbox 1540 2011 1633 2039; x_wconf 79' lang='lat' dir='ltr'><strong>Christi</strong></span> <span class='ocrx_word' id='word_1_843' title='bbox 1646 2017 1667 2039; x_wconf 77' lang='lat' dir='ltr'><strong>et</strong></span> <span class='ocrx_word' id='word_1_844' title='bbox 1680 2021 1764 2040; x_wconf 63' lang='lat' dir='ltr'><strong>servos</strong></span> <span class='ocrx_word' id='word_1_845' title='bbox 1774 2022 1829 2040; x_wconf 84' lang='lat' dir='ltr'><strong>ma-</strong></span> 
     </span>
    </p>
   </div>
   <div class='ocr_carea' id='block_1_104' title="bbox 1039 2055 1826 2093">
    <p class='ocr_par' dir='ltr' id='par_1_104' title="bbox 1039 2055 1826 2093">
     <span class='ocr_line' id='line_1_104' title="bbox 1039 2055 1826 2093; baseline 0.003 -10"><span class='ocrx_word' id='word_1_846' title='bbox 1039 2064 1129 2083; x_wconf 71' lang='lat' dir='ltr'><strong>monae.</strong></span> <span class='ocrx_word' id='word_1_847' title='bbox 1142 2071 1177 2075; x_wconf 89' lang='lat'><strong><em>—</em></strong></span> <span class='ocrx_word' id='word_1_848' title='bbox 1189 2055 1298 2090; x_wconf 80' lang='lat' dir='ltr'><strong>Vigilale</strong></span> <span class='ocrx_word' id='word_1_849' title='bbox 1318 2056 1407 2090; x_wconf 81' lang='lat' dir='ltr'><strong>itaque</strong></span> <span class='ocrx_word' id='word_1_850' title='bbox 1420 2061 1446 2083; x_wconf 86' lang='lat' dir='ltr'><strong>et</strong></span> <span class='ocrx_word' id='word_1_851' title='bbox 1457 2057 1670 2092; x_wconf 75' lang='lat' dir='ltr'><strong>expergiscimini</strong></span> <span class='ocrx_word' id='word_1_852' title='bbox 1684 2079 1691 2090; x_wconf 89' lang='lat'><strong>,</strong></span> <span class='ocrx_word' id='word_1_853' title='bbox 1708 2066 1739 2086; x_wconf 89' lang='lat' dir='ltr'><strong>ac</strong></span> <span class='ocrx_word' id='word_1_854' title='bbox 1752 2059 1826 2093; x_wconf 72' lang='lat' dir='ltr'><strong>cogi—</strong></span> 
     </span>
    </p>
   </div>
   <div class='ocr_carea' id='block_1_105' title="bbox 1041 2100 1827 2138">
    <p class='ocr_par' dir='ltr' id='par_1_105' title="bbox 1041 2100 1827 2138">
     <span class='ocr_line' id='line_1_105' title="bbox 1041 2100 1827 2138; baseline 0.004 -10"><span class='ocrx_word' id='word_1_855' title='bbox 1041 2105 1126 2128; x_wconf 88' lang='lat' dir='ltr'><strong>tantes</strong></span> <span class='ocrx_word' id='word_1_856' title='bbox 1147 2100 1283 2135; x_wconf 81' lang='lat' dir='ltr'><strong>cujusuam</strong></span> <span class='ocrx_word' id='word_1_857' title='bbox 1299 2100 1398 2128; x_wconf 89' lang='lat' dir='ltr'><strong>domini</strong></span> <span class='ocrx_word' id='word_1_858' title='bbox 1414 2102 1497 2128; x_wconf 82' lang='lat' dir='ltr'><strong>simus</strong></span> <span class='ocrx_word' id='word_1_859' title='bbox 1524 2103 1594 2129; x_wconf 80' lang='lat' dir='ltr'><strong>servi</strong></span> <span class='ocrx_word' id='word_1_860' title='bbox 1606 2124 1613 2134; x_wconf 82' lang='grc'><em>,</em></span> <span class='ocrx_word' id='word_1_861' title='bbox 1632 2104 1689 2138; x_wconf 87' lang='lat' dir='ltr'><strong>ejus</strong></span> <span class='ocrx_word' id='word_1_862' title='bbox 1710 2109 1827 2130; x_wconf 85' lang='lat' dir='ltr'><strong>tantum-</strong></span> 
     </span>
    </p>
   </div>
   <div class='ocr_carea' id='block_1_106' title="bbox 1041 2147 1824 2184">
    <p class='ocr_par' dir='ltr' id='par_1_106' title="bbox 1041 2147 1824 2184">
     <span class='ocr_line' id='line_1_106' title="bbox 1041 2147 1824 2184; baseline 0.006 -11"><span class='ocrx_word' id='word_1_863' title='bbox 1041 2147 1121 2173; x_wconf 91' lang='lat' dir='ltr'><strong>modo</strong></span> <span class='ocrx_word' id='word_1_864' title='bbox 1149 2155 1259 2180; x_wconf 80' lang='lat' dir='ltr'><strong>regnum</strong></span> <span class='ocrx_word' id='word_1_865' title='bbox 1282 2147 1441 2182; x_wconf 80' lang='lat' dir='ltr'><strong>diligamus;</strong></span> <span class='ocrx_word' id='word_1_866' title='bbox 1475 2149 1610 2183; x_wconf 75' lang='lat' dir='ltr'><strong>lngramns</strong></span> <span class='ocrx_word' id='word_1_867' title='bbox 1636 2155 1662 2177; x_wconf 92' lang='lat' dir='ltr'><strong>et</strong></span> <span class='ocrx_word' id='word_1_868' title='bbox 1691 2151 1824 2184; x_wconf 66' lang='lat' dir='ltr'><strong>praeterita</strong></span> 
     </span>
    </p>
   </div>
   <div class='ocr_carea' id='block_1_107' title="bbox 1040 2193 1824 2228">
    <p class='ocr_par' dir='ltr' id='par_1_107' title="bbox 1040 2193 1824 2228">
     <span class='ocr_line' id='line_1_107' title="bbox 1040 2193 1824 2228; baseline 0.005 -9"><span class='ocrx_word' id='word_1_869' title='bbox 1040 2193 1208 2226; x_wconf 90' lang='lat' dir='ltr'><strong>deploremus</strong></span> <span class='ocrx_word' id='word_1_870' title='bbox 1223 2197 1351 2226; x_wconf 82' lang='lat' dir='ltr'><strong>tempora.</strong></span> <span class='ocrx_word' id='word_1_871' title='bbox 1375 2193 1471 2228; x_wconf 85' lang='lat' dir='ltr'><strong>quibus</strong></span> <span class='ocrx_word' id='word_1_872' title='bbox 1490 2202 1619 2222; x_wconf 78' lang='lat' dir='ltr'><strong>mamona:</strong></span> <span class='ocrx_word' id='word_1_873' title='bbox 1644 2196 1824 2224; x_wconf 85' lang='lat' dir='ltr'><strong>servivimus:</strong></span> 
     </span>
    </p>
   </div>
   <div class='ocr_carea' id='block_1_108' title="bbox 1039 2238 1826 2274">
    <p class='ocr_par' dir='ltr' id='par_1_108' title="bbox 1039 2238 1826 2274">
     <span class='ocr_line' id='line_1_108' title="bbox 1039 2238 1826 2274; baseline 0.004 -9"><span class='ocrx_word' id='word_1_874' title='bbox 1039 2238 1192 2273; x_wconf 85' lang='lat' dir='ltr'><strong>abjicianms</strong></span> <span class='ocrx_word' id='word_1_875' title='bbox 1212 2238 1293 2265; x_wconf 88' lang='lat' dir='ltr'><strong>semei</strong></span> <span class='ocrx_word' id='word_1_876' title='bbox 1312 2239 1402 2273; x_wconf 82' lang='lat' dir='ltr'><strong>jugum</strong></span> <span class='ocrx_word' id='word_1_877' title='bbox 1425 2239 1483 2273; x_wconf 88' lang='lat' dir='ltr'><strong>ejus</strong></span> <span class='ocrx_word' id='word_1_878' title='bbox 1504 2247 1586 2274; x_wconf 81' lang='lat' dir='ltr'><strong>grave</strong></span> <span class='ocrx_word' id='word_1_879' title='bbox 1599 2245 1625 2267; x_wconf 92' lang='lat' dir='ltr'><strong>et</strong></span> <span class='ocrx_word' id='word_1_880' title='bbox 1639 2241 1826 2274; x_wconf 78' lang='lat' dir='ltr'><strong>intolerabile,</strong></span> 
     </span>
    </p>
   </div>
   <div class='ocr_carea' id='block_1_109' title="bbox 1039 2283 1826 2321">
    <p class='ocr_par' dir='ltr' id='par_1_109' title="bbox 1039 2283 1826 2321">
     <span class='ocr_line' id='line_1_109' title="bbox 1039 2283 1826 2321; baseline 0.004 -11"><span class='ocrx_word' id='word_1_881' title='bbox 1039 2289 1067 2311; x_wconf 90' lang='lat' dir='ltr'><strong>et</strong></span> <span class='ocrx_word' id='word_1_882' title='bbox 1084 2284 1175 2319; x_wconf 77' lang='lat' dir='ltr'><strong>jugnm</strong></span> <span class='ocrx_word' id='word_1_883' title='bbox 1195 2283 1292 2311; x_wconf 89' lang='lat' dir='ltr'><strong>Christi</strong></span> <span class='ocrx_word' id='word_1_884' title='bbox 1319 2285 1376 2311; x_wconf 85' lang='lat' dir='ltr'><strong>leve</strong></span> <span class='ocrx_word' id='word_1_885' title='bbox 1391 2290 1418 2312; x_wconf 90' lang='lat' dir='ltr'><strong>et</strong></span> <span class='ocrx_word' id='word_1_886' title='bbox 1439 2292 1521 2312; x_wconf 85' lang='lat' dir='ltr'><strong>suave</strong></span> <span class='ocrx_word' id='word_1_887' title='bbox 1545 2293 1605 2312; x_wconf 91' lang='lat' dir='ltr'><strong>cum</strong></span> <span class='ocrx_word' id='word_1_888' title='bbox 1628 2287 1826 2321; x_wconf 74' lang='lat' dir='ltr'><strong>perseverantia</strong></span> 
     </span>
    </p>
   </div>
   <div class='ocr_carea' id='block_1_110' title="bbox 1039 2329 1825 2365">
    <p class='ocr_par' dir='ltr' id='par_1_110' title="bbox 1039 2329 1825 2365">
     <span class='ocr_line' id='line_1_110' title="bbox 1039 2329 1825 2365; baseline 0.003 -9"><span class='ocrx_word' id='word_1_889' title='bbox 1039 2330 1174 2361; x_wconf 80' lang='lat' dir='ltr'><strong>feramus;</strong></span> <span class='ocrx_word' id='word_1_890' title='bbox 1195 2329 1238 2364; x_wconf 90' lang='lat' dir='ltr'><strong>qui</strong></span> <span class='ocrx_word' id='word_1_891' title='bbox 1265 2329 1330 2356; x_wconf 89' lang='lat' dir='ltr'><strong>nihil</strong></span> <span class='ocrx_word' id='word_1_892' title='bbox 1356 2329 1406 2357; x_wconf 86' lang='lat' dir='ltr'><strong>tale</strong></span> <span class='ocrx_word' id='word_1_893' title='bbox 1429 2330 1571 2365; x_wconf 67' lang='lat' dir='ltr'><strong>praecipit,</strong></span> <span class='ocrx_word' id='word_1_894' title='bbox 1592 2331 1669 2365; x_wconf 86' lang='lat' dir='ltr'><strong>quale</strong></span> <span class='ocrx_word' id='word_1_895' title='bbox 1690 2339 1825 2358; x_wconf 84' lang='lat' dir='ltr'><strong>mamoua.</strong></span> 
     </span>
    </p>
   </div>
   <div class='ocr_carea' id='block_1_111' title="bbox 1039 2376 1825 2411">
    <p class='ocr_par' dir='ltr' id='par_1_111' title="bbox 1039 2376 1825 2411">
     <span class='ocr_line' id='line_1_111' title="bbox 1039 2376 1825 2411; baseline 0.001 -8"><span class='ocrx_word' id='word_1_896' title='bbox 1039 2377 1086 2403; x_wconf 90' lang='lat' dir='ltr'><strong>llic</strong></span> <span class='ocrx_word' id='word_1_897' title='bbox 1101 2376 1171 2403; x_wconf 91' lang='lat' dir='ltr'><strong>enim</strong></span> <span class='ocrx_word' id='word_1_898' title='bbox 1183 2376 1260 2410; x_wconf 85' lang='lat' dir='ltr'><strong>jubet</strong></span> <span class='ocrx_word' id='word_1_899' title='bbox 1274 2384 1324 2403; x_wconf 91' lang='lat' dir='ltr'><strong>nos</strong></span> <span class='ocrx_word' id='word_1_900' title='bbox 1346 2377 1471 2404; x_wconf 85' lang='lat' dir='ltr'><strong>omnibus</strong></span> <span class='ocrx_word' id='word_1_901' title='bbox 1486 2376 1608 2404; x_wconf 90' lang='lat' dir='ltr'><strong>inimicos</strong></span> <span class='ocrx_word' id='word_1_902' title='bbox 1630 2385 1688 2405; x_wconf 86' lang='lat' dir='ltr'><strong>esse</strong></span> <span class='ocrx_word' id='word_1_903' title='bbox 1701 2386 1708 2411; x_wconf 85' lang='lat'>;</span> <span class='ocrx_word' id='word_1_904' title='bbox 1732 2382 1825 2405; x_wconf 83' lang='lat' dir='ltr'><strong>contra</strong></span> 
     </span>
    </p>
   </div>
   <div class='ocr_carea' id='block_1_112' title="bbox 1037 2421 1826 2456">
    <p class='ocr_par' dir='ltr' id='par_1_112' title="bbox 1037 2421 1826 2456">
     <span class='ocr_line' id='line_1_112' title="bbox 1037 2421 1826 2456; baseline 0 -7"><span class='ocrx_word' id='word_1_905' title='bbox 1037 2429 1101 2449; x_wconf 89' lang='lat' dir='ltr'><strong>vero</strong></span> <span class='ocrx_word' id='word_1_906' title='bbox 1123 2421 1246 2448; x_wconf 84' lang='lat' dir='ltr'><strong>Christus</strong></span> <span class='ocrx_word' id='word_1_907' title='bbox 1260 2441 1266 2452; x_wconf 91' lang='grc'>,</span> <span class='ocrx_word' id='word_1_908' title='bbox 1287 2428 1381 2448; x_wconf 88' lang='lat' dir='ltr'><strong>omnes</strong></span> <span class='ocrx_word' id='word_1_909' title='bbox 1403 2422 1526 2456; x_wconf 85' lang='lat' dir='ltr'><strong>amplecti</strong></span> <span class='ocrx_word' id='word_1_910' title='bbox 1547 2427 1574 2449; x_wconf 89' lang='lat' dir='ltr'><strong>et</strong></span> <span class='ocrx_word' id='word_1_911' title='bbox 1588 2430 1688 2450; x_wconf 85' lang='lat' dir='ltr'><strong>amare.</strong></span> <span class='ocrx_word' id='word_1_912' title='bbox 1712 2422 1758 2451; x_wconf 90' lang='lat' dir='ltr'><strong>Ille</strong></span> <span class='ocrx_word' id='word_1_913' title='bbox 1777 2431 1826 2450; x_wconf 87' lang='lat' dir='ltr'><strong>nos</strong></span> 
     </span>
    </p>
   </div>
   <div class='ocr_carea' id='block_1_113' title="bbox 1037 2465 1824 2500">
    <p class='ocr_par' dir='ltr' id='par_1_113' title="bbox 1037 2465 1824 2500">
     <span class='ocr_line' id='line_1_113' title="bbox 1037 2465 1824 2500; baseline 0.003 -8"><span class='ocrx_word' id='word_1_914' title='bbox 1037 2466 1092 2493; x_wconf 91' lang='lat' dir='ltr'><strong>luto</strong></span> <span class='ocrx_word' id='word_1_915' title='bbox 1113 2471 1140 2492; x_wconf 91' lang='lat' dir='ltr'><strong>et</strong></span> <span class='ocrx_word' id='word_1_916' title='bbox 1163 2465 1290 2493; x_wconf 86' lang='lat' dir='ltr'><strong>lateribus</strong></span> <span class='ocrx_word' id='word_1_917' title='bbox 1311 2465 1439 2500; x_wconf 77' lang='lat' dir='ltr'><strong>al‘ﬁgens,</strong></span> <span class='ocrx_word' id='word_1_918' title='bbox 1455 2465 1505 2493; x_wconf 89' lang='lat' dir='ltr'><strong>hoc</strong></span> <span class='ocrx_word' id='word_1_919' title='bbox 1526 2471 1567 2494; x_wconf 89' lang='lat' dir='ltr'><strong>est</strong></span> <span class='ocrx_word' id='word_1_920' title='bbox 1586 2475 1650 2494; x_wconf 83' lang='lat' dir='ltr'><strong>auro</strong></span> <span class='ocrx_word' id='word_1_921' title='bbox 1663 2487 1670 2500; x_wconf 84' lang='lat'><strong>,</strong></span> <span class='ocrx_word' id='word_1_922' title='bbox 1693 2476 1726 2495; x_wconf 87' lang='lat' dir='ltr'><strong>ne</strong></span> <span class='ocrx_word' id='word_1_923' title='bbox 1746 2472 1824 2495; x_wconf 83' lang='lat' dir='ltr'><strong>noctu</strong></span> 
     </span>
    </p>
   </div>
   <div class='ocr_carea' id='block_1_114' title="bbox 1037 2510 1822 2546">
    <p class='ocr_par' dir='ltr' id='par_1_114' title="bbox 1037 2510 1822 2546">
     <span class='ocr_line' id='line_1_114' title="bbox 1037 2510 1822 2546; baseline 0.003 -9"><span class='ocrx_word' id='word_1_924' title='bbox 1037 2511 1143 2545; x_wconf 87' lang='lat' dir='ltr'><strong>quidem</strong></span> <span class='ocrx_word' id='word_1_925' title='bbox 1168 2510 1231 2538; x_wconf 86' lang='lat' dir='ltr'><strong>sinit</strong></span> <span class='ocrx_word' id='word_1_926' title='bbox 1255 2518 1304 2537; x_wconf 89' lang='lat' dir='ltr'><strong>nos</strong></span> <span class='ocrx_word' id='word_1_927' title='bbox 1332 2510 1373 2537; x_wconf 87' lang='lat' dir='ltr'><strong>vel</strong></span> <span class='ocrx_word' id='word_1_928' title='bbox 1400 2511 1533 2544; x_wconf 88' lang='lat' dir='ltr'><strong>paululum</strong></span> <span class='ocrx_word' id='word_1_929' title='bbox 1562 2513 1715 2546; x_wconf 85' lang='lat' dir='ltr'><strong>respirare;</strong></span> <span class='ocrx_word' id='word_1_930' title='bbox 1742 2513 1785 2540; x_wconf 88' lang='lat' dir='ltr'><strong>hic</strong></span> <span class='ocrx_word' id='word_1_931' title='bbox 1809 2522 1822 2539; x_wconf 88' lang='lat' dir='ltr'><strong>a</strong></span> 
     </span>
    </p>
   </div>
   <div class='ocr_carea' id='block_1_115' title="bbox 1035 2555 1821 2593">
    <p class='ocr_par' dir='ltr' id='par_1_115' title="bbox 1035 2555 1821 2593">
     <span class='ocr_line' id='line_1_115' title="bbox 1035 2555 1821 2593; baseline 0.005 -11"><span class='ocrx_word' id='word_1_932' title='bbox 1035 2555 1166 2589; x_wconf 82' lang='lat' dir='ltr'><strong>superﬂua</strong></span> <span class='ocrx_word' id='word_1_933' title='bbox 1187 2555 1230 2582; x_wconf 74' lang='lat' dir='ltr'><strong>illa</strong></span> <span class='ocrx_word' id='word_1_934' title='bbox 1244 2561 1271 2582; x_wconf 91' lang='lat' dir='ltr'><strong>et</strong></span> <span class='ocrx_word' id='word_1_935' title='bbox 1285 2556 1375 2582; x_wconf 85' lang='lat' dir='ltr'><strong>insana</strong></span> <span class='ocrx_word' id='word_1_936' title='bbox 1400 2564 1464 2583; x_wconf 89' lang='lat' dir='ltr'><strong>cura</strong></span> <span class='ocrx_word' id='word_1_937' title='bbox 1479 2565 1528 2584; x_wconf 87' lang='lat' dir='ltr'><strong>nos</strong></span> <span class='ocrx_word' id='word_1_938' title='bbox 1543 2558 1656 2590; x_wconf 85' lang='lat' dir='ltr'><strong>liberat;</strong></span> <span class='ocrx_word' id='word_1_939' title='bbox 1679 2559 1726 2586; x_wconf 87' lang='lat' dir='ltr'><strong>sed</strong></span> <span class='ocrx_word' id='word_1_940' title='bbox 1746 2559 1821 2593; x_wconf 82' lang='lat' dir='ltr'><strong>jubet</strong></span> 
     </span>
    </p>
   </div>
   <div class='ocr_carea' id='block_1_116' title="bbox 1037 2599 1820 2637">
    <p class='ocr_par' dir='ltr' id='par_1_116' title="bbox 1037 2599 1820 2637">
     <span class='ocr_line' id='line_1_116' title="bbox 1037 2599 1820 2637; baseline 0.006 -11"><span class='ocrx_word' id='word_1_941' title='bbox 1037 2599 1174 2627; x_wconf 79' lang='lat' dir='ltr'><strong>thesauros</strong></span> <span class='ocrx_word' id='word_1_942' title='bbox 1195 2601 1220 2626; x_wconf 93' lang='lat' dir='ltr'><strong>in</strong></span> <span class='ocrx_word' id='word_1_943' title='bbox 1236 2600 1301 2626; x_wconf 67' lang='lat' dir='ltr'><strong>cat-lo</strong></span> <span class='ocrx_word' id='word_1_944' title='bbox 1311 2608 1404 2634; x_wconf 84' lang='lat' dir='ltr'><strong>parare</strong></span> <span class='ocrx_word' id='word_1_945' title='bbox 1421 2609 1491 2628; x_wconf 86' lang='lat' dir='ltr'><strong>:non</strong></span> <span class='ocrx_word' id='word_1_946' title='bbox 1507 2609 1539 2629; x_wconf 82' lang='lat' dir='ltr'><strong>ex</strong></span> <span class='ocrx_word' id='word_1_947' title='bbox 1552 2603 1644 2637; x_wconf 84' lang='lat' dir='ltr'><strong>injuria</strong></span> <span class='ocrx_word' id='word_1_948' title='bbox 1661 2604 1720 2631; x_wconf 85' lang='lat' dir='ltr'><strong>aliis</strong></span> <span class='ocrx_word' id='word_1_949' title='bbox 1731 2605 1800 2631; x_wconf 86' lang='lat' dir='ltr'><strong>illata</strong></span> <span class='ocrx_word' id='word_1_950' title='bbox 1812 2625 1820 2636; x_wconf 85' lang='lat'>.</span> 
     </span>
    </p>
   </div>
   <div class='ocr_carea' id='block_1_117' title="bbox 1035 2644 1821 2680">
    <p class='ocr_par' dir='ltr' id='par_1_117' title="bbox 1035 2644 1821 2680">
     <span class='ocr_line' id='line_1_117' title="bbox 1035 2644 1821 2680; baseline 0.004 -9"><span class='ocrx_word' id='word_1_951' title='bbox 1035 2645 1082 2671; x_wconf 88' lang='lat' dir='ltr'><strong>sed</strong></span> <span class='ocrx_word' id='word_1_952' title='bbox 1098 2653 1129 2671; x_wconf 81' lang='lat' dir='ltr'><strong>ex</strong></span> <span class='ocrx_word' id='word_1_953' title='bbox 1153 2645 1258 2678; x_wconf 87' lang='lat' dir='ltr'><strong>propria</strong></span> <span class='ocrx_word' id='word_1_954' title='bbox 1271 2644 1382 2678; x_wconf 89' lang='lat' dir='ltr'><strong>justitia.</strong></span> <span class='ocrx_word' id='word_1_955' title='bbox 1399 2645 1445 2673; x_wconf 85' lang='lat' dir='ltr'><strong>ille</strong></span> <span class='ocrx_word' id='word_1_956' title='bbox 1459 2652 1518 2680; x_wconf 81' lang='lat' dir='ltr'><strong>pOst</strong></span> <span class='ocrx_word' id='word_1_957' title='bbox 1530 2648 1627 2675; x_wconf 80' lang='lat' dir='ltr'><strong>multos</strong></span> <span class='ocrx_word' id='word_1_958' title='bbox 1642 2648 1752 2676; x_wconf 85' lang='lat' dir='ltr'><strong>sudores</strong></span> <span class='ocrx_word' id='word_1_959' title='bbox 1772 2657 1821 2675; x_wconf 84' lang='lat' dir='ltr'><strong>no-</strong></span> 
     </span>
    </p>
   </div>
   <div class='ocr_carea' id='block_1_118' title="bbox 1035 2689 1820 2726">
    <p class='ocr_par' dir='ltr' id='par_1_118' title="bbox 1035 2689 1820 2726">
     <span class='ocr_line' id='line_1_118' title="bbox 1035 2689 1820 2726; baseline 0.009 -11"><span class='ocrx_word' id='word_1_960' title='bbox 1035 2694 1105 2715; x_wconf 89' lang='lat' dir='ltr'><strong>stros</strong></span> <span class='ocrx_word' id='word_1_961' title='bbox 1118 2694 1144 2715; x_wconf 88' lang='lat' dir='ltr'><strong>et</strong></span> <span class='ocrx_word' id='word_1_962' title='bbox 1167 2689 1287 2716; x_wconf 70' lang='lat' dir='ltr'><strong>miserias</strong></span> <span class='ocrx_word' id='word_1_963' title='bbox 1303 2697 1355 2716; x_wconf 91' lang='lat' dir='ltr'><strong>non</strong></span> <span class='ocrx_word' id='word_1_964' title='bbox 1377 2691 1471 2724; x_wconf 86' lang='lat' dir='ltr'><strong>poterit</strong></span> <span class='ocrx_word' id='word_1_965' title='bbox 1484 2691 1577 2719; x_wconf 88' lang='lat' dir='ltr'><strong>adesse</strong></span> <span class='ocrx_word' id='word_1_966' title='bbox 1590 2693 1665 2719; x_wconf 90' lang='lat' dir='ltr'><strong>nobis</strong></span> <span class='ocrx_word' id='word_1_967' title='bbox 1677 2714 1684 2726; x_wconf 91' lang='lat'><strong>,</strong></span> <span class='ocrx_word' id='word_1_968' title='bbox 1699 2701 1758 2721; x_wconf 85' lang='lat' dir='ltr'><strong>ctm</strong></span> <span class='ocrx_word' id='word_1_969' title='bbox 1772 2702 1820 2722; x_wconf 78' lang='lat' dir='ltr'><strong>ex-</strong></span> 
     </span>
    </p>
   </div>
   <div class='ocr_carea' id='block_1_119' title="bbox 1035 2734 1820 2773">
    <p class='ocr_par' dir='ltr' id='par_1_119' title="bbox 1035 2734 1820 2773">
     <span class='ocr_line' id='line_1_119' title="bbox 1035 2734 1820 2773; baseline 0.008 -13"><span class='ocrx_word' id='word_1_970' title='bbox 1035 2738 1118 2761; x_wconf 86' lang='lat' dir='ltr'><strong>tremo</strong></span> <span class='ocrx_word' id='word_1_971' title='bbox 1133 2734 1262 2768; x_wconf 87' lang='lat' dir='ltr'><strong>supplicio</strong></span> <span class='ocrx_word' id='word_1_972' title='bbox 1277 2735 1416 2769; x_wconf 84' lang='lat' dir='ltr'><strong>puniemur</strong></span> <span class='ocrx_word' id='word_1_973' title='bbox 1427 2756 1435 2768; x_wconf 87' lang='lat'><strong>,</strong></span> <span class='ocrx_word' id='word_1_974' title='bbox 1451 2740 1478 2763; x_wconf 89' lang='lat' dir='ltr'><strong>et</strong></span> <span class='ocrx_word' id='word_1_975' title='bbox 1493 2738 1528 2764; x_wconf 91' lang='lat' dir='ltr'><strong>ob</strong></span> <span class='ocrx_word' id='word_1_976' title='bbox 1541 2737 1612 2772; x_wconf 76' lang='lat' dir='ltr'><strong>leges</strong></span> <span class='ocrx_word' id='word_1_977' title='bbox 1626 2738 1684 2773; x_wconf 86' lang='lat' dir='ltr'><strong>ejus</strong></span> <span class='ocrx_word' id='word_1_978' title='bbox 1699 2745 1820 2766; x_wconf 70' lang='lat' dir='ltr'><strong>seriatas</strong></span> 
     </span>
    </p>
   </div>
   <div class='ocr_carea' id='block_1_120' title="bbox 1035 2779 1819 2819">
    <p class='ocr_par' dir='ltr' id='par_1_120' title="bbox 1035 2779 1819 2819">
     <span class='ocr_line' id='line_1_120' title="bbox 1035 2779 1819 2819; baseline 0.01 -15"><span class='ocrx_word' id='word_1_979' title='bbox 1035 2779 1102 2805; x_wconf 89' lang='lat' dir='ltr'><strong>mala</strong></span> <span class='ocrx_word' id='word_1_980' title='bbox 1119 2779 1268 2813; x_wconf 87' lang='lat' dir='ltr'><strong>patiemur;</strong></span> <span class='ocrx_word' id='word_1_981' title='bbox 1283 2780 1336 2806; x_wconf 89' lang='lat' dir='ltr'><strong>imo</strong></span> <span class='ocrx_word' id='word_1_982' title='bbox 1351 2780 1483 2808; x_wconf 81' lang='lat' dir='ltr'><strong>ﬂammam</strong></span> <span class='ocrx_word' id='word_1_983' title='bbox 1498 2783 1626 2811; x_wconf 83' lang='lat' dir='ltr'><strong>accendet</strong></span> <span class='ocrx_word' id='word_1_984' title='bbox 1639 2792 1645 2816; x_wconf 88' lang='lat'>;</span> <span class='ocrx_word' id='word_1_985' title='bbox 1661 2785 1702 2811; x_wconf 89' lang='lat' dir='ltr'><strong>hic</strong></span> <span class='ocrx_word' id='word_1_986' title='bbox 1715 2785 1736 2812; x_wconf 91' lang='lat' dir='ltr'><strong>si</strong></span> <span class='ocrx_word' id='word_1_987' title='bbox 1753 2794 1819 2819; x_wconf 68' lang='lat' dir='ltr'><strong>pra:-~</strong></span> 
     </span>
    </p>
   </div>
   <div class='ocr_carea' id='block_1_121' title="bbox 1034 2824 1814 2865">
    <p class='ocr_par' dir='ltr' id='par_1_121' title="bbox 1034 2824 1814 2865">
     <span class='ocr_line' id='line_1_121' title="bbox 1034 2824 1814 2865; baseline 0.006 -14"><span class='ocrx_word' id='word_1_988' title='bbox 1034 2824 1112 2858; x_wconf 87' lang='lat' dir='ltr'><strong>cipiat</strong></span> <span class='ocrx_word' id='word_1_989' title='bbox 1134 2826 1254 2859; x_wconf 79' lang='lat' dir='ltr'><strong>poculum</strong></span> <span class='ocrx_word' id='word_1_990' title='bbox 1270 2832 1344 2860; x_wconf 72' lang='lat' dir='ltr'><strong>aquaa</strong></span> <span class='ocrx_word' id='word_1_991' title='bbox 1358 2825 1459 2861; x_wconf 75' lang='lat' dir='ltr'><strong>frigidze</strong></span> <span class='ocrx_word' id='word_1_992' title='bbox 1474 2827 1553 2863; x_wconf 90' lang='lat' dir='ltr'><strong>dare,</strong></span> <span class='ocrx_word' id='word_1_993' title='bbox 1570 2837 1603 2857; x_wconf 88' lang='lat' dir='ltr'><strong>ne</strong></span> <span class='ocrx_word' id='word_1_994' title='bbox 1618 2829 1695 2864; x_wconf 88' lang='lat' dir='ltr'><strong>hujus</strong></span> <span class='ocrx_word' id='word_1_995' title='bbox 1709 2830 1814 2865; x_wconf 81' lang='lat' dir='ltr'><strong>quidem</strong></span> 
     </span>
    </p>
   </div>
  </div>
