2044 3113
127 166 153 194 δθ
643 158 675 186 lN
695 156 849 186 manus.“
870 156 984 184 HOMIL.
1002 157 1046 184 I.\'.
1067 157 1101 184 al.
1117 157 1182 185 vnt.
1709 160 1742 186 το

129 223 179 252 facti
201 220 352 248 mercedem
368 218 454 246 amitti
470 218 540 245 sittet
554 237 562 250 ,
578 216 625 244 sed
645 216 717 251 large
733 223 782 242 ttos
797 215 906 250 prtemio

128 267 235 297 donabit.
254 267 348 292 Annon
363 269 490 291 extrema:
504 262 645 290 detnentite
661 261 742 288 fuerit
754 282 762 294 ,
779 265 831 288 tam
847 261 906 295 pla-

129 314 176 341 cida
191 317 216 338 et
231 316 270 337 tot
289 309 367 337 benis
382 309 479 335 referta
501 307 628 335 servitute
643 307 762 342 neglecta
775 327 782 338 ,
799 306 905 340 ingrato

127 357 218 386 servire
240 360 352 391 tyranno
364 374 371 384 ,
386 353 431 388 qui
455 360 540 387 neque
561 351 623 383 hic,
640 359 726 386 neque
748 350 802 377 illic
820 354 909 384 potest

127 411 165 430 eos
177 401 219 436 qtti
235 400 285 426 sibi
301 400 480 432 obsequentes
498 402 560 424 sunt
573 397 687 430 juvarc?
704 396 796 431 Neque
820 395 845 422 id
861 403 907 422 so—

128 451 173 477 tutn
194 448 255 475 mali
271 452 297 474 et
318 446 408 473 damni
422 450 481 474 est.
495 444 566 479 quod
581 443 712 477 supplicio
732 442 843 469 traditos
855 449 908 468 non

128 500 211 527 eruat;
226 493 274 521 sed
296 492 366 528 quod
380 513 386 524 ,
402 497 431 518 ut
444 491 514 522 dixi,
529 497 657 524 sequaces
677 496 740 516 suos
762 487 909 515 innumeris

128 544 211 569 obruat
227 540 314 567 malis.
338 538 470 564 Plurimos
492 536 562 563 enim
576 543 608 562 ex
624 535 655 561 iis
671 535 713 568 qui
730 534 764 560 ibi
787 533 909 560 crucian-

130 594 164 614 tur
174 607 180 619 ,
195 585 286 612 videre
305 588 347 610 est
367 583 427 610 ideo
442 581 571 616 supplicio
588 580 699 607 traditos
712 599 719 611 ,
733 579 803 613 quod
828 585 909 612 pecu-

129 633 172 660 niis
185 630 327 657 servierint
340 634 367 656 et
379 635 472 655 aurum
487 626 601 653 amariut
611 646 618 658 ,
629 625 772 659 egenisque
784 631 836 650 non
850 630 909 650 ero-

128 679 214 714 gariut.
231 677 296 709 Qua:
319 683 352 703 ne
366 682 415 701 nos
425 681 530 708 quoque
545 672 690 707 patiamur,
703 671 888 705 dispergamus
900 690 908 702 ,

129 726 213 751 demus
228 720 387 756 pauperibus
400 740 408 752 ,
431 719 547 745 animam
570 722 686 744 uostratn
710 722 835 743 eruamus
849 720 876 742 et
895 721 909 740 a

961 215 1047 242 noxiis
1068 214 1146 249 hujus
1172 216 1235 241 vittc
1257 216 1345 249 curis,
1360 221 1386 243 et
1400 225 1415 244 a
1439 219 1570 253 supplicio
1593 219 1645 247 illic
1668 223 1744 250 nobis

961 265 1053 295 parato
1069 261 1252 294 :deponatntts
1263 261 1392 296 justitiam
1408 264 1433 290 in
1448 265 1520 292 cwlis
1536 274 1542 290 ε
1559 267 1616 292 loco
1628 271 1747 294 terrena-

961 315 1018 334 rum
1027 314 1107 341 opum
1120 306 1275 341 colligamus
1287 307 1426 336 thesauros.
1437 311 1479 345 qui
1491 312 1592 338 absumi
1605 318 1746 348 nequeant,

963 353 1102 380 thesauros
1115 353 1158 387 qtti
1171 353 1273 387 possint
1286 354 1423 381 nobiscum
1439 356 1463 382 in
1479 357 1573 384 ca‘lum
1590 359 1728 391 pervenire
1739 379 1746 389 .

961 399 1006 433 qui
1021 400 1123 433 possint
1143 399 1220 426 nobis
1236 399 1446 434 periclitantibus
1465 403 1622 435 patrocinari
1638 409 1664 431 et
1677 405 1745 438 jtttli-

961 453 1018 471 cetn
1034 444 1148 472 reddere
1162 445 1320 479 propitium;
1335 454 1412 480 quem
1433 447 1532 473 utinam
1548 453 1575 474 ct
1599 457 1668 476 uuttc
1681 455 1707 476 et
1722 450 1746 477 itt

962 491 1006 518 illa
1020 491 1063 518 die
1077 491 1220 526 propitittm
1234 491 1362 518 habentes
1372 513 1380 525 ,
1395 499 1453 519 cum
1467 493 1590 521 libertate
1605 495 1681 523 bonis
1695 496 1746 523 illis

963 537 988 562 in
1004 536 1069 562 caalo
1085 536 1184 570 paratis
1201 537 1232 563 iis
1245 537 1288 570 qtti
1305 541 1377 563 recte
1390 537 1501 572 diligunt
1515 545 1574 564 etuu
1587 560 1593 569 ,
1609 539 1744 567 fruamur:

961 582 1044 616 gratia
1066 587 1092 608 et
1112 582 1274 616 benignitate
1301 583 1406 610 Domini
1434 583 1517 610 nostri
1541 584 1604 611 Jesn
1629 585 1726 612 Christi
1742 608 1748 616 ,

962 627 1067 661 quicum
1083 627 1152 653 Patri
1168 628 1250 662 gloria
1268 636 1372 662 unaque
1387 633 1480 655 sancto
1494 629 1614 663 Spiritui,
1631 638 1699 657 nunc
1724 637 1750 658 et

962 679 1084 706 semper,
1101 677 1126 699 et
1141 672 1167 699 in
1183 673 1279 700 sarcula
1294 674 1463 701 saeculorum.
1479 674 1573 701 Amen.

129 779 1156 796 ___________________

816 818 989 850 HOMILIA
1005 818 1062 849 ΙΧ.

168 897 207 924 Η.
221 895 256 923 In
271 895 375 930 propria
388 893 463 926 venit,
479 898 502 920 et
515 896 554 920 sui
568 901 624 919 eum
638 900 688 918 non
708 895 864 925 receperunt.

159 944 183 970 1.
196 943 224 969 Si
240 942 358 976 priorutn
371 939 579 967 retniuiscamini
593 959 601 971 ,
615 946 674 972 quae
688 941 835 972 sequuntur
848 944 908 963 cttm

127 988 212 1022 majori
237 987 375 1014 alacritate
397 984 574 1018 adjiciamus,
597 988 688 1017 tttpote
712 983 756 1017 qtti
784 989 908 1016 magnum

128 1034 275 1069 impendere
291 1033 393 1059 lucrum
417 1031 563 1058 videamus.
586 1030 621 1056 Ita
645 1030 716 1056 enim
740 1028 815 1056 vobis
830 1031 908 1062 captu

128 1081 222 1108 facilior
238 1086 326 1105 sermo
348 1078 419 1109 erit,
435 1077 456 1104 si
475 1076 530 1109 jam
554 1076 685 1102 dictorum
713 1073 907 1105 memineritis;

127 1127 249 1160 uobisque
271 1132 323 1151 non
338 1124 422 1150 tnulto
443 1130 510 1157 opus
530 1122 581 1149 erit
602 1121 710 1152 labore,
734 1127 793 1146 cum
816 1126 863 1145 vos
877 1126 909 1144 ex

127 1171 237 1199 discendi
264 1169 410 1204 cupiditate
435 1168 539 1195 acutius
559 1171 656 1194 caetera
680 1165 836 1200 dispicietis.
860 1163 909 1196 Qui

128 1218 192 1245 enim
216 1224 246 1244 ea
273 1223 331 1251 qua;
348 1215 443 1241 tradita
459 1218 522 1240 sttut
537 1220 645 1247 semper
667 1211 784 1244 amittit,
799 1209 911 1237 doctore

125 1270 222 1297 semper
235 1262 335 1297 egebit,
355 1268 404 1288 nec
419 1267 545 1293 umquam
558 1259 624 1285 sciet
639 1257 792 1292 quidpiam;
807 1255 852 1289 qui
863 1263 910 1282 au-

128 1315 174 1337 tem
189 1314 298 1343 accepta
311 1307 428 1335 custodit
440 1327 447 1340 ,
465 1312 490 1333 et
503 1306 603 1340 reliqua
618 1304 792 1339 superaddit,
807 1303 860 1330 cito
876 1309 909 1329 ex

126 1354 248 1388 discipulo
276 1354 401 1387 magister
424 1352 494 1383 erit,
521 1359 570 1378 nec
589 1351 638 1378 sibi
664 1350 767 1382 solum,
782 1348 829 1375 sed
852 1347 910 1374 aliis

125 1408 222 1435 quoque
237 1399 321 1426 utilis.
336 1397 491 1431 Ilujusmod‘t
504 1403 584 1430 spero
598 1396 652 1422 fore
664 1395 731 1421 hanc
742 1394 908 1424 concionem,

125 1446 196 1480 idque
217 1453 249 1471 ex
266 1448 341 1470 tanto
357 1448 446 1469 vestro
466 1442 591 1468 audiendi
607 1441 695 1467 studio
715 1447 840 1475 auguror.
855 1440 910 1474 Age

124 1499 193 1525 ergo,
209 1491 233 1516 itt
250 1489 352 1516 vestris
367 1488 474 1520 animis,
493 1487 569 1521 quasi
582 1487 607 1513 in
625 1486 757 1512 tutissimo
773 1486 907 1517 thesauro,

122 1542 255 1572 argentum
285 1535 390 1562 Dotnitti
405 1535 572 1568 depouamus
583 1553 590 1565 ,
605 1537 633 1559 et
654 1540 715 1567 qua:
737 1531 813 1558 nobis
829 1530 908 1557 hodie

123 1583 252 1618 proposita
283 1586 358 1613 sunt,
374 1586 501 1616 quantum
518 1579 595 1606 nobis
610 1579 726 1613 Spiritus
741 1577 823 1612 gratia
845 1584 909 1610 sup-

121 1629 251 1663 peditabit,
270 1627 444 1662 explicemus.
464 1627 589 1657 Dixerat,
606 1624 719 1650 Mundus
734 1631 790 1650 eum
804 1631 853 1649 non
867 1629 910 1648 co-

121 1675 215 1709 gnovit,
241 1674 277 1701 de
302 1672 496 1707 antiquioribus
524 1671 577 1697 illis
600 1670 763 1704 temporibus
786 1669 907 1703 loquens.

122 1721 257 1749 Descendit
281 1719 381 1746 deinde
402 1718 435 1745 ad
458 1723 561 1752 tempus
578 1716 791 1751 praedicationis,
809 1719 835 1741 et
848 1714 885 1740 ait
901 1721 906 1739 :

121 1766 150 1793 lu
163 1767 266 1801 prapria
282 1766 350 1792 venit
363 1786 370 1796 ,
386 1769 408 1791 et
423 1764 461 1791 sui
477 1772 533 1790 eum
546 1771 596 1789 non
612 1766 770 1797 receperunt.
782 1760 850 1788 Suos
866 1759 909 1786 ltic

119 1812 219 1839 Judtcos
232 1817 325 1843 vocat,
338 1815 367 1837 ut
380 1809 503 1844 populum
518 1808 690 1844 peculiarem,
704 1807 744 1834 vel
758 1807 838 1834 etiam
852 1814 910 1833 0m-

119 1865 163 1884 nes
185 1856 312 1883 homines
333 1861 465 1890 tamquam
480 1854 513 1881 ab
527 1854 585 1888 ipso
596 1857 709 1880 creatos.
726 1853 764 1879 Ac
778 1851 908 1886 quemad-

118 1902 219 1929 modum
234 1909 319 1936 supra
331 1901 366 1927 de
394 1900 537 1927 tnultorttm
552 1899 668 1926 amentia
691 1903 800 1932 stupens
811 1918 818 1929 ,
836 1901 862 1924 et
875 1896 909 1923 de

116 1950 247 1975 communi
260 1952 358 1974 natura
371 1946 533 1973 erubescens
546 1945 662 1976 dicebat,
679 1943 806 1971 mundum
819 1942 852 1970 ab
864 1942 909 1969 illo

117 1993 250 2020 conditum
262 2014 270 2025 ,
287 1996 439 2019 creatorem
461 1998 539 2018 suttm
556 1998 608 2016 ttou
623 1989 778 2024 cognovisse
795 1997 801 2015 :
823 1988 862 2015 sic
883 1992 909 2014 et

117 2039 163 2066 hoc
177 2039 236 2066 loco
250 2037 409 2066 Judtcorum
429 2036 594 2070 aliorumque
620 2035 762 2062 multorum
777 2035 908 2069 ingratum

115 2085 230 2111 animum
245 2092 322 2120 aegre
338 2084 444 2116 ferens,
459 2083 485 2109 itt
498 2082 647 2116 graviorem
661 2081 811 2116 prorumpit
829 2087 909 2106 aecu-

117 2130 245 2158 sationem
259 2151 266 2162 ,
299 2129 417 2157 dicens:
443 2128 491 2156 Sui
514 2136 570 2154 eum
594 2136 645 2154 non
668 2131 834 2161 receperunt,
859 2125 909 2152 ctsi

117 2175 170 2210 ipse
183 2176 216 2203 ad
239 2176 302 2203 illos
318 2175 433 2202 venerit.
460 2166 552 2208 Neque
566 2174 622 2208 ipse
637 2172 723 2199 soltttn
738 2192 745 2205 ,
761 2171 808 2198 sed
829 2171 909 2197 etiam

117 2222 250 2256 propheta:
267 2222 387 2255 idipsum
401 2219 684 2247 mirabundidixerunt
701 2226 708 2244 :
724 2224 826 2244 necnon
843 2217 910 2243 Pau-

116 2267 154 2293 ltts
168 2267 209 2294 his
223 2267 258 2294 de
274 2267 360 2294 rebus
382 2266 584 2300 obstupesccus.
601 2265 634 2291 Et
654 2263 789 2298 prophette
804 2262 909 2297 quidem

115 2320 146 2339 ex
168 2320 284 2346 persona
312 2311 412 2338 Christi
436 2311 582 2338 clamantes
604 2310 752 2337 dixerunt:
777 2308 910 2343 Populus,

115 2366 186 2391 quem
198 2366 250 2384 non
267 2358 379 2392 cognovi
390 2377 397 2388 ,
413 2356 511 2383 servivit
528 2356 590 2382 nti/ti
604 2365 611 2382 :
629 2356 655 2381 in
671 2355 759 2381 auditu
772 2354 838 2380 auris
853 2353 912 2380 obe-

116 2403 173 2429 tlirit
190 2403 262 2429 mihi.
281 2402 347 2429 Filii
359 2402 436 2428 alieni
450 2402 545 2428 mentiti
557 2406 616 2428 sunt
628 2401 708 2431 milti;
724 2400 770 2434 ﬁlii
783 2399 859 2425 alieni
872 2399 912 2424 in-

117 2449 216 2474 reterati
240 2453 303 2473 sunt
318 2468 326 2479 ,
342 2453 364 2473 et
386 2447 591 2473 claudicaverunt
610 2454 625 2472 a
645 2445 739 2472 sentitis
758 2445 810 2470 suis
827 2443 910 2479 (Psul.

118 2494 158 2519 l7.
175 2493 218 2521 45.
235 2492 296 2528 46).
315 2493 350 2519 Ει
366 2499 471 2519 rursum
488 2501 494 2519 :
512 2491 609 2524 Quibus
624 2499 674 2517 non
687 2495 722 2518 eu
736 2494 867 2516 narratum
883 2489 914 2515 de

117 2547 159 2569 ro,
176 2538 301 2564 videbunt
314 2545 323 2563 :
342 2542 365 2563 et
379 2537 422 2571 qui
446 2545 496 2563 non
518 2537 667 2568 audierunt,
683 2535 819 2569 intelligent
835 2533 910 2568 (Isai.

117 2582 158 2609 S2.
177 2583 221 2617 l5)
235 2591 242 2614 ;
259 2587 305 2614 et,
323 2581 443 2608 Inventus
458 2590 512 2608 sum
525 2590 541 2608 a
554 2589 603 2608 non
616 2581 783 2614 qua‘rentibus
797 2586 854 2606 me:
868 2587 914 2614 pa-

119 2629 166 2654 lum
177 2628 292 2663 apparui
307 2628 341 2654 iis
355 2628 396 2662 qui
412 2635 510 2654 menon
523 2626 709 2661 interrogabant
722 2625 802 2659 (Ibid.
819 2625 862 2651 66.
878 2624 913 2658 l).

119 2673 217 2700 Paulus
238 2679 336 2700 autent
360 2673 392 2698 ad
410 2673 544 2699 Romanos
561 2671 683 2698 scribens
704 2670 830 2701 dicebat:
848 2669 915 2701 Quid

119 2727 174 2753 ergo
184 2719 196 2745 γ
208 2719 279 2752 quod
290 2718 420 2752 quwrebat
435 2717 537 2749 Israel,
554 2717 600 2742 hoc
615 2724 666 2742 non
681 2720 716 2742 cst
731 2721 915 2750 consequutus:

119 2765 203 2791 (let-tto
219 2770 309 2791 autem
324 2769 478 2796 consequuta
494 2769 528 2790 est
544 2763 633 2797 (Ilont.
646 2763 653 2789 l
665 2763 687 2789 Ι.
702 2763 739 2797 7).
756 2763 787 2789 ΕΙ.
800 2762 894 2788 iterum
909 2770 914 2787 ἶ

121 2810 186 2840 Quid
201 2819 263 2844 ergo
278 2809 418 2836 dicemus?
435 2808 509 2842 Quod
523 2813 608 2843 gentes
619 2829 626 2840 ,
649 2816 705 2841 qua!
721 2816 770 2834 non
785 2807 916 2834 sectaban-

120 2860 157 2882 tur
176 2857 328 2892 justitiam,
354 2855 571 2890 appro/tetulerunt
593 2854 721 2888 justitiam
740 2862 748 2880 :
765 2853 847 2881 Israel
861 2861 917 2880 vero

963 891 1175 925 sectandolrgcm
1187 892 1310 926 justitiaa,
1327 893 1353 919 in
1366 893 1445 928 legem
1459 895 1567 929 justitia:
1578 904 1627 922 non
1643 899 1752 931 peruenit

967 936 1052 970 (Rom.
1068 936 1094 963 9.
1112 936 1167 971 50).
1184 937 1236 964 llcs
1249 943 1289 965 est
1303 939 1374 965 enim
1390 939 1567 968 admiratione
1581 942 1671 977 digna,
1687 951 1752 977 quo-

964 981 1044 1008 modo
1059 982 1074 1007 ii
1089 983 1132 1016 qui
1153 984 1178 1008 itt
1202 983 1364 1018 propheticis
1379 985 1453 1012 libris
1468 986 1571 1013 educati
1594 993 1655 1014 sunt
1668 1009 1675 1021 ,
1691 990 1751 1023 qui-

963 1035 1015 1062 que
1037 1029 1155 1062 quotidie
1176 1029 1286 1056 audiunt
1310 1031 1416 1066 Moysen
1441 1032 1579 1060 innumera
1600 1034 1633 1061 de
1654 1035 1752 1062 Christi

964 1072 1079 1099 adventu
1105 1074 1255 1108 loquentem
1270 1095 1276 1107 ,
1292 1083 1395 1102 necnon
1418 1078 1586 1110 sequentium
1604 1084 1751 1114 temporum

965 1118 1107 1152 prophetas
1121 1139 1128 1151 ,
1144 1124 1223 1152 atque
1237 1119 1322 1153 ipsum
1345 1120 1478 1149 Christum
1492 1123 1610 1157 quotidie
1625 1124 1751 1151 miracula

966 1168 1112 1197 patranlem
1125 1184 1132 1196 ,
1149 1173 1262 1199 cumque
1286 1166 1349 1200 ipsis
1364 1167 1429 1194 solis
1454 1174 1602 1196 versantem
1616 1190 1624 1202 ,
1639 1171 1750 1198 necdum

966 1210 1160 1243 permittentetn
1176 1211 1313 1246 discipulis
1328 1218 1355 1239 ιιι
1370 1214 1395 1239 in
1411 1214 1479 1241 viam
1494 1216 1611 1249 gentium
1626 1217 1730 1244 abirent
1743 1239 1750 1249 ,

964 1259 1009 1281 attt
1023 1255 1047 1281 itt
1062 1255 1196 1283 civitatem
1212 1256 1439 1286 Samaritanorum
1453 1260 1665 1295 ingrederentur,
1682 1264 1751 1297 quod

965 1308 1051 1335 neque
1060 1301 1115 1335 ipse
1132 1301 1242 1329 faciebat
1253 1323 1260 1335 ,
1276 1303 1321 1330 sed
1332 1303 1485 1339 frequenter
1493 1306 1597 1334 diccbat
1605 1316 1634 1335 se
1642 1309 1751 1336 missum

965 1353 1024 1373 esse
1039 1347 1071 1373 ad
1087 1355 1151 1374 oves
1160 1355 1218 1381 quae
1228 1348 1553 1382 perierantdnmuslsrael
1565 1360 1571 1383 ;
1585 1357 1700 1380 attamen
1715 1354 1751 1380 illi

965 1396 1024 1425 post
1032 1396 1070 1418 tot
1081 1392 1154 1426 signa
1166 1393 1190 1419 ιιι
1203 1394 1313 1428 gratiam
1323 1395 1362 1421 sui
1374 1395 1454 1428 edita,
1467 1403 1526 1423 cum
1537 1398 1677 1432 prophetas
1687 1407 1752 1433 quo-

966 1436 1166 1469 tidieaudirent.
1179 1438 1317 1473 ipsumque
1328 1440 1460 1467 Christum
1472 1442 1578 1469 assidue
1587 1449 1750 1475 mouentem.

965 1489 1047 1515 usque
1062 1483 1128 1510 adeo
1149 1491 1234 1511 caecos
1248 1489 1328 1519 atque
1350 1486 1444 1513 surdos
1467 1495 1496 1513 se
1520 1489 1708 1522 prtestiteriut,
1724 1495 1752 1517 ut

964 1527 1037 1553 nullo
1058 1535 1149 1554 eorum
1165 1529 1197 1555 ad
1212 1528 1290 1556 Iidem
1316 1530 1340 1556 iu
1355 1530 1488 1557 Christum
1503 1532 1590 1559 induci
1607 1535 1750 1567 potnt-rint.

1000 1573 1111 1600 Externa
1124 1574 1283 1609 philosophia
1296 1584 1370 1609 quam
1383 1578 1492 1603 absurda
1505 1580 1624 1613 etturlris.
1635 1595 1669 1599 —-
1678 1580 1750 1607 Geu-

965 1617 1022 1644 tiles
1044 1624 1131 1645 autem
1148 1620 1215 1646 nihil
1235 1620 1328 1647 horum
1349 1624 1504 1656 consequuti
1520 1643 1527 1655 .
1541 1623 1627 1651 divina
1644 1627 1750 1653 oracula

965 1671 997 1689 ne
1010 1664 1034 1690 itt
1048 1664 1148 1691 somnis
1158 1665 1264 1699 quidem
1291 1666 1429 1694 attdierant
1444 1677 1450 1700 ;
1469 1668 1514 1695 sed
1530 1669 1554 1695 in
1571 1669 1664 1696 falndis
1679 1673 1734 1698 insa
1744 1687 1750 1690 -

963 1709 1091 1736 nientitun
1107 1711 1202 1737 versati
1216 1711 1224 1747 (
1240 1711 1278 1738 sic
1292 1713 1362 1739 cuitu
1378 1721 1442 1739 voco
1453 1718 1590 1741 externam
1607 1716 1677 1742 illatn
1694 1717 1751 1750 phi-

964 1754 1111 1790 losophiam
1123 1756 1132 1791 )
1146 1761 1172 1783 ct
1189 1762 1325 1791 poetarum
1343 1758 1515 1787 deliramenta
1533 1765 1674 1788 tractantes
1691 1783 1698 1794 ,
1721 1763 1751 1789 li-

962 1801 1021 1836 guis
1044 1806 1071 1829 et
1091 1802 1221 1836 lapidibus
1241 1803 1339 1830 addicti
1355 1810 1431 1831 erant
1444 1826 1451 1837 ,
1471 1813 1518 1832 nec
1537 1807 1577 1833 vel
1591 1807 1615 1833 itt
1630 1808 1750 1835 doctrina

965 1847 1005 1873 vel
1021 1847 1046 1873 in
1064 1855 1166 1874 morum
1178 1849 1317 1883 disciplina
1328 1850 1462 1884 qttidpiam
1476 1859 1569 1878 sanum
1580 1853 1619 1879 vel
1628 1854 1690 1880 utile
1701 1863 1749 1880 It0-

963 1896 1072 1924 verant;
1087 1892 1139 1918 vita
1154 1894 1250 1928 quippe
1264 1894 1367 1920 illorum
1388 1896 1515 1930 impurior
1530 1905 1608 1932 quam
1632 1898 1750 1926 doctrina

962 1936 1152 1972 scelestiorque
1160 1943 1227 1965 erat.
1237 1939 1304 1971 Quid
1320 1946 1407 1967 autem
1423 1942 1492 1967 aliud
1507 1943 1667 1976 sperandum
1682 1949 1749 1976 erat,

961 1989 1020 2008 cum
1036 1983 1100 2010 deos
1115 1991 1179 2010 suos
1192 1984 1313 2012 viderent
1325 1987 1405 2013 nullis
1421 1994 1471 2013 non
1481 1987 1586 2022 ﬂagitiis
1593 1989 1749 2023 gaudentes,

960 2031 1040 2062 atque
1055 2029 1188 2056 obscoenis
1201 2031 1289 2057 verbis
1301 2052 1308 2063 ,
1323 2031 1588 2067 ohscmnioribusque
1598 2034 1677 2061 rebus
1691 2035 1750 2062 cul-

962 2079 1002 2101 tos
1017 2083 1023 2100 :
1040 2075 1096 2101 lucc
1113 2083 1160 2109 pro
1175 2075 1249 2102 festis
1264 2076 1357 2104 diebus
1370 2082 1396 2104 et
1412 2086 1459 2112 pro
1472 2078 1573 2105 honore
1596 2079 1725 2107 habentes
1741 2089 1748 2108 τ

960 2121 993 2148 ad
1009 2121 1064 2147 haec
1077 2121 1157 2148 etiam
1174 2122 1294 2149 nefandis
1318 2123 1435 2150 czedihus
1450 2145 1456 2156 ,
1479 2132 1676 2160 puerorumque
1691 2134 1749 2153 ma-

961 2167 1122 2194 ctationibus
1135 2167 1290 2201 honoratos,
1302 2177 1353 2204 qua
1363 2169 1388 2196 in
1402 2177 1431 2197 re
1445 2170 1510 2197 deos
1525 2171 1573 2204 ipsi
1587 2178 1649 2199 suos
1663 2171 1751 2198 imita-

963 2212 1067 2239 bantur.
1081 2214 1204 2241 Attamen
1217 2215 1242 2241 in
1258 2215 1342 2249 ipsum
1355 2216 1480 2249 nequitia:
1495 2216 1656 2250 profundum
1673 2218 1751 2252 lapsi,

964 2263 1072 2292 repente
1083 2261 1158 2293 quasi
1171 2268 1217 2294 per
1229 2261 1371 2294 quamdam
1384 2261 1532 2288 machinam
1546 2263 1675 2290 sublimes
1689 2264 1752 2296 acti.

962 2315 994 2334 ex
1009 2306 1066 2340 ipso
1079 2305 1205 2332 caelorum
1221 2306 1320 2333 vertice
1331 2306 1456 2334 sublimes
1469 2307 1545 2333 nobis
1560 2314 1752 2342 apparuerunt.

964 2351 992 2377 ld
1005 2359 1069 2378 vero
1085 2350 1218 2385 quomodo
1231 2354 1258 2377 et
1275 2350 1344 2377 unde
1357 2351 1465 2378 evenit?
1480 2352 1547 2378 Audi
1561 2352 1672 2379 Paulum
1691 2362 1752 2379 uar-

965 2401 1079 2424 rantetn.
1097 2396 1193 2423 Beatus
1206 2397 1305 2431 quippe
1319 2396 1364 2424 ille
1381 2417 1388 2429 ,
1404 2397 1466 2424 dum
1489 2397 1546 2425 haec
1561 2398 1702 2433 diligenter
1718 2400 1754 2426 in-

964 2443 1091 2477 qttireret,
1106 2450 1156 2468 non
1177 2443 1292 2469 cessavit
1314 2442 1399 2470 donec
1413 2451 1520 2470 causam
1542 2444 1687 2472 invenisset
1701 2465 1708 2478 ,
1724 2451 1752 2472 nt

965 2488 1088 2514 otnttibus
1109 2488 1234 2521 aperiret.
1258 2489 1385 2521 Quaauam
1401 2489 1444 2515 illa
1460 2493 1500 2516 est
1517 2510 1523 2522 ,
1549 2495 1575 2516 et
1593 2490 1660 2517 ttude
1683 2495 1752 2516 tanta

965 2534 1069 2560 ett-citas
1084 2534 1147 2567 ipsis
1162 2533 1305 2560 obvenerat
1317 2534 1329 2560 Ἰ
1340 2534 1407 2561 Audi
1423 2535 1496 2561 illum
1510 2535 1552 2561 cui
1563 2535 1620 2562 hoc
1634 2536 1753 2562 ministe-

966 2581 1034 2607 rittm
1047 2581 1177 2607 creditum
1192 2580 1287 2607 fuerat.
1303 2581 1372 2614 Quid
1388 2589 1451 2616 ergo
1465 2581 1528 2608 dicit
1541 2602 1548 2614 ,
1565 2588 1593 2608 ut
1607 2583 1747 2610 dubitatio-

968 2634 1027 2653 nem
1048 2626 1190 2653 tnultoruttt
1209 2626 1319 2653 solvat?
1342 2626 1492 2662 Ignorantes
1501 2628 1629 2662 justitiam
1652 2627 1697 2654 Dei
1710 2649 1717 2659 ,
1732 2634 1755 2654 rt

967 2676 1104 2705 quwrantes
1118 2672 1247 2706 propriam
1256 2672 1384 2706 justitiam
1397 2678 1515 2703 statuere,
1524 2673 1634 2707 justititc
1649 2673 1695 2700 Dei
1705 2683 1755 2700 nou

968 2722 1025 2744 sunt
1033 2717 1137 2752 subjerti
1149 2718 1235 2751 (Item.
1244 2718 1286 2743 10.
1296 2717 1334 2752 5).
1347 2717 1488 2752 Propterea
1497 2718 1592 2752 ergoid
1605 2719 1673 2753 passi
1681 2724 1754 2745 sunt.

970 2764 1007 2790 Ac
1020 2771 1111 2789 rursus
1122 2762 1234 2796 idipsutn
1253 2763 1331 2788 aliter
1348 2763 1483 2796 explicans
1502 2763 1567 2790 dicit
1584 2773 1590 2790 :
1616 2764 1683 2796 Quid
1698 2773 1756 2799 ergo

970 2808 1077 2834 dicemus
1091 2808 1102 2833 2’
1119 2808 1192 2840 Quod
1214 2813 1297 2842 gentes
1311 2816 1366 2840 qua:
1376 2817 1426 2834 non
1438 2808 1598 2835 sectabantur
1607 2809 1734 2843 justitiam
1747 2827 1754 2836 ι

973 2852 1190 2889 apprcltcnderunt
1206 2853 1332 2886 justitiam
1344 2862 1352 2880 :
1360 2854 1485 2888 justitiam
1505 2859 1587 2881 autem
1598 2862 1654 2889 qua!
1666 2863 1696 2881 ex
1708 2855 1758 2888 ﬁtte-
