  <div class='ocr_page' id='page_1' title='image "/cluster/home/n/w/nwhite01/storage/ocr_20150623/59/njp.32101077772661/069.png"; bbox 0 0 2044 3113; ppageno 0'>
   <div class='ocr_carea' id='block_1_1' title="bbox 302 162 1935 199">
    <p class='ocr_par' dir='ltr' id='par_1_1' title="bbox 302 162 1935 199">
     <span class='ocr_line' id='line_1_1' title="bbox 302 162 1935 199; baseline 0.003 -7"><span class='ocrx_word' id='word_1_1' title='bbox 302 172 329 199; x_wconf 71' lang='grc' dir='ltr'><strong>τί</strong></span> <span class='ocrx_word' id='word_1_2' title='bbox 653 166 681 194; x_wconf 84' lang='grc'><strong>5.</strong></span> <span class='ocrx_word' id='word_1_3' title='bbox 701 163 839 193; x_wconf 74' lang='lat' dir='ltr'><strong>JOANNIS</strong></span> <span class='ocrx_word' id='word_1_4' title='bbox 857 162 1090 192; x_wconf 73' lang='lat' dir='ltr'><strong>CHRYSOSTOMI</strong></span> <span class='ocrx_word' id='word_1_5' title='bbox 1110 163 1269 192; x_wconf 78' lang='lat' dir='ltr'><strong>ARCHIEP.</strong></span> <span class='ocrx_word' id='word_1_6' title='bbox 1290 165 1554 196; x_wconf 77' lang='lat' dir='ltr'><strong>CONSTANTINOP.</strong></span> <span class='ocrx_word' id='word_1_7' title='bbox 1902 172 1935 198; x_wconf 66' lang='grc' dir='ltr'><strong>’.ΥΞ</strong></span> 
     </span>
    </p>
   </div>
   <div class='ocr_carea' id='block_1_2' title="bbox 301 219 1092 257">
    <p class='ocr_par' dir='ltr' id='par_1_2' title="bbox 301 219 1092 257">
     <span class='ocr_line' id='line_1_2' title="bbox 301 219 1092 257; baseline -0.011 -3"><span class='ocrx_word' id='word_1_8' title='bbox 301 233 346 254; x_wconf 77' lang='lat' dir='ltr'><strong>ut.</strong></span> <span class='ocrx_word' id='word_1_9' title='bbox 359 225 442 254; x_wconf 58' lang='lat' dir='ltr'><strong>Israel</strong></span> <span class='ocrx_word' id='word_1_10' title='bbox 452 234 508 253; x_wconf 71' lang='lat' dir='ltr'><strong>vero</strong></span> <span class='ocrx_word' id='word_1_11' title='bbox 521 223 637 251; x_wconf 68' lang='lat' dir='ltr'><strong>sectanda</strong></span> <span class='ocrx_word' id='word_1_12' title='bbox 644 222 721 257; x_wconf 85' lang='lat' dir='ltr'><strong>legem</strong></span> <span class='ocrx_word' id='word_1_13' title='bbox 727 221 845 257; x_wconf 75' lang='lat' dir='ltr'><strong>justitia&#39;,</strong></span> <span class='ocrx_word' id='word_1_14' title='bbox 859 221 885 247; x_wconf 88' lang='lat' dir='ltr'><strong>in</strong></span> <span class='ocrx_word' id='word_1_15' title='bbox 898 221 976 256; x_wconf 78' lang='lat' dir='ltr'><strong>legem</strong></span> <span class='ocrx_word' id='word_1_16' title='bbox 984 219 1092 255; x_wconf 77' lang='lat' dir='ltr'><strong>justitite</strong></span> 
     </span>
    </p>
   </div>
   <div class='ocr_carea' id='block_1_3' title="bbox 304 267 1092 308">
    <p class='ocr_par' dir='ltr' id='par_1_3' title="bbox 304 267 1092 308">
     <span class='ocr_line' id='line_1_3' title="bbox 304 267 1092 308; baseline -0.013 -7"><span class='ocrx_word' id='word_1_17' title='bbox 304 283 353 301; x_wconf 71' lang='lat' dir='ltr'><strong>non</strong></span> <span class='ocrx_word' id='word_1_18' title='bbox 366 273 485 308; x_wconf 68' lang='lat' dir='ltr'><strong>pervenit.</strong></span> <span class='ocrx_word' id='word_1_19' title='bbox 502 271 548 296; x_wconf 82' lang='lat' dir='ltr'><strong>Dic</strong></span> <span class='ocrx_word' id='word_1_20' title='bbox 557 278 607 304; x_wconf 86' lang='lat' dir='ltr'><strong>qua</strong></span> <span class='ocrx_word' id='word_1_21' title='bbox 621 270 653 296; x_wconf 82' lang='lat' dir='ltr'><strong>de</strong></span> <span class='ocrx_word' id='word_1_22' title='bbox 663 277 739 296; x_wconf 71' lang='lat' dir='ltr'><strong>causa</strong></span> <span class='ocrx_word' id='word_1_23' title='bbox 749 269 762 295; x_wconf 67' lang='grc' dir='ltr'><em>γ</em></span> <span class='ocrx_word' id='word_1_24' title='bbox 776 268 842 301; x_wconf 83' lang='lat' dir='ltr'><strong>Quia</strong></span> <span class='ocrx_word' id='word_1_25' title='bbox 851 276 900 294; x_wconf 86' lang='lat' dir='ltr'><strong>non</strong></span> <span class='ocrx_word' id='word_1_26' title='bbox 914 275 945 294; x_wconf 81' lang='lat' dir='ltr'><strong>ea:</strong></span> <span class='ocrx_word' id='word_1_27' title='bbox 959 267 1010 301; x_wconf 77' lang='lat' dir='ltr'><strong>ﬁde</strong></span> <span class='ocrx_word' id='word_1_28' title='bbox 1024 274 1033 292; x_wconf 90' lang='lat'><em>:</em></span> <span class='ocrx_word' id='word_1_29' title='bbox 1045 267 1092 292; x_wconf 89' lang='lat' dir='ltr'><strong>im-</strong></span> 
     </span>
    </p>
   </div>
   <div class='ocr_carea' id='block_1_4' title="bbox 302 311 1090 354">
    <p class='ocr_par' dir='ltr' id='par_1_4' title="bbox 302 311 1090 354">
     <span class='ocr_line' id='line_1_4' title="bbox 302 311 1090 354; baseline -0.009 -9"><span class='ocrx_word' id='word_1_30' title='bbox 302 325 422 354; x_wconf 71' lang='lat' dir='ltr'><strong>pegerum</strong></span> <span class='ocrx_word' id='word_1_31' title='bbox 437 317 501 344; x_wconf 74' lang='lat' dir='ltr'><strong>enim</strong></span> <span class='ocrx_word' id='word_1_32' title='bbox 515 316 541 342; x_wconf 84' lang='lat' dir='ltr'><strong>in</strong></span> <span class='ocrx_word' id='word_1_33' title='bbox 554 315 665 350; x_wconf 79' lang='lat' dir='ltr'><strong>lapidem</strong></span> <span class='ocrx_word' id='word_1_34' title='bbox 681 313 826 347; x_wconf 67' lang='lat' dir='ltr'><strong>offensionis</strong></span> <span class='ocrx_word' id='word_1_35' title='bbox 840 313 926 349; x_wconf 85' lang='lat' dir='ltr'><strong>(Rom.</strong></span> <span class='ocrx_word' id='word_1_36' title='bbox 942 313 968 340; x_wconf 88' lang='lat'><strong>9.</strong></span> <span class='ocrx_word' id='word_1_37' title='bbox 983 311 1090 345; x_wconf 72' lang='lat'><strong>30-52);</strong></span> 
     </span>
    </p>
   </div>
   <div class='ocr_carea' id='block_1_5' title="bbox 305 359 1092 396">
    <p class='ocr_par' dir='ltr' id='par_1_5' title="bbox 305 359 1092 396">
     <span class='ocr_line' id='line_1_5' title="bbox 305 359 1092 396; baseline -0.01 -4"><span class='ocrx_word' id='word_1_38' title='bbox 305 367 356 392; x_wconf 87' lang='lat' dir='ltr'><strong>hoc</strong></span> <span class='ocrx_word' id='word_1_39' title='bbox 381 369 433 396; x_wconf 82' lang='lat' dir='ltr'><strong>est,</strong></span> <span class='ocrx_word' id='word_1_40' title='bbox 454 361 626 390; x_wconf 83' lang='lat' dir='ltr'><strong>incredulitas</strong></span> <span class='ocrx_word' id='word_1_41' title='bbox 637 361 688 388; x_wconf 83' lang='lat' dir='ltr'><strong>illis</strong></span> <span class='ocrx_word' id='word_1_42' title='bbox 701 368 779 388; x_wconf 87' lang='lat' dir='ltr'><strong>causa</strong></span> <span class='ocrx_word' id='word_1_43' title='bbox 796 360 925 387; x_wconf 88' lang='lat' dir='ltr'><strong>malorum</strong></span> <span class='ocrx_word' id='word_1_44' title='bbox 940 359 987 386; x_wconf 90' lang='lat' dir='ltr'><strong>fuit</strong></span> <span class='ocrx_word' id='word_1_45' title='bbox 1003 367 1010 385; x_wconf 88' lang='lat'>:</span> <span class='ocrx_word' id='word_1_46' title='bbox 1025 359 1092 385; x_wconf 84' lang='lat' dir='ltr'><strong>hanc</strong></span> 
     </span>
    </p>
   </div>
   <div class='ocr_carea' id='block_1_6' title="bbox 303 405 1089 444">
    <p class='ocr_par' dir='ltr' id='par_1_6' title="bbox 303 405 1089 444">
     <span class='ocr_line' id='line_1_6' title="bbox 303 405 1089 444; baseline -0.009 -7"><span class='ocrx_word' id='word_1_47' title='bbox 303 418 367 437; x_wconf 89' lang='lat' dir='ltr'><strong>vero</strong></span> <span class='ocrx_word' id='word_1_48' title='bbox 380 410 484 444; x_wconf 87' lang='lat' dir='ltr'><strong>peperit</strong></span> <span class='ocrx_word' id='word_1_49' title='bbox 504 408 666 443; x_wconf 81' lang='lat' dir='ltr'><strong>arrogantia.</strong></span> <span class='ocrx_word' id='word_1_50' title='bbox 688 407 754 440; x_wconf 90' lang='lat' dir='ltr'><strong>Quia</strong></span> <span class='ocrx_word' id='word_1_51' title='bbox 767 407 837 433; x_wconf 81' lang='lat' dir='ltr'><strong>eiiim</strong></span> <span class='ocrx_word' id='word_1_52' title='bbox 850 410 927 432; x_wconf 87' lang='lat' dir='ltr'><strong>antea</strong></span> <span class='ocrx_word' id='word_1_53' title='bbox 943 405 1089 439; x_wconf 88' lang='lat' dir='ltr'><strong>plusquam</strong></span> 
     </span>
    </p>
   </div>
   <div class='ocr_carea' id='block_1_7' title="bbox 300 451 1089 490">
    <p class='ocr_par' dir='ltr' id='par_1_7' title="bbox 300 451 1089 490">
     <span class='ocr_line' id='line_1_7' title="bbox 300 451 1089 490; baseline -0.009 -7"><span class='ocrx_word' id='word_1_54' title='bbox 300 455 413 490; x_wconf 74' lang='lat' dir='ltr'><strong>gentiles</strong></span> <span class='ocrx_word' id='word_1_55' title='bbox 427 454 555 482; x_wconf 81' lang='lat' dir='ltr'><strong>habentes</strong></span> <span class='ocrx_word' id='word_1_56' title='bbox 571 474 578 486; x_wconf 82' lang='lat'><strong>,</strong></span> <span class='ocrx_word' id='word_1_57' title='bbox 594 453 665 488; x_wconf 91' lang='lat' dir='ltr'><strong>quod</strong></span> <span class='ocrx_word' id='word_1_58' title='bbox 690 461 784 487; x_wconf 93' lang='lat' dir='ltr'><strong>nempe</strong></span> <span class='ocrx_word' id='word_1_59' title='bbox 804 453 888 486; x_wconf 80' lang='lat' dir='ltr'><strong>legem</strong></span> <span class='ocrx_word' id='word_1_60' title='bbox 902 451 1067 485; x_wconf 83' lang='lat' dir='ltr'><strong>accepissent</strong></span> <span class='ocrx_word' id='word_1_61' title='bbox 1082 471 1089 481; x_wconf 87' lang='lat'><strong>,</strong></span> 
     </span>
    </p>
   </div>
   <div class='ocr_carea' id='block_1_8' title="bbox 302 498 1091 534">
    <p class='ocr_par' dir='ltr' id='par_1_8' title="bbox 302 498 1091 534">
     <span class='ocr_line' id='line_1_8' title="bbox 302 498 1091 534; baseline -0.009 -6"><span class='ocrx_word' id='word_1_62' title='bbox 302 502 384 529; x_wconf 85' lang='lat' dir='ltr'><strong>Deum</strong></span> <span class='ocrx_word' id='word_1_63' title='bbox 404 505 515 528; x_wconf 84' lang='lat' dir='ltr'><strong>nossent</strong></span> <span class='ocrx_word' id='word_1_64' title='bbox 530 521 538 533; x_wconf 92' lang='lat'><strong>,</strong></span> <span class='ocrx_word' id='word_1_65' title='bbox 554 505 581 527; x_wconf 93' lang='lat' dir='ltr'><strong>ct</strong></span> <span class='ocrx_word' id='word_1_66' title='bbox 595 500 647 526; x_wconf 85' lang='lat' dir='ltr'><strong>alia</strong></span> <span class='ocrx_word' id='word_1_67' title='bbox 668 507 726 534; x_wconf 75' lang='lat' dir='ltr'><strong>qua:</strong></span> <span class='ocrx_word' id='word_1_68' title='bbox 748 498 844 525; x_wconf 78' lang='lat' dir='ltr'><strong>Paulus</strong></span> <span class='ocrx_word' id='word_1_69' title='bbox 860 501 990 524; x_wconf 86' lang='lat' dir='ltr'><strong>memorat</strong></span> <span class='ocrx_word' id='word_1_70' title='bbox 1007 516 1014 528; x_wconf 88' lang='lat'><strong>,</strong></span> <span class='ocrx_word' id='word_1_71' title='bbox 1032 500 1091 530; x_wconf 89' lang='lat' dir='ltr'><strong>post</strong></span> 
     </span>
    </p>
   </div>
   <div class='ocr_carea' id='block_1_9' title="bbox 300 542 1090 580">
    <p class='ocr_par' dir='ltr' id='par_1_9' title="bbox 300 542 1090 580">
     <span class='ocr_line' id='line_1_9' title="bbox 300 542 1090 580; baseline -0.009 -6"><span class='ocrx_word' id='word_1_72' title='bbox 300 547 398 575; x_wconf 76' lang='lat' dir='ltr'><strong>Christi</strong></span> <span class='ocrx_word' id='word_1_73' title='bbox 415 546 558 574; x_wconf 88' lang='lat' dir='ltr'><strong>adventum</strong></span> <span class='ocrx_word' id='word_1_74' title='bbox 581 545 695 580; x_wconf 73' lang='lat' dir='ltr'><strong>gentiles</strong></span> <span class='ocrx_word' id='word_1_75' title='bbox 719 543 841 571; x_wconf 77' lang='lat' dir='ltr'><strong>viderunt</strong></span> <span class='ocrx_word' id='word_1_76' title='bbox 863 550 911 578; x_wconf 89' lang='lat' dir='ltr'><strong>per</strong></span> <span class='ocrx_word' id='word_1_77' title='bbox 928 542 1007 569; x_wconf 83' lang='lat' dir='ltr'><strong>ﬁdem</strong></span> <span class='ocrx_word' id='word_1_78' title='bbox 1030 549 1090 568; x_wconf 92' lang='lat' dir='ltr'><strong>cum</strong></span> 
     </span>
    </p>
   </div>
   <div class='ocr_carea' id='block_1_10' title="bbox 301 586 1091 629">
    <p class='ocr_par' dir='ltr' id='par_1_10' title="bbox 301 586 1091 629">
     <span class='ocr_line' id='line_1_10' title="bbox 301 586 1091 629; baseline -0.01 -9"><span class='ocrx_word' id='word_1_79' title='bbox 301 596 359 629; x_wconf 82' lang='lat' dir='ltr'><strong>part</strong></span> <span class='ocrx_word' id='word_1_80' title='bbox 372 600 464 620; x_wconf 80' lang='lat' dir='ltr'><strong>secum</strong></span> <span class='ocrx_word' id='word_1_81' title='bbox 478 591 580 619; x_wconf 86' lang='lat' dir='ltr'><strong>honore</strong></span> <span class='ocrx_word' id='word_1_82' title='bbox 594 595 702 617; x_wconf 91' lang='lat' dir='ltr'><strong>vocatos</strong></span> <span class='ocrx_word' id='word_1_83' title='bbox 716 609 724 622; x_wconf 95' lang='lat'><strong>,</strong></span> <span class='ocrx_word' id='word_1_84' title='bbox 740 597 771 616; x_wconf 85' lang='lat' dir='ltr'><strong>ac</strong></span> <span class='ocrx_word' id='word_1_85' title='bbox 784 593 842 624; x_wconf 88' lang='lat' dir='ltr'><strong>post</strong></span> <span class='ocrx_word' id='word_1_86' title='bbox 856 588 935 615; x_wconf 85' lang='lat' dir='ltr'><strong>fidem</strong></span> <span class='ocrx_word' id='word_1_87' title='bbox 949 586 1015 614; x_wconf 88' lang='lat' dir='ltr'><strong>nihil</strong></span> <span class='ocrx_word' id='word_1_88' title='bbox 1033 587 1091 621; x_wconf 77' lang='lat' dir='ltr'><strong>plus</strong></span> 
     </span>
    </p>
   </div>
   <div class='ocr_carea' id='block_1_11' title="bbox 303 635 1090 672">
    <p class='ocr_par' dir='ltr' id='par_1_11' title="bbox 303 635 1090 672">
     <span class='ocr_line' id='line_1_11' title="bbox 303 635 1090 672; baseline -0.011 -5"><span class='ocrx_word' id='word_1_89' title='bbox 303 640 403 667; x_wconf 85' lang='lat' dir='ltr'><strong>habere</strong></span> <span class='ocrx_word' id='word_1_90' title='bbox 417 646 478 666; x_wconf 91' lang='lat' dir='ltr'><strong>eum</strong></span> <span class='ocrx_word' id='word_1_91' title='bbox 499 638 543 672; x_wconf 90' lang='lat' dir='ltr'><strong>qui</strong></span> <span class='ocrx_word' id='word_1_92' title='bbox 558 645 590 664; x_wconf 80' lang='lat' dir='ltr'><strong>ex</strong></span> <span class='ocrx_word' id='word_1_93' title='bbox 606 635 810 664; x_wconf 87' lang='lat' dir='ltr'><strong>circumcisione</strong></span> <span class='ocrx_word' id='word_1_94' title='bbox 823 638 895 661; x_wconf 88' lang='lat' dir='ltr'><strong>esset</strong></span> <span class='ocrx_word' id='word_1_95' title='bbox 912 654 919 666; x_wconf 93' lang='lat'><strong>,</strong></span> <span class='ocrx_word' id='word_1_96' title='bbox 934 640 1013 668; x_wconf 89' lang='lat' dir='ltr'><strong>quam</strong></span> <span class='ocrx_word' id='word_1_97' title='bbox 1029 640 1090 659; x_wconf 87' lang='lat' dir='ltr'><strong>eum</strong></span> 
     </span>
    </p>
   </div>
   <div class='ocr_carea' id='block_1_12' title="bbox 301 679 1090 720">
    <p class='ocr_par' dir='ltr' id='par_1_12' title="bbox 301 679 1090 720">
     <span class='ocr_line' id='line_1_12' title="bbox 301 679 1090 720; baseline -0.009 -7"><span class='ocrx_word' id='word_1_98' title='bbox 301 687 346 720; x_wconf 86' lang='lat' dir='ltr'><strong>qui</strong></span> <span class='ocrx_word' id='word_1_99' title='bbox 357 693 388 713; x_wconf 79' lang='lat' dir='ltr'><strong>ex</strong></span> <span class='ocrx_word' id='word_1_100' title='bbox 400 684 523 720; x_wconf 76' lang='lat' dir='ltr'><strong>gentibus</strong></span> <span class='ocrx_word' id='word_1_101' title='bbox 535 683 692 710; x_wconf 85' lang='lat' dir='ltr'><strong>accessisset</strong></span> <span class='ocrx_word' id='word_1_102' title='bbox 710 691 716 709; x_wconf 73' lang='grc' dir='ltr'>ε</span> <span class='ocrx_word' id='word_1_103' title='bbox 733 689 767 709; x_wconf 74' lang='lat' dir='ltr'><strong>ex</strong></span> <span class='ocrx_word' id='word_1_104' title='bbox 779 680 901 716; x_wconf 77' lang='lat' dir='ltr'><strong>superbia</strong></span> <span class='ocrx_word' id='word_1_105' title='bbox 924 680 950 706; x_wconf 95' lang='lat' dir='ltr'><strong>in</strong></span> <span class='ocrx_word' id='word_1_106' title='bbox 965 679 1090 706; x_wconf 91' lang='lat' dir='ltr'><strong>invidiam</strong></span> 
     </span>
    </p>
   </div>
   <div class='ocr_carea' id='block_1_13' title="bbox 300 726 1090 766">
    <p class='ocr_par' dir='ltr' id='par_1_13' title="bbox 300 726 1090 766">
     <span class='ocr_line' id='line_1_13' title="bbox 300 726 1090 766; baseline -0.01 -7"><span class='ocrx_word' id='word_1_107' title='bbox 300 731 402 766; x_wconf 82' lang='lat' dir='ltr'><strong>delapsi</strong></span> <span class='ocrx_word' id='word_1_108' title='bbox 415 734 477 757; x_wconf 88' lang='lat' dir='ltr'><strong>sunt</strong></span> <span class='ocrx_word' id='word_1_109' title='bbox 491 750 498 761; x_wconf 78' lang='lat'><strong>,</strong></span> <span class='ocrx_word' id='word_1_110' title='bbox 513 735 595 764; x_wconf 83' lang='lat' dir='ltr'><strong>alque</strong></span> <span class='ocrx_word' id='word_1_111' title='bbox 617 727 778 755; x_wconf 77' lang='lat' dir='ltr'><strong>ineffabilem</strong></span> <span class='ocrx_word' id='word_1_112' title='bbox 795 727 865 753; x_wconf 87' lang='lat' dir='ltr'><strong>illam</strong></span> <span class='ocrx_word' id='word_1_113' title='bbox 880 726 1090 759; x_wconf 83' lang='lat' dir='ltr'><strong>immensamque</strong></span> 
     </span>
    </p>
   </div>
   <div class='ocr_carea' id='block_1_14' title="bbox 302 770 1091 811">
    <p class='ocr_par' dir='ltr' id='par_1_14' title="bbox 302 770 1091 811">
     <span class='ocr_line' id='line_1_14' title="bbox 302 770 1091 811; baseline -0.01 -6"><span class='ocrx_word' id='word_1_114' title='bbox 302 777 406 805; x_wconf 90' lang='lat' dir='ltr'><strong>Domini</strong></span> <span class='ocrx_word' id='word_1_115' title='bbox 419 776 608 811; x_wconf 73' lang='lat' dir='ltr'><strong>benignitatem</strong></span> <span class='ocrx_word' id='word_1_116' title='bbox 623 782 676 801; x_wconf 89' lang='lat' dir='ltr'><strong>non</strong></span> <span class='ocrx_word' id='word_1_117' title='bbox 692 774 809 801; x_wconf 88' lang='lat' dir='ltr'><strong>tulerunt</strong></span> <span class='ocrx_word' id='word_1_118' title='bbox 822 772 908 807; x_wconf 86' lang='lat' dir='ltr'><strong>:quod</strong></span> <span class='ocrx_word' id='word_1_119' title='bbox 920 779 971 798; x_wconf 94' lang='lat' dir='ltr'><strong>non</strong></span> <span class='ocrx_word' id='word_1_120' title='bbox 985 770 1091 798; x_wconf 88' lang='lat' dir='ltr'><strong>aliunde</strong></span> 
     </span>
    </p>
   </div>
   <div class='ocr_carea' id='block_1_15' title="bbox 300 816 1020 859">
    <p class='ocr_par' dir='ltr' id='par_1_15' title="bbox 300 816 1020 859">
     <span class='ocr_line' id='line_1_15' title="bbox 300 816 1020 859; baseline -0.01 -9"><span class='ocrx_word' id='word_1_121' title='bbox 300 823 441 859; x_wconf 75' lang='lat' dir='ltr'><strong>processit,</strong></span> <span class='ocrx_word' id='word_1_122' title='bbox 457 829 535 856; x_wconf 88' lang='lat' dir='ltr'><strong>quam</strong></span> <span class='ocrx_word' id='word_1_123' title='bbox 549 828 581 848; x_wconf 83' lang='lat' dir='ltr'><strong>ex</strong></span> <span class='ocrx_word' id='word_1_124' title='bbox 597 820 760 855; x_wconf 72' lang='lat' dir='ltr'><strong>arrogantia.</strong></span> <span class='ocrx_word' id='word_1_125' title='bbox 775 817 892 853; x_wconf 88' lang='lat' dir='ltr'><strong>nequitia</strong></span> <span class='ocrx_word' id='word_1_126' title='bbox 905 822 932 845; x_wconf 91' lang='lat' dir='ltr'><strong>et</strong></span> <span class='ocrx_word' id='word_1_127' title='bbox 946 816 1020 844; x_wconf 92' lang='lat' dir='ltr'><strong>odio.</strong></span> 
     </span>
    </p>
   </div>
   <div class='ocr_carea' id='block_1_16' title="bbox 333 861 1089 903">
    <p class='ocr_par' dir='ltr' id='par_1_16' title="bbox 333 861 1089 903">
     <span class='ocr_line' id='line_1_16' title="bbox 333 861 1089 903; baseline -0.011 -7"><span class='ocrx_word' id='word_1_128' title='bbox 333 869 362 896; x_wconf 66' lang='grc' dir='ltr'><strong>ἓ,</strong></span> <span class='ocrx_word' id='word_1_129' title='bbox 374 868 441 903; x_wconf 88' lang='lat' dir='ltr'><strong>Quid</strong></span> <span class='ocrx_word' id='word_1_130' title='bbox 457 868 539 900; x_wconf 91' lang='lat' dir='ltr'><strong>enim,</strong></span> <span class='ocrx_word' id='word_1_131' title='bbox 554 867 672 894; x_wconf 89' lang='lat' dir='ltr'><strong>omnium</strong></span> <span class='ocrx_word' id='word_1_132' title='bbox 687 864 838 893; x_wconf 81' lang='lat' dir='ltr'><strong>stultissimi</strong></span> <span class='ocrx_word' id='word_1_133' title='bbox 850 884 857 894; x_wconf 85' lang='lat'><strong>.</strong></span> <span class='ocrx_word' id='word_1_134' title='bbox 871 863 915 890; x_wconf 89' lang='lat' dir='ltr'><strong>illa</strong></span> <span class='ocrx_word' id='word_1_135' title='bbox 931 863 956 889; x_wconf 91' lang='lat' dir='ltr'><strong>in</strong></span> <span class='ocrx_word' id='word_1_136' title='bbox 970 863 1037 889; x_wconf 83' lang='lat' dir='ltr'><strong>alios</strong></span> <span class='ocrx_word' id='word_1_137' title='bbox 1050 861 1089 888; x_wconf 79' lang='lat' dir='ltr'><strong>cl—</strong></span> 
     </span>
    </p>
   </div>
   <div class='ocr_carea' id='block_1_17' title="bbox 298 908 1090 948">
    <p class='ocr_par' dir='ltr' id='par_1_17' title="bbox 298 908 1090 948">
     <span class='ocr_line' id='line_1_17' title="bbox 298 908 1090 948; baseline -0.013 -5"><span class='ocrx_word' id='word_1_138' title='bbox 298 917 355 943; x_wconf 85' lang='lat' dir='ltr'><strong>fusa</strong></span> <span class='ocrx_word' id='word_1_139' title='bbox 370 913 533 948; x_wconf 80' lang='lat' dir='ltr'><strong>providentia</strong></span> <span class='ocrx_word' id='word_1_140' title='bbox 547 912 622 940; x_wconf 89' lang='lat' dir='ltr'><strong>vobis</strong></span> <span class='ocrx_word' id='word_1_141' title='bbox 636 911 725 938; x_wconf 92' lang='lat' dir='ltr'><strong>damni</strong></span> <span class='ocrx_word' id='word_1_142' title='bbox 735 909 830 937; x_wconf 82' lang='lat' dir='ltr'><strong>affert?</strong></span> <span class='ocrx_word' id='word_1_143' title='bbox 845 916 907 935; x_wconf 91' lang='lat' dir='ltr'><strong>num</strong></span> <span class='ocrx_word' id='word_1_144' title='bbox 919 908 987 935; x_wconf 90' lang='lat' dir='ltr'><strong>bona</strong></span> <span class='ocrx_word' id='word_1_145' title='bbox 1002 911 1090 934; x_wconf 87' lang='lat' dir='ltr'><strong>vestra</strong></span> 
     </span>
    </p>
   </div>
   <div class='ocr_carea' id='block_1_18' title="bbox 300 953 1090 987">
    <p class='ocr_par' dir='ltr' id='par_1_18' title="bbox 300 953 1090 987">
     <span class='ocr_line' id='line_1_18' title="bbox 300 953 1090 987; baseline -0.011 0"><span class='ocrx_word' id='word_1_146' title='bbox 300 968 332 987; x_wconf 75' lang='lat' dir='ltr'><strong>ex</strong></span> <span class='ocrx_word' id='word_1_147' title='bbox 361 960 474 986; x_wconf 85' lang='lat' dir='ltr'><strong>aliorum</strong></span> <span class='ocrx_word' id='word_1_148' title='bbox 500 957 636 985; x_wconf 88' lang='lat' dir='ltr'><strong>consortio</strong></span> <span class='ocrx_word' id='word_1_149' title='bbox 666 954 877 982; x_wconf 70' lang='lat' dir='ltr'><strong>minuebantur?</strong></span> <span class='ocrx_word' id='word_1_150' title='bbox 901 953 998 980; x_wconf 78' lang='lat' dir='ltr'><strong>Verum</strong></span> <span class='ocrx_word' id='word_1_151' title='bbox 1021 959 1090 978; x_wconf 75' lang='lat' dir='ltr'><strong>cmca</strong></span> 
     </span>
    </p>
   </div>
   <div class='ocr_carea' id='block_1_19' title="bbox 299 999 1090 1040">
    <p class='ocr_par' dir='ltr' id='par_1_19' title="bbox 299 999 1090 1040">
     <span class='ocr_line' id='line_1_19' title="bbox 299 999 1090 1040; baseline -0.011 -8"><span class='ocrx_word' id='word_1_152' title='bbox 299 1004 419 1040; x_wconf 87' lang='lat' dir='ltr'><strong>profecto</strong></span> <span class='ocrx_word' id='word_1_153' title='bbox 440 1003 540 1030; x_wconf 88' lang='lat' dir='ltr'><strong>malitia</strong></span> <span class='ocrx_word' id='word_1_154' title='bbox 555 1006 597 1030; x_wconf 90' lang='lat' dir='ltr'><strong>est</strong></span> <span class='ocrx_word' id='word_1_155' title='bbox 609 1023 616 1035; x_wconf 89' lang='lat'><strong>,</strong></span> <span class='ocrx_word' id='word_1_156' title='bbox 628 1009 687 1037; x_wconf 62' lang='lat' dir='ltr'><strong>qua:</strong></span> <span class='ocrx_word' id='word_1_157' title='bbox 701 1000 763 1036; x_wconf 88' lang='lat' dir='ltr'><strong>quid</strong></span> <span class='ocrx_word' id='word_1_158' title='bbox 777 1000 870 1027; x_wconf 86' lang='lat' dir='ltr'><strong>deceat</strong></span> <span class='ocrx_word' id='word_1_159' title='bbox 885 999 1023 1033; x_wconf 79' lang='lat' dir='ltr'><strong>percipere</strong></span> <span class='ocrx_word' id='word_1_160' title='bbox 1044 1004 1090 1024; x_wconf 85' lang='lat' dir='ltr'><strong>ne-</strong></span> 
     </span>
    </p>
   </div>
   <div class='ocr_carea' id='block_1_20' title="bbox 299 1045 1090 1084">
    <p class='ocr_par' dir='ltr' id='par_1_20' title="bbox 299 1045 1090 1084">
     <span class='ocr_line' id='line_1_20' title="bbox 299 1045 1090 1084; baseline -0.01 -7"><span class='ocrx_word' id='word_1_161' title='bbox 299 1050 366 1084; x_wconf 85' lang='lat' dir='ltr'><strong>quit.</strong></span> <span class='ocrx_word' id='word_1_162' title='bbox 383 1048 533 1076; x_wconf 79' lang='lat' dir='ltr'><strong>Exuleerati</strong></span> <span class='ocrx_word' id='word_1_163' title='bbox 546 1055 611 1082; x_wconf 85' lang='lat' dir='ltr'><strong>ergo</strong></span> <span class='ocrx_word' id='word_1_164' title='bbox 623 1047 692 1082; x_wconf 89' lang='lat' dir='ltr'><strong>quod</strong></span> <span class='ocrx_word' id='word_1_165' title='bbox 708 1047 732 1073; x_wconf 90' lang='lat' dir='ltr'><strong>in</strong></span> <span class='ocrx_word' id='word_1_166' title='bbox 747 1045 969 1073; x_wconf 87' lang='lat' dir='ltr'><strong>cademlibertate</strong></span> <span class='ocrx_word' id='word_1_167' title='bbox 981 1050 1090 1071; x_wconf 89' lang='lat' dir='ltr'><strong>consor-</strong></span> 
     </span>
    </p>
   </div>
   <div class='ocr_carea' id='block_1_21' title="bbox 304 1089 1092 1128">
    <p class='ocr_par' dir='ltr' id='par_1_21' title="bbox 304 1089 1092 1128">
     <span class='ocr_line' id='line_1_21' title="bbox 304 1089 1092 1128; baseline -0.009 -5"><span class='ocrx_word' id='word_1_168' title='bbox 304 1101 346 1123; x_wconf 86' lang='lat' dir='ltr'><strong>tes</strong></span> <span class='ocrx_word' id='word_1_169' title='bbox 361 1095 500 1127; x_wconf 83' lang='lat' dir='ltr'><strong>haberent,</strong></span> <span class='ocrx_word' id='word_1_170' title='bbox 515 1094 541 1121; x_wconf 94' lang='lat' dir='ltr'><strong>iu</strong></span> <span class='ocrx_word' id='word_1_171' title='bbox 557 1101 585 1121; x_wconf 88' lang='lat' dir='ltr'><strong>se</strong></span> <span class='ocrx_word' id='word_1_172' title='bbox 597 1093 714 1128; x_wconf 90' lang='lat' dir='ltr'><strong>gladium</strong></span> <span class='ocrx_word' id='word_1_173' title='bbox 730 1092 912 1127; x_wconf 89' lang='lat' dir='ltr'><strong>impulerunt,</strong></span> <span class='ocrx_word' id='word_1_174' title='bbox 930 1097 1012 1124; x_wconf 87' lang='lat' dir='ltr'><strong>seque</strong></span> <span class='ocrx_word' id='word_1_175' title='bbox 1026 1097 1040 1116; x_wconf 91' lang='lat' dir='ltr'><strong>a</strong></span> <span class='ocrx_word' id='word_1_176' title='bbox 1056 1089 1092 1116; x_wconf 94' lang='lat' dir='ltr'><strong>di-</strong></span> 
     </span>
    </p>
   </div>
   <div class='ocr_carea' id='block_1_22' title="bbox 301 1136 1090 1177">
    <p class='ocr_par' dir='ltr' id='par_1_22' title="bbox 301 1136 1090 1177">
     <span class='ocr_line' id='line_1_22' title="bbox 301 1136 1090 1177; baseline -0.01 -7"><span class='ocrx_word' id='word_1_177' title='bbox 301 1144 361 1170; x_wconf 90' lang='lat' dir='ltr'><strong>vina</strong></span> <span class='ocrx_word' id='word_1_178' title='bbox 375 1142 538 1177; x_wconf 85' lang='lat' dir='ltr'><strong>benignitate</strong></span> <span class='ocrx_word' id='word_1_179' title='bbox 551 1141 687 1176; x_wconf 89' lang='lat' dir='ltr'><strong>ejeceruut</strong></span> <span class='ocrx_word' id='word_1_180' title='bbox 698 1148 705 1172; x_wconf 88' lang='lat'><strong>;</strong></span> <span class='ocrx_word' id='word_1_181' title='bbox 718 1144 745 1166; x_wconf 88' lang='lat' dir='ltr'><strong>et</strong></span> <span class='ocrx_word' id='word_1_182' title='bbox 758 1139 818 1172; x_wconf 85' lang='lat' dir='ltr'><strong>jure</strong></span> <span class='ocrx_word' id='word_1_183' title='bbox 832 1137 949 1172; x_wconf 85' lang='lat' dir='ltr'><strong>quidem.</strong></span> <span class='ocrx_word' id='word_1_184' title='bbox 962 1136 1027 1163; x_wconf 86' lang='lat' dir='ltr'><strong>Nam</strong></span> <span class='ocrx_word' id='word_1_185' title='bbox 1043 1136 1090 1162; x_wconf 82' lang='lat' dir='ltr'><strong>ait:</strong></span> 
     </span>
    </p>
   </div>
   <div class='ocr_carea' id='block_1_23' title="bbox 299 1180 1092 1222">
    <p class='ocr_par' dir='ltr' id='par_1_23' title="bbox 299 1180 1092 1222">
     <span class='ocr_line' id='line_1_23' title="bbox 299 1180 1092 1222; baseline -0.011 -7"><span class='ocrx_word' id='word_1_186' title='bbox 299 1189 387 1215; x_wconf 79' lang='lat' dir='ltr'><strong>Amice</strong></span> <span class='ocrx_word' id='word_1_187' title='bbox 399 1208 407 1220; x_wconf 83' lang='lat'><strong>,</strong></span> <span class='ocrx_word' id='word_1_188' title='bbox 420 1196 470 1214; x_wconf 82' lang='lat' dir='ltr'><strong>non</strong></span> <span class='ocrx_word' id='word_1_189' title='bbox 484 1187 552 1222; x_wconf 78' lang='lat' dir='ltr'><strong>facio</strong></span> <span class='ocrx_word' id='word_1_190' title='bbox 566 1186 609 1212; x_wconf 87' lang='lat' dir='ltr'><strong>tibi</strong></span> <span class='ocrx_word' id='word_1_191' title='bbox 622 1185 744 1220; x_wconf 70' lang='lat' dir='ltr'><strong>injuria»;</strong></span> <span class='ocrx_word' id='word_1_192' title='bbox 756 1191 765 1210; x_wconf 91' lang='lat'><strong><em>:</em></strong></span> <span class='ocrx_word' id='word_1_193' title='bbox 778 1183 834 1210; x_wconf 75' lang='lat' dir='ltr'><strong>volo</strong></span> <span class='ocrx_word' id='word_1_194' title='bbox 846 1187 930 1208; x_wconf 85' lang='lat' dir='ltr'><strong>autem</strong></span> <span class='ocrx_word' id='word_1_195' title='bbox 943 1186 966 1208; x_wconf 82' lang='lat' dir='ltr'><strong>et</strong></span> <span class='ocrx_word' id='word_1_196' title='bbox 977 1181 1016 1207; x_wconf 75' lang='lat' dir='ltr'><strong>his</strong></span> <span class='ocrx_word' id='word_1_197' title='bbox 1031 1180 1092 1206; x_wconf 83' lang='lat' dir='ltr'><strong>dare</strong></span> 
     </span>
    </p>
   </div>
   <div class='ocr_carea' id='block_1_24' title="bbox 297 1225 1091 1267">
    <p class='ocr_par' dir='ltr' id='par_1_24' title="bbox 297 1225 1091 1267">
     <span class='ocr_line' id='line_1_24' title="bbox 297 1225 1091 1267; baseline -0.011 -7"><span class='ocrx_word' id='word_1_198' title='bbox 297 1234 364 1260; x_wconf 70' lang='lat' dir='ltr'><strong>sicut</strong></span> <span class='ocrx_word' id='word_1_199' title='bbox 378 1237 401 1260; x_wconf 79' lang='lat' dir='ltr'><strong>et</strong></span> <span class='ocrx_word' id='word_1_200' title='bbox 416 1233 458 1258; x_wconf 81' lang='lat' dir='ltr'><strong>tibi</strong></span> <span class='ocrx_word' id='word_1_201' title='bbox 471 1234 479 1267; x_wconf 93' lang='lat'><strong>(</strong></span> <span class='ocrx_word' id='word_1_202' title='bbox 492 1231 586 1258; x_wconf 85' lang='lat' dir='ltr'><strong>Matth.</strong></span> <span class='ocrx_word' id='word_1_203' title='bbox 600 1230 647 1257; x_wconf 69' lang='grc' dir='ltr'><strong>ΞΟ.</strong></span> <span class='ocrx_word' id='word_1_204' title='bbox 662 1229 706 1256; x_wconf 74' lang='lat' dir='ltr'><strong>l3.</strong></span> <span class='ocrx_word' id='word_1_205' title='bbox 721 1228 786 1263; x_wconf 74' lang='lat' dir='ltr'><strong>M).</strong></span> <span class='ocrx_word' id='word_1_206' title='bbox 803 1227 858 1254; x_wconf 81' lang='lat' dir='ltr'><strong>lino</strong></span> <span class='ocrx_word' id='word_1_207' title='bbox 870 1234 903 1254; x_wconf 82' lang='lat' dir='ltr'><strong>ne</strong></span> <span class='ocrx_word' id='word_1_208' title='bbox 913 1226 1021 1261; x_wconf 71' lang='lat' dir='ltr'><strong>Quidem</strong></span> <span class='ocrx_word' id='word_1_209' title='bbox 1042 1225 1091 1252; x_wconf 82' lang='lat' dir='ltr'><strong>liae</strong></span> 
     </span>
    </p>
   </div>
   <div class='ocr_carea' id='block_1_25' title="bbox 299 1270 1090 1314">
    <p class='ocr_par' dir='ltr' id='par_1_25' title="bbox 299 1270 1090 1314">
     <span class='ocr_line' id='line_1_25' title="bbox 299 1270 1090 1314; baseline -0.013 -8"><span class='ocrx_word' id='word_1_210' title='bbox 299 1278 474 1314; x_wconf 83' lang='lat' dir='ltr'><strong>responsione</strong></span> <span class='ocrx_word' id='word_1_211' title='bbox 484 1276 555 1311; x_wconf 89' lang='lat' dir='ltr'><strong>digni</strong></span> <span class='ocrx_word' id='word_1_212' title='bbox 569 1279 641 1302; x_wconf 88' lang='lat' dir='ltr'><strong>sunt.</strong></span> <span class='ocrx_word' id='word_1_213' title='bbox 654 1274 702 1301; x_wconf 90' lang='lat' dir='ltr'><strong>llle</strong></span> <span class='ocrx_word' id='word_1_214' title='bbox 713 1280 827 1307; x_wconf 85' lang='lat' dir='ltr'><strong>namque</strong></span> <span class='ocrx_word' id='word_1_215' title='bbox 837 1272 886 1299; x_wconf 87' lang='lat' dir='ltr'><strong>etsi</strong></span> <span class='ocrx_word' id='word_1_216' title='bbox 896 1278 966 1306; x_wconf 75' lang='lat' dir='ltr'><strong>:egre</strong></span> <span class='ocrx_word' id='word_1_217' title='bbox 979 1270 1090 1303; x_wconf 88' lang='lat' dir='ltr'><strong>ferebat,</strong></span> 
     </span>
    </p>
   </div>
   <div class='ocr_carea' id='block_1_26' title="bbox 301 1320 1090 1360">
    <p class='ocr_par' dir='ltr' id='par_1_26' title="bbox 301 1320 1090 1360">
     <span class='ocr_line' id='line_1_26' title="bbox 301 1320 1090 1360; baseline -0.013 -8"><span class='ocrx_word' id='word_1_218' title='bbox 301 1328 405 1360; x_wconf 81' lang='lat' dir='ltr'><strong>poterat</strong></span> <span class='ocrx_word' id='word_1_219' title='bbox 419 1328 508 1350; x_wconf 89' lang='lat' dir='ltr'><strong>tamen</strong></span> <span class='ocrx_word' id='word_1_220' title='bbox 521 1321 574 1349; x_wconf 89' lang='lat' dir='ltr'><strong>dici</strong></span> <span class='ocrx_word' id='word_1_221' title='bbox 589 1321 670 1348; x_wconf 89' lang='lat' dir='ltr'><strong>totius</strong></span> <span class='ocrx_word' id='word_1_222' title='bbox 681 1320 786 1347; x_wconf 87' lang='lat' dir='ltr'><strong>labores</strong></span> <span class='ocrx_word' id='word_1_223' title='bbox 802 1339 810 1352; x_wconf 84' lang='lat'><strong>,</strong></span> <span class='ocrx_word' id='word_1_224' title='bbox 824 1325 957 1345; x_wconf 79' lang='lat' dir='ltr'><strong>:crumnas</strong></span> <span class='ocrx_word' id='word_1_225' title='bbox 975 1338 982 1350; x_wconf 85' lang='lat'><strong>,</strong></span> <span class='ocrx_word' id='word_1_226' title='bbox 996 1321 1090 1344; x_wconf 87' lang='lat' dir='ltr'><strong>a-stum</strong></span> 
     </span>
    </p>
   </div>
   <div class='ocr_carea' id='block_1_27' title="bbox 300 1363 1092 1403">
    <p class='ocr_par' dir='ltr' id='par_1_27' title="bbox 300 1363 1092 1403">
     <span class='ocr_line' id='line_1_27' title="bbox 300 1363 1092 1403; baseline -0.013 -5"><span class='ocrx_word' id='word_1_227' title='bbox 300 1377 327 1399; x_wconf 81' lang='lat' dir='ltr'><strong>et</strong></span> <span class='ocrx_word' id='word_1_228' title='bbox 349 1370 473 1397; x_wconf 88' lang='lat' dir='ltr'><strong>sudorem</strong></span> <span class='ocrx_word' id='word_1_229' title='bbox 499 1368 618 1403; x_wconf 86' lang='lat' dir='ltr'><strong>proferre</strong></span> <span class='ocrx_word' id='word_1_230' title='bbox 633 1375 640 1394; x_wconf 84' lang='lat'><strong>:</strong></span> <span class='ocrx_word' id='word_1_231' title='bbox 656 1367 682 1393; x_wconf 89' lang='lat' dir='ltr'><strong>hi</strong></span> <span class='ocrx_word' id='word_1_232' title='bbox 698 1373 762 1393; x_wconf 89' lang='lat' dir='ltr'><strong>vero</strong></span> <span class='ocrx_word' id='word_1_233' title='bbox 775 1364 837 1399; x_wconf 92' lang='lat' dir='ltr'><strong>quid</strong></span> <span class='ocrx_word' id='word_1_234' title='bbox 857 1364 947 1391; x_wconf 90' lang='lat' dir='ltr'><strong>dicere</strong></span> <span class='ocrx_word' id='word_1_235' title='bbox 965 1363 1092 1397; x_wconf 84' lang='lat' dir='ltr'><strong>possint?</strong></span> 
     </span>
    </p>
   </div>
   <div class='ocr_carea' id='block_1_28' title="bbox 302 1409 1091 1450">
    <p class='ocr_par' dir='ltr' id='par_1_28' title="bbox 302 1409 1091 1450">
     <span class='ocr_line' id='line_1_28' title="bbox 302 1409 1091 1450; baseline -0.011 -7"><span class='ocrx_word' id='word_1_236' title='bbox 302 1415 371 1443; x_wconf 85' lang='lat' dir='ltr'><strong>Nihil</strong></span> <span class='ocrx_word' id='word_1_237' title='bbox 383 1415 490 1450; x_wconf 88' lang='lat' dir='ltr'><strong>quidem</strong></span> <span class='ocrx_word' id='word_1_238' title='bbox 505 1414 556 1440; x_wconf 85' lang='lat' dir='ltr'><strong>tale</strong></span> <span class='ocrx_word' id='word_1_239' title='bbox 569 1421 576 1445; x_wconf 89' lang='lat'>;</span> <span class='ocrx_word' id='word_1_240' title='bbox 593 1412 640 1439; x_wconf 88' lang='lat' dir='ltr'><strong>sed</strong></span> <span class='ocrx_word' id='word_1_241' title='bbox 654 1411 782 1439; x_wconf 88' lang='lat' dir='ltr'><strong>desidiam</strong></span> <span class='ocrx_word' id='word_1_242' title='bbox 797 1431 803 1442; x_wconf 83' lang='lat'><strong>,</strong></span> <span class='ocrx_word' id='word_1_243' title='bbox 818 1409 1048 1444; x_wconf 85' lang='lat' dir='ltr'><strong>intemperantiam</strong></span> <span class='ocrx_word' id='word_1_244' title='bbox 1063 1414 1091 1435; x_wconf 90' lang='lat' dir='ltr'><strong>et</strong></span> 
     </span>
    </p>
   </div>
   <div class='ocr_carea' id='block_1_29' title="bbox 298 1454 1090 1494">
    <p class='ocr_par' dir='ltr' id='par_1_29' title="bbox 298 1454 1090 1494">
     <span class='ocr_line' id='line_1_29' title="bbox 298 1454 1090 1494; baseline -0.013 -5"><span class='ocrx_word' id='word_1_245' title='bbox 298 1461 370 1489; x_wconf 62' lang='lat' dir='ltr'><strong>inille</strong></span> <span class='ocrx_word' id='word_1_246' title='bbox 380 1461 439 1488; x_wconf 88' lang='lat' dir='ltr'><strong>vitia</strong></span> <span class='ocrx_word' id='word_1_247' title='bbox 455 1481 463 1492; x_wconf 87' lang='lat'><strong>,</strong></span> <span class='ocrx_word' id='word_1_248' title='bbox 481 1467 540 1494; x_wconf 74' lang='lat' dir='ltr'><strong>qua:</strong></span> <span class='ocrx_word' id='word_1_249' title='bbox 549 1458 684 1493; x_wconf 78' lang='lat' dir='ltr'><strong>propheta:</strong></span> <span class='ocrx_word' id='word_1_250' title='bbox 695 1464 788 1484; x_wconf 86' lang='lat' dir='ltr'><strong>omnes</strong></span> <span class='ocrx_word' id='word_1_251' title='bbox 802 1456 952 1482; x_wconf 80' lang='lat' dir='ltr'><strong>incuSantcs</strong></span> <span class='ocrx_word' id='word_1_252' title='bbox 967 1454 1018 1481; x_wconf 88' lang='lat' dir='ltr'><strong>illis</strong></span> <span class='ocrx_word' id='word_1_253' title='bbox 1029 1461 1090 1489; x_wconf 89' lang='lat' dir='ltr'><strong>pcr-</strong></span> 
     </span>
    </p>
   </div>
   <div class='ocr_carea' id='block_1_30' title="bbox 299 1499 1089 1541">
    <p class='ocr_par' dir='ltr' id='par_1_30' title="bbox 299 1499 1089 1541">
     <span class='ocr_line' id='line_1_30' title="bbox 299 1499 1089 1541; baseline -0.013 -7"><span class='ocrx_word' id='word_1_254' title='bbox 299 1511 380 1541; x_wconf 86' lang='lat' dir='ltr'><strong>petuo</strong></span> <span class='ocrx_word' id='word_1_255' title='bbox 391 1506 554 1540; x_wconf 87' lang='lat' dir='ltr'><strong>objiciebant</strong></span> <span class='ocrx_word' id='word_1_256' title='bbox 570 1513 576 1531; x_wconf 86' lang='lat'>:</span> <span class='ocrx_word' id='word_1_257' title='bbox 594 1511 641 1538; x_wconf 87' lang='lat' dir='ltr'><strong>per</strong></span> <span class='ocrx_word' id='word_1_258' title='bbox 662 1511 722 1537; x_wconf 83' lang='lat' dir='ltr'><strong>qua:</strong></span> <span class='ocrx_word' id='word_1_259' title='bbox 745 1502 806 1528; x_wconf 83' lang='lat' dir='ltr'><strong>vitia</strong></span> <span class='ocrx_word' id='word_1_260' title='bbox 830 1501 866 1527; x_wconf 94' lang='lat' dir='ltr'><strong>illi</strong></span> <span class='ocrx_word' id='word_1_261' title='bbox 883 1499 993 1534; x_wconf 88' lang='lat' dir='ltr'><strong>perinde</strong></span> <span class='ocrx_word' id='word_1_262' title='bbox 1009 1504 1089 1533; x_wconf 90' lang='lat' dir='ltr'><strong>atque</strong></span> 
     </span>
    </p>
   </div>
   <div class='ocr_carea' id='block_1_31' title="bbox 297 1545 1090 1586">
    <p class='ocr_par' dir='ltr' id='par_1_31' title="bbox 297 1545 1090 1586">
     <span class='ocr_line' id='line_1_31' title="bbox 297 1545 1090 1586; baseline -0.01 -7"><span class='ocrx_word' id='word_1_263' title='bbox 297 1551 409 1586; x_wconf 80' lang='lat' dir='ltr'><strong>gentiles</strong></span> <span class='ocrx_word' id='word_1_264' title='bbox 425 1552 508 1579; x_wconf 89' lang='lat' dir='ltr'><strong>Deum</strong></span> <span class='ocrx_word' id='word_1_265' title='bbox 520 1549 697 1577; x_wconf 65' lang='lat' dir='ltr'><strong>attenderem.</strong></span> <span class='ocrx_word' id='word_1_266' title='bbox 714 1547 740 1574; x_wconf 90' lang='lat' dir='ltr'><strong>ld</strong></span> <span class='ocrx_word' id='word_1_267' title='bbox 755 1547 825 1582; x_wconf 89' lang='lat' dir='ltr'><strong>quod</strong></span> <span class='ocrx_word' id='word_1_268' title='bbox 841 1546 983 1573; x_wconf 85' lang='lat' dir='ltr'><strong>declarans</strong></span> <span class='ocrx_word' id='word_1_269' title='bbox 992 1545 1090 1572; x_wconf 83' lang='lat' dir='ltr'><strong>Paulus</strong></span> 
     </span>
    </p>
   </div>
   <div class='ocr_carea' id='block_1_32' title="bbox 298 1590 1089 1626">
    <p class='ocr_par' dir='ltr' id='par_1_32' title="bbox 298 1590 1089 1626">
     <span class='ocr_line' id='line_1_32' title="bbox 298 1590 1089 1626; baseline -0.011 0"><span class='ocrx_word' id='word_1_270' title='bbox 298 1598 403 1626; x_wconf 83' lang='lat' dir='ltr'><strong>dicebat</strong></span> <span class='ocrx_word' id='word_1_271' title='bbox 419 1605 425 1624; x_wconf 93' lang='lat'>:</span> <span class='ocrx_word' id='word_1_272' title='bbox 443 1595 504 1623; x_wconf 80' lang='lat' dir='ltr'><strong>Non</strong></span> <span class='ocrx_word' id='word_1_273' title='bbox 517 1595 583 1622; x_wconf 82' lang='lat' dir='ltr'><strong>enim</strong></span> <span class='ocrx_word' id='word_1_274' title='bbox 601 1598 637 1621; x_wconf 77' lang='lat' dir='ltr'><strong>ert</strong></span> <span class='ocrx_word' id='word_1_275' title='bbox 652 1593 779 1620; x_wconf 75' lang='lat' dir='ltr'><strong>distinctio</strong></span> <span class='ocrx_word' id='word_1_276' title='bbox 792 1591 876 1620; x_wconf 57' lang='lat' dir='ltr'><strong>Judaei</strong></span> <span class='ocrx_word' id='word_1_277' title='bbox 889 1596 969 1625; x_wconf 84' lang='lat' dir='ltr'><strong>atque</strong></span> <span class='ocrx_word' id='word_1_278' title='bbox 981 1590 1066 1618; x_wconf 68' lang='lat' dir='ltr'><strong>Graeci</strong></span> <span class='ocrx_word' id='word_1_279' title='bbox 1083 1599 1089 1617; x_wconf 89' lang='lat'><strong>:</strong></span> 
     </span>
    </p>
   </div>
   <div class='ocr_carea' id='block_1_33' title="bbox 298 1637 1090 1677">
    <p class='ocr_par' dir='ltr' id='par_1_33' title="bbox 298 1637 1090 1677">
     <span class='ocr_line' id='line_1_33' title="bbox 298 1637 1090 1677; baseline -0.011 -6"><span class='ocrx_word' id='word_1_280' title='bbox 298 1652 384 1672; x_wconf 72' lang='lat' dir='ltr'><strong>omnes</strong></span> <span class='ocrx_word' id='word_1_281' title='bbox 395 1644 460 1670; x_wconf 81' lang='lat' dir='ltr'><strong>enim</strong></span> <span class='ocrx_word' id='word_1_282' title='bbox 474 1645 636 1677; x_wconf 83' lang='lat' dir='ltr'><strong>peccauerunt</strong></span> <span class='ocrx_word' id='word_1_283' title='bbox 649 1661 656 1671; x_wconf 84' lang='lat'><strong>,</strong></span> <span class='ocrx_word' id='word_1_284' title='bbox 673 1645 695 1667; x_wconf 86' lang='lat' dir='ltr'><strong>et</strong></span> <span class='ocrx_word' id='word_1_285' title='bbox 709 1643 779 1674; x_wconf 84' lang='lat' dir='ltr'><strong>egent</strong></span> <span class='ocrx_word' id='word_1_286' title='bbox 792 1638 874 1673; x_wconf 81' lang='lat' dir='ltr'><strong>glon&#39;a</strong></span> <span class='ocrx_word' id='word_1_287' title='bbox 890 1637 935 1664; x_wconf 87' lang='lat' dir='ltr'><strong>Dei</strong></span> <span class='ocrx_word' id='word_1_288' title='bbox 953 1637 1090 1671; x_wconf 76' lang='lat' dir='ltr'><strong>justificati</strong></span> 
     </span>
    </p>
   </div>
   <div class='ocr_carea' id='block_1_34' title="bbox 298 1682 1089 1725">
    <p class='ocr_par' dir='ltr' id='par_1_34' title="bbox 298 1682 1089 1725">
     <span class='ocr_line' id='line_1_34' title="bbox 298 1682 1089 1725; baseline -0.011 -9"><span class='ocrx_word' id='word_1_289' title='bbox 298 1691 377 1725; x_wconf 73' lang='lat' dir='ltr'><strong>gratis</strong></span> <span class='ocrx_word' id='word_1_290' title='bbox 400 1697 444 1724; x_wconf 84' lang='lat' dir='ltr'><strong>per</strong></span> <span class='ocrx_word' id='word_1_291' title='bbox 458 1687 567 1723; x_wconf 82' lang='lat' dir='ltr'><strong>gratiam</strong></span> <span class='ocrx_word' id='word_1_292' title='bbox 581 1686 662 1720; x_wconf 71' lang='lat' dir='ltr'><strong>ipsius</strong></span> <span class='ocrx_word' id='word_1_293' title='bbox 685 1685 770 1719; x_wconf 81' lang='lat' dir='ltr'><strong>(Rom.</strong></span> <span class='ocrx_word' id='word_1_294' title='bbox 788 1683 814 1710; x_wconf 83' lang='lat'><strong>5.</strong></span> <span class='ocrx_word' id='word_1_295' title='bbox 829 1683 865 1709; x_wconf 71' lang='lat'><strong>‘22</strong></span> <span class='ocrx_word' id='word_1_296' title='bbox 879 1682 938 1716; x_wconf 63' lang='lat'><strong>‘25).</strong></span> <span class='ocrx_word' id='word_1_297' title='bbox 957 1682 1011 1709; x_wconf 90' lang='lat' dir='ltr'><strong>lloc</strong></span> <span class='ocrx_word' id='word_1_298' title='bbox 1026 1689 1089 1708; x_wconf 80' lang='lat' dir='ltr'><strong>vero</strong></span> 
     </span>
    </p>
   </div>
   <div class='ocr_carea' id='block_1_35' title="bbox 298 1728 1090 1770">
    <p class='ocr_par' dir='ltr' id='par_1_35' title="bbox 298 1728 1090 1770">
     <span class='ocr_line' id='line_1_35' title="bbox 298 1728 1090 1770; baseline -0.01 -9"><span class='ocrx_word' id='word_1_299' title='bbox 298 1739 378 1770; x_wconf 82' lang='lat' dir='ltr'><strong>caput</strong></span> <span class='ocrx_word' id='word_1_300' title='bbox 392 1738 475 1761; x_wconf 90' lang='lat' dir='ltr'><strong>totum</strong></span> <span class='ocrx_word' id='word_1_301' title='bbox 491 1732 592 1759; x_wconf 83' lang='lat' dir='ltr'><strong>utiliter</strong></span> <span class='ocrx_word' id='word_1_302' title='bbox 602 1735 629 1758; x_wconf 91' lang='lat' dir='ltr'><strong>et</strong></span> <span class='ocrx_word' id='word_1_303' title='bbox 641 1729 783 1756; x_wconf 74' lang='lat' dir='ltr'><strong>admodum</strong></span> <span class='ocrx_word' id='word_1_304' title='bbox 799 1728 943 1763; x_wconf 88' lang='lat' dir='ltr'><strong>prudenter</strong></span> <span class='ocrx_word' id='word_1_305' title='bbox 957 1728 981 1754; x_wconf 88' lang='lat' dir='ltr'><strong>in</strong></span> <span class='ocrx_word' id='word_1_306' title='bbox 992 1728 1090 1762; x_wconf 85' lang='lat' dir='ltr'><strong>episto—</strong></span> 
     </span>
    </p>
   </div>
   <div class='ocr_carea' id='block_1_36' title="bbox 301 1773 1089 1814">
    <p class='ocr_par' dir='ltr' id='par_1_36' title="bbox 301 1773 1089 1814">
     <span class='ocr_line' id='line_1_36' title="bbox 301 1773 1089 1814; baseline -0.014 -6"><span class='ocrx_word' id='word_1_307' title='bbox 301 1782 325 1808; x_wconf 88' lang='lat' dir='ltr'><strong>la</strong></span> <span class='ocrx_word' id='word_1_308' title='bbox 338 1780 382 1807; x_wconf 92' lang='lat' dir='ltr'><strong>illa</strong></span> <span class='ocrx_word' id='word_1_309' title='bbox 397 1781 551 1814; x_wconf 85' lang='lat' dir='ltr'><strong>pertractat.</strong></span> <span class='ocrx_word' id='word_1_310' title='bbox 569 1775 699 1810; x_wconf 84' lang='lat' dir='ltr'><strong>Superius</strong></span> <span class='ocrx_word' id='word_1_311' title='bbox 720 1779 808 1801; x_wconf 88' lang='lat' dir='ltr'><strong>autem</strong></span> <span class='ocrx_word' id='word_1_312' title='bbox 834 1773 893 1800; x_wconf 91' lang='lat' dir='ltr'><strong>illos</strong></span> <span class='ocrx_word' id='word_1_313' title='bbox 917 1773 1010 1806; x_wconf 88' lang='lat' dir='ltr'><strong>majori</strong></span> <span class='ocrx_word' id='word_1_314' title='bbox 1026 1780 1089 1807; x_wconf 86' lang='lat' dir='ltr'><strong>sup-</strong></span> 
     </span>
    </p>
   </div>
   <div class='ocr_carea' id='block_1_37' title="bbox 300 1819 1088 1860">
    <p class='ocr_par' dir='ltr' id='par_1_37' title="bbox 300 1819 1088 1860">
     <span class='ocr_line' id='line_1_37' title="bbox 300 1819 1088 1860; baseline -0.011 -7"><span class='ocrx_word' id='word_1_315' title='bbox 300 1825 378 1860; x_wconf 86' lang='lat' dir='ltr'><strong>plicio</strong></span> <span class='ocrx_word' id='word_1_316' title='bbox 390 1824 485 1859; x_wconf 87' lang='lat' dir='ltr'><strong>dignos</strong></span> <span class='ocrx_word' id='word_1_317' title='bbox 498 1822 616 1849; x_wconf 87' lang='lat' dir='ltr'><strong>ostendit</strong></span> <span class='ocrx_word' id='word_1_318' title='bbox 632 1830 639 1846; x_wconf 71' lang='grc' dir='ltr'>ε</span> <span class='ocrx_word' id='word_1_319' title='bbox 655 1820 809 1854; x_wconf 80' lang='lat' dir='ltr'><strong>Quicumque</strong></span> <span class='ocrx_word' id='word_1_320' title='bbox 818 1820 885 1846; x_wconf 85' lang='lat' dir='ltr'><strong>enim</strong></span> <span class='ocrx_word' id='word_1_321' title='bbox 897 1819 923 1845; x_wconf 83' lang='lat' dir='ltr'><strong>in</strong></span> <span class='ocrx_word' id='word_1_322' title='bbox 935 1819 988 1853; x_wconf 82' lang='lat' dir='ltr'><strong>lege</strong></span> <span class='ocrx_word' id='word_1_323' title='bbox 999 1825 1088 1852; x_wconf 75' lang='lat' dir='ltr'><strong>pecca-</strong></span> 
     </span>
    </p>
   </div>
   <div class='ocr_carea' id='block_1_38' title="bbox 300 1863 1088 1904">
    <p class='ocr_par' dir='ltr' id='par_1_38' title="bbox 300 1863 1088 1904">
     <span class='ocr_line' id='line_1_38' title="bbox 300 1863 1088 1904; baseline -0.01 -7"><span class='ocrx_word' id='word_1_324' title='bbox 300 1875 395 1902; x_wconf 78' lang='lat' dir='ltr'><strong>uerunt,</strong></span> <span class='ocrx_word' id='word_1_325' title='bbox 415 1878 458 1904; x_wconf 77' lang='lat' dir='ltr'><strong>per</strong></span> <span class='ocrx_word' id='word_1_326' title='bbox 479 1869 558 1903; x_wconf 77' lang='lat' dir='ltr'><strong>legem</strong></span> <span class='ocrx_word' id='word_1_327' title='bbox 566 1866 750 1902; x_wconf 84' lang='lat' dir='ltr'><strong>jndicabuntur</strong></span> <span class='ocrx_word' id='word_1_328' title='bbox 764 1865 850 1900; x_wconf 79' lang='lat' dir='ltr'><strong>(llam.</strong></span> <span class='ocrx_word' id='word_1_329' title='bbox 862 1864 888 1891; x_wconf 70' lang='grc'><strong>2.</strong></span> <span class='ocrx_word' id='word_1_330' title='bbox 905 1863 948 1899; x_wconf 69' lang='lat'><strong>1‘2)</strong></span> <span class='ocrx_word' id='word_1_331' title='bbox 964 1872 971 1890; x_wconf 92' lang='lat'><strong>:</strong></span> <span class='ocrx_word' id='word_1_332' title='bbox 986 1863 1011 1890; x_wconf 88' lang='lat' dir='ltr'><strong>id</strong></span> <span class='ocrx_word' id='word_1_333' title='bbox 1026 1868 1066 1890; x_wconf 87' lang='lat' dir='ltr'><strong>est</strong></span> <span class='ocrx_word' id='word_1_334' title='bbox 1080 1884 1088 1896; x_wconf 79' lang='grc'><em>,</em></span> 
     </span>
    </p>
   </div>
   <div class='ocr_carea' id='block_1_39' title="bbox 298 1912 1087 1952">
    <p class='ocr_par' dir='ltr' id='par_1_39' title="bbox 298 1912 1087 1952">
     <span class='ocr_line' id='line_1_39' title="bbox 298 1912 1087 1952; baseline -0.009 -9"><span class='ocrx_word' id='word_1_335' title='bbox 298 1917 422 1952; x_wconf 83' lang='lat' dir='ltr'><strong>gravius;</strong></span> <span class='ocrx_word' id='word_1_336' title='bbox 435 1915 495 1949; x_wconf 88' lang='lat' dir='ltr'><strong>quia</strong></span> <span class='ocrx_word' id='word_1_337' title='bbox 513 1919 611 1948; x_wconf 66' lang='lat' dir='ltr'><strong>praeter</strong></span> <span class='ocrx_word' id='word_1_338' title='bbox 635 1918 756 1939; x_wconf 84' lang='lat' dir='ltr'><strong>naturam</strong></span> <span class='ocrx_word' id='word_1_339' title='bbox 781 1912 866 1946; x_wconf 85' lang='lat' dir='ltr'><strong>legem</strong></span> <span class='ocrx_word' id='word_1_340' title='bbox 883 1918 990 1945; x_wconf 87' lang='lat' dir='ltr'><strong>quoque</strong></span> <span class='ocrx_word' id='word_1_341' title='bbox 1005 1918 1087 1937; x_wconf 86' lang='lat' dir='ltr'><strong>accu-</strong></span> 
     </span>
    </p>
   </div>
   <div class='ocr_carea' id='block_1_40' title="bbox 299 1955 1088 1993">
    <p class='ocr_par' dir='ltr' id='par_1_40' title="bbox 299 1955 1088 1993">
     <span class='ocr_line' id='line_1_40' title="bbox 299 1955 1088 1993; baseline -0.009 -4"><span class='ocrx_word' id='word_1_342' title='bbox 299 1967 404 1990; x_wconf 82' lang='lat' dir='ltr'><strong>sanlcm</strong></span> <span class='ocrx_word' id='word_1_343' title='bbox 420 1960 564 1990; x_wconf 90' lang='lat' dir='ltr'><strong>habebunt.</strong></span> <span class='ocrx_word' id='word_1_344' title='bbox 576 1958 666 1993; x_wconf 85' lang='lat' dir='ltr'><strong>Neque</strong></span> <span class='ocrx_word' id='word_1_345' title='bbox 679 1957 740 1984; x_wconf 90' lang='lat' dir='ltr'><strong>hinc</strong></span> <span class='ocrx_word' id='word_1_346' title='bbox 753 1961 866 1988; x_wconf 86' lang='lat' dir='ltr'><strong>tantum.</strong></span> <span class='ocrx_word' id='word_1_347' title='bbox 880 1956 927 1983; x_wconf 89' lang='lat' dir='ltr'><strong>sed</strong></span> <span class='ocrx_word' id='word_1_348' title='bbox 940 1960 967 1983; x_wconf 86' lang='lat' dir='ltr'><strong>et</strong></span> <span class='ocrx_word' id='word_1_349' title='bbox 979 1955 1050 1990; x_wconf 91' lang='lat' dir='ltr'><strong>quod</strong></span> <span class='ocrx_word' id='word_1_350' title='bbox 1062 1956 1088 1982; x_wconf 91' lang='lat' dir='ltr'><strong>in</strong></span> 
     </span>
    </p>
   </div>
   <div class='ocr_carea' id='block_1_41' title="bbox 303 2001 1086 2039">
    <p class='ocr_par' dir='ltr' id='par_1_41' title="bbox 303 2001 1086 2039">
     <span class='ocr_line' id='line_1_41' title="bbox 303 2001 1086 2039; baseline -0.01 -4"><span class='ocrx_word' id='word_1_351' title='bbox 303 2015 383 2035; x_wconf 76' lang='lat' dir='ltr'><strong>causa</strong></span> <span class='ocrx_word' id='word_1_352' title='bbox 399 2005 497 2033; x_wconf 86' lang='lat' dir='ltr'><strong>fuerint</strong></span> <span class='ocrx_word' id='word_1_353' title='bbox 510 2012 558 2032; x_wconf 90' lang='lat' dir='ltr'><strong>cur</strong></span> <span class='ocrx_word' id='word_1_354' title='bbox 567 2009 660 2039; x_wconf 86' lang='lat' dir='ltr'><strong>gentes</strong></span> <span class='ocrx_word' id='word_1_355' title='bbox 676 2004 759 2030; x_wconf 92' lang='lat' dir='ltr'><strong>Deum</strong></span> <span class='ocrx_word' id='word_1_356' title='bbox 775 2003 991 2037; x_wconf 87' lang='lat' dir='ltr'><strong>blasphemarent</strong></span> <span class='ocrx_word' id='word_1_357' title='bbox 1006 2010 1012 2027; x_wconf 89' lang='lat'>:</span> <span class='ocrx_word' id='word_1_358' title='bbox 1030 2001 1086 2028; x_wconf 83' lang='grc' dir='ltr'><strong>Νο-</strong></span> 
     </span>
    </p>
   </div>
   <div class='ocr_carea' id='block_1_42' title="bbox 302 2047 1088 2083">
    <p class='ocr_par' dir='ltr' id='par_1_42' title="bbox 302 2047 1088 2083">
     <span class='ocr_line' id='line_1_42' title="bbox 302 2047 1088 2083; baseline -0.006 -5"><span class='ocrx_word' id='word_1_359' title='bbox 302 2060 358 2079; x_wconf 78' lang='lat' dir='ltr'><strong>men</strong></span> <span class='ocrx_word' id='word_1_360' title='bbox 378 2052 443 2078; x_wconf 78' lang='lat' dir='ltr'><strong>enim</strong></span> <span class='ocrx_word' id='word_1_361' title='bbox 455 2058 547 2080; x_wconf 80' lang='lat' dir='ltr'><strong>meum,</strong></span> <span class='ocrx_word' id='word_1_362' title='bbox 563 2049 647 2083; x_wconf 91' lang='lat' dir='ltr'><strong>inquit</strong></span> <span class='ocrx_word' id='word_1_363' title='bbox 659 2068 665 2078; x_wconf 83' lang='lat'><strong>.</strong></span> <span class='ocrx_word' id='word_1_364' title='bbox 679 2057 722 2082; x_wconf 84' lang='lat' dir='ltr'><strong>per</strong></span> <span class='ocrx_word' id='word_1_365' title='bbox 735 2056 777 2074; x_wconf 75' lang='lat' dir='ltr'><strong>vos</strong></span> <span class='ocrx_word' id='word_1_366' title='bbox 790 2047 978 2082; x_wconf 70' lang='lat' dir='ltr'><strong>blasphematur</strong></span> <span class='ocrx_word' id='word_1_367' title='bbox 987 2048 1012 2073; x_wconf 85' lang='lat' dir='ltr'><strong>in</strong></span> <span class='ocrx_word' id='word_1_368' title='bbox 1026 2055 1088 2081; x_wconf 82' lang='lat' dir='ltr'><strong>gen-</strong></span> 
     </span>
    </p>
   </div>
   <div class='ocr_carea' id='block_1_43' title="bbox 299 2089 1089 2128">
    <p class='ocr_par' dir='ltr' id='par_1_43' title="bbox 299 2089 1089 2128">
     <span class='ocr_line' id='line_1_43' title="bbox 299 2089 1089 2128; baseline -0.008 -6"><span class='ocrx_word' id='word_1_369' title='bbox 299 2096 364 2122; x_wconf 72' lang='lat' dir='ltr'><strong>tibus</strong></span> <span class='ocrx_word' id='word_1_370' title='bbox 375 2093 452 2128; x_wconf 74' lang='lat' dir='ltr'><strong>(hui.</strong></span> <span class='ocrx_word' id='word_1_371' title='bbox 468 2092 513 2119; x_wconf 76' lang='grc'><strong>52.</strong></span> <span class='ocrx_word' id='word_1_372' title='bbox 529 2092 555 2119; x_wconf 85' lang='grc'><strong>5.</strong></span> <span class='ocrx_word' id='word_1_373' title='bbox 572 2091 647 2118; x_wconf 82' lang='lat' dir='ltr'><strong>Rom.</strong></span> <span class='ocrx_word' id='word_1_374' title='bbox 661 2090 753 2124; x_wconf 63' lang='lat'><strong>2.2”.</strong></span> <span class='ocrx_word' id='word_1_375' title='bbox 767 2090 833 2116; x_wconf 81' lang='lat' dir='ltr'><strong>Cum</strong></span> <span class='ocrx_word' id='word_1_376' title='bbox 851 2089 929 2124; x_wconf 88' lang='lat' dir='ltr'><strong>igitur</strong></span> <span class='ocrx_word' id='word_1_377' title='bbox 942 2089 993 2116; x_wconf 92' lang='lat' dir='ltr'><strong>hoc</strong></span> <span class='ocrx_word' id='word_1_378' title='bbox 1006 2089 1089 2116; x_wconf 75' lang='lat' dir='ltr'><strong>maxi-</strong></span> 
     </span>
    </p>
   </div>
   <div class='ocr_carea' id='block_1_44' title="bbox 299 2134 1087 2169">
    <p class='ocr_par' dir='ltr' id='par_1_44' title="bbox 299 2134 1087 2169">
     <span class='ocr_line' id='line_1_44' title="bbox 299 2134 1087 2169; baseline -0.009 -2"><span class='ocrx_word' id='word_1_379' title='bbox 299 2148 342 2168; x_wconf 87' lang='lat' dir='ltr'><strong>me</strong></span> <span class='ocrx_word' id='word_1_380' title='bbox 361 2138 497 2166; x_wconf 82' lang='lat' dir='ltr'><strong>morderet</strong></span> <span class='ocrx_word' id='word_1_381' title='bbox 512 2137 593 2167; x_wconf 85' lang='lat' dir='ltr'><strong>illos;</strong></span> <span class='ocrx_word' id='word_1_382' title='bbox 615 2135 712 2163; x_wconf 90' lang='lat' dir='ltr'><strong>ctenim</strong></span> <span class='ocrx_word' id='word_1_383' title='bbox 733 2134 902 2162; x_wconf 76' lang='lat' dir='ltr'><strong>credentibus</strong></span> <span class='ocrx_word' id='word_1_384' title='bbox 926 2142 1031 2169; x_wconf 90' lang='lat' dir='ltr'><strong>quoque</strong></span> <span class='ocrx_word' id='word_1_385' title='bbox 1052 2142 1087 2162; x_wconf 83' lang='lat' dir='ltr'><strong>ex</strong></span> 
     </span>
    </p>
   </div>
   <div class='ocr_carea' id='block_1_45' title="bbox 299 2180 1089 2215">
    <p class='ocr_par' dir='ltr' id='par_1_45' title="bbox 299 2180 1089 2215">
     <span class='ocr_line' id='line_1_45' title="bbox 299 2180 1089 2215; baseline -0.006 -3"><span class='ocrx_word' id='word_1_386' title='bbox 299 2183 500 2212; x_wconf 86' lang='lat' dir='ltr'><strong>circumcisione</strong></span> <span class='ocrx_word' id='word_1_387' title='bbox 514 2189 557 2208; x_wconf 89' lang='lat' dir='ltr'><strong>res</strong></span> <span class='ocrx_word' id='word_1_388' title='bbox 568 2180 697 2215; x_wconf 86' lang='lat' dir='ltr'><strong>stupenda</strong></span> <span class='ocrx_word' id='word_1_389' title='bbox 710 2180 848 2207; x_wconf 81' lang='lat' dir='ltr'><strong>videbatur</strong></span> <span class='ocrx_word' id='word_1_390' title='bbox 863 2187 922 2207; x_wconf 84' lang='lat' dir='ltr'><strong>esse</strong></span> <span class='ocrx_word' id='word_1_391' title='bbox 935 2189 942 2211; x_wconf 84' lang='grc'>;</span> <span class='ocrx_word' id='word_1_392' title='bbox 958 2180 1089 2214; x_wconf 89' lang='lat' dir='ltr'><strong>quamob-</strong></span> 
     </span>
    </p>
   </div>
   <div class='ocr_carea' id='block_1_46' title="bbox 302 2224 1087 2258">
    <p class='ocr_par' dir='ltr' id='par_1_46' title="bbox 302 2224 1087 2258">
     <span class='ocr_line' id='line_1_46' title="bbox 302 2224 1087 2258; baseline -0.006 -1"><span class='ocrx_word' id='word_1_393' title='bbox 302 2237 358 2257; x_wconf 88' lang='lat' dir='ltr'><strong>rem</strong></span> <span class='ocrx_word' id='word_1_394' title='bbox 386 2229 490 2255; x_wconf 83' lang='lat' dir='ltr'><strong>l&#39;etrum</strong></span> <span class='ocrx_word' id='word_1_395' title='bbox 514 2226 670 2253; x_wconf 89' lang='lat' dir='ltr'><strong>incusabant</strong></span> <span class='ocrx_word' id='word_1_396' title='bbox 685 2224 807 2252; x_wconf 78' lang='lat' dir='ltr'><strong>Czcsarea</strong></span> <span class='ocrx_word' id='word_1_397' title='bbox 821 2225 855 2251; x_wconf 88' lang='lat' dir='ltr'><strong>ad</strong></span> <span class='ocrx_word' id='word_1_398' title='bbox 870 2232 899 2252; x_wconf 85' lang='lat' dir='ltr'><strong>se</strong></span> <span class='ocrx_word' id='word_1_399' title='bbox 912 2225 1066 2253; x_wconf 86' lang='lat' dir='ltr'><strong>redeuntem</strong></span> <span class='ocrx_word' id='word_1_400' title='bbox 1079 2246 1087 2258; x_wconf 90' lang='lat'><strong>,</strong></span> 
     </span>
    </p>
   </div>
   <div class='ocr_carea' id='block_1_47' title="bbox 300 2271 1086 2310">
    <p class='ocr_par' dir='ltr' id='par_1_47' title="bbox 300 2271 1086 2310">
     <span class='ocr_line' id='line_1_47' title="bbox 300 2271 1086 2310; baseline -0.005 -7"><span class='ocrx_word' id='word_1_401' title='bbox 300 2276 369 2310; x_wconf 86' lang='lat' dir='ltr'><strong>quod</strong></span> <span class='ocrx_word' id='word_1_402' title='bbox 384 2275 417 2302; x_wconf 86' lang='lat' dir='ltr'><strong>ad</strong></span> <span class='ocrx_word' id='word_1_403' title='bbox 432 2274 502 2300; x_wconf 79' lang='lat' dir='ltr'><strong>viros</strong></span> <span class='ocrx_word' id='word_1_404' title='bbox 524 2272 681 2308; x_wconf 72' lang='lat' dir='ltr'><strong>praeputium</strong></span> <span class='ocrx_word' id='word_1_405' title='bbox 708 2271 836 2298; x_wconf 75' lang='lat' dir='ltr'><strong>habentes</strong></span> <span class='ocrx_word' id='word_1_406' title='bbox 856 2271 991 2306; x_wconf 85' lang='lat' dir='ltr'><strong>ingressus</strong></span> <span class='ocrx_word' id='word_1_407' title='bbox 1004 2277 1086 2304; x_wconf 87' lang='lat' dir='ltr'><strong>esset,</strong></span> 
     </span>
    </p>
   </div>
   <div class='ocr_carea' id='block_1_48' title="bbox 301 2317 1088 2351">
    <p class='ocr_par' dir='ltr' id='par_1_48' title="bbox 301 2317 1088 2351">
     <span class='ocr_line' id='line_1_48' title="bbox 301 2317 1088 2351; baseline -0.004 -3"><span class='ocrx_word' id='word_1_408' title='bbox 301 2326 329 2348; x_wconf 84' lang='lat' dir='ltr'><strong>et</strong></span> <span class='ocrx_word' id='word_1_409' title='bbox 347 2328 407 2347; x_wconf 91' lang='lat' dir='ltr'><strong>cum</strong></span> <span class='ocrx_word' id='word_1_410' title='bbox 431 2319 484 2346; x_wconf 84' lang='lat' dir='ltr'><strong>illis</strong></span> <span class='ocrx_word' id='word_1_411' title='bbox 506 2318 687 2345; x_wconf 86' lang='lat' dir='ltr'><strong>comedisset:</strong></span> <span class='ocrx_word' id='word_1_412' title='bbox 703 2322 730 2343; x_wconf 89' lang='lat' dir='ltr'><strong>et</strong></span> <span class='ocrx_word' id='word_1_413' title='bbox 743 2321 882 2351; x_wconf 81' lang='lat' dir='ltr'><strong>postquam</strong></span> <span class='ocrx_word' id='word_1_414' title='bbox 909 2317 954 2344; x_wconf 80' lang='lat' dir='ltr'><strong>Dei</strong></span> <span class='ocrx_word' id='word_1_415' title='bbox 979 2326 1088 2345; x_wconf 70' lang='lat' dir='ltr'><strong>manno-</strong></span> 
     </span>
    </p>
   </div>
   <div class='ocr_carea' id='block_1_49' title="bbox 303 2362 1088 2398">
    <p class='ocr_par' dir='ltr' id='par_1_49' title="bbox 303 2362 1088 2398">
     <span class='ocr_line' id='line_1_49' title="bbox 303 2362 1088 2398; baseline -0.004 -5"><span class='ocrx_word' id='word_1_416' title='bbox 303 2367 383 2393; x_wconf 81' lang='lat' dir='ltr'><strong>niiam</strong></span> <span class='ocrx_word' id='word_1_417' title='bbox 407 2364 619 2394; x_wconf 77' lang='lat' dir='ltr'><strong>intellexerant,</strong></span> <span class='ocrx_word' id='word_1_418' title='bbox 639 2362 726 2388; x_wconf 89' lang='lat' dir='ltr'><strong>adhuc</strong></span> <span class='ocrx_word' id='word_1_419' title='bbox 749 2362 915 2389; x_wconf 86' lang='lat' dir='ltr'><strong>mirabantur</strong></span> <span class='ocrx_word' id='word_1_420' title='bbox 934 2371 987 2398; x_wconf 88' lang='lat' dir='ltr'><strong>quo</strong></span> <span class='ocrx_word' id='word_1_421' title='bbox 1012 2369 1088 2398; x_wconf 88' lang='lat' dir='ltr'><strong>pacto</strong></span> 
     </span>
    </p>
   </div>
   <div class='ocr_carea' id='block_1_50' title="bbox 301 2405 1089 2442">
    <p class='ocr_par' dir='ltr' id='par_1_50' title="bbox 301 2405 1089 2442">
     <span class='ocr_line' id='line_1_50' title="bbox 301 2405 1089 2442; baseline -0.003 -4"><span class='ocrx_word' id='word_1_422' title='bbox 301 2412 400 2439; x_wconf 85' lang='lat' dir='ltr'><strong>donum</strong></span> <span class='ocrx_word' id='word_1_423' title='bbox 411 2409 494 2437; x_wconf 88' lang='lat' dir='ltr'><strong>sancti</strong></span> <span class='ocrx_word' id='word_1_424' title='bbox 504 2408 619 2442; x_wconf 84' lang='lat' dir='ltr'><strong>Spiritus</strong></span> <span class='ocrx_word' id='word_1_425' title='bbox 634 2407 659 2434; x_wconf 90' lang='lat' dir='ltr'><strong>in</strong></span> <span class='ocrx_word' id='word_1_426' title='bbox 670 2412 764 2441; x_wconf 83' lang='lat' dir='ltr'><strong>gentes</strong></span> <span class='ocrx_word' id='word_1_427' title='bbox 772 2405 882 2434; x_wconf 74' lang='lat' dir='ltr'><strong>eﬂusum</strong></span> <span class='ocrx_word' id='word_1_428' title='bbox 892 2413 964 2435; x_wconf 88' lang='lat' dir='ltr'><strong>esset</strong></span> <span class='ocrx_word' id='word_1_429' title='bbox 975 2417 982 2441; x_wconf 87' lang='lat'><strong>;</strong></span> <span class='ocrx_word' id='word_1_430' title='bbox 991 2416 1024 2436; x_wconf 84' lang='lat' dir='ltr'><strong>ex</strong></span> <span class='ocrx_word' id='word_1_431' title='bbox 1034 2414 1089 2436; x_wconf 84' lang='lat' dir='ltr'><strong>stu-</strong></span> 
     </span>
    </p>
   </div>
   <div class='ocr_carea' id='block_1_51' title="bbox 303 2455 1090 2492">
    <p class='ocr_par' dir='ltr' id='par_1_51' title="bbox 303 2455 1090 2492">
     <span class='ocr_line' id='line_1_51' title="bbox 303 2455 1090 2492; baseline -0.004 -6"><span class='ocrx_word' id='word_1_432' title='bbox 303 2465 367 2492; x_wconf 82' lang='lat' dir='ltr'><strong>pore</strong></span> <span class='ocrx_word' id='word_1_433' title='bbox 375 2456 554 2491; x_wconf 80' lang='lat' dir='ltr'><strong>significantes</strong></span> <span class='ocrx_word' id='word_1_434' title='bbox 561 2462 591 2481; x_wconf 87' lang='lat' dir='ltr'><strong>se</strong></span> <span class='ocrx_word' id='word_1_435' title='bbox 601 2461 742 2488; x_wconf 86' lang='lat' dir='ltr'><strong>numquam</strong></span> <span class='ocrx_word' id='word_1_436' title='bbox 751 2461 808 2481; x_wconf 88' lang='lat' dir='ltr'><strong>rem</strong></span> <span class='ocrx_word' id='word_1_437' title='bbox 815 2458 868 2480; x_wconf 90' lang='lat' dir='ltr'><strong>tam</strong></span> <span class='ocrx_word' id='word_1_438' title='bbox 880 2455 1038 2489; x_wconf 86' lang='lat' dir='ltr'><strong>inopinatam</strong></span> <span class='ocrx_word' id='word_1_439' title='bbox 1048 2464 1090 2484; x_wconf 81' lang='lat' dir='ltr'><strong>ex-</strong></span> 
     </span>
    </p>
   </div>
   <div class='ocr_carea' id='block_1_52' title="bbox 303 2499 1089 2539">
    <p class='ocr_par' dir='ltr' id='par_1_52' title="bbox 303 2499 1089 2539">
     <span class='ocr_line' id='line_1_52' title="bbox 303 2499 1089 2539; baseline 0 -8"><span class='ocrx_word' id='word_1_440' title='bbox 303 2501 540 2539; x_wconf 71' lang='lat' dir='ltr'><strong>spectavisseQuia</strong></span> <span class='ocrx_word' id='word_1_441' title='bbox 548 2508 611 2534; x_wconf 85' lang='lat' dir='ltr'><strong>ergo</strong></span> <span class='ocrx_word' id='word_1_442' title='bbox 617 2500 716 2527; x_wconf 85' lang='lat' dir='ltr'><strong>sciebat</strong></span> <span class='ocrx_word' id='word_1_443' title='bbox 723 2499 781 2527; x_wconf 87' lang='lat' dir='ltr'><strong>illos</strong></span> <span class='ocrx_word' id='word_1_444' title='bbox 791 2500 841 2527; x_wconf 91' lang='lat' dir='ltr'><strong>hoc</strong></span> <span class='ocrx_word' id='word_1_445' title='bbox 848 2501 1013 2534; x_wconf 84' lang='lat' dir='ltr'><strong>potissimum</strong></span> <span class='ocrx_word' id='word_1_446' title='bbox 1020 2511 1089 2538; x_wconf 55' lang='grc' dir='ltr'><strong>ξρετε</strong></span> 
     </span>
    </p>
   </div>
   <div class='ocr_carea' id='block_1_53' title="bbox 304 2546 1090 2583">
    <p class='ocr_par' dir='ltr' id='par_1_53' title="bbox 304 2546 1090 2583">
     <span class='ocr_line' id='line_1_53' title="bbox 304 2546 1090 2583; baseline -0.003 -6"><span class='ocrx_word' id='word_1_447' title='bbox 304 2551 384 2583; x_wconf 77' lang='lat' dir='ltr'><strong>ferre,</strong></span> <span class='ocrx_word' id='word_1_448' title='bbox 395 2548 460 2576; x_wconf 83' lang='lat' dir='ltr'><strong>nihil</strong></span> <span class='ocrx_word' id='word_1_449' title='bbox 474 2555 526 2574; x_wconf 88' lang='lat' dir='ltr'><strong>non</strong></span> <span class='ocrx_word' id='word_1_450' title='bbox 542 2546 596 2581; x_wconf 90' lang='lat' dir='ltr'><strong>agit</strong></span> <span class='ocrx_word' id='word_1_451' title='bbox 608 2550 635 2572; x_wconf 89' lang='lat' dir='ltr'><strong>ut</strong></span> <span class='ocrx_word' id='word_1_452' title='bbox 647 2553 739 2572; x_wconf 88' lang='lat' dir='ltr'><strong>eorum</strong></span> <span class='ocrx_word' id='word_1_453' title='bbox 756 2550 886 2573; x_wconf 86' lang='lat' dir='ltr'><strong>tumorem</strong></span> <span class='ocrx_word' id='word_1_454' title='bbox 897 2546 1031 2581; x_wconf 84' lang='lat' dir='ltr'><strong>deprimat</strong></span> <span class='ocrx_word' id='word_1_455' title='bbox 1041 2569 1048 2579; x_wconf 83' lang='lat'><strong>.</strong></span> <span class='ocrx_word' id='word_1_456' title='bbox 1064 2554 1090 2575; x_wconf 88' lang='lat' dir='ltr'><strong>et</strong></span> 
     </span>
    </p>
   </div>
   <div class='ocr_carea' id='block_1_54' title="bbox 305 2591 1089 2630">
    <p class='ocr_par' dir='ltr' id='par_1_54' title="bbox 305 2591 1089 2630">
     <span class='ocr_line' id='line_1_54' title="bbox 305 2591 1089 2630; baseline -0.004 -7"><span class='ocrx_word' id='word_1_457' title='bbox 305 2605 342 2623; x_wconf 76' lang='lat' dir='ltr'><strong>an</strong></span> <span class='ocrx_word' id='word_1_458' title='bbox 350 2594 457 2630; x_wconf 83' lang='lat' dir='ltr'><strong>ogantia</strong></span> <span class='ocrx_word' id='word_1_459' title='bbox 471 2592 576 2620; x_wconf 82' lang='lat' dir='ltr'><strong>inﬂatos</strong></span> <span class='ocrx_word' id='word_1_460' title='bbox 583 2591 700 2626; x_wconf 87' lang='lat' dir='ltr'><strong>dejiciat.</strong></span> <span class='ocrx_word' id='word_1_461' title='bbox 711 2591 746 2618; x_wconf 87' lang='lat' dir='ltr'><strong>Et</strong></span> <span class='ocrx_word' id='word_1_462' title='bbox 759 2591 821 2619; x_wconf 79' lang='lat' dir='ltr'><strong>vide</strong></span> <span class='ocrx_word' id='word_1_463' title='bbox 831 2592 965 2626; x_wconf 89' lang='lat' dir='ltr'><strong>quomodo</strong></span> <span class='ocrx_word' id='word_1_464' title='bbox 979 2593 1004 2620; x_wconf 93' lang='lat' dir='ltr'><strong>id</strong></span> <span class='ocrx_word' id='word_1_465' title='bbox 1019 2598 1089 2628; x_wconf 77' lang='lat' dir='ltr'><strong>agat.</strong></span> 
     </span>
    </p>
   </div>
   <div class='ocr_carea' id='block_1_55' title="bbox 338 2637 1091 2674">
    <p class='ocr_par' dir='ltr' id='par_1_55' title="bbox 338 2637 1091 2674">
     <span class='ocr_line' id='line_1_55' title="bbox 338 2637 1091 2674; baseline -0.001 -7"><span class='ocrx_word' id='word_1_466' title='bbox 338 2640 425 2667; x_wconf 60' lang='grc' dir='ltr'><strong>λιιιιωὶ</strong></span> <span class='ocrx_word' id='word_1_467' title='bbox 435 2643 574 2673; x_wconf 82' lang='lat' dir='ltr'><strong>carpuntur</strong></span> <span class='ocrx_word' id='word_1_468' title='bbox 587 2646 602 2664; x_wconf 89' lang='lat' dir='ltr'><strong>a</strong></span> <span class='ocrx_word' id='word_1_469' title='bbox 620 2637 702 2664; x_wconf 88' lang='lat' dir='ltr'><strong>Paulo</strong></span> <span class='ocrx_word' id='word_1_470' title='bbox 722 2637 830 2665; x_wconf 67' lang='lat' dir='ltr'><strong>&quot;mima</strong></span> <span class='ocrx_word' id='word_1_471' title='bbox 844 2638 874 2664; x_wconf 87' lang='lat' dir='ltr'><strong>ob</strong></span> <span class='ocrx_word' id='word_1_472' title='bbox 887 2647 960 2665; x_wconf 76' lang='lat' dir='ltr'><strong>suam</strong></span> <span class='ocrx_word' id='word_1_473' title='bbox 970 2647 1091 2674; x_wconf 80' lang='lat' dir='ltr'><strong>arrogan-</strong></span> 
     </span>
    </p>
   </div>
   <div class='ocr_carea' id='block_1_56' title="bbox 305 2683 1092 2720">
    <p class='ocr_par' dir='ltr' id='par_1_56' title="bbox 305 2683 1092 2720">
     <span class='ocr_line' id='line_1_56' title="bbox 305 2683 1092 2720; baseline -0.003 -6"><span class='ocrx_word' id='word_1_474' title='bbox 305 2689 376 2715; x_wconf 83' lang='lat' dir='ltr'><strong>tiam.</strong></span> <span class='ocrx_word' id='word_1_475' title='bbox 391 2685 516 2720; x_wconf 85' lang='lat' dir='ltr'><strong>Superbia</strong></span> <span class='ocrx_word' id='word_1_476' title='bbox 529 2692 613 2711; x_wconf 73' lang='lat' dir='ltr'><strong>omnes</strong></span> <span class='ocrx_word' id='word_1_477' title='bbox 628 2685 728 2710; x_wconf 70' lang='lat' dir='ltr'><strong>virtutes</strong></span> <span class='ocrx_word' id='word_1_478' title='bbox 744 2683 828 2710; x_wconf 79' lang='lat' dir='ltr'><strong>reddit</strong></span> <span class='ocrx_word' id='word_1_479' title='bbox 841 2684 951 2711; x_wconf 77' lang='lat' dir='ltr'><strong>inutiles.</strong></span> <span class='ocrx_word' id='word_1_480' title='bbox 968 2700 1003 2704; x_wconf 91' lang='lat'><strong>—</strong></span> <span class='ocrx_word' id='word_1_481' title='bbox 1016 2685 1092 2712; x_wconf 83' lang='lat' dir='ltr'><strong>Post—</strong></span> 
     </span>
    </p>
   </div>
   <div class='ocr_carea' id='block_1_57' title="bbox 304 2729 1090 2767">
    <p class='ocr_par' dir='ltr' id='par_1_57' title="bbox 304 2729 1090 2767">
     <span class='ocr_line' id='line_1_57' title="bbox 304 2729 1090 2767; baseline -0.001 -9"><span class='ocrx_word' id='word_1_482' title='bbox 304 2740 382 2767; x_wconf 84' lang='lat' dir='ltr'><strong>quam</strong></span> <span class='ocrx_word' id='word_1_483' title='bbox 395 2731 429 2758; x_wconf 86' lang='lat' dir='ltr'><strong>de</strong></span> <span class='ocrx_word' id='word_1_484' title='bbox 443 2729 586 2765; x_wconf 88' lang='lat' dir='ltr'><strong>gentilibus</strong></span> <span class='ocrx_word' id='word_1_485' title='bbox 599 2729 781 2762; x_wconf 82' lang='lat' dir='ltr'><strong>disputaverat</strong></span> <span class='ocrx_word' id='word_1_486' title='bbox 791 2748 799 2760; x_wconf 93' lang='lat'><strong>,</strong></span> <span class='ocrx_word' id='word_1_487' title='bbox 810 2729 1015 2764; x_wconf 66' lang='lat' dir='ltr'><strong>ostendi-ratque</strong></span> <span class='ocrx_word' id='word_1_488' title='bbox 1032 2730 1090 2758; x_wconf 89' lang='lat' dir='ltr'><strong>illos</strong></span> 
     </span>
    </p>
   </div>
   <div class='ocr_carea' id='block_1_58' title="bbox 304 2773 1089 2811">
    <p class='ocr_par' dir='ltr' id='par_1_58' title="bbox 304 2773 1089 2811">
     <span class='ocr_line' id='line_1_58' title="bbox 304 2773 1089 2811; baseline -0.003 -7"><span class='ocrx_word' id='word_1_489' title='bbox 304 2778 402 2804; x_wconf 89' lang='lat' dir='ltr'><strong>nullam</strong></span> <span class='ocrx_word' id='word_1_490' title='bbox 418 2784 525 2811; x_wconf 77' lang='lat' dir='ltr'><strong>prorsus</strong></span> <span class='ocrx_word' id='word_1_491' title='bbox 539 2774 720 2802; x_wconf 80' lang='lat' dir='ltr'><strong>defensionem</strong></span> <span class='ocrx_word' id='word_1_492' title='bbox 732 2773 840 2806; x_wconf 84' lang='lat' dir='ltr'><strong>habere,</strong></span> <span class='ocrx_word' id='word_1_493' title='bbox 853 2775 1006 2809; x_wconf 87' lang='lat' dir='ltr'><strong>nullamque</strong></span> <span class='ocrx_word' id='word_1_494' title='bbox 1015 2783 1089 2810; x_wconf 85' lang='lat' dir='ltr'><strong>spem</strong></span> 
     </span>
    </p>
   </div>
   <div class='ocr_carea' id='block_1_59' title="bbox 304 2821 1089 2856">
    <p class='ocr_par' dir='ltr' id='par_1_59' title="bbox 304 2821 1089 2856">
     <span class='ocr_line' id='line_1_59' title="bbox 304 2821 1089 2856; baseline 0 -6"><span class='ocrx_word' id='word_1_495' title='bbox 304 2823 398 2850; x_wconf 88' lang='lat' dir='ltr'><strong>salutis</strong></span> <span class='ocrx_word' id='word_1_496' title='bbox 412 2843 420 2854; x_wconf 96' lang='lat'><strong>,</strong></span> <span class='ocrx_word' id='word_1_497' title='bbox 444 2822 593 2856; x_wconf 81' lang='lat' dir='ltr'><strong>acriterque</strong></span> <span class='ocrx_word' id='word_1_498' title='bbox 608 2822 666 2848; x_wconf 88' lang='lat' dir='ltr'><strong>illos</strong></span> <span class='ocrx_word' id='word_1_499' title='bbox 687 2821 856 2848; x_wconf 74' lang='lat' dir='ltr'><strong>incusaverat</strong></span> <span class='ocrx_word' id='word_1_500' title='bbox 868 2821 902 2848; x_wconf 85' lang='lat' dir='ltr'><strong>de</strong></span> <span class='ocrx_word' id='word_1_501' title='bbox 916 2823 1089 2856; x_wconf 76' lang='lat' dir='ltr'><strong>perversitate</strong></span> 
     </span>
    </p>
   </div>
   <div class='ocr_carea' id='block_1_60' title="bbox 298 2863 1087 2902">
    <p class='ocr_par' dir='ltr' id='par_1_60' title="bbox 298 2863 1087 2902">
     <span class='ocr_line' id='line_1_60' title="bbox 298 2863 1087 2902; baseline -0.006 -7"><span class='ocrx_word' id='word_1_502' title='bbox 298 2867 432 2897; x_wconf 75' lang='lat' dir='ltr'><strong>doctrina:</strong></span> <span class='ocrx_word' id='word_1_503' title='bbox 450 2867 537 2902; x_wconf 83' lang='lat' dir='ltr'><strong>deque</strong></span> <span class='ocrx_word' id='word_1_504' title='bbox 555 2869 614 2894; x_wconf 68' lang='lat' dir='ltr'><strong>vitae</strong></span> <span class='ocrx_word' id='word_1_505' title='bbox 629 2865 796 2901; x_wconf 83' lang='lat' dir='ltr'><strong>iinpuritate;</strong></span> <span class='ocrx_word' id='word_1_506' title='bbox 820 2863 851 2892; x_wconf 86' lang='lat' dir='ltr'><strong>ad</strong></span> <span class='ocrx_word' id='word_1_507' title='bbox 865 2864 971 2894; x_wconf 65' lang='grc' dir='ltr'><strong>1ηι];εοε</strong></span> <span class='ocrx_word' id='word_1_508' title='bbox 988 2876 1087 2896; x_wconf 77' lang='lat' dir='ltr'><strong>serum.</strong></span> 
     </span>
    </p>
   </div>
   <div class='ocr_carea' id='block_1_61' title="bbox 1149 221 1935 262">
    <p class='ocr_par' dir='ltr' id='par_1_61' title="bbox 1149 221 1935 262">
     <span class='ocr_line' id='line_1_61' title="bbox 1149 221 1935 262; baseline 0.008 -16"><span class='ocrx_word' id='word_1_509' title='bbox 1149 227 1208 247; x_wconf 87' lang='lat' dir='ltr'><strong>nem</strong></span> <span class='ocrx_word' id='word_1_510' title='bbox 1225 221 1351 249; x_wconf 81' lang='lat' dir='ltr'><strong>transfert</strong></span> <span class='ocrx_word' id='word_1_511' title='bbox 1366 230 1373 254; x_wconf 85' lang='lat'><strong>:</strong></span> <span class='ocrx_word' id='word_1_512' title='bbox 1395 230 1427 251; x_wconf 88' lang='lat' dir='ltr'><strong>ac</strong></span> <span class='ocrx_word' id='word_1_513' title='bbox 1441 223 1582 251; x_wconf 85' lang='lat' dir='ltr'><strong>recensitis</strong></span> <span class='ocrx_word' id='word_1_514' title='bbox 1604 224 1636 252; x_wconf 91' lang='lat' dir='ltr'><strong>iis</strong></span> <span class='ocrx_word' id='word_1_515' title='bbox 1657 225 1783 257; x_wconf 69' lang='lat' dir='ltr'><strong>omnibus</strong></span> <span class='ocrx_word' id='word_1_516' title='bbox 1797 234 1859 262; x_wconf 76' lang='lat' dir='ltr'><strong>qua:</strong></span> <span class='ocrx_word' id='word_1_517' title='bbox 1875 235 1935 261; x_wconf 73' lang='lat' dir='ltr'><strong>pro-</strong></span> 
     </span>
    </p>
   </div>
   <div class='ocr_carea' id='block_1_62' title="bbox 1149 264 1932 305">
    <p class='ocr_par' dir='ltr' id='par_1_62' title="bbox 1149 264 1932 305">
     <span class='ocr_line' id='line_1_62' title="bbox 1149 264 1932 305; baseline 0.009 -13"><span class='ocrx_word' id='word_1_518' title='bbox 1149 264 1226 299; x_wconf 88' lang='lat' dir='ltr'><strong>pheta</strong></span> <span class='ocrx_word' id='word_1_519' title='bbox 1240 266 1274 294; x_wconf 91' lang='lat' dir='ltr'><strong>de</strong></span> <span class='ocrx_word' id='word_1_520' title='bbox 1287 267 1340 295; x_wconf 82' lang='lat' dir='ltr'><strong>illis</strong></span> <span class='ocrx_word' id='word_1_521' title='bbox 1352 267 1476 302; x_wconf 82' lang='lat' dir='ltr'><strong>dixerat,</strong></span> <span class='ocrx_word' id='word_1_522' title='bbox 1491 269 1561 304; x_wconf 91' lang='lat' dir='ltr'><strong>quod</strong></span> <span class='ocrx_word' id='word_1_523' title='bbox 1575 270 1683 297; x_wconf 86' lang='lat' dir='ltr'><strong>scelesti</strong></span> <span class='ocrx_word' id='word_1_524' title='bbox 1695 276 1786 298; x_wconf 88' lang='lat' dir='ltr'><strong>essent</strong></span> <span class='ocrx_word' id='word_1_525' title='bbox 1801 293 1808 304; x_wconf 89' lang='lat'><strong>,</strong></span> <span class='ocrx_word' id='word_1_526' title='bbox 1823 272 1909 299; x_wconf 89' lang='lat' dir='ltr'><strong>dolosi</strong></span> <span class='ocrx_word' id='word_1_527' title='bbox 1925 293 1932 305; x_wconf 81' lang='lat'><strong>,</strong></span> 
     </span>
    </p>
   </div>
   <div class='ocr_carea' id='block_1_63' title="bbox 1146 311 1935 349">
    <p class='ocr_par' dir='ltr' id='par_1_63' title="bbox 1146 311 1935 349">
     <span class='ocr_line' id='line_1_63' title="bbox 1146 311 1935 349; baseline 0.008 -11"><span class='ocrx_word' id='word_1_528' title='bbox 1146 311 1233 339; x_wconf 89' lang='lat' dir='ltr'><strong>callidi</strong></span> <span class='ocrx_word' id='word_1_529' title='bbox 1249 333 1256 345; x_wconf 90' lang='lat'><strong>,</strong></span> <span class='ocrx_word' id='word_1_530' title='bbox 1273 313 1343 348; x_wconf 89' lang='lat' dir='ltr'><strong>quod</strong></span> <span class='ocrx_word' id='word_1_531' title='bbox 1357 321 1450 342; x_wconf 85' lang='lat' dir='ltr'><strong>omnes</strong></span> <span class='ocrx_word' id='word_1_532' title='bbox 1471 315 1579 342; x_wconf 88' lang='lat' dir='ltr'><strong>inutiles</strong></span> <span class='ocrx_word' id='word_1_533' title='bbox 1599 315 1658 343; x_wconf 82' lang='lat' dir='ltr'><strong>facti</strong></span> <span class='ocrx_word' id='word_1_534' title='bbox 1673 336 1682 349; x_wconf 86' lang='grc'><em>,</em></span> <span class='ocrx_word' id='word_1_535' title='bbox 1705 324 1737 343; x_wconf 85' lang='lat' dir='ltr'><strong>ac</strong></span> <span class='ocrx_word' id='word_1_536' title='bbox 1758 317 1847 344; x_wconf 89' lang='lat' dir='ltr'><strong>nullus</strong></span> <span class='ocrx_word' id='word_1_537' title='bbox 1861 318 1887 344; x_wconf 92' lang='lat' dir='ltr'><strong>in</strong></span> <span class='ocrx_word' id='word_1_538' title='bbox 1903 319 1935 344; x_wconf 68' lang='lat' dir='ltr'><strong>iis</strong></span> 
     </span>
    </p>
   </div>
   <div class='ocr_carea' id='block_1_64' title="bbox 1144 358 1932 396">
    <p class='ocr_par' dir='ltr' id='par_1_64' title="bbox 1144 358 1932 396">
     <span class='ocr_line' id='line_1_64' title="bbox 1144 358 1932 396; baseline 0.009 -12"><span class='ocrx_word' id='word_1_539' title='bbox 1144 362 1217 384; x_wconf 85' lang='lat' dir='ltr'><strong>esset</strong></span> <span class='ocrx_word' id='word_1_540' title='bbox 1230 358 1274 392; x_wconf 93' lang='lat' dir='ltr'><strong>qui</strong></span> <span class='ocrx_word' id='word_1_541' title='bbox 1290 359 1372 386; x_wconf 91' lang='lat' dir='ltr'><strong>Deum</strong></span> <span class='ocrx_word' id='word_1_542' title='bbox 1386 360 1543 394; x_wconf 76' lang='lat' dir='ltr'><strong>requireret,</strong></span> <span class='ocrx_word' id='word_1_543' title='bbox 1559 361 1606 388; x_wconf 88' lang='lat' dir='ltr'><strong>sed</strong></span> <span class='ocrx_word' id='word_1_544' title='bbox 1622 368 1717 389; x_wconf 88' lang='lat' dir='ltr'><strong>onmes</strong></span> <span class='ocrx_word' id='word_1_545' title='bbox 1728 362 1910 390; x_wconf 84' lang='lat' dir='ltr'><strong>declinassent</strong></span> <span class='ocrx_word' id='word_1_546' title='bbox 1925 385 1932 396; x_wconf 87' lang='grc'><em>,</em></span> 
     </span>
    </p>
   </div>
   <div class='ocr_carea' id='block_1_65' title="bbox 1144 403 1935 442">
    <p class='ocr_par' dir='ltr' id='par_1_65' title="bbox 1144 403 1935 442">
     <span class='ocr_line' id='line_1_65' title="bbox 1144 403 1935 442; baseline 0.008 -13"><span class='ocrx_word' id='word_1_547' title='bbox 1144 407 1171 429; x_wconf 89' lang='lat' dir='ltr'><strong>et</strong></span> <span class='ocrx_word' id='word_1_548' title='bbox 1183 403 1278 430; x_wconf 86' lang='lat' dir='ltr'><strong>similia</strong></span> <span class='ocrx_word' id='word_1_549' title='bbox 1295 424 1302 435; x_wconf 96' lang='lat'><strong>,</strong></span> <span class='ocrx_word' id='word_1_550' title='bbox 1317 404 1434 431; x_wconf 88' lang='lat' dir='ltr'><strong>subdidit</strong></span> <span class='ocrx_word' id='word_1_551' title='bbox 1449 414 1455 431; x_wconf 88' lang='lat'>:</span> <span class='ocrx_word' id='word_1_552' title='bbox 1469 405 1570 433; x_wconf 72' lang='lat' dir='ltr'><strong>Scimus</strong></span> <span class='ocrx_word' id='word_1_553' title='bbox 1583 412 1666 433; x_wconf 77' lang='lat' dir='ltr'><strong>autem</strong></span> <span class='ocrx_word' id='word_1_554' title='bbox 1675 408 1794 441; x_wconf 88' lang='lat' dir='ltr'><strong>quoniam</strong></span> <span class='ocrx_word' id='word_1_555' title='bbox 1803 416 1935 442; x_wconf 67' lang='lat' dir='ltr'><strong>quacum-</strong></span> 
     </span>
    </p>
   </div>
   <div class='ocr_carea' id='block_1_66' title="bbox 1144 449 1936 487">
    <p class='ocr_par' dir='ltr' id='par_1_66' title="bbox 1144 449 1936 487">
     <span class='ocr_line' id='line_1_66' title="bbox 1144 449 1936 487; baseline 0.009 -12"><span class='ocrx_word' id='word_1_556' title='bbox 1144 457 1191 483; x_wconf 86' lang='lat' dir='ltr'><strong>que</strong></span> <span class='ocrx_word' id='word_1_557' title='bbox 1201 450 1241 476; x_wconf 70' lang='lat' dir='ltr'><strong>[ex</strong></span> <span class='ocrx_word' id='word_1_558' title='bbox 1255 449 1366 484; x_wconf 84' lang='lat' dir='ltr'><strong>loquitur</strong></span> <span class='ocrx_word' id='word_1_559' title='bbox 1379 471 1386 482; x_wconf 96' lang='lat'><strong>,</strong></span> <span class='ocrx_word' id='word_1_560' title='bbox 1399 451 1430 477; x_wconf 78' lang='lat' dir='ltr'><strong>iis</strong></span> <span class='ocrx_word' id='word_1_561' title='bbox 1445 451 1487 486; x_wconf 82' lang='lat' dir='ltr'><strong>qui</strong></span> <span class='ocrx_word' id='word_1_562' title='bbox 1498 452 1524 478; x_wconf 81' lang='lat' dir='ltr'><strong>in</strong></span> <span class='ocrx_word' id='word_1_563' title='bbox 1536 452 1590 487; x_wconf 81' lang='lat' dir='ltr'><strong>lege</strong></span> <span class='ocrx_word' id='word_1_564' title='bbox 1600 459 1659 479; x_wconf 74' lang='lat' dir='ltr'><strong>sunt</strong></span> <span class='ocrx_word' id='word_1_565' title='bbox 1673 454 1785 487; x_wconf 86' lang='lat' dir='ltr'><strong>loquitur</strong></span> <span class='ocrx_word' id='word_1_566' title='bbox 1797 461 1808 486; x_wconf 87' lang='grc'><strong><em>;</em></strong></span> <span class='ocrx_word' id='word_1_567' title='bbox 1822 460 1849 481; x_wconf 87' lang='lat' dir='ltr'><strong>ut</strong></span> <span class='ocrx_word' id='word_1_568' title='bbox 1863 462 1936 482; x_wconf 71' lang='lat' dir='ltr'><strong>omne</strong></span> 
     </span>
    </p>
   </div>
   <div class='ocr_carea' id='block_1_67' title="bbox 1143 495 1934 531">
    <p class='ocr_par' dir='ltr' id='par_1_67' title="bbox 1143 495 1934 531">
     <span class='ocr_line' id='line_1_67' title="bbox 1143 495 1934 531; baseline 0.009 -11"><span class='ocrx_word' id='word_1_569' title='bbox 1143 503 1171 521; x_wconf 77' lang='lat' dir='ltr'><strong>os</strong></span> <span class='ocrx_word' id='word_1_570' title='bbox 1181 495 1336 530; x_wconf 75' lang='lat' dir='ltr'><strong>obstruatur,</strong></span> <span class='ocrx_word' id='word_1_571' title='bbox 1349 502 1372 523; x_wconf 86' lang='lat' dir='ltr'><strong>et</strong></span> <span class='ocrx_word' id='word_1_572' title='bbox 1384 496 1497 524; x_wconf 74' lang='lat' dir='ltr'><strong>subditus</strong></span> <span class='ocrx_word' id='word_1_573' title='bbox 1511 498 1556 531; x_wconf 82' lang='lat' dir='ltr'><strong>ﬁat</strong></span> <span class='ocrx_word' id='word_1_574' title='bbox 1569 499 1649 525; x_wconf 74' lang='lat' dir='ltr'><strong>omnis</strong></span> <span class='ocrx_word' id='word_1_575' title='bbox 1664 499 1772 526; x_wconf 71' lang='lat' dir='ltr'><strong>mundus</strong></span> <span class='ocrx_word' id='word_1_576' title='bbox 1783 499 1848 526; x_wconf 85' lang='lat' dir='ltr'><strong>Deo.</strong></span> <span class='ocrx_word' id='word_1_577' title='bbox 1873 499 1934 527; x_wconf 86' lang='lat' dir='ltr'><strong>0m-</strong></span> 
     </span>
    </p>
   </div>
   <div class='ocr_carea' id='block_1_68' title="bbox 1147 541 1934 580">
    <p class='ocr_par' dir='ltr' id='par_1_68' title="bbox 1147 541 1934 580">
     <span class='ocr_line' id='line_1_68' title="bbox 1147 541 1934 580; baseline 0.009 -14"><span class='ocrx_word' id='word_1_578' title='bbox 1147 549 1190 567; x_wconf 78' lang='lat' dir='ltr'><strong>nes</strong></span> <span class='ocrx_word' id='word_1_579' title='bbox 1200 541 1265 568; x_wconf 81' lang='lat' dir='ltr'><strong>enim</strong></span> <span class='ocrx_word' id='word_1_580' title='bbox 1276 547 1450 576; x_wconf 78' lang='lat' dir='ltr'><strong>peccaverunt,</strong></span> <span class='ocrx_word' id='word_1_581' title='bbox 1461 548 1485 570; x_wconf 86' lang='lat' dir='ltr'><strong>et</strong></span> <span class='ocrx_word' id='word_1_582' title='bbox 1499 550 1570 579; x_wconf 79' lang='lat' dir='ltr'><strong>egent</strong></span> <span class='ocrx_word' id='word_1_583' title='bbox 1581 545 1664 579; x_wconf 86' lang='lat' dir='ltr'><strong>gloria</strong></span> <span class='ocrx_word' id='word_1_584' title='bbox 1679 544 1747 580; x_wconf 81' lang='lat' dir='ltr'><strong>Dei(</strong></span> <span class='ocrx_word' id='word_1_585' title='bbox 1761 545 1835 572; x_wconf 86' lang='lat' dir='ltr'><strong>Rom.</strong></span> <span class='ocrx_word' id='word_1_586' title='bbox 1847 546 1876 573; x_wconf 78' lang='lat'><strong>5.</strong></span> <span class='ocrx_word' id='word_1_587' title='bbox 1890 547 1934 573; x_wconf 74' lang='grc'><strong>18.</strong></span> 
     </span>
    </p>
   </div>
   <div class='ocr_carea' id='block_1_69' title="bbox 1145 586 1936 625">
    <p class='ocr_par' dir='ltr' id='par_1_69' title="bbox 1145 586 1936 625">
     <span class='ocr_line' id='line_1_69' title="bbox 1145 586 1936 625; baseline 0.008 -13"><span class='ocrx_word' id='word_1_588' title='bbox 1145 590 1168 612; x_wconf 86' lang='lat' dir='ltr'><strong>et</strong></span> <span class='ocrx_word' id='word_1_589' title='bbox 1181 586 1239 621; x_wconf 73' lang='lat'><strong>25).</strong></span> <span class='ocrx_word' id='word_1_590' title='bbox 1255 586 1323 620; x_wconf 83' lang='lat' dir='ltr'><strong>Quid</strong></span> <span class='ocrx_word' id='word_1_591' title='bbox 1334 595 1397 622; x_wconf 83' lang='lat' dir='ltr'><strong>ergo</strong></span> <span class='ocrx_word' id='word_1_592' title='bbox 1412 592 1438 615; x_wconf 82' lang='lat' dir='ltr'><strong>te</strong></span> <span class='ocrx_word' id='word_1_593' title='bbox 1452 588 1542 620; x_wconf 74' lang='lat' dir='ltr'><strong>effers,</strong></span> <span class='ocrx_word' id='word_1_594' title='bbox 1557 589 1650 616; x_wconf 69' lang='lat' dir='ltr'><strong>Judaee</strong></span> <span class='ocrx_word' id='word_1_595' title='bbox 1660 589 1671 616; x_wconf 83' lang='lat'><strong>?</strong></span> <span class='ocrx_word' id='word_1_596' title='bbox 1683 597 1732 617; x_wconf 92' lang='lat' dir='ltr'><strong>cur</strong></span> <span class='ocrx_word' id='word_1_597' title='bbox 1741 590 1824 618; x_wconf 86' lang='lat' dir='ltr'><strong>altum</strong></span> <span class='ocrx_word' id='word_1_598' title='bbox 1839 591 1912 625; x_wconf 88' lang='lat' dir='ltr'><strong>sapis</strong></span> <span class='ocrx_word' id='word_1_599' title='bbox 1923 591 1936 618; x_wconf 64' lang='grc' dir='ltr'>ἲ</span> 
     </span>
    </p>
   </div>
   <div class='ocr_carea' id='block_1_70' title="bbox 1144 632 1935 668">
    <p class='ocr_par' dir='ltr' id='par_1_70' title="bbox 1144 632 1935 668">
     <span class='ocr_line' id='line_1_70' title="bbox 1144 632 1935 668; baseline 0.005 -10"><span class='ocrx_word' id='word_1_600' title='bbox 1144 632 1210 659; x_wconf 88' lang='lat' dir='ltr'><strong>Nam</strong></span> <span class='ocrx_word' id='word_1_601' title='bbox 1224 637 1259 660; x_wconf 64' lang='grc' dir='ltr'><strong>(π</strong></span> <span class='ocrx_word' id='word_1_602' title='bbox 1270 641 1378 668; x_wconf 85' lang='lat' dir='ltr'><strong>quoque</strong></span> <span class='ocrx_word' id='word_1_603' title='bbox 1391 638 1464 661; x_wconf 91' lang='lat' dir='ltr'><strong>tuum</strong></span> <span class='ocrx_word' id='word_1_604' title='bbox 1475 634 1641 662; x_wconf 89' lang='lat' dir='ltr'><strong>obstructum</strong></span> <span class='ocrx_word' id='word_1_605' title='bbox 1659 639 1700 662; x_wconf 83' lang='lat' dir='ltr'><strong>est</strong></span> <span class='ocrx_word' id='word_1_606' title='bbox 1710 655 1716 667; x_wconf 86' lang='grc'><em>.</em></span> <span class='ocrx_word' id='word_1_607' title='bbox 1732 640 1760 662; x_wconf 90' lang='lat' dir='ltr'><strong>et</strong></span> <span class='ocrx_word' id='word_1_608' title='bbox 1774 635 1935 663; x_wconf 79' lang='lat' dir='ltr'><strong>conﬁdentia</strong></span> 
     </span>
    </p>
   </div>
   <div class='ocr_carea' id='block_1_71' title="bbox 1145 679 1935 712">
    <p class='ocr_par' dir='ltr' id='par_1_71' title="bbox 1145 679 1935 712">
     <span class='ocr_line' id='line_1_71' title="bbox 1145 679 1935 712; baseline 0.005 -7"><span class='ocrx_word' id='word_1_609' title='bbox 1145 683 1188 705; x_wconf 87' lang='lat' dir='ltr'><strong>tua</strong></span> <span class='ocrx_word' id='word_1_610' title='bbox 1213 679 1316 706; x_wconf 87' lang='lat' dir='ltr'><strong>sublata</strong></span> <span class='ocrx_word' id='word_1_611' title='bbox 1331 700 1338 712; x_wconf 87' lang='lat'><strong>,</strong></span> <span class='ocrx_word' id='word_1_612' title='bbox 1362 687 1394 707; x_wconf 90' lang='lat' dir='ltr'><strong>ac</strong></span> <span class='ocrx_word' id='word_1_613' title='bbox 1413 687 1473 707; x_wconf 87' lang='lat' dir='ltr'><strong>cum</strong></span> <span class='ocrx_word' id='word_1_614' title='bbox 1496 680 1620 708; x_wconf 83' lang='lat' dir='ltr'><strong>universo</strong></span> <span class='ocrx_word' id='word_1_615' title='bbox 1636 681 1734 709; x_wconf 90' lang='lat' dir='ltr'><strong>mundo</strong></span> <span class='ocrx_word' id='word_1_616' title='bbox 1749 686 1777 708; x_wconf 89' lang='lat' dir='ltr'><strong>tu</strong></span> <span class='ocrx_word' id='word_1_617' title='bbox 1797 681 1884 709; x_wconf 83' lang='lat' dir='ltr'><strong>factus</strong></span> <span class='ocrx_word' id='word_1_618' title='bbox 1904 689 1935 709; x_wconf 87' lang='lat' dir='ltr'><strong>es</strong></span> 
     </span>
    </p>
   </div>
   <div class='ocr_carea' id='block_1_72' title="bbox 1143 723 1935 762">
    <p class='ocr_par' dir='ltr' id='par_1_72' title="bbox 1143 723 1935 762">
     <span class='ocr_line' id='line_1_72' title="bbox 1143 723 1935 762; baseline 0.005 -12"><span class='ocrx_word' id='word_1_619' title='bbox 1143 723 1266 751; x_wconf 85' lang='lat' dir='ltr'><strong>subditus</strong></span> <span class='ocrx_word' id='word_1_620' title='bbox 1282 745 1289 758; x_wconf 93' lang='lat'><strong>,</strong></span> <span class='ocrx_word' id='word_1_621' title='bbox 1306 729 1334 751; x_wconf 88' lang='lat' dir='ltr'><strong>et</strong></span> <span class='ocrx_word' id='word_1_622' title='bbox 1353 725 1464 759; x_wconf 86' lang='lat' dir='ltr'><strong>perinde</strong></span> <span class='ocrx_word' id='word_1_623' title='bbox 1482 729 1561 760; x_wconf 85' lang='lat' dir='ltr'><strong>atque</strong></span> <span class='ocrx_word' id='word_1_624' title='bbox 1577 726 1620 753; x_wconf 88' lang='lat' dir='ltr'><strong>alii</strong></span> <span class='ocrx_word' id='word_1_625' title='bbox 1634 732 1701 760; x_wconf 83' lang='lat' dir='ltr'><strong>opus</strong></span> <span class='ocrx_word' id='word_1_626' title='bbox 1714 726 1797 754; x_wconf 86' lang='lat' dir='ltr'><strong>habes</strong></span> <span class='ocrx_word' id='word_1_627' title='bbox 1810 732 1840 754; x_wconf 87' lang='lat' dir='ltr'><strong>ut</strong></span> <span class='ocrx_word' id='word_1_628' title='bbox 1852 727 1935 762; x_wconf 79' lang='lat' dir='ltr'><strong>gratis</strong></span> 
     </span>
    </p>
   </div>
   <div class='ocr_carea' id='block_1_73' title="bbox 1141 769 1933 806">
    <p class='ocr_par' dir='ltr' id='par_1_73' title="bbox 1141 769 1933 806">
     <span class='ocr_line' id='line_1_73' title="bbox 1141 769 1933 806; baseline 0.006 -11"><span class='ocrx_word' id='word_1_629' title='bbox 1141 770 1306 804; x_wconf 85' lang='lat' dir='ltr'><strong>justiliccris.</strong></span> <span class='ocrx_word' id='word_1_630' title='bbox 1319 769 1465 805; x_wconf 85' lang='lat' dir='ltr'><strong>Oportebat</strong></span> <span class='ocrx_word' id='word_1_631' title='bbox 1485 776 1558 798; x_wconf 86' lang='lat' dir='ltr'><strong>certe</strong></span> <span class='ocrx_word' id='word_1_632' title='bbox 1580 772 1683 798; x_wconf 87' lang='lat' dir='ltr'><strong>etiamsi</strong></span> <span class='ocrx_word' id='word_1_633' title='bbox 1698 772 1781 806; x_wconf 89' lang='lat' dir='ltr'><strong>probe</strong></span> <span class='ocrx_word' id='word_1_634' title='bbox 1796 773 1910 800; x_wconf 80' lang='lat' dir='ltr'><strong>vixisses</strong></span> <span class='ocrx_word' id='word_1_635' title='bbox 1926 794 1933 805; x_wconf 89' lang='lat'><strong>,</strong></span> 
     </span>
    </p>
   </div>
   <div class='ocr_carea' id='block_1_74' title="bbox 1143 816 1935 851">
    <p class='ocr_par' dir='ltr' id='par_1_74' title="bbox 1143 816 1935 851">
     <span class='ocr_line' id='line_1_74' title="bbox 1143 816 1935 851; baseline 0.005 -9"><span class='ocrx_word' id='word_1_636' title='bbox 1143 821 1170 842; x_wconf 85' lang='lat' dir='ltr'><strong>et</strong></span> <span class='ocrx_word' id='word_1_637' title='bbox 1184 816 1306 843; x_wconf 80' lang='lat' dir='ltr'><strong>fiduciam</strong></span> <span class='ocrx_word' id='word_1_638' title='bbox 1330 816 1441 843; x_wconf 85' lang='lat' dir='ltr'><strong>multam</strong></span> <span class='ocrx_word' id='word_1_639' title='bbox 1456 817 1526 851; x_wconf 90' lang='lat' dir='ltr'><strong>apud</strong></span> <span class='ocrx_word' id='word_1_640' title='bbox 1550 817 1633 844; x_wconf 81' lang='lat' dir='ltr'><strong>Deum</strong></span> <span class='ocrx_word' id='word_1_641' title='bbox 1650 817 1797 851; x_wconf 78' lang='lat' dir='ltr'><strong>habuisses,</strong></span> <span class='ocrx_word' id='word_1_642' title='bbox 1813 819 1866 845; x_wconf 92' lang='lat' dir='ltr'><strong>illis</strong></span> <span class='ocrx_word' id='word_1_643' title='bbox 1880 827 1935 846; x_wconf 91' lang='lat' dir='ltr'><strong>non</strong></span> 
     </span>
    </p>
   </div>
   <div class='ocr_carea' id='block_1_75' title="bbox 1144 861 1934 897">
    <p class='ocr_par' dir='ltr' id='par_1_75' title="bbox 1144 861 1934 897">
     <span class='ocr_line' id='line_1_75' title="bbox 1144 861 1934 897; baseline 0.005 -9"><span class='ocrx_word' id='word_1_644' title='bbox 1144 861 1262 889; x_wconf 86' lang='lat' dir='ltr'><strong>invidere</strong></span> <span class='ocrx_word' id='word_1_645' title='bbox 1274 882 1281 893; x_wconf 87' lang='lat'><strong>,</strong></span> <span class='ocrx_word' id='word_1_646' title='bbox 1292 862 1337 897; x_wconf 95' lang='lat' dir='ltr'><strong>qui</strong></span> <span class='ocrx_word' id='word_1_647' title='bbox 1354 869 1401 896; x_wconf 85' lang='lat' dir='ltr'><strong>per</strong></span> <span class='ocrx_word' id='word_1_648' title='bbox 1415 862 1605 897; x_wconf 85' lang='lat' dir='ltr'><strong>benignitatem</strong></span> <span class='ocrx_word' id='word_1_649' title='bbox 1620 863 1666 890; x_wconf 87' lang='lat' dir='ltr'><strong>Dei</strong></span> <span class='ocrx_word' id='word_1_650' title='bbox 1680 864 1891 891; x_wconf 86' lang='lat' dir='ltr'><strong>misericordiam</strong></span> <span class='ocrx_word' id='word_1_651' title='bbox 1907 869 1934 892; x_wconf 88' lang='lat' dir='ltr'><strong>et</strong></span> 
     </span>
    </p>
   </div>
   <div class='ocr_carea' id='block_1_76' title="bbox 1143 907 1933 944">
    <p class='ocr_par' dir='ltr' id='par_1_76' title="bbox 1143 907 1933 944">
     <span class='ocr_line' id='line_1_76' title="bbox 1143 907 1933 944; baseline 0.005 -12"><span class='ocrx_word' id='word_1_652' title='bbox 1143 907 1255 934; x_wconf 83' lang='lat' dir='ltr'><strong>salutem</strong></span> <span class='ocrx_word' id='word_1_653' title='bbox 1269 908 1458 940; x_wconf 90' lang='lat' dir='ltr'><strong>consequuturi</strong></span> <span class='ocrx_word' id='word_1_654' title='bbox 1476 912 1562 934; x_wconf 88' lang='lat' dir='ltr'><strong>erant.</strong></span> <span class='ocrx_word' id='word_1_655' title='bbox 1578 907 1643 934; x_wconf 87' lang='lat' dir='ltr'><strong>Nam</strong></span> <span class='ocrx_word' id='word_1_656' title='bbox 1662 912 1791 936; x_wconf 66' lang='lat' dir='ltr'><strong>extremae</strong></span> <span class='ocrx_word' id='word_1_657' title='bbox 1808 909 1933 944; x_wconf 69' lang='lat' dir='ltr'><strong>nequitiae</strong></span> 
     </span>
    </p>
   </div>
   <div class='ocr_carea' id='block_1_77' title="bbox 1143 952 1934 988">
    <p class='ocr_par' dir='ltr' id='par_1_77' title="bbox 1143 952 1934 988">
     <span class='ocr_line' id='line_1_77' title="bbox 1143 952 1934 988; baseline 0.005 -10"><span class='ocrx_word' id='word_1_658' title='bbox 1143 957 1184 979; x_wconf 80' lang='lat' dir='ltr'><strong>est</strong></span> <span class='ocrx_word' id='word_1_659' title='bbox 1196 973 1203 984; x_wconf 82' lang='lat'><strong>,</strong></span> <span class='ocrx_word' id='word_1_660' title='bbox 1227 952 1339 979; x_wconf 86' lang='lat' dir='ltr'><strong>aliorum</strong></span> <span class='ocrx_word' id='word_1_661' title='bbox 1359 953 1428 980; x_wconf 90' lang='lat' dir='ltr'><strong>bona</strong></span> <span class='ocrx_word' id='word_1_662' title='bbox 1443 953 1533 988; x_wconf 89' lang='lat' dir='ltr'><strong>inique</strong></span> <span class='ocrx_word' id='word_1_663' title='bbox 1548 953 1618 980; x_wconf 82' lang='lat' dir='ltr'><strong>ferre</strong></span> <span class='ocrx_word' id='word_1_664' title='bbox 1634 974 1640 985; x_wconf 94' lang='lat'><strong>,</strong></span> <span class='ocrx_word' id='word_1_665' title='bbox 1664 962 1724 981; x_wconf 91' lang='lat' dir='ltr'><strong>cum</strong></span> <span class='ocrx_word' id='word_1_666' title='bbox 1746 955 1862 982; x_wconf 76' lang='lat' dir='ltr'><strong>maxime</strong></span> <span class='ocrx_word' id='word_1_667' title='bbox 1876 955 1934 982; x_wconf 81' lang='lat' dir='ltr'><strong>sine</strong></span> 
     </span>
    </p>
   </div>
   <div class='ocr_carea' id='block_1_78' title="bbox 1144 998 1934 1027">
    <p class='ocr_par' dir='ltr' id='par_1_78' title="bbox 1144 998 1934 1027">
     <span class='ocr_line' id='line_1_78' title="bbox 1144 998 1934 1027; baseline 0.004 -3"><span class='ocrx_word' id='word_1_668' title='bbox 1144 998 1199 1024; x_wconf 89' lang='lat' dir='ltr'><strong>ullo</strong></span> <span class='ocrx_word' id='word_1_669' title='bbox 1211 1003 1256 1025; x_wconf 87' lang='lat' dir='ltr'><strong>tuo</strong></span> <span class='ocrx_word' id='word_1_670' title='bbox 1268 998 1429 1025; x_wconf 88' lang='lat' dir='ltr'><strong>detrimento</strong></span> <span class='ocrx_word' id='word_1_671' title='bbox 1443 998 1467 1025; x_wconf 92' lang='lat' dir='ltr'><strong>id</strong></span> <span class='ocrx_word' id='word_1_672' title='bbox 1487 998 1603 1025; x_wconf 87' lang='lat' dir='ltr'><strong>futurum</strong></span> <span class='ocrx_word' id='word_1_673' title='bbox 1623 1003 1674 1025; x_wconf 89' lang='lat' dir='ltr'><strong>est.</strong></span> <span class='ocrx_word' id='word_1_674' title='bbox 1695 999 1722 1026; x_wconf 89' lang='lat' dir='ltr'><strong>Si</strong></span> <span class='ocrx_word' id='word_1_675' title='bbox 1737 1000 1808 1026; x_wconf 90' lang='lat' dir='ltr'><strong>enim</strong></span> <span class='ocrx_word' id='word_1_676' title='bbox 1821 1000 1934 1027; x_wconf 85' lang='lat' dir='ltr'><strong>aliorum</strong></span> 
     </span>
    </p>
   </div>
   <div class='ocr_carea' id='block_1_79' title="bbox 1144 1044 1933 1078">
    <p class='ocr_par' dir='ltr' id='par_1_79' title="bbox 1144 1044 1933 1078">
     <span class='ocr_line' id='line_1_79' title="bbox 1144 1044 1933 1078; baseline 0.003 -8"><span class='ocrx_word' id='word_1_677' title='bbox 1144 1044 1214 1070; x_wconf 84' lang='lat' dir='ltr'><strong>salus</strong></span> <span class='ocrx_word' id='word_1_678' title='bbox 1230 1045 1297 1071; x_wconf 81' lang='lat' dir='ltr'><strong>bona</strong></span> <span class='ocrx_word' id='word_1_679' title='bbox 1313 1049 1356 1070; x_wconf 89' lang='lat' dir='ltr'><strong>tua</strong></span> <span class='ocrx_word' id='word_1_680' title='bbox 1381 1044 1579 1078; x_wconf 84' lang='lat' dir='ltr'><strong>pessumdaret,</strong></span> <span class='ocrx_word' id='word_1_681' title='bbox 1598 1045 1660 1078; x_wconf 90' lang='lat' dir='ltr'><strong>jure</strong></span> <span class='ocrx_word' id='word_1_682' title='bbox 1673 1045 1822 1078; x_wconf 87' lang='lat' dir='ltr'><strong>doluisses;</strong></span> <span class='ocrx_word' id='word_1_683' title='bbox 1835 1046 1933 1072; x_wconf 86' lang='lat' dir='ltr'><strong>etiam-</strong></span> 
     </span>
    </p>
   </div>
   <div class='ocr_carea' id='block_1_80' title="bbox 1144 1089 1934 1124">
    <p class='ocr_par' dir='ltr' id='par_1_80' title="bbox 1144 1089 1934 1124">
     <span class='ocr_line' id='line_1_80' title="bbox 1144 1089 1934 1124; baseline 0.003 -8"><span class='ocrx_word' id='word_1_684' title='bbox 1144 1090 1165 1116; x_wconf 88' lang='lat' dir='ltr'><strong>si</strong></span> <span class='ocrx_word' id='word_1_685' title='bbox 1185 1089 1209 1116; x_wconf 92' lang='lat' dir='ltr'><strong>id</strong></span> <span class='ocrx_word' id='word_1_686' title='bbox 1226 1098 1278 1116; x_wconf 85' lang='lat' dir='ltr'><strong>non</strong></span> <span class='ocrx_word' id='word_1_687' title='bbox 1293 1089 1403 1117; x_wconf 80' lang='lat' dir='ltr'><strong>accedat</strong></span> <span class='ocrx_word' id='word_1_688' title='bbox 1421 1090 1451 1116; x_wconf 79' lang='lat' dir='ltr'><strong>iis</strong></span> <span class='ocrx_word' id='word_1_689' title='bbox 1466 1090 1510 1124; x_wconf 93' lang='lat' dir='ltr'><strong>qui</strong></span> <span class='ocrx_word' id='word_1_690' title='bbox 1527 1089 1707 1124; x_wconf 86' lang='lat' dir='ltr'><strong>philosophari</strong></span> <span class='ocrx_word' id='word_1_691' title='bbox 1730 1091 1890 1118; x_wconf 88' lang='lat' dir='ltr'><strong>didicerunt.</strong></span> <span class='ocrx_word' id='word_1_692' title='bbox 1906 1091 1934 1119; x_wconf 89' lang='lat' dir='ltr'><strong>Si</strong></span> 
     </span>
    </p>
   </div>
   <div class='ocr_carea' id='block_1_81' title="bbox 1143 1135 1934 1170">
    <p class='ocr_par' dir='ltr' id='par_1_81' title="bbox 1143 1135 1934 1170">
     <span class='ocr_line' id='line_1_81' title="bbox 1143 1135 1934 1170; baseline 0.003 -10"><span class='ocrx_word' id='word_1_693' title='bbox 1143 1139 1231 1161; x_wconf 80' lang='lat' dir='ltr'><strong>autent</strong></span> <span class='ocrx_word' id='word_1_694' title='bbox 1245 1135 1354 1161; x_wconf 73' lang='lat' dir='ltr'><strong>alterius</strong></span> <span class='ocrx_word' id='word_1_695' title='bbox 1363 1135 1520 1169; x_wconf 86' lang='lat' dir='ltr'><strong>supplicium</strong></span> <span class='ocrx_word' id='word_1_696' title='bbox 1534 1135 1685 1162; x_wconf 78' lang='lat' dir='ltr'><strong>mercedem</strong></span> <span class='ocrx_word' id='word_1_697' title='bbox 1699 1140 1769 1162; x_wconf 90' lang='lat' dir='ltr'><strong>tuam</strong></span> <span class='ocrx_word' id='word_1_698' title='bbox 1782 1143 1834 1163; x_wconf 91' lang='lat' dir='ltr'><strong>non</strong></span> <span class='ocrx_word' id='word_1_699' title='bbox 1844 1141 1934 1170; x_wconf 81' lang='lat' dir='ltr'><strong>auget,</strong></span> 
     </span>
    </p>
   </div>
   <div class='ocr_carea' id='block_1_82' title="bbox 1144 1181 1935 1217">
    <p class='ocr_par' dir='ltr' id='par_1_82' title="bbox 1144 1181 1935 1217">
     <span class='ocr_line' id='line_1_82' title="bbox 1144 1181 1935 1217; baseline 0.001 -10"><span class='ocrx_word' id='word_1_700' title='bbox 1144 1189 1230 1216; x_wconf 80' lang='lat' dir='ltr'><strong>neque</strong></span> <span class='ocrx_word' id='word_1_701' title='bbox 1244 1181 1314 1207; x_wconf 88' lang='lat' dir='ltr'><strong>illius</strong></span> <span class='ocrx_word' id='word_1_702' title='bbox 1329 1181 1442 1207; x_wconf 75' lang='lat' dir='ltr'><strong>felicitas</strong></span> <span class='ocrx_word' id='word_1_703' title='bbox 1456 1181 1540 1214; x_wconf 86' lang='lat' dir='ltr'><strong>ipsam</strong></span> <span class='ocrx_word' id='word_1_704' title='bbox 1557 1181 1662 1214; x_wconf 79' lang='lat' dir='ltr'><strong>minuit,</strong></span> <span class='ocrx_word' id='word_1_705' title='bbox 1678 1190 1725 1209; x_wconf 89' lang='lat' dir='ltr'><strong>cur</strong></span> <span class='ocrx_word' id='word_1_706' title='bbox 1737 1187 1763 1208; x_wconf 90' lang='lat' dir='ltr'><strong>tu</strong></span> <span class='ocrx_word' id='word_1_707' title='bbox 1775 1182 1850 1210; x_wconf 88' lang='lat' dir='ltr'><strong>doles</strong></span> <span class='ocrx_word' id='word_1_708' title='bbox 1863 1183 1935 1217; x_wconf 87' lang='lat' dir='ltr'><strong>quod</strong></span> 
     </span>
    </p>
   </div>
   <div class='ocr_carea' id='block_1_83' title="bbox 1143 1226 1936 1262">
    <p class='ocr_par' dir='ltr' id='par_1_83' title="bbox 1143 1226 1936 1262">
     <span class='ocr_line' id='line_1_83' title="bbox 1143 1226 1936 1262; baseline 0.005 -11"><span class='ocrx_word' id='word_1_709' title='bbox 1143 1227 1211 1252; x_wconf 85' lang='lat' dir='ltr'><strong>alius</strong></span> <span class='ocrx_word' id='word_1_710' title='bbox 1231 1227 1314 1261; x_wconf 84' lang='lat' dir='ltr'><strong>gratis</strong></span> <span class='ocrx_word' id='word_1_711' title='bbox 1340 1226 1426 1253; x_wconf 82' lang='lat' dir='ltr'><strong>salute</strong></span> <span class='ocrx_word' id='word_1_712' title='bbox 1453 1226 1592 1253; x_wconf 85' lang='lat' dir='ltr'><strong>donetur?</strong></span> <span class='ocrx_word' id='word_1_713' title='bbox 1617 1227 1765 1261; x_wconf 85' lang='lat' dir='ltr'><strong>Oportebat</strong></span> <span class='ocrx_word' id='word_1_714' title='bbox 1792 1228 1891 1262; x_wconf 84' lang='lat' dir='ltr'><strong>igitur,</strong></span> <span class='ocrx_word' id='word_1_715' title='bbox 1907 1234 1936 1255; x_wconf 89' lang='lat' dir='ltr'><strong>ut</strong></span> 
     </span>
    </p>
   </div>
   <div class='ocr_carea' id='block_1_84' title="bbox 1147 1272 1935 1307">
    <p class='ocr_par' dir='ltr' id='par_1_84' title="bbox 1147 1272 1935 1307">
     <span class='ocr_line' id='line_1_84' title="bbox 1147 1272 1935 1307; baseline 0.003 -9"><span class='ocrx_word' id='word_1_716' title='bbox 1147 1272 1214 1304; x_wconf 80' lang='lat' dir='ltr'><strong>dixi,</strong></span> <span class='ocrx_word' id='word_1_717' title='bbox 1230 1272 1332 1299; x_wconf 84' lang='lat' dir='ltr'><strong>etiamsi</strong></span> <span class='ocrx_word' id='word_1_718' title='bbox 1345 1278 1369 1299; x_wconf 89' lang='lat' dir='ltr'><strong>te</strong></span> <span class='ocrx_word' id='word_1_719' title='bbox 1383 1272 1465 1307; x_wconf 83' lang='lat' dir='ltr'><strong>probe</strong></span> <span class='ocrx_word' id='word_1_720' title='bbox 1484 1273 1612 1307; x_wconf 70' lang='lat' dir='ltr'><strong>ges~isses</strong></span> <span class='ocrx_word' id='word_1_721' title='bbox 1622 1293 1629 1305; x_wconf 88' lang='lat'><strong>,</strong></span> <span class='ocrx_word' id='word_1_722' title='bbox 1644 1281 1697 1300; x_wconf 91' lang='lat' dir='ltr'><strong>non</strong></span> <span class='ocrx_word' id='word_1_723' title='bbox 1711 1273 1827 1301; x_wconf 88' lang='lat' dir='ltr'><strong>morderi</strong></span> <span class='ocrx_word' id='word_1_724' title='bbox 1844 1273 1878 1301; x_wconf 86' lang='lat' dir='ltr'><strong>de</strong></span> <span class='ocrx_word' id='word_1_725' title='bbox 1892 1281 1935 1300; x_wconf 89' lang='lat' dir='ltr'><strong>sa-</strong></span> 
     </span>
    </p>
   </div>
   <div class='ocr_carea' id='block_1_85' title="bbox 1144 1318 1935 1352">
    <p class='ocr_par' dir='ltr' id='par_1_85' title="bbox 1144 1318 1935 1352">
     <span class='ocr_line' id='line_1_85' title="bbox 1144 1318 1935 1352; baseline 0.003 -7"><span class='ocrx_word' id='word_1_726' title='bbox 1144 1319 1198 1346; x_wconf 81' lang='lat' dir='ltr'><strong>lute</strong></span> <span class='ocrx_word' id='word_1_727' title='bbox 1220 1319 1246 1345; x_wconf 90' lang='lat' dir='ltr'><strong>in</strong></span> <span class='ocrx_word' id='word_1_728' title='bbox 1261 1323 1354 1352; x_wconf 78' lang='lat' dir='ltr'><strong>gentes</strong></span> <span class='ocrx_word' id='word_1_729' title='bbox 1374 1318 1457 1346; x_wconf 80' lang='lat' dir='ltr'><strong>ell‘usa</strong></span> <span class='ocrx_word' id='word_1_730' title='bbox 1472 1327 1477 1343; x_wconf 90' lang='lat'><strong>:</strong></span> <span class='ocrx_word' id='word_1_731' title='bbox 1494 1326 1554 1345; x_wconf 88' lang='lat' dir='ltr'><strong>cum</strong></span> <span class='ocrx_word' id='word_1_732' title='bbox 1578 1323 1667 1346; x_wconf 83' lang='lat' dir='ltr'><strong>autem</strong></span> <span class='ocrx_word' id='word_1_733' title='bbox 1690 1319 1783 1346; x_wconf 88' lang='lat' dir='ltr'><strong>iisdem</strong></span> <span class='ocrx_word' id='word_1_734' title='bbox 1803 1320 1935 1347; x_wconf 84' lang='lat' dir='ltr'><strong>obnoxius</strong></span> 
     </span>
    </p>
   </div>
   <div class='ocr_carea' id='block_1_86' title="bbox 1144 1364 1934 1399">
    <p class='ocr_par' dir='ltr' id='par_1_86' title="bbox 1144 1364 1934 1399">
     <span class='ocr_line' id='line_1_86' title="bbox 1144 1364 1934 1399; baseline 0.001 -8"><span class='ocrx_word' id='word_1_735' title='bbox 1144 1365 1259 1398; x_wconf 81' lang='lat' dir='ltr'><strong>peccatis</strong></span> <span class='ocrx_word' id='word_1_736' title='bbox 1271 1365 1308 1392; x_wconf 86' lang='lat' dir='ltr'><strong>sis</strong></span> <span class='ocrx_word' id='word_1_737' title='bbox 1321 1385 1328 1397; x_wconf 89' lang='lat'><strong>,</strong></span> <span class='ocrx_word' id='word_1_738' title='bbox 1347 1365 1540 1399; x_wconf 86' lang='lat' dir='ltr'><strong>Dominumque</strong></span> <span class='ocrx_word' id='word_1_739' title='bbox 1553 1364 1698 1392; x_wconf 82' lang='lat' dir='ltr'><strong>oll‘enderis</strong></span> <span class='ocrx_word' id='word_1_740' title='bbox 1714 1385 1721 1398; x_wconf 86' lang='lat'><strong>,</strong></span> <span class='ocrx_word' id='word_1_741' title='bbox 1739 1365 1851 1392; x_wconf 85' lang='lat' dir='ltr'><strong>aliorum</strong></span> <span class='ocrx_word' id='word_1_742' title='bbox 1864 1366 1934 1393; x_wconf 89' lang='lat' dir='ltr'><strong>bona</strong></span> 
     </span>
    </p>
   </div>
   <div class='ocr_carea' id='block_1_87' title="bbox 1143 1411 1935 1446">
    <p class='ocr_par' dir='ltr' id='par_1_87' title="bbox 1143 1411 1935 1446">
     <span class='ocr_line' id='line_1_87' title="bbox 1143 1411 1935 1446; baseline 0.001 -9"><span class='ocrx_word' id='word_1_743' title='bbox 1143 1418 1213 1445; x_wconf 65' lang='lat' dir='ltr'><strong>aegre</strong></span> <span class='ocrx_word' id='word_1_744' title='bbox 1229 1411 1294 1442; x_wconf 76' lang='lat' dir='ltr'><strong>fers,</strong></span> <span class='ocrx_word' id='word_1_745' title='bbox 1309 1416 1334 1437; x_wconf 88' lang='lat' dir='ltr'><strong>et</strong></span> <span class='ocrx_word' id='word_1_746' title='bbox 1350 1411 1432 1437; x_wconf 91' lang='lat' dir='ltr'><strong>altum</strong></span> <span class='ocrx_word' id='word_1_747' title='bbox 1448 1411 1519 1445; x_wconf 88' lang='lat' dir='ltr'><strong>sapis</strong></span> <span class='ocrx_word' id='word_1_748' title='bbox 1533 1431 1539 1442; x_wconf 87' lang='lat'><strong>,</strong></span> <span class='ocrx_word' id='word_1_749' title='bbox 1552 1412 1627 1445; x_wconf 90' lang='lat' dir='ltr'><strong>quasi</strong></span> <span class='ocrx_word' id='word_1_750' title='bbox 1641 1411 1714 1438; x_wconf 58' lang='lat' dir='ltr'><strong>solus</strong></span> <span class='ocrx_word' id='word_1_751' title='bbox 1729 1411 1829 1438; x_wconf 76' lang='lat' dir='ltr'><strong>debeas</strong></span> <span class='ocrx_word' id='word_1_752' title='bbox 1839 1412 1935 1446; x_wconf 81' lang='lat' dir='ltr'><strong>gratia:</strong></span> 
     </span>
    </p>
   </div>
   <div class='ocr_carea' id='block_1_88' title="bbox 1142 1456 1934 1492">
    <p class='ocr_par' dir='ltr' id='par_1_88' title="bbox 1142 1456 1934 1492">
     <span class='ocr_line' id='line_1_88' title="bbox 1142 1456 1934 1492; baseline 0.003 -10"><span class='ocrx_word' id='word_1_753' title='bbox 1142 1464 1253 1484; x_wconf 89' lang='lat' dir='ltr'><strong>consors</strong></span> <span class='ocrx_word' id='word_1_754' title='bbox 1264 1464 1336 1488; x_wconf 63' lang='lat' dir='ltr'><strong>esss,</strong></span> <span class='ocrx_word' id='word_1_755' title='bbox 1352 1464 1404 1483; x_wconf 91' lang='lat' dir='ltr'><strong>non</strong></span> <span class='ocrx_word' id='word_1_756' title='bbox 1417 1456 1522 1483; x_wconf 71' lang='lat' dir='ltr'><strong>invidia:</strong></span> <span class='ocrx_word' id='word_1_757' title='bbox 1535 1456 1623 1483; x_wconf 83' lang='lat' dir='ltr'><strong>solum</strong></span> <span class='ocrx_word' id='word_1_758' title='bbox 1644 1461 1671 1484; x_wconf 88' lang='lat' dir='ltr'><strong>et</strong></span> <span class='ocrx_word' id='word_1_759' title='bbox 1685 1457 1845 1492; x_wconf 63' lang='lat' dir='ltr'><strong>arrogantia;</strong></span> <span class='ocrx_word' id='word_1_760' title='bbox 1861 1478 1869 1490; x_wconf 91' lang='lat'><strong>,</strong></span> <span class='ocrx_word' id='word_1_761' title='bbox 1885 1457 1934 1485; x_wconf 84' lang='lat' dir='ltr'><strong>sed</strong></span> 
     </span>
    </p>
   </div>
   <div class='ocr_carea' id='block_1_89' title="bbox 1143 1501 1935 1536">
    <p class='ocr_par' dir='ltr' id='par_1_89' title="bbox 1143 1501 1935 1536">
     <span class='ocr_line' id='line_1_89' title="bbox 1143 1501 1935 1536; baseline 0.001 -8"><span class='ocrx_word' id='word_1_762' title='bbox 1143 1502 1223 1528; x_wconf 88' lang='lat' dir='ltr'><strong>etiam</strong></span> <span class='ocrx_word' id='word_1_763' title='bbox 1251 1506 1331 1528; x_wconf 76' lang='lat' dir='ltr'><strong>tanta:</strong></span> <span class='ocrx_word' id='word_1_764' title='bbox 1352 1501 1494 1528; x_wconf 66' lang='lat' dir='ltr'><strong>dementia:</strong></span> <span class='ocrx_word' id='word_1_765' title='bbox 1518 1509 1598 1528; x_wconf 84' lang='lat' dir='ltr'><strong>causa</strong></span> <span class='ocrx_word' id='word_1_766' title='bbox 1627 1501 1745 1528; x_wconf 90' lang='lat' dir='ltr'><strong>omnium</strong></span> <span class='ocrx_word' id='word_1_767' title='bbox 1767 1502 1935 1536; x_wconf 86' lang='lat' dir='ltr'><strong>gravissimis</strong></span> 
     </span>
    </p>
   </div>
   <div class='ocr_carea' id='block_1_90' title="bbox 1142 1546 1933 1582">
    <p class='ocr_par' dir='ltr' id='par_1_90' title="bbox 1142 1546 1933 1582">
     <span class='ocr_line' id='line_1_90' title="bbox 1142 1546 1933 1582; baseline 0 -8"><span class='ocrx_word' id='word_1_768' title='bbox 1142 1547 1237 1581; x_wconf 83' lang='lat' dir='ltr'><strong>dignus</strong></span> <span class='ocrx_word' id='word_1_769' title='bbox 1259 1546 1340 1574; x_wconf 83' lang='lat' dir='ltr'><strong>fueris</strong></span> <span class='ocrx_word' id='word_1_770' title='bbox 1362 1546 1499 1582; x_wconf 88' lang='lat' dir='ltr'><strong>suppliciis</strong></span> <span class='ocrx_word' id='word_1_771' title='bbox 1514 1555 1521 1573; x_wconf 85' lang='lat'><strong>:</strong></span> <span class='ocrx_word' id='word_1_772' title='bbox 1536 1548 1654 1574; x_wconf 89' lang='lat' dir='ltr'><strong>omnium</strong></span> <span class='ocrx_word' id='word_1_773' title='bbox 1680 1547 1777 1582; x_wconf 86' lang='lat' dir='ltr'><strong>quippe</strong></span> <span class='ocrx_word' id='word_1_774' title='bbox 1801 1547 1933 1575; x_wconf 89' lang='lat' dir='ltr'><strong>malorum</strong></span> 
     </span>
    </p>
   </div>
   <div class='ocr_carea' id='block_1_91' title="bbox 1144 1591 1934 1627">
    <p class='ocr_par' dir='ltr' id='par_1_91' title="bbox 1144 1591 1934 1627">
     <span class='ocr_line' id='line_1_91' title="bbox 1144 1591 1934 1627; baseline 0.001 -8"><span class='ocrx_word' id='word_1_775' title='bbox 1144 1593 1261 1620; x_wconf 85' lang='lat' dir='ltr'><strong>radicem</strong></span> <span class='ocrx_word' id='word_1_776' title='bbox 1287 1591 1439 1626; x_wconf 84' lang='lat' dir='ltr'><strong>superbiam</strong></span> <span class='ocrx_word' id='word_1_777' title='bbox 1466 1593 1491 1618; x_wconf 93' lang='lat' dir='ltr'><strong>in</strong></span> <span class='ocrx_word' id='word_1_778' title='bbox 1515 1596 1541 1619; x_wconf 90' lang='lat' dir='ltr'><strong>te</strong></span> <span class='ocrx_word' id='word_1_779' title='bbox 1567 1592 1714 1620; x_wconf 89' lang='lat' dir='ltr'><strong>inseruisti.</strong></span> <span class='ocrx_word' id='word_1_780' title='bbox 1739 1592 1800 1620; x_wconf 87' lang='lat' dir='ltr'><strong>Ideo</strong></span> <span class='ocrx_word' id='word_1_781' title='bbox 1826 1593 1934 1627; x_wconf 87' lang='lat' dir='ltr'><strong>sapiens</strong></span> 
     </span>
    </p>
   </div>
   <div class='ocr_carea' id='block_1_92' title="bbox 1141 1636 1932 1672">
    <p class='ocr_par' dir='ltr' id='par_1_92' title="bbox 1141 1636 1932 1672">
     <span class='ocr_line' id='line_1_92' title="bbox 1141 1636 1932 1672; baseline 0 -9"><span class='ocrx_word' id='word_1_782' title='bbox 1141 1637 1272 1672; x_wconf 87' lang='lat' dir='ltr'><strong>quispiam</strong></span> <span class='ocrx_word' id='word_1_783' title='bbox 1287 1637 1409 1664; x_wconf 66' lang='lat' dir='ltr'><strong>dicebat:</strong></span> <span class='ocrx_word' id='word_1_784' title='bbox 1424 1636 1581 1672; x_wconf 80' lang='lat' dir='ltr'><strong>Principium</strong></span> <span class='ocrx_word' id='word_1_785' title='bbox 1598 1638 1693 1672; x_wconf 84' lang='lat' dir='ltr'><strong>peccati</strong></span> <span class='ocrx_word' id='word_1_786' title='bbox 1705 1638 1822 1671; x_wconf 73' lang='lat' dir='ltr'><strong>superbia</strong></span> <span class='ocrx_word' id='word_1_787' title='bbox 1835 1637 1932 1672; x_wconf 75' lang='lat' dir='ltr'><strong>(Ereti.</strong></span> 
     </span>
    </p>
   </div>
   <div class='ocr_carea' id='block_1_93' title="bbox 1144 1681 1933 1717">
    <p class='ocr_par' dir='ltr' id='par_1_93' title="bbox 1144 1681 1933 1717">
     <span class='ocr_line' id='line_1_93' title="bbox 1144 1681 1933 1717; baseline 0 -8"><span class='ocrx_word' id='word_1_788' title='bbox 1144 1682 1186 1709; x_wconf 81' lang='lat' dir='ltr'><strong>t0.</strong></span> <span class='ocrx_word' id='word_1_789' title='bbox 1202 1683 1247 1715; x_wconf 79' lang='grc'><strong>15)</strong></span> <span class='ocrx_word' id='word_1_790' title='bbox 1263 1691 1270 1714; x_wconf 83' lang='grc'>;</span> <span class='ocrx_word' id='word_1_791' title='bbox 1289 1682 1338 1709; x_wconf 91' lang='lat' dir='ltr'><strong>hoc</strong></span> <span class='ocrx_word' id='word_1_792' title='bbox 1350 1686 1392 1710; x_wconf 84' lang='lat' dir='ltr'><strong>est</strong></span> <span class='ocrx_word' id='word_1_793' title='bbox 1409 1703 1416 1715; x_wconf 95' lang='lat'><strong>,</strong></span> <span class='ocrx_word' id='word_1_794' title='bbox 1432 1682 1506 1709; x_wconf 77' lang='lat' dir='ltr'><strong>radix</strong></span> <span class='ocrx_word' id='word_1_795' title='bbox 1524 1702 1531 1714; x_wconf 86' lang='lat'><strong>,</strong></span> <span class='ocrx_word' id='word_1_796' title='bbox 1549 1681 1608 1709; x_wconf 89' lang='lat' dir='ltr'><strong>fons</strong></span> <span class='ocrx_word' id='word_1_797' title='bbox 1624 1702 1631 1713; x_wconf 77' lang='grc'><em>,</em></span> <span class='ocrx_word' id='word_1_798' title='bbox 1646 1687 1740 1710; x_wconf 86' lang='lat' dir='ltr'><strong>mater.</strong></span> <span class='ocrx_word' id='word_1_799' title='bbox 1754 1681 1798 1709; x_wconf 82' lang='lat' dir='ltr'><strong>Sic</strong></span> <span class='ocrx_word' id='word_1_800' title='bbox 1812 1691 1859 1717; x_wconf 93' lang='lat' dir='ltr'><strong>per</strong></span> <span class='ocrx_word' id='word_1_801' title='bbox 1873 1690 1933 1710; x_wconf 84' lang='lat' dir='ltr'><strong>eam</strong></span> 
     </span>
    </p>
   </div>
   <div class='ocr_carea' id='block_1_94' title="bbox 1143 1728 1932 1763">
    <p class='ocr_par' dir='ltr' id='par_1_94' title="bbox 1143 1728 1932 1763">
     <span class='ocr_line' id='line_1_94' title="bbox 1143 1728 1932 1763; baseline -0.001 -8"><span class='ocrx_word' id='word_1_802' title='bbox 1143 1728 1244 1763; x_wconf 90' lang='lat' dir='ltr'><strong>primus</strong></span> <span class='ocrx_word' id='word_1_803' title='bbox 1256 1729 1335 1754; x_wconf 88' lang='lat' dir='ltr'><strong>homo</strong></span> <span class='ocrx_word' id='word_1_804' title='bbox 1346 1736 1360 1754; x_wconf 86' lang='lat' dir='ltr'><strong>a</strong></span> <span class='ocrx_word' id='word_1_805' title='bbox 1379 1728 1456 1755; x_wconf 88' lang='lat' dir='ltr'><strong>beato</strong></span> <span class='ocrx_word' id='word_1_806' title='bbox 1469 1728 1514 1754; x_wconf 88' lang='lat' dir='ltr'><strong>illo</strong></span> <span class='ocrx_word' id='word_1_807' title='bbox 1527 1732 1596 1755; x_wconf 87' lang='lat' dir='ltr'><strong>statu</strong></span> <span class='ocrx_word' id='word_1_808' title='bbox 1611 1728 1730 1762; x_wconf 75' lang='lat' dir='ltr'><strong>dejectus</strong></span> <span class='ocrx_word' id='word_1_809' title='bbox 1746 1733 1805 1757; x_wconf 83' lang='lat' dir='ltr'><strong>est;</strong></span> <span class='ocrx_word' id='word_1_810' title='bbox 1820 1729 1859 1755; x_wconf 81' lang='lat' dir='ltr'><strong>sic</strong></span> <span class='ocrx_word' id='word_1_811' title='bbox 1873 1728 1932 1754; x_wconf 89' lang='lat' dir='ltr'><strong>dia-</strong></span> 
     </span>
    </p>
   </div>
   <div class='ocr_carea' id='block_1_95' title="bbox 1143 1773 1933 1809">
    <p class='ocr_par' dir='ltr' id='par_1_95' title="bbox 1143 1773 1933 1809">
     <span class='ocr_line' id='line_1_95' title="bbox 1143 1773 1933 1809; baseline -0.001 -8"><span class='ocrx_word' id='word_1_812' title='bbox 1143 1775 1218 1801; x_wconf 86' lang='lat' dir='ltr'><strong>bolus</strong></span> <span class='ocrx_word' id='word_1_813' title='bbox 1234 1775 1278 1809; x_wconf 91' lang='lat' dir='ltr'><strong>qui</strong></span> <span class='ocrx_word' id='word_1_814' title='bbox 1290 1775 1362 1801; x_wconf 92' lang='lat' dir='ltr'><strong>illum</strong></span> <span class='ocrx_word' id='word_1_815' title='bbox 1377 1773 1494 1808; x_wconf 82' lang='lat' dir='ltr'><strong>decepit,</strong></span> <span class='ocrx_word' id='word_1_816' title='bbox 1511 1773 1544 1800; x_wconf 89' lang='lat' dir='ltr'><strong>ab</strong></span> <span class='ocrx_word' id='word_1_817' title='bbox 1558 1773 1601 1800; x_wconf 89' lang='lat' dir='ltr'><strong>illa</strong></span> <span class='ocrx_word' id='word_1_818' title='bbox 1617 1773 1754 1808; x_wconf 85' lang='lat' dir='ltr'><strong>dignitatis</strong></span> <span class='ocrx_word' id='word_1_819' title='bbox 1768 1773 1933 1800; x_wconf 82' lang='lat' dir='ltr'><strong>sublimitate</strong></span> 
     </span>
    </p>
   </div>
   <div class='ocr_carea' id='block_1_96' title="bbox 1141 1817 1933 1853">
    <p class='ocr_par' dir='ltr' id='par_1_96' title="bbox 1141 1817 1933 1853">
     <span class='ocr_line' id='line_1_96' title="bbox 1141 1817 1933 1853; baseline -0.001 -7"><span class='ocrx_word' id='word_1_820' title='bbox 1141 1819 1250 1847; x_wconf 77' lang='lat' dir='ltr'><strong>excidit.</strong></span> <span class='ocrx_word' id='word_1_821' title='bbox 1264 1820 1352 1852; x_wconf 85' lang='lat' dir='ltr'><strong>Quare</strong></span> <span class='ocrx_word' id='word_1_822' title='bbox 1363 1826 1424 1846; x_wconf 88' lang='lat' dir='ltr'><strong>cum</strong></span> <span class='ocrx_word' id='word_1_823' title='bbox 1438 1823 1525 1845; x_wconf 84' lang='lat' dir='ltr'><strong>nosset</strong></span> <span class='ocrx_word' id='word_1_824' title='bbox 1541 1818 1670 1845; x_wconf 85' lang='lat' dir='ltr'><strong>scelestus</strong></span> <span class='ocrx_word' id='word_1_825' title='bbox 1684 1818 1728 1845; x_wconf 89' lang='lat' dir='ltr'><strong>illc</strong></span> <span class='ocrx_word' id='word_1_826' title='bbox 1742 1817 1819 1853; x_wconf 89' lang='lat' dir='ltr'><strong>hujus</strong></span> <span class='ocrx_word' id='word_1_827' title='bbox 1830 1818 1933 1852; x_wconf 83' lang='lat' dir='ltr'><strong>peccati</strong></span> 
     </span>
    </p>
   </div>
   <div class='ocr_carea' id='block_1_97' title="bbox 1145 1863 1934 1900">
    <p class='ocr_par' dir='ltr' id='par_1_97' title="bbox 1145 1863 1934 1900">
     <span class='ocr_line' id='line_1_97' title="bbox 1145 1863 1934 1900; baseline -0.001 -8"><span class='ocrx_word' id='word_1_828' title='bbox 1145 1871 1264 1893; x_wconf 88' lang='lat' dir='ltr'><strong>naturam</strong></span> <span class='ocrx_word' id='word_1_829' title='bbox 1280 1873 1357 1900; x_wconf 88' lang='lat' dir='ltr'><strong>posse</strong></span> <span class='ocrx_word' id='word_1_830' title='bbox 1368 1873 1400 1892; x_wconf 75' lang='lat' dir='ltr'><strong>ex</strong></span> <span class='ocrx_word' id='word_1_831' title='bbox 1410 1865 1475 1900; x_wconf 85' lang='lat' dir='ltr'><strong>ipsis</strong></span> <span class='ocrx_word' id='word_1_832' title='bbox 1489 1864 1562 1891; x_wconf 80' lang='lat' dir='ltr'><strong>ca-lis</strong></span> <span class='ocrx_word' id='word_1_833' title='bbox 1576 1863 1701 1898; x_wconf 82' lang='lat' dir='ltr'><strong>dejicere.</strong></span> <span class='ocrx_word' id='word_1_834' title='bbox 1716 1863 1785 1891; x_wconf 85' lang='lat' dir='ltr'><strong>hanc</strong></span> <span class='ocrx_word' id='word_1_835' title='bbox 1797 1864 1934 1899; x_wconf 79' lang='lat' dir='ltr'><strong>ingressus</strong></span> 
     </span>
    </p>
   </div>
   <div class='ocr_carea' id='block_1_98' title="bbox 1142 1910 1934 1943">
    <p class='ocr_par' dir='ltr' id='par_1_98' title="bbox 1142 1910 1934 1943">
     <span class='ocr_line' id='line_1_98' title="bbox 1142 1910 1934 1943; baseline -0.003 -4"><span class='ocrx_word' id='word_1_836' title='bbox 1142 1913 1209 1939; x_wconf 86' lang='lat' dir='ltr'><strong>viam</strong></span> <span class='ocrx_word' id='word_1_837' title='bbox 1226 1917 1275 1943; x_wconf 83' lang='lat' dir='ltr'><strong>est,</strong></span> <span class='ocrx_word' id='word_1_838' title='bbox 1293 1920 1352 1938; x_wconf 93' lang='lat' dir='ltr'><strong>cum</strong></span> <span class='ocrx_word' id='word_1_839' title='bbox 1368 1912 1497 1938; x_wconf 84' lang='lat' dir='ltr'><strong>Adamum</strong></span> <span class='ocrx_word' id='word_1_840' title='bbox 1520 1918 1552 1938; x_wconf 80' lang='lat' dir='ltr'><strong>ex</strong></span> <span class='ocrx_word' id='word_1_841' title='bbox 1568 1915 1641 1937; x_wconf 88' lang='lat' dir='ltr'><strong>tanto</strong></span> <span class='ocrx_word' id='word_1_842' title='bbox 1664 1910 1765 1938; x_wconf 87' lang='lat' dir='ltr'><strong>honore</strong></span> <span class='ocrx_word' id='word_1_843' title='bbox 1788 1910 1934 1938; x_wconf 86' lang='lat' dir='ltr'><strong>deturbare</strong></span> 
     </span>
    </p>
   </div>
   <div class='ocr_carea' id='block_1_99' title="bbox 1142 1956 1934 1991">
    <p class='ocr_par' dir='ltr' id='par_1_99' title="bbox 1142 1956 1934 1991">
     <span class='ocr_line' id='line_1_99' title="bbox 1142 1956 1934 1991; baseline -0.001 -6"><span class='ocrx_word' id='word_1_844' title='bbox 1142 1959 1255 1986; x_wconf 90' lang='lat' dir='ltr'><strong>curavit.</strong></span> <span class='ocrx_word' id='word_1_845' title='bbox 1269 1957 1336 1984; x_wconf 78' lang='lat' dir='ltr'><strong>Cum</strong></span> <span class='ocrx_word' id='word_1_846' title='bbox 1357 1958 1429 1984; x_wconf 87' lang='lat' dir='ltr'><strong>enim</strong></span> <span class='ocrx_word' id='word_1_847' title='bbox 1453 1957 1526 1983; x_wconf 91' lang='lat' dir='ltr'><strong>illum</strong></span> <span class='ocrx_word' id='word_1_848' title='bbox 1551 1964 1599 1990; x_wconf 84' lang='lat' dir='ltr'><strong>spe</strong></span> <span class='ocrx_word' id='word_1_849' title='bbox 1620 1956 1780 1991; x_wconf 66' lang='lat' dir='ltr'><strong>wqualitatis</strong></span> <span class='ocrx_word' id='word_1_850' title='bbox 1801 1964 1863 1984; x_wconf 88' lang='lat' dir='ltr'><strong>cum</strong></span> <span class='ocrx_word' id='word_1_851' title='bbox 1879 1956 1934 1984; x_wconf 83' lang='lat' dir='ltr'><strong>Deo</strong></span> 
     </span>
    </p>
   </div>
   <div class='ocr_carea' id='block_1_100' title="bbox 1142 2001 1930 2037">
    <p class='ocr_par' dir='ltr' id='par_1_100' title="bbox 1142 2001 1930 2037">
     <span class='ocr_line' id='line_1_100' title="bbox 1142 2001 1930 2037; baseline -0.003 -7"><span class='ocrx_word' id='word_1_852' title='bbox 1142 2002 1322 2037; x_wconf 70' lang='lat' dir='ltr'><strong>adipiscendo:</strong></span> <span class='ocrx_word' id='word_1_853' title='bbox 1336 2001 1456 2029; x_wconf 83' lang='lat' dir='ltr'><strong>inﬂatum</strong></span> <span class='ocrx_word' id='word_1_854' title='bbox 1472 2001 1632 2028; x_wconf 86' lang='lat' dir='ltr'><strong>reddidisset</strong></span> <span class='ocrx_word' id='word_1_855' title='bbox 1646 2021 1653 2033; x_wconf 84' lang='grc'><em>,</em></span> <span class='ocrx_word' id='word_1_856' title='bbox 1668 2002 1707 2028; x_wconf 88' lang='lat' dir='ltr'><strong>sic</strong></span> <span class='ocrx_word' id='word_1_857' title='bbox 1727 2001 1800 2027; x_wconf 91' lang='lat' dir='ltr'><strong>illum</strong></span> <span class='ocrx_word' id='word_1_858' title='bbox 1823 2001 1930 2035; x_wconf 83' lang='lat' dir='ltr'><strong>dejecit,</strong></span> 
     </span>
    </p>
   </div>
   <div class='ocr_carea' id='block_1_101' title="bbox 1140 2046 1930 2082">
    <p class='ocr_par' dir='ltr' id='par_1_101' title="bbox 1140 2046 1930 2082">
     <span class='ocr_line' id='line_1_101' title="bbox 1140 2046 1930 2082; baseline -0.001 -7"><span class='ocrx_word' id='word_1_859' title='bbox 1140 2053 1167 2075; x_wconf 89' lang='lat' dir='ltr'><strong>et</strong></span> <span class='ocrx_word' id='word_1_860' title='bbox 1181 2048 1206 2075; x_wconf 94' lang='lat' dir='ltr'><strong>in</strong></span> <span class='ocrx_word' id='word_1_861' title='bbox 1218 2047 1375 2082; x_wconf 87' lang='lat' dir='ltr'><strong>profundum</strong></span> <span class='ocrx_word' id='word_1_862' title='bbox 1391 2047 1485 2074; x_wconf 88' lang='lat' dir='ltr'><strong>inferni</strong></span> <span class='ocrx_word' id='word_1_863' title='bbox 1501 2047 1684 2081; x_wconf 66' lang='lat' dir='ltr'><strong>prteeipitavit.</strong></span> <span class='ocrx_word' id='word_1_864' title='bbox 1700 2046 1768 2074; x_wconf 87' lang='lat' dir='ltr'><strong>Nihil</strong></span> <span class='ocrx_word' id='word_1_865' title='bbox 1783 2047 1854 2074; x_wconf 80' lang='lat' dir='ltr'><strong>ei-im</strong></span> <span class='ocrx_word' id='word_1_866' title='bbox 1868 2047 1903 2074; x_wconf 77' lang='lat' dir='ltr'><strong>ita</strong></span> <span class='ocrx_word' id='word_1_867' title='bbox 1917 2055 1930 2073; x_wconf 93' lang='lat' dir='ltr'><strong>a</strong></span> 
     </span>
    </p>
   </div>
   <div class='ocr_carea' id='block_1_102' title="bbox 1142 2090 1932 2127">
    <p class='ocr_par' dir='ltr' id='par_1_102' title="bbox 1142 2090 1932 2127">
     <span class='ocr_line' id='line_1_102' title="bbox 1142 2090 1932 2127; baseline 0 -7"><span class='ocrx_word' id='word_1_868' title='bbox 1142 2094 1187 2120; x_wconf 90' lang='lat' dir='ltr'><strong>Dei</strong></span> <span class='ocrx_word' id='word_1_869' title='bbox 1200 2093 1364 2127; x_wconf 87' lang='lat' dir='ltr'><strong>benignitate</strong></span> <span class='ocrx_word' id='word_1_870' title='bbox 1381 2092 1478 2119; x_wconf 89' lang='lat' dir='ltr'><strong>avertit</strong></span> <span class='ocrx_word' id='word_1_871' title='bbox 1493 2112 1501 2124; x_wconf 84' lang='lat'><strong>,</strong></span> <span class='ocrx_word' id='word_1_872' title='bbox 1527 2096 1554 2118; x_wconf 89' lang='lat' dir='ltr'><strong>ct</strong></span> <span class='ocrx_word' id='word_1_873' title='bbox 1567 2090 1696 2126; x_wconf 64' lang='lat' dir='ltr'><strong>gehennm</strong></span> <span class='ocrx_word' id='word_1_874' title='bbox 1711 2091 1777 2127; x_wconf 87' lang='lat' dir='ltr'><strong>ignis</strong></span> <span class='ocrx_word' id='word_1_875' title='bbox 1799 2092 1932 2126; x_wconf 87' lang='lat' dir='ltr'><strong>supplicio</strong></span> 
     </span>
    </p>
   </div>
   <div class='ocr_carea' id='block_1_103' title="bbox 1142 2137 1933 2173">
    <p class='ocr_par' dir='ltr' id='par_1_103' title="bbox 1142 2137 1933 2173">
     <span class='ocr_line' id='line_1_103' title="bbox 1142 2137 1933 2173; baseline -0.001 -6"><span class='ocrx_word' id='word_1_876' title='bbox 1142 2139 1231 2171; x_wconf 88' lang='lat' dir='ltr'><strong>tradit,</strong></span> <span class='ocrx_word' id='word_1_877' title='bbox 1248 2143 1277 2165; x_wconf 92' lang='lat' dir='ltr'><strong>ut</strong></span> <span class='ocrx_word' id='word_1_878' title='bbox 1287 2138 1419 2172; x_wconf 76' lang='lat' dir='ltr'><strong>superbia:</strong></span> <span class='ocrx_word' id='word_1_879' title='bbox 1431 2137 1562 2173; x_wconf 84' lang='lat' dir='ltr'><strong>tyrannis.</strong></span> <span class='ocrx_word' id='word_1_880' title='bbox 1577 2137 1632 2165; x_wconf 86' lang='lat' dir='ltr'><strong>liae</strong></span> <span class='ocrx_word' id='word_1_881' title='bbox 1645 2145 1693 2165; x_wconf 79' lang='lat' dir='ltr'><strong>nos</strong></span> <span class='ocrx_word' id='word_1_882' title='bbox 1706 2144 1864 2173; x_wconf 87' lang='lat' dir='ltr'><strong>oecupante,</strong></span> <span class='ocrx_word' id='word_1_883' title='bbox 1881 2145 1933 2166; x_wconf 78' lang='lat' dir='ltr'><strong>tota</strong></span> 
     </span>
    </p>
   </div>
   <div class='ocr_carea' id='block_1_104' title="bbox 1148 2183 1931 2218">
    <p class='ocr_par' dir='ltr' id='par_1_104' title="bbox 1148 2183 1931 2218">
     <span class='ocr_line' id='line_1_104' title="bbox 1148 2183 1931 2218; baseline 0 -6"><span class='ocrx_word' id='word_1_884' title='bbox 1148 2185 1201 2212; x_wconf 86' lang='lat' dir='ltr'><strong>vita</strong></span> <span class='ocrx_word' id='word_1_885' title='bbox 1215 2190 1305 2212; x_wconf 83' lang='lat' dir='ltr'><strong>nostra</strong></span> <span class='ocrx_word' id='word_1_886' title='bbox 1317 2185 1420 2218; x_wconf 88' lang='lat' dir='ltr'><strong>impura</strong></span> <span class='ocrx_word' id='word_1_887' title='bbox 1437 2183 1560 2216; x_wconf 80' lang='lat' dir='ltr'><strong>efficitur,</strong></span> <span class='ocrx_word' id='word_1_888' title='bbox 1573 2183 1676 2211; x_wconf 85' lang='lat' dir='ltr'><strong>etiamsi</strong></span> <span class='ocrx_word' id='word_1_889' title='bbox 1690 2184 1839 2211; x_wconf 83' lang='lat' dir='ltr'><strong>castitatem</strong></span> <span class='ocrx_word' id='word_1_890' title='bbox 1854 2206 1861 2218; x_wconf 86' lang='lat'><strong>,</strong></span> <span class='ocrx_word' id='word_1_891' title='bbox 1877 2186 1931 2212; x_wconf 84' lang='lat' dir='ltr'><strong>vir-</strong></span> 
     </span>
    </p>
   </div>
   <div class='ocr_carea' id='block_1_105' title="bbox 1143 2228 1931 2265">
    <p class='ocr_par' dir='ltr' id='par_1_105' title="bbox 1143 2228 1931 2265">
     <span class='ocr_line' id='line_1_105' title="bbox 1143 2228 1931 2265; baseline -0.001 -8"><span class='ocrx_word' id='word_1_892' title='bbox 1143 2230 1281 2265; x_wconf 86' lang='lat' dir='ltr'><strong>ginitatem</strong></span> <span class='ocrx_word' id='word_1_893' title='bbox 1293 2248 1300 2260; x_wconf 88' lang='lat'><strong>,</strong></span> <span class='ocrx_word' id='word_1_894' title='bbox 1315 2229 1447 2263; x_wconf 90' lang='lat' dir='ltr'><strong>jejunium</strong></span> <span class='ocrx_word' id='word_1_895' title='bbox 1459 2248 1466 2259; x_wconf 81' lang='grc'>,</span> <span class='ocrx_word' id='word_1_896' title='bbox 1492 2228 1691 2262; x_wconf 84' lang='lat' dir='ltr'><strong>precationem,</strong></span> <span class='ocrx_word' id='word_1_897' title='bbox 1709 2229 1907 2264; x_wconf 79' lang='lat' dir='ltr'><strong>eleemosynam</strong></span> <span class='ocrx_word' id='word_1_898' title='bbox 1924 2252 1931 2263; x_wconf 81' lang='grc'><em>,</em></span> 
     </span>
    </p>
   </div>
   <div class='ocr_carea' id='block_1_106' title="bbox 1143 2273 1932 2310">
    <p class='ocr_par' dir='ltr' id='par_1_106' title="bbox 1143 2273 1932 2310">
     <span class='ocr_line' id='line_1_106' title="bbox 1143 2273 1932 2310; baseline -0.001 -7"><span class='ocrx_word' id='word_1_899' title='bbox 1143 2279 1307 2309; x_wconf 74' lang='grc' dir='ltr'><strong>οωιεηιειιιιε</strong></span> <span class='ocrx_word' id='word_1_900' title='bbox 1323 2274 1434 2301; x_wconf 81' lang='lat' dir='ltr'><strong>virtutes</strong></span> <span class='ocrx_word' id='word_1_901' title='bbox 1449 2281 1622 2301; x_wconf 74' lang='lat' dir='ltr'><strong>exerceamus</strong></span> <span class='ocrx_word' id='word_1_902' title='bbox 1646 2273 1799 2302; x_wconf 71' lang='lat' dir='ltr'><strong>lmmundus</strong></span> <span class='ocrx_word' id='word_1_903' title='bbox 1813 2295 1820 2307; x_wconf 85' lang='lat'><strong>,</strong></span> <span class='ocrx_word' id='word_1_904' title='bbox 1837 2275 1932 2310; x_wconf 80' lang='lat' dir='ltr'><strong>inquit,</strong></span> 
     </span>
    </p>
   </div>
   <div class='ocr_carea' id='block_1_107' title="bbox 1145 2319 1935 2356">
    <p class='ocr_par' dir='ltr' id='par_1_107' title="bbox 1145 2319 1935 2356">
     <span class='ocr_line' id='line_1_107' title="bbox 1145 2319 1935 2356; baseline 0.001 -9"><span class='ocrx_word' id='word_1_905' title='bbox 1145 2321 1214 2355; x_wconf 83' lang='lat' dir='ltr'><strong>apud</strong></span> <span class='ocrx_word' id='word_1_906' title='bbox 1226 2319 1363 2347; x_wconf 85' lang='lat' dir='ltr'><strong>Dominum</strong></span> <span class='ocrx_word' id='word_1_907' title='bbox 1376 2320 1457 2346; x_wconf 80' lang='lat' dir='ltr'><strong>omnis</strong></span> <span class='ocrx_word' id='word_1_908' title='bbox 1475 2319 1596 2354; x_wconf 70' lang='lat' dir='ltr'><strong>superbus</strong></span> <span class='ocrx_word' id='word_1_909' title='bbox 1610 2320 1619 2353; x_wconf 96' lang='lat'>(</span> <span class='ocrx_word' id='word_1_910' title='bbox 1634 2319 1712 2346; x_wconf 78' lang='lat' dir='ltr'><strong>Prov.</strong></span> <span class='ocrx_word' id='word_1_911' title='bbox 1729 2320 1773 2347; x_wconf 75' lang='grc'><strong>16.</strong></span> <span class='ocrx_word' id='word_1_912' title='bbox 1790 2321 1807 2347; x_wconf 88' lang='grc'>6</span> <span class='ocrx_word' id='word_1_913' title='bbox 1820 2320 1839 2356; x_wconf 89' lang='grc'><strong>).</strong></span> <span class='ocrx_word' id='word_1_914' title='bbox 1858 2321 1935 2349; x_wconf 89' lang='lat' dir='ltr'><strong>llunc</strong></span> 
     </span>
    </p>
   </div>
   <div class='ocr_carea' id='block_1_108' title="bbox 1142 2364 1936 2402">
    <p class='ocr_par' dir='ltr' id='par_1_108' title="bbox 1142 2364 1936 2402">
     <span class='ocr_line' id='line_1_108' title="bbox 1142 2364 1936 2402; baseline 0 -9"><span class='ocrx_word' id='word_1_915' title='bbox 1142 2374 1205 2402; x_wconf 89' lang='lat' dir='ltr'><strong>ergo</strong></span> <span class='ocrx_word' id='word_1_916' title='bbox 1217 2366 1298 2393; x_wconf 89' lang='lat' dir='ltr'><strong>animi</strong></span> <span class='ocrx_word' id='word_1_917' title='bbox 1311 2369 1442 2392; x_wconf 89' lang='lat' dir='ltr'><strong>tumorem</strong></span> <span class='ocrx_word' id='word_1_918' title='bbox 1457 2365 1664 2398; x_wconf 84' lang='lat' dir='ltr'><strong>compriniamus</strong></span> <span class='ocrx_word' id='word_1_919' title='bbox 1681 2373 1688 2396; x_wconf 85' lang='lat'><strong>;</strong></span> <span class='ocrx_word' id='word_1_920' title='bbox 1703 2364 1775 2392; x_wconf 86' lang='lat' dir='ltr'><strong>hunc</strong></span> <span class='ocrx_word' id='word_1_921' title='bbox 1788 2366 1885 2392; x_wconf 75' lang='lat' dir='ltr'><strong>fastum</strong></span> <span class='ocrx_word' id='word_1_922' title='bbox 1901 2367 1936 2393; x_wconf 89' lang='lat' dir='ltr'><strong>de</strong></span> 
     </span>
    </p>
   </div>
   <div class='ocr_carea' id='block_1_109' title="bbox 1143 2410 1933 2442">
    <p class='ocr_par' dir='ltr' id='par_1_109' title="bbox 1143 2410 1933 2442">
     <span class='ocr_line' id='line_1_109' title="bbox 1143 2410 1933 2442; baseline -0.001 -3"><span class='ocrx_word' id='word_1_923' title='bbox 1143 2412 1231 2439; x_wconf 90' lang='lat' dir='ltr'><strong>medio</strong></span> <span class='ocrx_word' id='word_1_924' title='bbox 1247 2412 1369 2438; x_wconf 88' lang='lat' dir='ltr'><strong>tollamus</strong></span> <span class='ocrx_word' id='word_1_925' title='bbox 1383 2432 1390 2442; x_wconf 87' lang='grc'>,</span> <span class='ocrx_word' id='word_1_926' title='bbox 1406 2411 1427 2437; x_wconf 87' lang='lat' dir='ltr'><strong>si</strong></span> <span class='ocrx_word' id='word_1_927' title='bbox 1450 2410 1540 2436; x_wconf 91' lang='lat' dir='ltr'><strong>mundi</strong></span> <span class='ocrx_word' id='word_1_928' title='bbox 1566 2410 1678 2436; x_wconf 81' lang='lat' dir='ltr'><strong>velimus</strong></span> <span class='ocrx_word' id='word_1_929' title='bbox 1690 2418 1768 2442; x_wconf 83' lang='lat' dir='ltr'><strong>esse,</strong></span> <span class='ocrx_word' id='word_1_930' title='bbox 1791 2416 1819 2438; x_wconf 92' lang='lat' dir='ltr'><strong>et</strong></span> <span class='ocrx_word' id='word_1_931' title='bbox 1839 2411 1874 2438; x_wconf 86' lang='lat' dir='ltr'><strong>ab</strong></span> <span class='ocrx_word' id='word_1_932' title='bbox 1889 2419 1933 2441; x_wconf 81' lang='lat' dir='ltr'><strong>eo.</strong></span> 
     </span>
    </p>
   </div>
   <div class='ocr_carea' id='block_1_110' title="bbox 1143 2456 1932 2493">
    <p class='ocr_par' dir='ltr' id='par_1_110' title="bbox 1143 2456 1932 2493">
     <span class='ocr_line' id='line_1_110' title="bbox 1143 2456 1932 2493; baseline -0.001 -8"><span class='ocrx_word' id='word_1_933' title='bbox 1143 2458 1213 2493; x_wconf 91' lang='lat' dir='ltr'><strong>quod</strong></span> <span class='ocrx_word' id='word_1_934' title='bbox 1234 2457 1341 2484; x_wconf 82' lang='lat' dir='ltr'><strong>diabolo</strong></span> <span class='ocrx_word' id='word_1_935' title='bbox 1355 2461 1474 2492; x_wconf 88' lang='lat' dir='ltr'><strong>paratum</strong></span> <span class='ocrx_word' id='word_1_936' title='bbox 1487 2461 1530 2483; x_wconf 86' lang='lat' dir='ltr'><strong>est</strong></span> <span class='ocrx_word' id='word_1_937' title='bbox 1546 2476 1552 2486; x_wconf 80' lang='lat'><strong>.</strong></span> <span class='ocrx_word' id='word_1_938' title='bbox 1573 2456 1704 2491; x_wconf 79' lang='lat' dir='ltr'><strong>supplicio</strong></span> <span class='ocrx_word' id='word_1_939' title='bbox 1727 2457 1844 2484; x_wconf 88' lang='lat' dir='ltr'><strong>liberari.</strong></span> <span class='ocrx_word' id='word_1_940' title='bbox 1865 2457 1932 2484; x_wconf 84' lang='lat' dir='ltr'><strong>Nam</strong></span> 
     </span>
    </p>
   </div>
   <div class='ocr_carea' id='block_1_111' title="bbox 1142 2502 1926 2538">
    <p class='ocr_par' dir='ltr' id='par_1_111' title="bbox 1142 2502 1926 2538">
     <span class='ocr_line' id='line_1_111' title="bbox 1142 2502 1926 2538; baseline 0 -8"><span class='ocrx_word' id='word_1_941' title='bbox 1142 2504 1212 2538; x_wconf 88' lang='lat' dir='ltr'><strong>quod</strong></span> <span class='ocrx_word' id='word_1_942' title='bbox 1228 2511 1355 2537; x_wconf 86' lang='lat' dir='ltr'><strong>arrogans</strong></span> <span class='ocrx_word' id='word_1_943' title='bbox 1368 2502 1463 2530; x_wconf 88' lang='lat' dir='ltr'><strong>eodem</strong></span> <span class='ocrx_word' id='word_1_944' title='bbox 1477 2510 1530 2536; x_wconf 92' lang='lat' dir='ltr'><strong>quo</strong></span> <span class='ocrx_word' id='word_1_945' title='bbox 1547 2502 1670 2529; x_wconf 85' lang='lat' dir='ltr'><strong>diabolus</strong></span> <span class='ocrx_word' id='word_1_946' title='bbox 1683 2503 1719 2530; x_wconf 88' lang='lat' dir='ltr'><strong>sit</strong></span> <span class='ocrx_word' id='word_1_947' title='bbox 1734 2503 1865 2537; x_wconf 88' lang='lat' dir='ltr'><strong>supplicio</strong></span> <span class='ocrx_word' id='word_1_948' title='bbox 1881 2511 1926 2537; x_wconf 93' lang='lat' dir='ltr'><strong>pu-</strong></span> 
     </span>
    </p>
   </div>
   <div class='ocr_carea' id='block_1_112' title="bbox 1143 2547 1933 2584">
    <p class='ocr_par' dir='ltr' id='par_1_112' title="bbox 1143 2547 1933 2584">
     <span class='ocr_line' id='line_1_112' title="bbox 1143 2547 1933 2584; baseline -0.001 -8"><span class='ocrx_word' id='word_1_949' title='bbox 1143 2549 1266 2581; x_wconf 86' lang='lat' dir='ltr'><strong>niendus,</strong></span> <span class='ocrx_word' id='word_1_950' title='bbox 1280 2548 1341 2575; x_wconf 87' lang='lat' dir='ltr'><strong>audi</strong></span> <span class='ocrx_word' id='word_1_951' title='bbox 1355 2548 1463 2575; x_wconf 83' lang='lat' dir='ltr'><strong>Paulum</strong></span> <span class='ocrx_word' id='word_1_952' title='bbox 1475 2547 1608 2575; x_wconf 88' lang='lat' dir='ltr'><strong>dicentem</strong></span> <span class='ocrx_word' id='word_1_953' title='bbox 1624 2558 1631 2574; x_wconf 90' lang='lat'>:</span> <span class='ocrx_word' id='word_1_954' title='bbox 1647 2547 1707 2575; x_wconf 83' lang='lat' dir='ltr'><strong>Non</strong></span> <span class='ocrx_word' id='word_1_955' title='bbox 1722 2550 1887 2584; x_wconf 66' lang='lat' dir='ltr'><strong>acup/ultum,</strong></span> <span class='ocrx_word' id='word_1_956' title='bbox 1903 2557 1933 2575; x_wconf 79' lang='lat' dir='ltr'><strong>ne</strong></span> 
     </span>
    </p>
   </div>
   <div class='ocr_carea' id='block_1_113' title="bbox 1142 2593 1932 2629">
    <p class='ocr_par' dir='ltr' id='par_1_113' title="bbox 1142 2593 1932 2629">
     <span class='ocr_line' id='line_1_113' title="bbox 1142 2593 1932 2629; baseline -0.003 -7"><span class='ocrx_word' id='word_1_957' title='bbox 1142 2596 1168 2622; x_wconf 86' lang='lat' dir='ltr'><strong>in</strong></span> <span class='ocrx_word' id='word_1_958' title='bbox 1178 2594 1322 2629; x_wconf 74' lang='lat' dir='ltr'><strong>superbiant</strong></span> <span class='ocrx_word' id='word_1_959' title='bbox 1335 2595 1414 2620; x_wconf 76' lang='lat' dir='ltr'><strong>elatus</strong></span> <span class='ocrx_word' id='word_1_960' title='bbox 1427 2613 1433 2622; x_wconf 88' lang='lat'><strong>.</strong></span> <span class='ocrx_word' id='word_1_961' title='bbox 1449 2594 1474 2620; x_wconf 81' lang='lat' dir='ltr'><strong>in</strong></span> <span class='ocrx_word' id='word_1_962' title='bbox 1479 2593 1607 2627; x_wconf 76' lang='lat' dir='ltr'><strong>judicium</strong></span> <span class='ocrx_word' id='word_1_963' title='bbox 1619 2594 1713 2620; x_wconf 80' lang='lat' dir='ltr'><strong>incidat</strong></span> <span class='ocrx_word' id='word_1_964' title='bbox 1728 2598 1756 2621; x_wconf 88' lang='lat' dir='ltr'><strong>et</strong></span> <span class='ocrx_word' id='word_1_965' title='bbox 1766 2594 1791 2620; x_wconf 91' lang='lat' dir='ltr'><strong>in</strong></span> <span class='ocrx_word' id='word_1_966' title='bbox 1807 2594 1932 2629; x_wconf 83' lang='lat' dir='ltr'><strong>laqueum</strong></span> 
     </span>
    </p>
   </div>
   <div class='ocr_carea' id='block_1_114' title="bbox 1144 2639 1932 2674">
    <p class='ocr_par' dir='ltr' id='par_1_114' title="bbox 1144 2639 1932 2674">
     <span class='ocr_line' id='line_1_114' title="bbox 1144 2639 1932 2674; baseline 0 -8"><span class='ocrx_word' id='word_1_967' title='bbox 1144 2640 1258 2674; x_wconf 82' lang='lat' dir='ltr'><strong>diaboli(</strong></span> <span class='ocrx_word' id='word_1_968' title='bbox 1274 2640 1299 2666; x_wconf 80' lang='grc'><strong>1.</strong></span> <span class='ocrx_word' id='word_1_969' title='bbox 1318 2639 1384 2666; x_wconf 84' lang='lat' dir='ltr'><strong>Tim.</strong></span> <span class='ocrx_word' id='word_1_970' title='bbox 1399 2640 1425 2666; x_wconf 78' lang='grc'><strong>5.</strong></span> <span class='ocrx_word' id='word_1_971' title='bbox 1438 2640 1455 2666; x_wconf 87' lang='grc'>6</span> <span class='ocrx_word' id='word_1_972' title='bbox 1470 2641 1488 2674; x_wconf 96' lang='grc'><strong>).</strong></span> <span class='ocrx_word' id='word_1_973' title='bbox 1506 2639 1575 2672; x_wconf 86' lang='lat' dir='ltr'><strong>Quid</strong></span> <span class='ocrx_word' id='word_1_974' title='bbox 1591 2643 1632 2666; x_wconf 87' lang='lat' dir='ltr'><strong>est</strong></span> <span class='ocrx_word' id='word_1_975' title='bbox 1642 2639 1770 2674; x_wconf 90' lang='lat' dir='ltr'><strong>judicium</strong></span> <span class='ocrx_word' id='word_1_976' title='bbox 1784 2640 1796 2666; x_wconf 84' lang='lat'><strong>?</strong></span> <span class='ocrx_word' id='word_1_977' title='bbox 1818 2640 1845 2667; x_wconf 87' lang='lat' dir='ltr'><strong>lu</strong></span> <span class='ocrx_word' id='word_1_978' title='bbox 1861 2648 1932 2667; x_wconf 87' lang='lat' dir='ltr'><strong>eam-</strong></span> 
     </span>
    </p>
   </div>
   <div class='ocr_carea' id='block_1_115' title="bbox 1144 2684 1930 2719">
    <p class='ocr_par' dir='ltr' id='par_1_115' title="bbox 1144 2684 1930 2719">
     <span class='ocr_line' id='line_1_115' title="bbox 1144 2684 1930 2719; baseline -0.001 -7"><span class='ocrx_word' id='word_1_979' title='bbox 1144 2686 1214 2716; x_wconf 85' lang='lat' dir='ltr'><strong>dem,</strong></span> <span class='ocrx_word' id='word_1_980' title='bbox 1225 2685 1318 2719; x_wconf 82' lang='lat' dir='ltr'><strong>inquit,</strong></span> <span class='ocrx_word' id='word_1_981' title='bbox 1334 2685 1541 2714; x_wconf 84' lang='lat' dir='ltr'><strong>damnationem,</strong></span> <span class='ocrx_word' id='word_1_982' title='bbox 1555 2685 1580 2711; x_wconf 92' lang='lat' dir='ltr'><strong>in</strong></span> <span class='ocrx_word' id='word_1_983' title='bbox 1593 2684 1661 2711; x_wconf 85' lang='lat' dir='ltr'><strong>idem</strong></span> <span class='ocrx_word' id='word_1_984' title='bbox 1675 2685 1842 2719; x_wconf 87' lang='lat' dir='ltr'><strong>supplicium.</strong></span> <span class='ocrx_word' id='word_1_985' title='bbox 1858 2686 1930 2718; x_wconf 82' lang='lat' dir='ltr'><strong>Quo~</strong></span> 
     </span>
    </p>
   </div>
   <div class='ocr_carea' id='block_1_116' title="bbox 1145 2729 1929 2765">
    <p class='ocr_par' dir='ltr' id='par_1_116' title="bbox 1145 2729 1929 2765">
     <span class='ocr_line' id='line_1_116' title="bbox 1145 2729 1929 2765; baseline 0 -9"><span class='ocrx_word' id='word_1_986' title='bbox 1145 2731 1223 2757; x_wconf 88' lang='lat' dir='ltr'><strong>modo</strong></span> <span class='ocrx_word' id='word_1_987' title='bbox 1238 2730 1317 2765; x_wconf 80' lang='lat' dir='ltr'><strong>igitur</strong></span> <span class='ocrx_word' id='word_1_988' title='bbox 1336 2729 1387 2756; x_wconf 91' lang='lat' dir='ltr'><strong>hoc</strong></span> <span class='ocrx_word' id='word_1_989' title='bbox 1398 2730 1495 2756; x_wconf 88' lang='lat' dir='ltr'><strong>malum</strong></span> <span class='ocrx_word' id='word_1_990' title='bbox 1511 2729 1638 2764; x_wconf 70' lang='lat' dir='ltr'><strong>effugeris</strong></span> <span class='ocrx_word' id='word_1_991' title='bbox 1650 2730 1662 2756; x_wconf 71' lang='lat'><strong>1’</strong></span> <span class='ocrx_word' id='word_1_992' title='bbox 1675 2729 1703 2757; x_wconf 89' lang='lat' dir='ltr'><strong>Si</strong></span> <span class='ocrx_word' id='word_1_993' title='bbox 1720 2735 1807 2757; x_wconf 86' lang='lat' dir='ltr'><strong>tecum</strong></span> <span class='ocrx_word' id='word_1_994' title='bbox 1821 2735 1929 2764; x_wconf 73' lang='lat' dir='ltr'><strong>reputes</strong></span> 
     </span>
    </p>
   </div>
   <div class='ocr_carea' id='block_1_117' title="bbox 1146 2775 1928 2810">
    <p class='ocr_par' dir='ltr' id='par_1_117' title="bbox 1146 2775 1928 2810">
     <span class='ocr_line' id='line_1_117' title="bbox 1146 2775 1928 2810; baseline -0.003 -7"><span class='ocrx_word' id='word_1_995' title='bbox 1146 2783 1266 2803; x_wconf 86' lang='lat' dir='ltr'><strong>naturam</strong></span> <span class='ocrx_word' id='word_1_996' title='bbox 1281 2781 1362 2808; x_wconf 84' lang='lat' dir='ltr'><strong>tuam,</strong></span> <span class='ocrx_word' id='word_1_997' title='bbox 1377 2776 1398 2802; x_wconf 79' lang='lat' dir='ltr'><strong>si</strong></span> <span class='ocrx_word' id='word_1_998' title='bbox 1412 2780 1581 2810; x_wconf 87' lang='lat' dir='ltr'><strong>peccatorum</strong></span> <span class='ocrx_word' id='word_1_999' title='bbox 1597 2775 1793 2802; x_wconf 89' lang='lat' dir='ltr'><strong>multitudinem</strong></span> <span class='ocrx_word' id='word_1_1000' title='bbox 1810 2796 1817 2807; x_wconf 85' lang='lat'><strong>,</strong></span> <span class='ocrx_word' id='word_1_1001' title='bbox 1833 2776 1855 2802; x_wconf 90' lang='lat' dir='ltr'><strong>si</strong></span> <span class='ocrx_word' id='word_1_1002' title='bbox 1871 2784 1928 2802; x_wconf 87' lang='lat' dir='ltr'><strong>ma-</strong></span> 
     </span>
    </p>
   </div>
   <div class='ocr_carea' id='block_1_118' title="bbox 1144 2821 1929 2857">
    <p class='ocr_par' dir='ltr' id='par_1_118' title="bbox 1144 2821 1929 2857">
     <span class='ocr_line' id='line_1_118' title="bbox 1144 2821 1929 2857; baseline -0.001 -8"><span class='ocrx_word' id='word_1_1003' title='bbox 1144 2822 1308 2857; x_wconf 72' lang='lat' dir='ltr'><strong>gmtutlinem</strong></span> <span class='ocrx_word' id='word_1_1004' title='bbox 1329 2821 1514 2850; x_wconf 83' lang='lat' dir='ltr'><strong>cruciatuum:</strong></span> <span class='ocrx_word' id='word_1_1005' title='bbox 1532 2821 1553 2848; x_wconf 93' lang='lat' dir='ltr'><strong>si</strong></span> <span class='ocrx_word' id='word_1_1006' title='bbox 1578 2821 1735 2855; x_wconf 74' lang='lat' dir='ltr'><strong>cogitaveris</strong></span> <span class='ocrx_word' id='word_1_1007' title='bbox 1758 2828 1836 2856; x_wconf 83' lang='lat' dir='ltr'><strong>quam</strong></span> <span class='ocrx_word' id='word_1_1008' title='bbox 1860 2821 1929 2848; x_wconf 79' lang='lat' dir='ltr'><strong>nun</strong></span> 
     </span>
    </p>
   </div>
   <div class='ocr_carea' id='block_1_119' title="bbox 1145 2867 1931 2904">
    <p class='ocr_par' dir='ltr' id='par_1_119' title="bbox 1145 2867 1931 2904">
     <span class='ocr_line' id='line_1_119' title="bbox 1145 2867 1931 2904; baseline -0.006 -7"><span class='ocrx_word' id='word_1_1009' title='bbox 1145 2871 1197 2897; x_wconf 88' lang='lat' dir='ltr'><strong>sint</strong></span> <span class='ocrx_word' id='word_1_1010' title='bbox 1210 2876 1242 2896; x_wconf 84' lang='lat' dir='ltr'><strong>ea</strong></span> <span class='ocrx_word' id='word_1_1011' title='bbox 1256 2876 1315 2904; x_wconf 71' lang='lat' dir='ltr'><strong>qius</strong></span> <span class='ocrx_word' id='word_1_1012' title='bbox 1330 2868 1356 2896; x_wconf 90' lang='lat' dir='ltr'><strong>in</strong></span> <span class='ocrx_word' id='word_1_1013' title='bbox 1371 2869 1422 2896; x_wconf 83' lang='lat' dir='ltr'><strong>hoc</strong></span> <span class='ocrx_word' id='word_1_1014' title='bbox 1436 2868 1535 2896; x_wconf 85' lang='lat' dir='ltr'><strong>mundo</strong></span> <span class='ocrx_word' id='word_1_1015' title='bbox 1559 2867 1697 2904; x_wconf 82' lang='lat' dir='ltr'><strong>splendida</strong></span> <span class='ocrx_word' id='word_1_1016' title='bbox 1712 2867 1837 2896; x_wconf 84' lang='lat' dir='ltr'><strong>videntur</strong></span> <span class='ocrx_word' id='word_1_1017' title='bbox 1846 2872 1904 2894; x_wconf 78' lang='lat' dir='ltr'><strong>esse</strong></span> <span class='ocrx_word' id='word_1_1018' title='bbox 1921 2888 1931 2902; x_wconf 80' lang='lat'><strong>,</strong></span> 
     </span>
    </p>
   </div>
  </div>
