2044 3113
105 153 130 180 15
630 143 662 169 ΙΝ
682 140 835 169 JOAN‘XEM
856 140 881 167 ιιι

941 141 969 168 l..
991 142 1024 169 Χ.
1045 143 1081 170 al.
1103 144 1148 173 IX.
1682 153 1711 180 7|

106 213 194 244 ιιιμειιιιο
219 203 321 230 facilius
345 204 521 232 marcescunt,
542 206 623 234 quam
634 199 708 225 verni
725 198 815 225 ﬂores.
844 197 870 224 Si

106 256 143 282 has
159 253 303 284 frequenter
317 248 493 282 cogitationes
508 246 597 273 animo
611 252 751 273 versemus
761 266 767 276 ,
781 245 802 271 si
818 252 871 270 tne-

106 299 172 328 nioria
192 299 342 329 repetamus
356 301 403 321 eos
418 293 463 327 qui
486 293 510 319 in
531 291 628 319 virtute
645 291 759 318 maxime
773 291 871 317 ﬂorue-

105 348 171 374 runt,
186 349 233 368 non
247 339 324 366 facile
342 338 463 365 diabolus
474 345 524 364 nos
538 337 633 364 eﬁerre
649 337 744 371 poterit
760 356 767 368 ,
786 343 871 370 quan-

105 388 184 416 mmvis
195 385 336 412 contendat
351 404 358 415 .
386 391 472 417 neque
498 383 565 410 inire
590 383 659 409 viam
679 390 729 416 qua
745 389 792 408 nos
810 389 873 415 sup-

105 435 195 469 plantat.
212 431 279 457 Deus
293 434 383 456 autem
399 428 548 460 humilium,
562 428 690 462 benignus
703 428 746 454 ille
760 430 787 454 et
798 434 873 453 man-

924 204 1024 231 suetus,
1039 205 1065 227 et
1081 201 1155 228 vobis
1165 207 1192 229 et
1202 204 1276 230 nobis
1289 213 1335 232 cor
1348 208 1490 234 contritum
1503 211 1529 235 ct
1546 209 1710 238 hnmiliatum

925 245 1029 272 tribuat.
1054 246 1098 274 Sic
1121 248 1193 274 cnim
1217 251 1361 282 poterimus
1386 257 1482 280 emtera
1505 262 1610 289 quoque
1635 257 1712 284 facile

925 295 1064 325 prmstare,
1081 292 1112 318 ad
1124 293 1234 328 gloriam
1253 295 1355 322 Domini
1371 299 1452 325 nostri
1467 299 1529 326 .lesu
1545 301 1652 334 Christi,
1667 311 1714 337 per

924 344 1003 370 quem
1017 342 1043 364 et
1055 345 1114 364 cum
1134 347 1186 372 quo
1202 339 1272 366 Patri
1290 349 1394 376 unaque
1415 344 1524 378 Spiritui
1549 353 1640 374 saneto
1651 349 1709 383 glo-

925 382 972 414 ria,
992 382 1017 409 iu
1033 384 1126 410 sarcula
1142 385 1311 413 saeculorum.
1328 389 1424 415 Amen.

104 487 1716 510 ἐμή-Ἢ

804 517 971 548 HOMlLlA
993 519 1032 548 X.

169 596 197 623 1η
209 594 312 629 propria
325 593 400 625 renit,
415 598 437 619 et
452 593 490 618 sui
506 600 561 618 eum
578 600 627 618 non
639 595 794 624 receperunt.

131 644 152 670 ί.
171 641 235 668 Deus
248 648 294 666 nos
308 639 342 665 ad
357 640 472 665 virtutem
487 638 602 672 impellit,
627 638 708 663 illwsa
732 641 817 662 nostra
841 635 873 661 Ii-

103 691 188 716 lmrlale.
202 685 288 712 Bonus
300 685 431 719 probatur,
446 684 520 710 etiam
540 692 596 710 cum
617 682 741 717 supplicia
754 681 872 707 minatur.

104 735 173 767 Quam
195 738 314 766 generosa
338 729 478 757 Saluatoris
503 729 603 755 raritas.
624 743 660 747 —
681 727 760 757 Deus,
785 731 875 759 utpote

102 781 202 807 clemens
215 781 241 803 et
257 777 402 808 benelicns,
413 775 510 802 dilecte
524 776 544 808 ¹,
559 775 623 801 nihil
640 781 691 800 non
706 773 759 807 agit
771 777 798 799 et
811 780 875 806 ope-

103 831 172 857 ratur,
189 827 213 850 ut
228 830 279 850 nos
294 823 393 849 virtute
406 821 536 856 splendidi
551 821 652 853 simus;
669 819 738 855 quod
753 826 801 845 uos
812 819 876 845 velit

101 876 208 905 acceptos
222 869 403 905 probatosque
415 875 474 895 esse
487 875 495 900 ;
518 867 596 902 idque
610 874 661 893 non
677 866 700 892 vi
715 870 760 892 aut
776 872 873 892 neces-

101 918 177 946 sitate.
193 914 238 942 sed
258 914 383 941 suasione
405 918 432 940 et
454 912 592 940 beneﬁciis
615 912 669 938 suis
683 911 802 938 volentes
817 917 875 936 om~

101 970 141 988 nes
160 960 238 987 allicit
259 964 288 986 et
309 959 341 986 ad
364 966 393 985 se
417 957 508 985 trahit.
528 956 707 991 Quamobrem
726 955 876 982 venientem

101 1008 164 1034 illum
177 1006 219 1032 alii
235 1008 405 1039 receperunt,
430 1003 474 1030 alii
497 1010 584 1029 secus.
610 1001 716 1028 Nullum
737 1001 808 1027 enim
822 1000 878 1027 vult

100 1051 198 1078 invitum
212 1049 252 1077 vel
269 1049 428 1076 necessitate
438 1053 558 1075 coactum
574 1054 680 1074 servum
695 1045 811 1076 habere;
830 1045 877 1072 sed

100 1104 182 1123 omnes
197 1095 309 1122 libenter
324 1100 350 1122 et
364 1102 396 1121 ex
411 1093 554 1120 voluntatis
569 1092 704 1126 proposito
721 1091 822 1121 venire.
847 1097 878 1116 ac

100 1143 128 1169 de
140 1141 180 1168 tali
193 1140 322 1168 servitute
336 1140 445 1174 gratiam
460 1139 509 1173 ipsi
523 1138 632 1165 habere.
658 1137 785 1164 llomines
807 1136 877 1163 enim

101 1193 225 1214 servorum
238 1185 389 1212 ministerio
404 1192 471 1218 opus
485 1184 625 1216 habentes,
649 1183 721 1217 ipsos
732 1183 742 1198 ³
755 1182 796 1209 vel
811 1182 880 1208 invi-

100 1237 135 1259 tos
154 1231 289 1258 servitutis
304 1230 354 1264 legi
371 1229 515 1263 subjiciunt
529 1238 536 1256 ε
553 1229 624 1256 Deus
635 1233 723 1255 autem
733 1235 793 1255 cum
807 1227 879 1255 nullo

101 1278 214 1312 indigeat,
229 1277 350 1311 nullique
364 1275 527 1308 necessitati,
548 1283 599 1309 qua
615 1275 738 1301 homines
753 1280 877 1308 premun-

102 1329 147 1355 tur,
158 1324 189 1349 sit
203 1322 352 1356 subjectns,
379 1325 476 1347 noslrm
495 1320 589 1347 salutis
605 1327 686 1346 causa
704 1324 806 1346 tantum
821 1326 879 1345 om-

101 1370 136 1395 nia
148 1369 214 1400 facit,
238 1369 345 1401 hocque
362 1372 453 1394 nostro
465 1366 574 1393 arbitrio
586 1371 612 1392 et
627 1365 754 1393 voluntati
771 1365 880 1398 permit-

100 1415 126 1441 tit
141 1423 146 1440 :
161 1414 273 1447 ideoque
287 1412 438 1439 uolentibus
458 1411 557 1437 nullatn
572 1411 624 1437 vim
637 1414 681 1436 aut
695 1409 879 1436 necessitatem

100 1460 177 1486 iulcrt.
201 1458 241 1485 Ad
261 1462 384 1484 nostram
407 1447 477 1483 enim
502 1456 589 1482 solutn
610 1459 713 1489 spectat
727 1454 878 1481 utilitatem.

99 1504 155 1530 Nam
171 1503 265 1529 invitos
284 1501 317 1529 ad
332 1502 399 1528 hanc
413 1501 480 1528 trahi
496 1501 693 1531 necessitatem,
719 1499 787 1526 idem
809 1503 881 1526 esset

99 1556 126 1575 ac
139 1549 208 1575 nullo
222 1547 307 1574 tnodo
322 1548 432 1574 servire.
447 1547 500 1574 Cur
517 1554 590 1580 ergo,
606 1546 720 1580 inquies,
743 1545 817 1579 punit
834 1551 881 1570 cos

98 1595 137 1629 qui
152 1594 244 1621 nolunt
257 1594 311 1628 ipsi
324 1593 434 1627 obsequi
446 1593 457 1618 ἲ
470 1597 497 1619 et
511 1600 558 1619 cur
572 1592 720 1626 gehennam
734 1590 881 1617 commina-

98 1647 134 1667 tus
144 1645 182 1667 est
192 1641 234 1671 iis,
243 1641 290 1674 qui
304 1640 363 1673 ejus
378 1644 508 1673 prrecepta
524 1646 575 1665 non
589 1638 716 1664 audiunt?
727 1637 793 1670 Quia
802 1637 880 1663 etiam

99 1686 168 1712 nobis
180 1693 232 1712 non
247 1685 497 1720 obtemperantibus
510 1704 516 1715 ,
540 1691 661 1718 magnam
686 1683 769 1709 nostri
790 1689 880 1708 curam

98 1732 166 1765 gerit.
192 1736 285 1765 utpote
312 1730 415 1762 bonus;
439 1731 492 1757 imo
513 1730 589 1756 nobis
607 1728 789 1756 resilientibus
801 1733 827 1755 et
840 1727 881 1754 fu-

98 1778 231 1811 gicnlibus,
256 1785 311 1803 non
333 1777 462 1803 abscedit.
484 1776 550 1809 Quia
575 1777 655 1811 igitur
677 1776 791 1810 priorem
808 1774 882 1801 illam

97 1822 210 1850 beneﬁcii
233 1823 307 1849 viam
327 1822 401 1849 adire
419 1823 565 1854 noluimus,
589 1829 638 1848 nec
652 1821 769 1848 suasioni
784 1821 883 1848 beneﬁ-

97 1869 190 1902 ciisque
210 1869 346 1895 cessimus
363 1876 369 1895 :
385 1867 496 1894 alteram
518 1868 620 1894 induxit
639 1875 687 1902 per
706 1867 833 1901 supplicia
856 1870 882 1893 et

96 1915 239 1946 cruciatus;
265 1921 328 1948 quze
352 1913 522 1941 acerbissima
539 1913 645 1948 quidem
660 1918 710 1945 est,
727 1912 774 1939 sed
795 1917 882 1939 tamen

97 1960 253 1986 uecesmria.
279 1959 375 1986 Priore
389 1966 502 1994 namque
516 1963 679 1993 contempta,
696 1958 810 1985 secunda
833 1965 880 1984 ne-

94 2005 205 2031 cessario
231 2004 381 2031 inducitur.
413 2004 478 2030 Nam
498 2009 524 2030 et
542 2004 629 2039 legum
653 2004 751 2031 lateres
775 2011 883 2038 magnas

92 2056 234 2083 gravesque
250 2054 347 2076 contra
365 2053 504 2083 peccantes
518 2050 682 2076 constituunt
696 2057 786 2083 poenas
813 2058 818 2076 :
838 2057 884 2076 ne-

93 2102 141 2127 que
161 2100 251 2122 tamen
275 2095 339 2122 ideo
354 2095 412 2121 illos
426 2102 590 2128 aversantur,
607 2095 660 2121 imo
672 2095 755 2129 magis
769 2095 884 2121 honora-

94 2148 149 2166 mns
165 2141 308 2167 constituti
331 2140 451 2174 supplicii
475 2147 564 2172 causa,
587 2145 613 2166 et
629 2140 697 2174 quod
711 2140 781 2166 nulla
794 2145 882 2167 nostra

95 2193 121 2213 re
135 2187 295 2221 indigentes,
313 2186 366 2212 imo
381 2194 451 2219 saepe
463 2186 543 2213 nescii
557 2186 663 2220 quinam
677 2186 763 2220 legum
775 2193 883 2212 snarum

95 2239 141 2266 ope
159 2232 273 2266 jnvandi
298 2232 363 2264 sint,
388 2236 502 2258 attamen
518 2232 587 2259 bono
602 2232 661 2258 vitae
677 2236 774 2258 nostrze
789 2235 815 2258 et
830 2231 884 2258 rei-

96 2276 205 2310 publicze
221 2277 314 2304 ordini
332 2277 520 2311 advigil-irnnt,
532 2278 628 2304 virtute
644 2277 768 2309 prwditos
781 2277 882 2304 honore

94 2322 249 2356 allicientes,
275 2323 417 2357 improbos
436 2328 524 2350 autem
541 2326 569 2350 et
584 2327 733 2357 protervos,
758 2322 801 2357 qui
820 2323 884 2349 reli—

95 2376 203 2404 quorum
219 2370 342 2405 quietem
365 2369 481 2400 turbant,
501 2377 547 2403 per
569 2369 697 2403 supplicia
720 2373 884 2396 coercentcs.

96 2416 166 2448 Quod
180 2416 202 2442 si
218 2415 270 2442 hos
285 2415 451 2441 admiramur
469 2420 496 2441 et
516 2415 666 2450 diligimus,
692 2422 780 2441 nonne
803 2413 887 2440 multo

96 2460 174 2495 magis
186 2461 259 2488 Deus
273 2461 311 2488 ob
320 2465 420 2487 tantam
436 2460 570 2487 hominum
581 2467 671 2487 curam
682 2464 708 2486 et
719 2459 889 2486 admirandus

97 2511 122 2532 et
133 2506 267 2533 amandus
282 2505 344 2532 est?
358 2505 515 2532 Immensum
530 2506 627 2540 quippe
641 2505 782 2532 discrimen
797 2509 837 2532 est
850 2505 891 2531 in-

98 2555 134 2577 ter
145 2551 255 2578 illorum
267 2557 297 2578 et
311 2551 357 2578 Dei
374 2559 434 2585 erga
449 2558 496 2578 nos
512 2551 704 2585 providentiam
719 2559 725 2577 :
743 2550 890 2577 ineffabiles

98 2597 212 2630 proiecto
227 2601 256 2623 et
270 2603 354 2630 supra
372 2601 488 2622 mentem
501 2603 609 2622 omnem
623 2599 685 2622 sunt
698 2595 796 2622 divitia:
812 2595 890 2622 boni-

98 2642 155 2667 tatis
169 2641 253 2668 illius.
271 2640 327 2668 Hic
340 2641 457 2668 animum
472 2641 578 2668 adhibe.
593 2640 626 2667 1n
638 2640 741 2675 propria
752 2640 827 2673 venit,
838 2647 892 2668 non

98 2688 265 2714 necessitatis
279 2694 340 2714 sua:
353 2694 433 2714 causa
458 2687 467 2721 (
482 2687 553 2714 Deus
568 2687 675 2722 quippe,
693 2691 721 2713 ιιι
736 2686 801 2719 dixi,
820 2686 892 2713 nullo

97 2732 225 2768 indiget),
241 2733 292 2760 sed
306 2733 341 2760 ad
355 2732 480 2760 beneﬁcia
496 2733 552 2760 suis
565 2733 723 2768 praestanda.
742 2733 793 2761 Sed
810 2741 894 2768 neque

126 2800 133 2815 ¹
151 2800 223 2824 Savil.
238 2799 266 2823 in
284 2799 400 2829 margine
410 2799 493 2830 habet,
505 2798 594 2825 dilecti.

127 2830 136 2844 ¹
154 2830 221 2854 Idem
231 2829 309 2861 legit,
320 2829 415 2855 nothos.

931 591 970 617 sic
985 591 1019 618 illi
1033 593 1077 626 qui
1091 594 1129 620 sui
1142 600 1227 628 erant,
1246 596 1270 622 in
1286 598 1391 632 propria
1407 607 1453 633 pro
1472 600 1588 634 ipsorum
1606 604 1717 632 utilitate

928 637 1089 684 venientem,
1108 646 1264 674 receperunt
1277 650 1336 669 eum
1349 652 1355 669 :
1373 644 1426 670 itno
1446 646 1599 680 repulerunt
1613 658 1619 676 :
1632 657 1718 684 neque

930 682 979 709 hoc
991 685 1054 710 satis
1068 685 1130 719 ipsis
1146 686 1203 718 fuit,
1218 687 1263 715 sed
1279 694 1352 716 extra
1365 691 1469 718 vincam
1485 692 1598 727 ejcctum
1615 682 1719 723 occide-

931 733 994 755 rttnt
1007 729 1115 762 (ΜαιιΙι.
1130 731 1175 759 2|.
1190 733 1245 766 59).
1261 733 1351 769 Neque
1365 740 1451 763 tamen
1468 738 1505 765 sic
1522 739 1593 773 ipsos
1607 748 1620 766 a
1635 742 1720 774 [ueni-

930 775 1010 800 tentia
1027 776 1148 807 exclusit.
1165 778 1211 805 sed
1227 781 1360 807 concessit
1376 781 1428 808 illis
1443 787 1481 815 ιιι,
1494 784 1514 810 si
1534 790 1592 818 post.
1616 790 1716 814 tantum

931 818 1031 846 facintts
1052 822 1153 848 scelera
1170 831 1217 850 sua
1231 825 1340 853 abluere
1357 827 1456 854 vcllcnt
1471 836 1517 862 per
1532 830 1610 857 ﬁdem
1629 831 1653 858 iu
1678 833 1717 867 ip-

930 870 998 895 sum,
1023 865 1054 891 iis
1072 866 1115 900 qui
1133 867 1197 894 nihil
1210 869 1261 895 tale
1273 870 1454 904 admisiSsent,
1479 875 1530 900 imo
1551 865 1719 904 amicissimis

930 908 978 935 sibi
1004 917 1080 943 pares
1101 911 1196 938 forent.
1224 914 1299 948 Quod
1314 921 1401 944 autem
1417 926 1468 944 non
1484 920 1568 953 gratis
1582 922 1622 947 vel
1638 923 1718 949 animi

930 961 1009 981 causa
1026 956 1049 981 id
1065 956 1160 987 dicam.
1179 958 1235 986 haec
1247 960 1317 987 clara
1334 969 1397 989 voce
1413 964 1589 992 testificantur
1603 967 1645 993 illa
1660 975 1717 994 om-

930 999 973 1026 nia
986 1008 1044 1034 qna:
1057 1002 1134 1029 beato
1147 1003 1227 1031 l’aulo
1241 1006 1409 1040 contigerunt.
1424 1017 1429 1034 :
1442 1010 1485 1042 qui
1497 1015 1634 1045 postquam
1647 1013 1721 1039 Chri-

933 1050 1002 1072 stum
1018 1052 1076 1078 post
1091 1048 1148 1081 ejus
1164 1054 1275 1077 mortem
1295 1058 1470 1087 persequutus
1489 1055 1583 1089 fuerat,
1608 1057 1720 1093 ejusque

932 1097 1073 1127 martyrem
1102 1094 1266 1128 Stephanum
1296 1099 1438 1126 multorum
1466 1102 1588 1130 manibus
1616 1103 1716 1137 lapida-

932 1142 1005 1183 verat
1022 1138 1075 1173 (η),
1100 1140 1158 1173 quia
1181 1142 1361 1175 paenitentiam
1389 1145 1452 1178 egit.
1469 1151 1494 1172 et
1521 1152 1608 1174 errata
1632 1150 1719 1183 priora

932 1182 1076 1215 damnavit,
1101 1189 1179 1219 atque
1202 1186 1233 1213 ad
1259 1195 1318 1213 eum
1338 1196 1416 1223 quem
1442 1197 1619 1226 persequutus
1634 1182 1720 1220 fuerat

934 1227 1054 1260 protinus
1067 1231 1190 1262 accessit,
1205 1232 1294 1257 statim
1311 1232 1380 1259 inter
1392 1235 1501 1265 amicos,
1514 1240 1538 1262 el
1551 1237 1658 1270 quidem
1674 1239 1722 1271 pri-

934 1272 1032 1299 marius
1055 1273 1174 1300 adtectus
1197 1281 1237 1303 est
1258 1284 1271 1302 a
1295 1277 1400 1303 Christo
1413 1279 1457 1312 qui
1474 1279 1559 1313 ipsum
1573 1290 1722 1315 przrconcm

935 1318 1068 1352 totiusque
1084 1319 1156 1346 orbis
1170 1320 1306 1348 doctorem
1330 1324 1485 1356 Constituit;
1507 1326 1552 1360 qui
1571 1327 1642 1360 prius
1665 1328 1722 1355 bla-

933 1362 1072 1396 sphemus,
1089 1370 1264 1399 pcrscquntor
1277 1371 1303 1393 et
1317 1369 1524 1396 contumeliosus
1539 1370 1637 1398 fuerat:
1656 1378 1682 1398 ut
1697 1379 1724 1400 et

935 1408 990 1441 ipse
1004 1408 1036 1435 de
1052 1410 1096 1435 Dei
1115 1410 1277 1444 benignitate
1297 1413 1444 1445 exsultans,
1462 1416 1519 1442 sine
1534 1417 1632 1444 rubore
1647 1419 1722 1444 testi-

935 1451 1027 1479 ficatus
1042 1458 1092 1480 est.
1110 1454 1165 1481 lmo
1181 1460 1206 1481 et
1223 1456 1279 1490 ipse
1290 1458 1376 1492 priora
1390 1459 1505 1486 facinora
1521 1469 1566 1487 sua
1583 1462 1606 1488 in
1619 1464 1724 1496 scriptis

935 1498 990 1524 Sllls
1004 1499 1078 1532 quasi
1094 1498 1119 1525 in
1133 1500 1209 1533 cippo
1221 1506 1337 1531 exarata,
1353 1504 1474 1530 orantibus
1488 1505 1631 1533 declaravit
1648 1516 1653 1533 z
1669 1515 1724 1533 me-

936 1541 986 1567 lius
1007 1547 1102 1576 putnns
1127 1542 1193 1574 fore,
1220 1544 1242 1570 si
1265 1545 1338 1578 prior
1353 1547 1402 1572 vita
1420 1555 1466 1574 sua
1482 1549 1549 1581 aptul
1565 1558 1657 1578 omnes
1672 1557 1725 1578 tra-

936 1585 1085 1619 duceretur,
1104 1593 1131 1614 ttt
1144 1587 1226 1615 divini
1242 1588 1305 1616 doni
1319 1592 1471 1625 magnitudo
1483 1593 1632 1628 effulgeret,
1644 1603 1722 1630 quam

936 1631 957 1657 si
973 1631 1039 1665 ipse,
1053 1639 1086 1658 nc
1098 1637 1183 1659 errata
1196 1641 1242 1660 sua
1257 1636 1381 1662 omnibus
1395 1637 1552 1671 declararet,
1565 1639 1723 1668 ineffabilem

938 1675 983 1702 Dei
998 1675 1186 1710 benignitatem
1201 1679 1349 1713 obtegeret.
1374 1680 1526 1715 Propterea,
1542 1686 1726 1719 persequutio-

937 1727 993 1752 nes,
1017 1721 1135 1755 insidias,
1157 1723 1227 1750 bella
1242 1729 1333 1751 contra
1348 1725 1493 1753 Ecclesiam
1518 1729 1632 1756 excitata
1654 1738 1726 1765 saepe

937 1767 1032 1801 smpius
1046 1774 1246 1801 commemorat,
1265 1771 1344 1798 modo
1358 1771 1469 1799 dicens:
1488 1773 1548 1801 Non
1567 1783 1622 1802 sum
1635 1777 1726 1812 dignus

937 1813 1019 1839 vocari
1034 1814 1171 1847 apexlolus,
1188 1815 1246 1849 quia
1262 1823 1423 1852 persequutus
1440 1827 1495 1845 sum
1518 1819 1657 1848 Ecclesium
1678 1822 1726 1849 Dei

939 1857 975 1891 (1.
992 1857 1048 1884 Cor.
1063 1859 1105 1886 ‘15.
1122 1858 1149 1892 9)
1162 1868 1169 1892 ;
1196 1861 1274 1887 modo
1289 1867 1387 1895 atttem,
1409 1862 1481 1890 Venit
1495 1864 1571 1892 Jews
1584 1872 1726 1900 peccatores

938 1903 1019 1929 salvas
1032 1903 1123 1937 facere,
1137 1913 1242 1939 quorum
1259 1907 1353 1940 primus
1368 1916 1413 1943 ego
1427 1917 1480 1935 sum
1498 1910 1535 1942 (l.
1548 1910 1613 1938 Tim.
1624 1913 1648 1938 l.
1664 1913 1724 1947 15);

939 1954 970 1974 ac
984 1955 1102 1981 rursum,
1131 1949 1244 1978 Audistis
1263 1954 1473 1980 conservationem
1489 1964 1568 1982 meum
1589 1957 1727 1993 aliquando

940 1993 965 2018 in
983 1993 1122 2027 judm'smo,
1144 1996 1262 2028 quoniam
1284 2005 1361 2031 supra
1383 1999 1483 2025 modum
1498 2003 1661 2035 persequebar
1675 2002 1726 2030 Ec-

941 2039 1042 2065 clesium
1057 2039 1114 2072 Dei,
1130 2046 1151 2066 et
1165 2043 1339 2077 expugnabat):
1354 2044 1425 2071 illam
1443 2045 1512 2080 (Cal.
1527 2047 1550 2073 l.
1565 2048 1617 2081 15).

975 2085 1002 2111 ‘2.
1023 2085 1101 2112 Velut
1125 2087 1196 2113 enim
1218 2089 1358 2122 quamdam
1380 2091 1463 2118 vicem
1485 2092 1590 2120 Christo
1612 2095 1727 2122 reddens

943 2131 978 2158 ob
994 2132 1147 2165 patientiam
1162 2141 1240 2167 quam
1256 2142 1346 2161 secum
1360 2137 1526 2171 exhibuerat,
1551 2144 1578 2165 ut
1601 2141 1727 2168 ostende-

942 2183 982 2204 ret
1001 2178 1116 2212 qnalem,
1140 2183 1166 2205 et
1185 2180 1317 2212 quomodo
1338 2181 1439 2208 hostem
1456 2188 1479 2209 et
1493 2183 1627 2212 inimictnn
1642 2186 1728 2214 salute

944 2224 1070 2251 donasset
1084 2232 1091 2251 :
1106 2225 1143 2251 sic
1158 2225 1240 2252 libere
1252 2226 1347 2253 bellum
1363 2227 1426 2254 illud
1442 2229 1576 2263 praedicat,
1588 2239 1640 2265 quo
1651 2232 1727 2259 Chri-

949 2275 1018 2297 stum
1039 2271 1064 2296 in
1080 2271 1210 2305 principio
1224 2271 1348 2299 ardenter
1363 2273 1541 2309 impugnabat.
1567 2277 1632 2304 llinc
1643 2283 1730 2305 autem

947 2315 1148 2350 desperantibus
1161 2323 1234 2350 spem
1250 2317 1345 2344 bonam
1361 2319 1436 2345 indit.
1457 2320 1519 2346 Nam
1536 2322 1571 2348 ait
1586 2322 1645 2349 ideo
1656 2323 1723 2350 Chri-

952 2365 1020 2388 stum
1045 2369 1073 2388 sc
1097 2362 1297 2396 resipiscentem
1318 2364 1466 2396 admisisse.
1492 2371 1519 2393 ut
1545 2368 1570 2394 in
1595 2376 1625 2395 se
1645 2370 1731 2403 primo

949 2406 1101 2434 ostenderet.
1121 2414 1226 2434 omnem
1243 2409 1407 2442 patientiam,
1431 2416 1456 2437 et
1469 2412 1612 2441 immensas
1625 2414 1729 2441 benila-

947 2452 979 2478 tis
1006 2459 1061 2479 sua:
1081 2452 1196 2485 divitias,
1219 2453 1244 2479 in
1262 2455 1414 2486 exemplum
1432 2464 1522 2483 eorum
1542 2459 1585 2492 qtti
1601 2465 1691 2493 postea
1706 2461 1731 2487 itt

947 2497 1031 2532 ipsum
1046 2497 1172 2525 credituri
1196 2503 1271 2525 erant
1292 2499 1317 2525 in
1340 2501 1419 2526 vitam
1441 2506 1578 2530 :cteruam.
1603 2504 1729 2532 Graviora

947 2544 1044 2578 quippe
1059 2544 1092 2571 ab
1110 2544 1174 2579 ipsis
1193 2545 1307 2572 admissa
1324 2545 1429 2573 fuerant
1440 2569 1446 2580 ,
1463 2557 1539 2582 quam
1556 2559 1613 2583 quur
1629 2552 1732 2578 veniam

947 2594 1129 2621 mererentur;
1141 2598 1200 2624 qua:
1214 2590 1353 2618 declarans
1368 2594 1528 2627 evangelista
1545 2595 1648 2622 diccbat
1673 2605 1680 2623 :
1702 2596 1734 2624 In

947 2636 1049 2671 propria
1069 2636 1143 2667 venit,
1167 2641 1189 2662 et
1202 2637 1240 2662 sui
1256 2645 1312 2663 eum
1325 2646 1375 2663 non
1388 2646 1542 2673 receperunt.
1568 2640 1642 2667 Unde
1664 2643 1735 2669 venit

948 2681 972 2708 is
985 2681 1029 2716 qui
1044 2682 1133 2708 omnia
1146 2681 1250 2716 implet,
1271 2683 1314 2716 qui
1330 2683 1427 2717 ubique
1442 2692 1559 2718 przcsens
1578 2687 1635 2713 est?
1657 2697 1733 2722 quem

948 2727 1035 2754 locum
1060 2727 1175 2761 reliquit,
1201 2727 1246 2761 qui
1270 2728 1359 2754 omnia
1373 2736 1453 2755 manu
1470 2734 1541 2756 tenet
1555 2736 1581 2758 et
1594 2734 1713 2760 continet
1727 2734 1734 2759 Ρ

947 2823 964 2833 ,Α
981 2798 1017 2829 (a)
1034 2796 1119 2822 Paulus
1139 2795 1267 2833 multorum
1288 2796 1399 2833 manibus
1416 2799 1561 2829 Stephanum
1579 2800 1734 2832 lapidaverat,

949 2830 1007 2855 dum
1019 2834 1103 2853 eorum
1115 2830 1258 2853 vestimenta
1271 2832 1390 2852 servaret.
