2040 3113
295 167 329 195 75
647 156 674 184 S.
695 152 834 182 JOANNIS
851 144 1088 178 CHRYSOSTOMI
1108 143 1266 171 ARCHIEP.
1286 141 1553 171 CONSTANTINOP.
1889 145 1921 172 το

296 227 394 255 Locum
419 220 523 257 quidem
549 215 648 244 nullum
673 212 790 247 reliquit.
818 207 969 246 (quomodo
991 206 1082 240 posset

294 268 406 303 enim?)
428 250 478 294 suo
497 267 585 290 autem
608 260 640 287 ad
663 265 712 286 nos
731 255 860 285 desceiisn
881 254 906 281 id
927 251 999 279 fecit.
1015 250 1080 283 Quia

297 317 367 344 enim
385 314 410 340 in
427 309 526 338 mundo
541 314 601 335 cum
619 308 702 336 esset,
729 311 781 330 non
802 300 941 328 videbatur
966 297 1061 324 adesse
1074 315 1081 327 ,

298 359 367 396 quod
391 355 507 384 nondum
530 353 736 387 cognosceretur
751 357 758 381 ;
781 351 871 382 postea
885 351 950 370 vero
963 342 1080 376 seipsum

297 390 424 435 ostendit,
440 409 500 428 cum
517 404 635 426 nostram
651 395 762 424 induere
774 399 881 420 carnem
893 390 1015 424 dignatus
1027 390 1082 414 est:

298 451 366 478 hanc
381 444 623 475 manifestationem
638 445 664 469 et
677 441 846 468 descensum.
870 436 1013 463 adventum
1035 439 1084 466 ap-

297 495 389 530 pellat.
406 493 502 521 Mirum
520 494 561 518 est
575 487 733 522 discipulum
749 493 801 512 non
817 482 975 511 erubescere
989 479 1023 506 de
1034 485 1086 504 ina-

297 525 373 579 gistri
387 537 559 569 contumelia,
573 535 620 562 sed
635 541 694 561 eam
708 532 791 566 ipsam
802 527 990 557 contumeliam
1002 525 1086 552 ﬁden-

298 572 340 614 ἴεν
355 585 439 613 literis
453 582 589 610 mandare.
615 580 642 606 ld
664 584 729 605 vero
749 583 801 602 non
818 581 910 609 parum
922 572 1087 600 demonstrat

298 639 377 667 qnam
392 636 484 656 amans
498 625 619 654 veritatis
631 627 712 651 esset.
727 620 850 655 Alioquin
863 622 952 645 autem
964 617 998 649 is,
1007 621 1086 650 quem

300 680 380 714 pudet
399 675 614 705 conviciantium,
638 680 690 699 non
715 669 797 706 pudet
818 668 886 703 ejus,
903 666 948 702 qui
960 663 1087 692 conviciis

301 730 430 752 oneratus
443 727 492 748 est.
509 720 557 748 Hic
568 719 666 755 quippe
677 717 728 744 hac
741 715 844 744 ratione
857 713 954 742 clarior
968 711 1025 742 fuit,
1041 710 1086 744 qui

301 776 362 806 post
392 767 582 796 contumeliam
609 762 864 792 contumeliosorum
896 756 1087 794 providentiam

301 816 383 852 gessit
399 824 406 842 :
421 814 458 841 illi
471 820 535 840 vero
551 811 646 846 ingrati
662 813 690 836 et
705 807 811 836 scelesti
833 805 903 840 apud
925 809 1018 831 omnes
1040 800 1088 827 visi

302 867 373 894 Sunt,
389 860 433 895 qui
453 866 525 892 cum,
538 845 588 892 qui
598 860 637 883 tot
650 855 719 882 bona
732 854 861 880 allaturus
879 853 998 878 verterat,
1014 845 1089 882 quasi

303 908 441 935 inimicum
455 910 482 931 et
496 904 600 930 hostem
615 900 785 935 expulerunt.
806 896 896 931 Neque
921 892 984 921 illud
1005 899 1090 919 nocu-

303 952 384 980 menti
409 953 510 977 tantum
535 949 706 981 acceperunt,
734 942 779 969 sed
801 941 881 968 etiam
901 938 972 974 quod
991 944 1022 965 ea
1037 943 1090 963 non

303 996 477 1027 obtinuerint,
502 1001 561 1028 qua:
585 988 743 1024 consequuti
762 991 824 1014 sunt
844 985 861 1013 ii
884 985 927 1020 qui
945 985 1029 1018 ipsum
1045 990 1091 1009 ac-

303 1046 441 1078 ceperunt.
466 1041 593 1073 Quantam
615 1037 640 1063 hi
665 1033 822 1068 consequuti
845 1029 985 1058 sunt?12.
1010 1029 1091 1062 Quot-

306 1094 366 1123 quot
378 1092 461 1115 autem
476 1088 620 1119 receperunt
634 1090 689 1109 eum
700 1102 708 1115 ,
735 1079 804 1106 dedit
817 1079 851 1105 eis
867 1081 1013 1112 po!estatem
1027 1074 1093 1109 ﬁlios

306 1135 353 1161 Dei
367 1133 432 1168 ﬁeri,
448 1131 542 1166 inquit.
557 1130 610 1157 Cur
626 1135 678 1155 non
695 1133 788 1154 narras
800 1124 887 1155 nobis,
905 1131 921 1149 ο
935 1123 1020 1153 beate,
1048 1129 1094 1148 eoo

305 1188 363 1207 rum
379 1178 550 1212 supplicium,
572 1175 616 1210 qui
630 1181 683 1201 non
697 1174 856 1206 receperunt
870 1169 942 1196 illum
957 1175 965 1200 ;
988 1167 1035 1194 sed
1049 1173 1094 1193 eos

305 1227 372 1253 dicis
386 1231 448 1251 suos
461 1223 551 1254 fuisse,
568 1225 595 1248 et
620 1221 646 1247 in
662 1218 768 1254 propria
780 1217 930 1244 venientem
953 1221 1006 1240 non
1020 1219 1096 1238 rece-

308 1272 398 1306 pi<se;
421 1274 448 1297 et
467 1268 531 1303 quid
554 1267 603 1293 hac
620 1265 653 1292 de
668 1271 748 1292 causa
762 1261 877 1298 passuri,
898 1259 1022 1294 quodque
1032 1264 1095 1292 sup-

308 1302 415 1351 plicium
429 1302 538 1342 subituri
555 1313 609 1338 sint
623 1318 676 1338 non
689 1307 832 1343 adiecisti?
846 1305 927 1340 Atqui
941 1305 1024 1338 magis
1037 1302 1097 1330 illos

309 1364 344 1390 ita
365 1361 516 1392 terruisscs,
540 1363 567 1386 et
589 1366 636 1392 per
659 1354 893 1384 comminationem
917 1351 999 1383 illam,
1020 1356 1095 1376 arro-

310 1409 406 1444 gantia:
426 1406 549 1433 duritiem
574 1402 762 1431 emollivisses.
786 1398 839 1426 Cur
851 1404 915 1432 ergo
929 1396 955 1423 id
969 1394 1072 1422 tacuisti
1086 1394 1098 1419 Τ

311 1437 430 1488 ἱίείιιιοιι,
447 1451 558 1485 inquiet,
582 1448 669 1482 majus
684 1447 734 1473 hoc
746 1442 877 1478 supplicio
891 1441 978 1471 fuerit,
993 1437 1099 1474 quando

313 1484 443 1535 potestate
458 1484 523 1530 ipsis
533 1495 593 1522 dala
608 1497 637 1520 ιιι
652 1492 698 1518 ﬁlii
713 1491 758 1517 Dei
773 1489 876 1519 ﬁerent,
901 1487 950 1520 ipsi
970 1484 1027 1512 ﬁeri
1049 1491 1099 1510 no-

314 1547 397 1576 luere,
420 1543 467 1572 sed
483 1546 555 1569 tanta
569 1547 599 1567 se
614 1537 762 1567 nobilitate.
789 1539 862 1561 tanto
876 1541 905 1559 se
929 1531 1031 1558 honore
1053 1536 1100 1556 sua

313 1594 408 1625 sponte
431 1585 586 1622 privarunt?
610 1583 708 1611 Verum
725 1589 778 1608 non
792 1579 843 1607 hoc
856 1581 957 1606 tantum
971 1573 1102 1610 supplicio

312 1635 474 1665 afficientur,
488 1631 558 1665 quod
571 1630 621 1656 hoc
634 1628 732 1654 bonum
747 1633 800 1652 non
810 1623 960 1657 acceperint
972 1629 980 1652 ς
996 1620 1042 1646 sed
1055 1625 1102 1645 eos

313 1683 394 1710 etiam
410 1675 635 1711 inexstiiiguibilis
649 1673 718 1708 ignis
737 1670 862 1705 excipiet,
886 1667 912 1694 id
927 1665 997 1701 quod
1011 1668 1102 1699 postea

315 1727 411 1754 clarius
424 1723 537 1759 aperuit.
551 1720 660 1749 Interim
673 1726 736 1746 vero
750 1715 890 1744 ineffabilia
905 1714 972 1740 bona
985 1714 1101 1743 enarrat,

316 1773 392 1808 queis
413 1756 530 1797 donandi
555 1770 617 1793 sunt
637 1764 672 1791 illi
694 1763 738 1798 qui
755 1769 816 1788 eum
831 1761 1010 1793 receperunt;
1025 1756 1104 1790 idque

318 1806 391 1844 lircvi
406 1815 508 1850 profert
521 1813 562 1839 his
576 1811 641 1845 ipsis
655 1809 744 1835 verbis
762 1816 769 1834 :
785 1806 912 1839 Quotquot
934 1807 1016 1829 autem
1036 1809 1106 1828 rece-

318 1848 488 1898 perunt-eum,
510 1858 578 1885 dedit
593 1857 628 1883 eis
648 1859 794 1891 potestatem
808 1853 874 1886 ﬁlios
890 1851 936 1878 Dei
950 1849 1015 1884 ﬁeri.
1042 1848 1105 1875 Sive

317 1909 387 1936 servi
403 1908 459 1934 sive
475 1905 560 1935 liberi,
578 1905 634 1930 sive
648 1902 732 1929 Grtt‘ei
754 1900 809 1926 sive
832 1898 948 1926 barbari.
974 1895 1014 1922 vel
1039 1894 1105 1929 Sey.

319 1955 382 1985 thm.
411 1953 472 1979 sive.
490 1950 645 1984 insipientes
670 1947 727 1974 sive
752 1944 898 1979 sapientes,
916 1943 973 1969 sive
987 1941 1035 1967 viri
1050 1941 1106 1967 sive

320 2000 456 2031 mulieres,
475 1997 530 2024 sive
552 1995 625 2030 pueri
641 1994 697 2020 sive
711 1993 842 2022 seniores,
866 1990 921 2015 sive
934 1987 1036 2014 nobiles
1049 1986 1107 2012 sive

321 2045 460 2081 ignobiles,
487 2043 547 2070 sive
562 2041 658 2068 divites
672 2039 728 2066 sive
742 2042 882 2072 pauperes,
906 2035 961 2062 sive
975 2032 1107 2068 principes

324 2094 380 2119 sive
392 2089 496 2126 privati,
513 2088 611 2122 inquit,
625 2086 720 2113 eodem
734 2090 827 2110 omnes
840 2082 981 2116 dignantur
994 2079 1106 2106 honore.

322 2125 400 2165 Fides
413 2137 484 2164 enim
498 2139 524 2161 et
535 2134 648 2167 Spiritus
659 2131 753 2166 gratia,
778 2127 960 2156 conditionum
980 2125 1109 2152 humana-

322 2192 379 2210 I‘Illll
396 2180 602 2216 intequalitatem
618 2177 724 2206 tollens,
751 2175 777 2201 in
802 2181 882 2201 unam
906 2178 1000 2199 omnes
1014 2169 1110 2203 redigit

325 2213 492 2259 formam,'et
507 2231 559 2251 uno
578 2223 650 2257 regio
664 2221 819 2248 charactere
844 2221 930 2244 notat.
959 2214 1028 2248 Quid
1049 2213 1111 2240 huic

324 2271 479 2308 benignitati
503 2277 549 2304 par
568 2267 669 2295 fuerit?
682 2266 738 2292 ilex
760 2263 869 2298 quidem
888 2269 919 2288 ex
943 2260 1037 2288 eodem
1058 2265 1111 2292 quo

326 2328 376 2347 nos
391 2319 446 2345 luto
462 2317 602 2345 formatus,
634 2317 778 2339 conservos
794 2315 857 2335 suos
870 2307 914 2342 qui
926 2305 1047 2334 eamdem
1062 2312 1111 2331 na—
1136 2324 1139 2325 ν

328 2371 414 2393 turam
430 2361 598 2398 participant.
612 2366 644 2384 ac
658 2364 729 2390 sa'pe
748 2353 901 2381 melioribus
916 2351 1041 2388 pra'ditos
1057 2357 1112 2376 mo-

328 2412 413 2442 ribus,
430 2417 483 2436 non
497 2407 620 2441 dignatur
633 2404 658 2430 in
673 2401 819 2429 exercitum
835 2399 935 2433 regium
950 2396 1111 2428 adscribere,

328 2459 349 2485 si
364 2456 434 2484 servi
455 2453 562 2488 quidem
586 2451 623 2478 illi
646 2449 763 2479 fuerint;
787 2445 936 2481 unigenitus
957 2448 1043 2471 autem
1067 2442 1114 2469 Dei

330 2502 413 2529 Filius
436 2498 592 2535 publicanos
615 2503 667 2522 non
692 2493 860 2527 dedignatur,
885 2497 986 2524 magos,
1011 2495 1114 2520 servos,

328 2548 502 2580 omniumque
524 2541 730 2578 ignobilissimos
746 2540 754 2555 ¹
767 2559 774 2571 ,
793 2537 890 2564 multos
911 2536 990 2563 etiam
1004 2540 1117 2568 corpore

331 2592 449 2622 mutilos,
462 2590 504 2617 vel
518 2595 611 2623 magna
627 2585 738 2614 allectos
751 2584 819 2614 labe,
843 2583 868 2609 in
891 2581 1006 2608 ﬁliorum
1024 2586 1118 2606 nume-

333 2647 391 2666 rum
407 2636 568 2664 adscribere.
592 2633 676 2661 Tanta
693 2635 733 2659 est
747 2629 807 2657 ﬁdei
824 2629 850 2656 in
863 2627 1000 2656 Christum
1015 2625 1116 2657 virtus;

332 2689 403 2712 tanta
431 2683 524 2718 gratia:
547 2679 713 2715 magnitudo.
745 2678 782 2704 Ac
802 2672 1028 2710 quemadmodum
1049 2670 1119 2706 ignis

333 2716 444 2760 natura,—
464 2728 486 2755 si
510 2726 678 2754 metallorum
704 2728 802 2751 terram
826 2720 953 2755 attigerit,
976 2718 1047 2745 illam
1066 2716 1120 2743 cito

333 2784 425 2805 aurum
441 2774 544 2805 reddit;
562 2773 609 2805 sic,
628 2772 681 2798 imo
693 2771 770 2804 longe
785 2767 881 2802 magis,
896 2764 1039 2799 baptisma,
1055 2768 1121 2796 quos

334 2823 425 2851 abluit.
451 2827 547 2847 aureos
565 2826 599 2845 ex
622 2817 700 2844 luteis
723 2814 820 2846 reddit,
843 2811 942 2846 Spiritu
957 2808 1023 2844 ignis
1039 2808 1122 2835 instar

366 2872 372 2886 '
392 2867 462 2894 savii.
474 2867 547 2896 addit,
557 2869 580 2891 et
591 2862 765 2896 pmtpern'mos.

1138 201 1183 228 illo
1200 205 1318 235 tempore
1341 200 1366 226 in
1389 198 1491 226 animas
1505 202 1611 225 nostras
1631 194 1773 228 incidente,
1801 199 1829 222 et
1853 194 1922 221 lutea

1134 252 1270 282 assumpta
1293 246 1417 281 imagine,
1444 245 1578 272 caelestem
1599 250 1694 270 novam
1716 247 1743 269 et
1758 241 1924 276 splendidam

1136 294 1290 329 imaginem,
1317 293 1392 328 quasi
1414 299 1446 319 ex
1473 291 1619 318 conflatura
1645 288 1830 323 splendentem
1857 286 1925 314 refe-

1137 345 1222 367 rente.
1236 340 1269 367 Et
1284 347 1333 366 cur
1348 345 1400 365 non
1423 338 1500 369 dixit,
1523 337 1596 364 Fecit
1612 335 1670 362 illos
1691 335 1759 361 ﬁlios
1774 334 1820 361 Dei
1834 342 1841 366 ;
1866 333 1924 365 sed,

1137 385 1211 413 Dedit
1226 385 1277 412 illis
1297 388 1444 420 potestatem
1465 383 1532 418 ﬁlios
1552 381 1600 408 Dei
1614 380 1693 415 fieri!
1716 379 1753 408 Ut
1773 378 1926 406 ostenderet

1137 431 1220 459 mttlta
1235 431 1310 458 nobis
1325 437 1396 465 opus
1415 436 1475 457 esse
1488 428 1634 462 diligentia,
1649 431 1676 453 ιιι
1694 425 1847 460 adoptionis
1861 425 1928 451 ima-

1137 478 1225 513 ginem
1246 477 1271 503 in
1285 476 1444 510 baptismate
1457 474 1534 501 nobis
1547 473 1717 507 impressam,
1730 469 1926 497 immaculatam

1138 530 1244 557 semper
1258 526 1285 549 et
1298 523 1424 548 intactam
1440 525 1579 547 servemus
1593 525 1600 550 ;
1617 516 1751 551 simulque
1766 515 1926 548 declararet,

1139 569 1207 595 hanc
1222 571 1378 603 potestatem
1395 574 1409 592 a
1425 565 1531 592 nemine
1543 563 1619 590 uoltis
1641 561 1740 589 auferri
1762 569 1851 596 posse.
1878 562 1928 588 nisi

1140 615 1211 650 prius
1224 614 1273 648 ipsi
1290 613 1360 640 illam
1372 612 1449 639 nobis
1463 610 1662 637 abstnlerimus.
1677 608 1704 635 Si
1720 607 1791 635 enim
1806 607 1822 633 ii
1836 607 1881 642 qui
1896 607 1929 633 ab

1140 660 1291 688 hominibus
1307 659 1493 685 auctoritatem
1515 655 1657 691 quamdam
1671 658 1845 688 acceperunt,
1870 657 1929 680 tan-

1141 711 1195 733 ttnn
1221 705 1292 732 illam
1320 704 1375 732 fere
1404 706 1525 732 servant,
1551 705 1678 735 quantum
1706 699 1751 734 qui
1776 698 1927 729 dederunt;

1141 751 1225 778 multo
1242 749 1326 784 magis
1350 756 1398 776 nos
1419 748 1463 782 qui
1479 755 1493 774 a
1511 747 1565 773 Deo
1580 745 1651 772 hunc
1665 743 1823 778 consequuti
1839 750 1931 770 sumus

1142 795 1282 824 honorem,
1299 794 1321 820 si
1338 793 1404 820 nihil
1416 792 1465 819 hac
1479 791 1614 826 indignum
1631 793 1764 824 potestate
1779 788 1930 820 fecerimus,

1141 841 1261 868 omnium
1276 838 1452 874 potentissimi
1468 837 1579 868 erimus,
1604 843 1636 862 eo
1651 834 1721 870 quod
1735 834 1853 861 omnium
1875 840 1931 859 ma-

1143 887 1232 914 ximus
1253 886 1422 920 optimusque
1442 884 1478 910 sit
1502 883 1535 914 is,
1560 881 1605 917 qui
1633 888 1682 908 nos
1704 879 1872 916 hoe‘honore
1890 879 1932 906 di-

1142 937 1237 967 gnatus
1251 936 1302 958 est.
1318 930 1401 958 Simul
1415 933 1505 956 autem
1518 928 1575 955 vult
1587 927 1735 957 declarare,
1750 925 1863 960 gratiam
1880 931 1931 950 non

1143 979 1170 1005 in
1185 976 1330 1012 quemlibet
1349 979 1452 1002 temere
1475 972 1587 1004 infundi,
1603 971 1650 998 sed
1674 971 1700 997 in
1716 977 1763 997 eos
1778 970 1823 1005 qui
1837 969 1932 996 volun-

1145 1024 1206 1051 tatis
1221 1021 1384 1057 propositum
1398 1024 1425 1047 et
1437 1018 1600 1053 diligentiam
1616 1016 1744 1044 adhibent
1760 1024 1767 1042 :
1789 1015 1815 1042 in
1839 1014 1932 1041 horum

1145 1068 1217 1095 enim
1240 1071 1373 1102 potestate
1399 1066 1479 1092 situm
1507 1067 1597 1090 estut
1624 1062 1668 1088 ﬁlii
1700 1061 1746 1088 Dei
1781 1061 1855 1086 ﬂant.
1879 1058 1934 1086 Nisi

1145 1114 1216 1141 enim
1234 1113 1378 1144 voluerint,
1405 1110 1506 1138 donum
1528 1116 1581 1135 non
1602 1107 1720 1139 advenit,
1743 1113 1793 1133 nec
1807 1109 1933 1140 operatur

1146 1158 1290 1194 quidpiam.

1186 1205 1213 1231 5.
1234 1203 1337 1238 Ubique
1361 1202 1439 1237 igitur
1464 1200 1648 1228 necessitatem
1672 1197 1739 1224 tollit
1754 1201 1781 1224 et
1795 1196 1936 1223 voluntatis

1147 1250 1284 1278 arbit’rium
1296 1248 1385 1279 effert;
1403 1247 1429 1275 id
1441 1246 1510 1282 quod
1528 1253 1598 1272 nunc
1613 1244 1688 1271 dixit.
1705 1243 1731 1270 In
1749 1243 1789 1270 his
1807 1243 1879 1269 enim
1894 1250 1935 1268 ar-

1147 1296 1231 1328 canis,
1245 1293 1316 1321 aliud
1333 1294 1379 1320 Dei
1392 1297 1443 1324 cst,
1465 1299 1561 1326 nempe
1574 1291 1638 1318 dare
1651 1289 1780 1324 gratiam;
1796 1288 1866 1315 aliud
1887 1287 1935 1313 ho-

1149 1341 1238 1373 minis,
1259 1339 1363 1367 scilicet
1385 1339 1462 1366 ﬁdem
1483 1337 1620 1365 exhibere.
1636 1336 1663 1362 In
1688 1334 1859 1369 subsequenti
1876 1341 1937 1361 vero

1150 1391 1269 1420 tempore
1281 1385 1362 1411 multa
1375 1391 1442 1418 opus
1459 1386 1501 1410 est
1521 1381 1668 1416 diligentia.
1685 1380 1742 1406 Non
1756 1379 1827 1406 enim
1841 1378 1937 1406 sufﬁcit

1150 1432 1182 1459 ad
1197 1430 1320 1467 puritatis
1340 1429 1488 1457 custodiam
1502 1426 1629 1461 baptizari
1650 1425 1735 1452 solum
1758 1429 1785 1451 et
1805 1424 1937 1452 credere:

1150 1477 1196 1505 sed
1211 1477 1234 1504 si
1249 1476 1360 1503 velimus
1376 1481 1481 1508 semper
1496 1473 1557 1500 lteto
1571 1478 1681 1498 munere
1695 1470 1757 1500 frui.
1772 1470 1820 1496 illo
1832 1469 1937 1504 dignam

1151 1526 1257 1558 oportet
1273 1521 1401 1549 exhibere
1422 1520 1513 1546 vitam.
1536 1518 1592 1545 Hoc
1613 1522 1701 1543 autem
1719 1515 1801 1542 voluit
1821 1515 1890 1542 Deus
1915 1515 1939 1541 in

1152 1573 1242 1596 nostra
1257 1567 1336 1594 situm
1350 1573 1409 1593 esse
1425 1569 1564 1600 potestate.
1578 1563 1610 1591 Ut
1622 1562 1732 1598 mystica
1747 1561 1818 1588 enim
1831 1568 1942 1596 genera—

1154 1614 1226 1641 tione
1240 1619 1390 1644 nascamur,
1408 1616 1433 1637 et
1454 1613 1562 1644 peccata
1579 1613 1639 1634 ante
1654 1607 1769 1634 admissa
1790 1607 1939 1636 abluamus,

1155 1659 1180 1686 id
1197 1667 1243 1694 per
1262 1658 1422 1692 baptismum
1441 1655 1572 1687 efﬁcitur;
1597 1658 1626 1680 ut
1649 1661 1713 1680 vero
1734 1653 1859 1686 deinceps
1885 1653 1940 1686 puri

1155 1711 1316 1734 maneamus,
1334 1707 1360 1730 et
1376 1702 1474 1728 nullam
1490 1701 1558 1727 ultra
1578 1699 1747 1726 admittamus
1761 1697 1902 1729 maculam,
1918 1698 1942 1724 id

1156 1750 1182 1777 in
1196 1753 1285 1776 nostra
1305 1749 1384 1775 situm
1399 1751 1439 1774 est
1451 1750 1582 1781 potestate
1596 1752 1628 1772 ac
1641 1744 1786 1778 diligentia.
1801 1743 1903 1770 Idcirco
1917 1748 1944 1770 et

1156 1795 1333 1831 generationis
1349 1793 1455 1820 modum
1477 1795 1617 1822 memorat,
1641 1795 1669 1817 et
1684 1789 1751 1816 facta
1772 1796 1831 1816 cum
1844 1789 1944 1815 carnali

1157 1846 1234 1875 partu
1254 1839 1469 1873 comparatione,
1493 1837 1552 1871 ejus
1577 1835 1760 1863 excellentiam
1781 1833 1945 1861 demonstrat

1158 1885 1199 1912 his
1222 1884 1333 1911 verbis:
1350 1884 1392 1911 l5.
1419 1882 1468 1915 Qui
1487 1889 1537 1908 non
1558 1889 1590 1908 ea:
1608 1879 1786 1914 «Inguinibus,
1812 1887 1891 1911 neque
1916 1886 1946 1905 ea:

1157 1931 1284 1957 voluntate
1309 1930 1408 1960 carnis,
1439 1935 1518 1959 neque
1543 1935 1574 1953 ex
1602 1926 1729 1951 uoluntate
1752 1924 1816 1956 viri,
1844 1924 1888 1951 sed
1916 1932 1946 1950 ea:

1160 1976 1214 2004 Deo
1238 1975 1291 2002 nali
1314 1979 1381 2001 sunt.
1417 1974 1471 2000 lloc
1494 1977 1582 2000 autem
1606 1971 1682 2002 fecit,
1710 1976 1739 1997 ut
1762 1970 1858 2005 prioris
1885 1977 1947 2004 par-

1160 2026 1203 2049 tus
1226 2029 1259 2048 ex
1288 2019 1460 2054 sanguinibus
1479 2022 1506 2045 et
1531 2025 1563 2044 ex
1587 2016 1722 2043 voluntate
1746 2015 1834 2042 carnis
1859 2016 1947 2041 vilita-

1161 2074 1214 2097 tem
1241 2067 1338 2098 edocli,
1361 2074 1392 2093 ac
1415 2065 1525 2093 secundi
1548 2064 1591 2099 qui
1613 2071 1658 2098 per
1682 2062 1792 2097 gratiam
1816 2062 1844 2088 fit
1867 2061 1950 2088 subli-

1161 2115 1252 2142 mitate
1276 2113 1464 2146 nobilitateque
1485 2114 1620 2144 percepta,
1649 2108 1709 2135 hinc
1730 2114 1851 2141 magnam
1872 2106 1950 2140 hujus

1162 2164 1188 2187 et
1201 2158 1352 2194 generantis
1366 2157 1436 2184 dono
1458 2156 1564 2190 dignam
1579 2154 1732 2188 opinionem
1756 2152 1950 2186 concipiamus,

1164 2206 1325 2238 multamque
1340 2207 1430 2237 postea
1450 2201 1613 2235 diligentiam
1636 2199 1819 2226 exliibeamus.
1845 2197 1952 2230 Magno-

1164 2258 1227 2286 pere
1251 2251 1322 2277 enim
1347 2246 1493 2274 timendum
1518 2249 1569 2278 est,
1597 2252 1630 2272 ne
1650 2244 1699 2271 hac
1721 2243 1830 2278 pulchra
1856 2242 1952 2268 ftetlata

1165 2298 1243 2329 stola,
1260 2297 1295 2324 ob
1313 2295 1444 2330 ignaviam
1457 2297 1484 2319 et
1504 2293 1606 2319 scelera
1627 2295 1715 2318 nostra
1730 2298 1761 2316 ex
1776 2289 1894 2316 thalamo
1908 2288 1955 2322 eji-

1165 2345 1266 2372 ciamur
1279 2351 1285 2369 ί
1300 2340 1410 2377 perinde
1432 2344 1510 2373 atque
1522 2338 1637 2372 quinque
1652 2337 1703 2363 ἱΙΙίε
1719 2334 1836 2370 virgines
1857 2334 1936 2360 fatum
1949 2341 1955 2363 ;

1168 2394 1196 2417 ιιι
1207 2390 1287 2416 etiam
1305 2387 1348 2414 ille
1370 2394 1422 2413 non
1439 2384 1538 2411 habens
1554 2386 1652 2409 vestem
1678 2380 1833 2415 nuptialem.
1848 2379 1915 2406 Nam
1931 2383 1956 2406 et

1169 2437 1212 2464 ille
1227 2443 1258 2462 ex
1278 2433 1397 2461 convivis
1419 2435 1486 2462 erat,
1501 2429 1679 2462 invitatusque
1695 2426 1781 2454 fuerat
1795 2435 1801 2453 :
1816 2426 1879 2461 quia
1893 2432 1956 2452 vero

1169 2487 1229 2517 post
1248 2480 1413 2507 vocationem
1429 2482 1455 2504 et
1471 2480 1572 2503 tantum
1594 2473 1735 2504 honorem.
1758 2479 1787 2499 se
1802 2471 1956 2498 invitantem

1170 2516 1328 2555 contumelia
1351 2523 1448 2554 affecit,
1471 2521 1531 2548 audi
1548 2527 1614 2554 quas
1637 2525 1729 2552 pteuas
1744 2516 1858 2549 dederit,
1879 2523 1957 2551 quam

1171 2573 1304 2600 luctuosas
1315 2575 1341 2596 et
1352 2568 1475 2603 lacrymis
1484 2566 1587 2601 dignas.
1600 2564 1639 2591 Ad
1651 2568 1703 2590 tam
1712 2561 1880 2597 splendidam
1888 2561 1956 2588 enim

1172 2622 1200 2645 et
1211 2622 1264 2644 tam
1279 2615 1378 2642 lautam
1392 2619 1510 2640 mensam
1520 2610 1663 2641 admissus,
1677 2616 1728 2636 uon
1742 2607 1828 2634 solum
1839 2606 1960 2633 convivio

1173 2661 1334 2692 excluditur,
1344 2659 1390 2687 sed
1406 2663 1433 2686 et
1443 2657 1531 2693 ligatis
1545 2655 1668 2683 matribus
1682 2658 1709 2682 et
1722 2653 1833 2689 pedibus
1846 2653 1873 2679 in
1890 2656 1961 2678 tene-

1176 2710 1237 2736 bras
1257 2706 1406 2735 exteriores
1421 2704 1542 2734 mittitur,
1559 2703 1603 2729 ubi
1624 2705 1768 2736 perpetuus
1783 2703 1825 2727 est
1839 2697 1918 2726 ﬁctos
1937 2702 1962 2723 et

1175 2753 1274 2782 stridor
1288 2751 1417 2779 dentium.
1431 2749 1469 2776 Ne
1484 2749 1582 2783 itaque.
1594 2747 1694 2777 dilecti,
1709 2745 1787 2772 ﬁdem
1802 2744 1835 2770 ad
1849 2743 1962 2770 salutem

1176 2801 1253 2828 nobis
1268 2800 1332 2827 satis
1342 2805 1403 2826 esse
1415 2796 1607 2825 existimemus.
1619 2793 1675 2821 Nisi
1688 2792 1760 2820 enim
1776 2791 1857 2817 vitam
1875 2795 1961 2824 puram

1178 2845 1388 2877 cxbibuerimus,
1402 2843 1449 2872 sed
1465 2841 1583 2870 vestibus
1596 2840 1645 2867 hac
1657 2839 1733 2866 beata
1754 2835 1871 2872 indignis
1885 2840 1961 2861 voca-
