2040 3113
156 113 190 141 ἲἿ
716 114 754 141 ἸΝ
774 114 928 143 ,ΙΟΛΝΝΕΜ

988 117 1064 144 non.
1092 117 1134 145 χι.
1152 119 1186 146 al.
1209 119 1240 146 χ.
1760 128 1795 157 7g

154 172 228 199 tione
242 169 325 197 induti
343 170 550 203 aeceSSerimus,
573 169 638 198 nihil
662 170 787 204 impediet
806 172 949 206 quominus

153 216 248 244 eadem
265 217 320 251 ipsa
333 217 479 250 patiamur,
496 224 554 250 qua:
570 217 651 243 miser
666 217 709 244 ille
723 224 816 251 passus
830 223 879 245 est.
895 218 948 245 Ab-

151 263 262 289 surdnm
272 262 350 289 enim
361 267 412 295 est,
429 262 490 288 dmn
506 262 559 295 ille,
573 263 618 296 qui
635 263 705 290 Deus
721 267 747 290 et
761 263 815 290 Rex
830 268 881 295 est,
898 264 946 289 lm-

154 309 239 335 rnines
264 308 331 335 viles
352 313 379 335 et
401 308 501 335 nullius
516 308 592 342 pretii
607 315 702 336 vocare
725 317 776 336 non
800 310 945 342 erubescit,

151 353 197 380 sed
213 361 228 380 c
249 353 327 380 trivio
341 353 402 380 illos
416 353 449 380 ad
465 361 583 381 mensam
605 361 680 381 suam
698 354 801 388 invitat,
823 363 871 382 nos
887 361 946 382 tau-

150 403 205 424 tam
219 398 351 433 ignaviam
372 398 513 430 exhibere,
540 403 615 426 utne
635 399 742 433 quidem
767 405 826 434 post
841 405 942 427 tantum

150 444 280 471 honorem
297 445 424 472 tneliores
436 445 591 476 evadamus,
607 445 653 472 sed
665 450 692 472 et
707 451 765 480 post
776 447 944 473 vocationem

150 489 176 515 in
189 489 286 516 eadem
298 490 416 524 nequitia
433 497 644 524 perseveremus,
667 491 879 526 inell'abilemque
899 500 945 519 vo-

148 535 235 561 cantis
250 535 440 570 benignitatem
455 535 665 570 pessutndemus.
681 536 738 563 Non
754 537 824 564 enim
843 545 890 564 nos
910 538 942 565 ad

148 580 317 614 spiritualem
332 581 402 608 hanc
413 586 438 608 et
459 581 618 608 horrendam
630 582 822 617 mysteriortmt
837 583 944 618 partici-

149 627 284 660 pationem
307 627 421 660 vocarit,
438 632 466 655 ut
487 635 546 655 cum
562 628 650 662 priore
665 629 783 663 nequitia
809 630 942 664 ingredia-

148 682 219 706 nmr,
241 674 288 701 sed
302 679 329 701 ut
343 674 445 708 abjecta
463 675 507 702 illa
521 675 695 710 turpitudine,
711 676 742 702 iis
755 676 873 703 vestibus
899 677 940 703 in-

147 719 275 752 duantur,
292 728 351 755 qua:
367 720 400 747 ad
415 721 517 755 regium
530 725 640 748 vocatos
648 721 801 748 convivium
817 722 938 749 det-eant.

147 766 194 792 Sin
215 766 335 793 nolimus
347 766 426 801 digna
437 767 484 793 tali
501 767 641 794 vocatione
657 773 793 801 praestare,
809 768 833 794 id
851 769 940 796 nonei

146 812 191 845 qui
209 820 258 839 nos
281 813 319 839 sic
340 813 490 845 honoravit,
513 814 559 841 sed
575 814 653 842 nobis
668 815 860 848 imputandum.
882 815 939 843 Non

147 859 218 885 enim
236 859 279 886 ille
303 867 353 886 nos
373 867 404 886 ex
429 860 585 888 admirando
605 861 650 888 illo
665 861 835 888 convivarum
857 862 940 889 choro

146 903 236 937 ejicit.
259 904 306 931 sed
327 912 375 931 nos
393 905 464 939 ipsos
485 905 617 939 ejieimus.
637 905 682 933 Ille
697 906 766 940 quod
787 914 863 933 suum
883 911 938 934 erat

146 949 272 982 pnestitit
292 959 298 976 :
316 950 420 984 nuptias
440 949 512 982 fecit,
535 958 654 978 mensam
670 952 782 986 paravit,
798 952 842 987 qui
858 959 938 979 voea-

145 999 206 1021 rent
226 996 308 1028 misit,
322 996 460 1023 venientes
483 995 598 1031 excepit,
622 1001 649 1024 et
672 997 744 1023 nullo
764 1004 816 1024 non
838 997 938 1024 honore

165 1056 1723 1070 “ww—“ﬁ”

862 1102 1039 1133 TIIOMILIA
1062 1104 1118 1133 XI.

161 1172 205 1199 Η.
224 1172 255 1199 Et
275 1172 380 1201 Verbum
394 1182 452 1201 caro
463 1173 558 1208 factum
569 1179 615 1207 est,
629 1179 653 1202 et
664 1175 782 1201 habitavit
798 1175 822 1201 in
838 1170 918 1201 nobis.

177 1219 207 1245 1.
226 1217 322 1245 Locum
335 1218 466 1254 Evangelii
481 1219 659 1254 explicandum
673 1225 731 1246 ante
745 1219 937 1254 explicationem

140 1263 229 1300 legere
251 1266 385 1298 hortatur;
406 1266 573 1301 quorumdam
596 1266 739 1293 socordiam
762 1266 789 1292 in
811 1265 937 1292 audienda

142 1310 280 1345 Scriptura
290 1312 389 1347 arguit;
403 1311 493 1339 deinde
509 1311 635 1346 explicare
647 1312 721 1343 illud,
738 1311 855 1338 Verbum
874 1319 937 1338 caro

140 1357 242 1383 {aetum
258 1361 309 1389 est,
326 1357 480 1392 aggreditur.
494 1366 528 1376 '—-
544 1356 629 1384 Unam
643 1364 657 1383 a
670 1356 744 1384 vobis
760 1357 878 1391 .gratiam
891 1364 937 1391 po-

141 1406 209 1433 tam,
225 1406 369 1436 antequam
382 1402 414 1429 ad
426 1402 504 1429 verba
517 1403 619 1429 veniam
629 1402 780 1437 evangelica
793 1409 800 1434 ;
814 1401 860 1429 sed
871 1409 936 1436 rogo

139 1455 177 1473 ne
188 1447 349 1480 postulatum
362 1448 471 1483 negetis.
482 1448 572 1482 Neque
581 1448 739 1483 euimgrave
749 1448 883 1483 quidpiam
894 1447 935 1474 vel

140 1500 288 1519 onerosum
299 1494 416 1528 requiro,
429 1501 519 1528 neque
532 1494 672 1529 accipienti
684 1494 753 1521 mihi
769 1494 854 1521 solum
870 1493 935 1521 utile

139 1539 204 1569 erit.
219 1539 266 1566 sed
282 1544 309 1566 et
321 1539 502 1574 praebentibus
516 1540 607 1572 vobis;
625 1540 679 1568 imo
694 1540 763 1568 forte
774 1540 848 1568 vobis
857 1540 935 1575 longe

141 1586 243 1612 utilius.
259 1585 328 1619 Quid
342 1586 421 1621 igitur
434 1594 449 1613 a
465 1586 540 1613 vobis
555 1586 678 1621 postulo?
693 1586 727 1614 Ut
746 1594 795 1613 tina
812 1586 934 1613 sabbati»

142 1640 203 1658 rum
217 1632 265 1667 (η),
287 1632 328 1659 vel
353 1633 378 1659 in
405 1633 463 1666 ipso
485 1632 615 1664 sabbato,
637 1632 711 1659 illam
736 1632 934 1667 evangeliorum

142 1684 246 1712 partem
261 1687 320 1714 qua:
335 1679 411 1706 vobis
424 1680 450 1706 in
465 1679 594 1706 concione
606 1678 716 1713 legenda
731 1682 773 1706 est
784 1686 836 1712 pra:
851 1678 935 1705 maui-

142 1725 193 1751 bus
216 1725 312 1759 singuli
337 1724 509 1759 accipientes,
534 1724 606 1751 domi
632 1723 756 1751 sedentes
781 1723 935 1758 frequenter

142 1771 246 1804 legatis,
270 1777 302 1797 ac
314 1770 383 1797 dicta
398 1777 471 1804 Smpe
494 1769 641 1804 exploretis
661 1774 688 1796 et
710 1770 867 1797 examinetis
881 1777 888 1796 :
903 1777 934 1796 ac

140 1815 204 1850 quid
224 1816 336 1847 clarum,
353 1816 415 1851 quid
437 1815 581 1842 obsettrutn
603 1815 638 1842 sit
656 1815 805 1847 annotetis;
820 1813 882 1849 quid
907 1814 932 1841 iu

141 1861 231 1887 verbis
255 1869 371 1896 pugnare
392 1860 523 1892 videatur,
548 1861 610 1887 licet
633 1868 684 1887 non
710 1860 933 1895 pugnet:sicqne

140 1906 266 1933 omnibus
281 1906 433 1941 frequenter
445 1905 579 1940 expensis,
595 1905 627 1932 ad
646 1906 804 1933 concionem
819 1905 932 1933 acceda-

142 1953 185 1978 tis.
202 1952 296 1986 Neque
309 1951 381 1979 enim
402 1952 535 1978 modicum
557 1959 588 1978 ex
606 1951 649 1978 tali
664 1951 752 1978 studio
766 1956 792 1978 et
807 1951 885 1978 nobis
906 1955 933 1977 et

140 1998 215 2024 vobis
231 1998 333 2025 luerunt
347 1997 467 2025 aeacdet.
492 1996 574 2024 Nobis
596 1997 666 2024 enim
692 2004 744 2024 non
763 1996 847 2023 multo
865 2003 933 2030 opus

140 2042 193 2070 erit
209 2042 344 2070 laboread
360 2043 412 2069 vim
427 2042 618 2070 sententiarum
635 2042 709 2069 vobis
727 2041 929 2076 explauaudam,

140 2093 230 2115 mente
243 2088 297 2122 jam
312 2088 386 2115 vobis
406 2088 439 2115 ad
453 2088 586 2115 dictorum
603 2088 724 2115 notitiam
739 2093 846 2114 assueta
861 2096 866 2114 :
884 2093 931 2114 vos

140 2139 230 2161 autem
249 2134 382 2161 acutiores
396 2138 423 2161 et
434 2133 646 2169 perspicaciores
668 2133 717 2160 ltoc
733 2133 812 2160 modo
832 2132 931 2159 elﬁcie-

139 2180 217 2213 mini,
238 2188 290 2206 non
311 2180 391 2208 modo
412 2184 441 2207 ut
459 2179 574 2207 audiatis
596 2184 623 2206 ct
643 2178 763 2212 discatis,
782 2179 830 2206 sed
849 2179 929 2206 etiam

139 2230 168 2252 ut
187 2230 302 2253 ca-teros
321 2225 449 2253 doceatis.
473 2224 609 2259 Siquidem
631 2224 676 2252 illo
692 2232 744 2259 quo
760 2232 830 2251 nunc
850 2224 929 2259 agitis

137 2271 229 2302 modo,
257 2270 332 2297 omlti
355 2270 524 2305 prurseutium
549 2270 628 2297 verba
649 2270 792 2304 Scriptura:
811 2269 930 2297 simulet

136 2316 333 2350 explicationes
347 2320 452 2342 nostras
463 2315 585 2343 ediscere
599 2316 702 2348 coacti,
724 2323 758 2343 ne
779 2316 884 2350 quidem
907 2316 928 2342 si

137 2368 239 2387 nultum
258 2360 389 2395 integrum
412 2360 453 2388 bis
464 2361 639 2394 insumamus,
655 2368 778 2395 magnum
793 2361 929 2395 quidpiam

136 2406 202 2432 lucri
218 2406 344 2433 referent.
368 2405 507 2439 Quomodo
521 2410 634 2441 possent
658 2406 740 2439 enim,
764 2413 824 2432 cum
842 2406 929 2432 obiter

135 2457 238 2479 tantum
250 2456 280 2480 et
295 2452 368 2480 brevi
389 2458 508 2487 tempore
529 2453 607 2479 dictis
629 2452 787 2479 attendant?
806 2452 881 2486 Quod
906 2453 927 2480 si

133 2497 178 2530 qui
203 2497 309 2532 negotia
324 2497 491 2532 praetendunt
509 2501 536 2525 et
553 2498 756 2530 sollicitudines,
779 2498 800 2524 si
818 2497 927 2524 multam

132 2543 161 2569 in
177 2542 290 2576 publicis
305 2542 465 2577 privatisque
482 2543 562 2570 rebus
575 2550 682 2577 operam
698 2551 705 2575 ;
723 2543 808 2578 primo
821 2543 926 2578 quidem

132 2595 187 2614 non
204 2587 271 2614 levis
285 2588 362 2622 culpa
377 2587 434 2615 haec
448 2593 498 2621 est,
511 2595 571 2616 sese
583 2593 653 2616 tanta
667 2590 833 2624 negotiorum
848 2588 926 2616 turba

132 2635 260 2666 ttbt'llcl'c,
274 2639 301 2661 et
313 2634 487 2662 smeularibus
507 2635 588 2661 rebus
614 2635 648 2661 ita
670 2643 777 2669 semper
796 2635 876 2670 afﬁgi,
900 2640 928 2663 ut

132 2688 167 2707 ne
189 2680 332 2708 minimum
346 2681 455 2715 quidem
470 2681 549 2708 stttdii
572 2681 738 2715 impendatur
752 2681 784 2708 iis
796 2690 854 2717 qutc
867 2689 925 2709 ma-

166 2739 292 2775 fo;_illnd,
303 2746 353 2774 una
366 2739 521 2775 sabbatorum
531 2740 607 2775 justi:
618 2741 673 2771 μίαν
685 2742 834 2775 conﬁciet-iv).
847 2744 929 2775 potest

134 2768 289 2800 signiﬁcare,
307 2768 389 2801 prima
401 2769 559 2801 hebdomade:
575 2768 625 2799 die,
647 2775 674 2794 ut
691 2770 759 2800 alibi,
776 2778 824 2796 una
840 2768 929 2796 subba-

134 2799 215 2833 turum
239 2799 466 2833 (μίᾳἘαϐϐάτων)
489 2799 589 2832 primam
612 2801 770 2826 hebdomad:e
793 2802 925 2833 sicniﬁrat.

135 2832 211 2856 etiam
230 2831 298 2858 apud
310 2831 518 2859 Chrysostomum.

298 2873 424 2905 ΡΑτκυι,
457 2872 514 2902 Gtt.
541 2871 618 2902 LIX.

1005 174 1092 202 all'ecit
1107 184 1114 202 :
1129 183 1177 202 nos
1199 182 1285 203 autem
1302 177 1399 212 ipsum,
1414 178 1548 212 convivas,
1565 176 1682 213 nuptias.
1703 184 1791 210 sordi-

1001 220 1095 247 darum
1115 222 1240 255 vestium,
1256 219 1310 251 hoc
1324 228 1375 257 est,
1393 231 1535 259 pravorum
1556 233 1678 260 operum,
1692 234 1791 255 contu-

1001 267 1079 293 melia
1101 267 1258 300 afﬁciettlcs,
1278 269 1338 303 jure
1360 270 1466 298 demum
1491 272 1622 307 t-jieimur.
1648 270 1702 300 Hoc
1718 276 1790 302 enim

1001 318 1087 346 pacto,
1104 317 1130 339 et
1142 313 1248 347 nuptias
1258 319 1284 340 et
1301 314 1424 342 invitatos
1439 316 1583 351 honorum,
1602 316 1750 352 petulantes
1764 323 1792 348 rt

999 357 1165 392 impudentes
1177 359 1235 386 illos
1247 359 1327 394 cjicit.
1343 360 1408 388 Nam
1421 362 1443 388 si
1459 362 1608 397 bujusmodi
1621 370 1693 392 veste
1708 365 1786 393 indu-

1000 407 1040 431 tos
1056 404 1227 439 relinqueret,
1246 405 1314 432 alios
1327 406 1464 434 videretur
1487 410 1648 438 contumelia
1669 410 1787 440 afﬁcere.

999 449 1095 477 Verum
1108 450 1172 478 faxit
1187 451 1266 482 Deus,
1288 457 1316 478 ut
1331 460 1410 479 netno
1425 454 1465 480 vel
1474 460 1600 482 nostrum
1621 456 1661 483 vel
1674 454 1787 484 aliorum

998 495 1078 522 talem
1101 497 1252 531 experiatur
1274 499 1451 526 vocationem.
1479 500 1539 527 Ideo
1564 501 1620 528 lucc.
1642 508 1786 538 antequam

998 541 1090 568 tierent
1104 541 1188 569 literis
1213 543 1336 569 mandata
1359 549 1431 577 sunt,
1456 551 1481 572 ut
1497 545 1643 580 Scriptura:
1659 545 1736 576 minis
1752 550 1786 576 ad

997 587 1093 614 bonam
1105 587 1207 622 frugem
1228 588 1340 620 reducti,
1358 596 1501 625 numquam
1519 591 1544 618 in
1561 590 1788 627 tantam'iguotni-

997 633 1077 665 niam,
1095 633 1120 660 in
1136 639 1289 669 tantumque
1303 636 1459 669 supplicium
1475 633 1631 671 incidamus,
1646 636 1692 666 sed
1700 640 1788 667 verbo

996 684 1098 706 tantum
1115 684 1190 707 tenus
1205 680 1262 708 hzcc
1283 682 1469 716 experiantur;
1485 691 1515 710 ac
1529 682 1668 717 splendida
1685 685 1786 719 singuli

995 725 1177 758 veste-induti,
1192 725 1224 752 ad
1236 726 1334 759 locum,
1346 735 1399 762 quo
1413 729 1497 755 vocati
1512 737 1616 761 sumus,
1633 729 1786 764 proﬁcisca-

996 778 1068 803 mur;
1083 778 1136 806 quo
1151 779 1198 799 nos
1212 779 1306 799 omnes
1325 772 1374 799 l'rui
1390 773 1535 807 contingat,
1551 775 1636 809 gratia
1659 778 1685 802 e‘t
1704 775 1784 803 beni-

993 816 1093 850 gnitate
1103 816 1211 843 Domini
1231 817 1313 843 nostri
1327 817 1390 844 Jesu
1404 817 1512 850 Christi,
1531 827 1576 853 per
1590 827 1668 854 quem
1684 825 1709 846 et
1724 828 1784 847 cum

993 868 1046 895 quo
1058 861 1129 888 Patri
1141 861 1220 888 simul
1236 868 1262 889 et
1278 862 1387 897 Spiritui
1407 868 1500 890 saneto
1513 862 1607 899 gloria,
1625 865 1719 897 honor,
1735 865 1784 892 itu-

994 906 1108 940 perium,
1128 914 1198 934 nunc
1221 912 1249 935 et
1270 914 1386 942 semper,
1402 913 1428 936 et
1448 908 1474 936 in
1494 907 1592 936 sa‘cula
1613 908 1782 937 seculorum.

993 954 1088 980 Amen.

993 1172 1066 1201 xime
1079 1176 1226 1201 necessaria
1243 1179 1315 1202 sunt.
1329 1171 1436 1204 ‘Dcinde
1451 1177 1520 1212 quod
1543 1177 1598 1205 h:rc
1618 1178 1670 1205 sint
1687 1179 1782 1206 obten-

992 1223 1033 1246 ttts
1054 1223 1082 1247 et
1100 1220 1294 1253 simulationes,
1319 1227 1430 1257 arguunt
1445 1221 1576 1258 colloquia
1592 1227 1651 1251 cum
1666 1223 1758 1252 amicis
1772 1246 1781 1258 ,

991 1265 1153 1292 theatrorum
1177 1264 1419 1300 frequentationes,
1443 1275 1584 1295 consessus
1604 1264 1636 1295 ad
1651 1273 1781 1304 equorum

990 1310 1151 1337 certantium
1165 1309 1327 1345 spcctacdla,
1351 1312 1376 1339 itt
1390 1313 1485 1347 quibus
1501 1321 1572 1348 smpe
1590 1310 1646 1341 dies
1663 1314 1781 1350 integros

990 1360 1168 1390 consumunt,
1191 1365 1276 1389 neque
1302 1362 1388 1384 tamen
1406 1356 1490 1386 initis
1512 1359 1677 1394 negotiorum
1693 1361 1780 1388 moles

990 1408 1106 1436 unquam
1120 1401 1282 1429 obtenditur.
1300 1402 1326 1429 lu
1343 1401 1437 1430 vilibus
1458 1403 1536 1438 igitur
1559 1404 1708 1439 bujusmodi
1735 1414 1775 1433 rc~

989 1446 1038 1473 bus
1061 1446 1159 1473 nullam
1182 1447 1325 1474 obtenditis
1341 1449 1542 1482 occupationem
1563 1458 1569 1476 :
1592 1449 1613 1477 si
1630 1451 1717 1477 autem
1740 1452 1779 1478 di-

990 1492 1058 1518 vinis
1082 1491 1163 1519 rebus
1187 1492 1221 1519 sit
1245 1492 1468 1526 incumbentium,
1492 1491 1553 1521 ἸΝ-(τ
1567 1495 1635 1522 adeo
1646 1496 1719 1523 vobis
1733 1504 1779 1524 su-

989 1535 1089 1571 perﬂua
1103 1540 1128 1563 et
1141 1536 1239 1564 nullius
1255 1538 1331 1572 pretii
1349 1538 1472 1566 videntur
1485 1547 1544 1566 csse
1555 1560 1562 1572 ,
1588 1543 1615 1567 ut
1638 1549 1670 1567 ne
1695 1542 1773 1568 mini-

989 1589 1061 1609 mum
1092 1582 1198 1617 quidem
1235 1582 1351 1610 studium
1380 1583 1404 1610 itt
1437 1584 1477 1611 bis
1509 1580 1688 1613 adhibendum
1719 1594 1777 1613 esse

987 1627 1100 1655 ducatis.
1121 1629 1160 1654 An
1183 1632 1320 1655 tuerentur
1337 1628 1380 1662 qui
1403 1629 1443 1655 sic
1469 1625 1554 1656 allecti
1582 1634 1643 1657 sunt
1668 1631 1709 1657 vel
1736 1639 1778 1659 re»

989 1675 1104 1709 spirare,
1129 1674 1170 1702 vel
1193 1674 1263 1701 lntnc
1285 1675 1369 1702 solem
1393 1673 1533 1710 aspicere?
1554 1675 1599 1703 Est
1619 1680 1645 1703 et
1659 1676 1708 1703 alia
1724 1681 1776 1704 tam

987 1721 1090 1755 ignavis
1113 1719 1265 1748 hominibus
1291 1720 1455 1755 ineptissinta
1477 1721 1629 1753 excusatio,
1648 1721 1777 1749 libroruin

985 1766 1085 1794 scilicet
1106 1765 1205 1800 inopia.
1227 1766 1265 1793 Ac
1286 1765 1413 1793 divitibus
1428 1763 1535 1801 quidem
1551 1761 1692 1794 ridiculum
1706 1774 1775 1795 esset

986 1820 1015 1839 ea
1030 1812 1064 1839 de
1085 1819 1114 1840 re
1128 1811 1207 1839 verba
1219 1811 1308 1839 facere
1323 1820 1434 1840 :veruni
1450 1813 1510 1847 quia
1533 1806 1630 1839 multos
1642 1820 1779 1848 pauperes

986 1857 1036 1884 hac
1057 1857 1213 1892 frequenter
1235 1858 1409 1885 excusatimte
1433 1858 1469 1885 uti
1495 1862 1568 1893 pttto,
1588 1855 1645 1885 hoc
1668 1859 1702 1885 ab
1724 1858 1777 1888 illis

987 1903 1087 1937 placide
1110 1903 1241 1930 sciscitari
1262 1903 1354 1936 velim,
1377 1911 1466 1930 annon
1491 1903 1587 1938 singuli
1611 1904 1676 1931 artis
1704 1910 1776 1933 sum.

984 1955 1062 1983 quant
1079 1952 1214 1980 exercent.
1228 1946 1404 1975 instrumenta
1419 1956 1482 1975 sana
1496 1953 1522 1975 et
1536 1949 1636 1984 integra
1650 1949 1780 1978 habeant.

984 1994 1044 2021 etsi
1059 1998 1179 2022 extrema
1196 1994 1283 2029 inopia
1294 1995 1463 2029 premantur.
1488 1993 1627 2028 Quomodo
1645 2002 1709 2029 ergo
1722 2002 1775 2022 non

984 2040 1128 2067 absurdum
1150 2040 1238 2073 fuerit,
1261 2040 1314 2067 illic
1335 2044 1517 2075 paupertatem
1539 2044 1591 2067 non
1616 2040 1771 2071 obtendere.

983 2093 1014 2112 ac
1027 2085 1091 2112 nihil
1106 2093 1158 2114 non
1169 2093 1250 2121 agerc
1260 2085 1293 2112 ad
1308 2093 1402 2113 omnes
1416 2086 1592 2113 removendos
1607 2086 1714 2119 obices;
1730 2087 1772 2113 ubi

982 2136 1071 2158 autem
1083 2132 1157 2158 tanta
1173 2131 1341 2166 decerpenda
1354 2136 1395 2159 est
1411 2131 1520 2163 utilitas,
1540 2132 1728 2166 occupationes
1746 2137 1774 2158 et

983 2177 1101 2211 inopiam
1116 2176 1232 2204 deﬂere?
1244 2176 1375 2204 Cat-terum
1391 2176 1413 2203 si
1425 2176 1468 2211 qui
1481 2176 1514 2203 ila
1531 2184 1662 2212 pauperes
1672 2183 1769 2209 essent,

983 2228 1090 2258 possent
1102 2231 1134 2251 ex
1151 2223 1258 2251 assidua
1271 2223 1317 2250 hic
1332 2223 1386 2250 ﬁeri
1405 2223 1482 2249 solita
1497 2222 1624 2257 lectione,
1651 2222 1715 2249 nihil
1739 2231 1771 2250 ex

983 2271 1015 2298 iis
1029 2279 1090 2306 quae
1112 2271 1207 2298 divina:
1226 2271 1373 2306 Scriptura:
1386 2271 1526 2298 continent
1545 2271 1680 2305 ignorare.
1697 2269 1773 2302 Quod

981 2317 1003 2343 si
1019 2317 1044 2344 id
1057 2317 1222 2352 impossibile
1240 2317 1315 2344 vobis
1332 2309 1455 2344 videatur
1468 2324 1538 2348 esse,
1566 2325 1618 2343 tmn
1641 2316 1774 2343 immerito

981 2362 1095 2390 videtur.
1116 2363 1186 2390 Multi
1210 2363 1281 2389 enim
1305 2370 1357 2389 non
1384 2370 1505 2397 magnam
1523 2363 1629 2390 lectioni
1645 2362 1772 2389 attentio-

982 2415 1042 2436 nem
1057 2407 1194 2440 adhibent,
1209 2408 1255 2435 sed
1272 2408 1386 2435 lectione
1407 2407 1586 2442 perfunctorie
1599 2408 1699 2440 audita,
1719 2413 1772 2435 sta-

981 2453 1027 2480 tim
1042 2453 1151 2480 domum
1171 2460 1200 2480 se
1221 2453 1363 2488 rccipiunt.
1386 2452 1461 2486 Quod
1478 2452 1500 2480 si
1519 2453 1563 2488 qui
1580 2453 1736 2484 manserint.
1753 2453 1770 2480 ii

980 2507 1032 2526 non
1055 2498 1165 2526 meliore
1179 2503 1242 2525 sunt
1253 2499 1418 2531 contlitione,
1432 2505 1512 2534 quam
1527 2499 1572 2534 qui
1589 2503 1768 2531 recesserunt,

979 2550 1094 2577 corpore
1114 2543 1199 2570 solum
1216 2547 1373 2578 przcsenles.
1394 2542 1447 2570 Sed
1461 2550 1494 2570 ne
1507 2543 1621 2578 amplius
1635 2543 1769 2577 querimo-

980 2590 1030 2616 niis
1043 2597 1090 2617 vos
1106 2589 1185 2617 tardio
1198 2589 1356 2622 afﬁciamus,
1381 2596 1448 2617 neve
1469 2589 1494 2615 in
1509 2589 1765 2624 reprehensionibus

980 2640 1063 2662 totum
1069 2638 1174 2669 tempus
1186 2639 1313 2666 teramus,
1326 2634 1462 2669 Evangelii
1474 2634 1553 2661 verba
1564 2634 1766 2668 aggrediamur:

980 2686 1085 2715 tempus
1098 2680 1170 2707 enim
1184 2684 1226 2707 c.~t
1241 2685 1269 2706 ut
1281 2687 1337 2706 rem
1356 2680 1515 2714 propositam
1531 2678 1700 2713 attingamus.
1714 2678 1768 2706 Sed

979 2727 1095 2754 animum
1109 2726 1242 2758 adhibete,
1266 2734 1299 2752 tie
1314 2726 1377 2761 quid
1393 2734 1439 2752 vos
1457 2725 1588 2752 dictorum
1601 2725 1718 2760 etTngiat.
1736 2725 1768 2752 1'."

979 2773 1078 2798 wrlmm
1098 2780 1156 2798 coro
1174 2771 1268 2806 factum
1289 2776 1338 2803 est,
1353 2775 1377 2797 et
1396 2771 1517 2798 habitarit
1539 2771 1565 2797 in
1587 2772 1666 2798 nobis.
1691 2770 1768 2797 Post-

979 2825 1059 2852 qnani
1074 2816 1173 2844 dixerat
1187 2818 1244 2844 illos
1260 2817 1302 2852 qui
1317 2824 1378 2844 eum
1394 2822 1563 2852 πτερω-κη’.
1578 2825 1610 2843 ex
1626 2818 1677 2843 ltro
1693 2822 1769 2844 natos

1587 2863 1603 2890 5
