2044 3113
254 138 288 168 ΊΟ
630 134 658 161 S.
678 131 814 160 JOANNiS
833 128 1064 157 CHRYSOSTOMI
1084 129 1240 156 .-\|l('.|llEP.
1261 128 1525 157 CONSTANTINOP.
1857 129 1891 157 80

255 202 280 223 et
297 194 427 224 Dciﬁlios
440 200 518 225 esse,
543 189 684 218 inctl‘abilis
703 189 781 223 lmjns
804 186 914 214 honoris
933 193 1040 214 causam

255 243 342 275 all‘ert,
368 242 435 268 hanc
449 246 555 273 nempe,
570 237 641 272 quod
656 235 774 263 Verbum
793 242 856 261 caro
872 233 968 260 facttnn
990 232 1042 265 sit,

257 293 283 316 et
298 287 423 314 Dominus
444 284 514 312 servi
528 283 641 310 turmam
657 281 799 315 acceperit.
816 279 898 306 Filius
912 278 982 306 enim
995 277 1042 304 ho-

257 334 335 360 minis
357 331 466 358 ellectus
485 333 536 361 est,
562 335 622 356 cum
644 334 723 354 verus
745 326 790 353 Dei
803 325 890 352 Filius
903 327 990 357 (sset,
1016 327 1045 349 ut

259 377 379 405 homines
401 375 446 402 Dei
468 374 535 401 lilios
558 373 686 401 eftlccrct.
707 371 826 399 Sublime
850 376 963 402 namque
983 375 1044 394 cum

257 422 350 451 humili
362 428 480 453 versans,
493 420 560 447 nihil
574 420 599 446 in
612 418 695 454 gloria
712 425 758 444 sua
772 416 886 448 lzeditnr,
901 413 966 441 illud
981 420 1044 440 vero

255 479 286 497 cx
310 469 390 496 multa
412 468 490 502 erigit
514 466 663 493 humilitate
685 473 692 491 :
713 462 782 498 quod
798 467 824 489 et
838 462 864 488 in
877 461 984 487 Christo
1000 459 1038 485 l'a-

253 521 326 542 ctum
350 519 401 542 est.
419 513 545 540 Naturam
565 511 661 546 quippe
679 516 752 536 suam
776 507 821 534 tali
843 506 974 534 descensu
990 512 1042 531 non

255 561 366 593 minuit;
381 567 482 594 nosque
496 559 539 593 qui
552 558 578 584 in
595 556 739 592 ignominia
754 559 781 582 et
800 554 826 581 in
842 552 961 580 tenebris
973 559 1043 578 sem-

257 614 304 642 per
325 605 508 636 versabamur,
531 603 563 630 ad
578 602 688 637 gloriam
704 600 789 628 erexit
802 597 975 626 ineliabilem.
1001 596 1045 624 Sic

256 657 283 680 et
296 660 340 680 rex
356 659 416 679 eum
433 657 576 685 pauperem
599 653 625 675 et
648 647 798 674 mendicum
820 643 964 679 alloquitur
984 650 1044 670 cum

258 697 347 725 studio
360 702 387 724 et
407 694 603 728 benevolentia,
624 693 688 721 nihil
703 697 780 726 turpe
794 691 867 722 facit,
891 690 964 716 illum
981 696 1045 715 vero

260 744 328 779 apud
352 750 445 770 omnes
466 743 596 770 illustrem
621 748 651 767 ac
672 738 840 774 splendidum
857 736 952 764 reddit.
969 735 1045 768 Quod

256 790 278 816 si
303 789 327 816 in
352 789 394 816 illa
417 788 560 815 adventitia
573 793 682 822 prorsus
697 785 834 812 hominum
850 783 980 818 dignitate
995 781 1046 808 lm-

258 835 419 862 Itoratiorem
455 841 514 861 cum
550 831 637 859 viliori
663 829 829 858 consuetudo
856 829 921 856 nihil
954 828 1043 859 Ludit;

258 882 340 907 multo
365 881 452 907 minus
475 879 651 906 immortalem
675 885 705 904 ac
721 877 825 904 beatam
839 875 911 902 illam
928 874 1047 901 substan-

259 927 332 959 tiam,
349 934 407 960 qum
422 925 487 952 nihil
501 924 674 952 adventitium
692 923 781 955 habet,
799 922 865 949 nihil
879 921 951 956 quod
967 921 1047 948 modo

258 972 336 1002 adsit,
361 971 440 997 modo
458 970 538 1003 absit,
559 969 606 997 sed
622 969 709 995 omnia
723 968 791 994 bona
806 968 914 994 immota
929 970 955 993 et
968 966 1000 993 ad
1015 966 1046 992 ti-

258 1024 318 1044 nem
342 1024 424 1050 nsque
447 1015 595 1042 manentia.
612 1013 703 1048 Itaque
719 1021 779 1040 cum
794 1012 921 1044 audieris,
939 1011 1047 1038 Verbum

244 1069 317 1090 ‘cm-a
337 1065 431 1098 factum
454 1066 507 1092 est.
531 1070 566 1089 ne
591 1062 716 1094 tnrberis,
745 1068 779 1088 ne
801 1059 935 1087 concidas.
955 1058 1047 1093 Neque

259 1108 329 1134 enim
350 1107 498 1134 substantia
521 1107 620 1134 decidit
642 1107 667 1133 in
693 1114 800 1133 carnem
821 1105 950 1140 (impium
975 1104 1046 1132 enim

258 1156 329 1178 esset
345 1151 369 1178 id
385 1151 424 1178 vel
439 1152 593 1186 cogitare),
616 1151 663 1179 sed
691 1159 802 1179 manens
825 1150 895 1186 quod
919 1154 987 1181 erat,
1009 1149 1047 1176 sic

259 1197 370 1224 formam
386 1197 455 1224 servi
471 1198 584 1232 accepit.

293 1242 320 1268 2.
335 1241 388 1268 Cur
397 1247 484 1269 autem
503 1242 548 1269 illo
563 1242 654 1274 verbo,
673 1241 781 1269 Factum
795 1246 841 1274 est,
859 1248 922 1268 usus
936 1241 998 1268 est?
1016 1240 1049 1268 Ut

260 1286 444 1314 Inereticorum
459 1295 504 1314 ora
525 1287 675 1314 Obstrueret
689 1286 739 1321 (ιι).
755 1287 819 1320 Quia
840 1287 909 1313 enim
930 1286 1049 1320 suntqui

260 1333 359 1363 dicant,
371 1340 400 1360 ea
412 1341 470 1368 qna:
482 1334 689 1360 incarnationem
702 1337 864 1368 spectarent,
885 1333 1049 1366 phantasiam

260 1382 287 1404 ct
303 1377 452 1410 ﬁgmentum
466 1385 536 1409 esse,
553 1382 580 1404 nt
605 1385 696 1404 corum
715 1377 903 1412 blasphemiam
918 1377 949 1403 de
963 1376 1050 1403 medio

261 1422 354 1449 tollere
367 1427 545 1456 prawertcrct,
558 1422 620 1449 illud
634 1422 751 1454 verbum,
766 1421 871 1448 Factum
885 1426 929 1453 est,
942 1421 1027 1455 posuit
1042 1430 1048 1446 :

262 1475 315 1494 non
336 1472 363 1494 ut
388 1468 560 1495 mutationem
581 1468 745 1499 substantirc,
766 1467 843 1499 absit,
866 1467 911 1493 sed
935 1471 963 1492 nt
982 1473 1051 1492 vera:

261 1513 347 1539 carnis
356 1513 564 1547 assmnptiouem
574 1513 731 1540 declararet.
744 1511 968 1546 Quemadmodum
981 1511 1049 1538 enim

260 1565 320 1584 cum
342 1557 415 1590 dicit,
440 1557 553 1584 Christus
576 1566 620 1584 nos
639 1558 751 1584 liberavit
773 1557 804 1584 de
821 1557 952 1584 maledicto
979 1557 1049 1591 legis,

262 1602 342 1636 {nctus
357 1611 402 1637 pro
417 1602 487 1630 nobis
502 1603 660 1629 maledictum
679 1602 750 1636 (Gul.
766 1602 791 1630 5.
808 1602 862 1637 l3),
878 1610 930 1629 non
950 1602 1050 1636 signiﬁ-

256 1653 302 1674 cat
322 1647 494 1675 substantiam
510 1656 584 1675 suam
599 1656 613 1674 a
628 1649 711 1682 gloria
732 1648 926 1679 abscedentem,
948 1647 973 1673 in
993 1655 1051 1674 ma-

264 1693 387 1720 ledictum
407 1701 510 1721 versant
530 1701 589 1721 esse
605 1693 679 1728 (illud
699 1694 769 1720 enim
786 1701 818 1720 ne
837 1693 972 1720 (ltetnones
992 1693 1051 1727 qni-

261 1738 332 1770 dem,
349 1747 435 1774 neque
450 1739 492 1766 vel
513 1739 661 1765 SilllllSsillli
677 1743 704 1765 et
723 1743 842 1765 amentes
861 1738 1050 1773 cogitaverim;

264 1789 361 1811 tantam
379 1792 473 1819 nempe
490 1784 558 1818 sapit
581 1784 643 1811 illud
659 1791 720 1810 etnn
735 1783 868 1818 impietate
882 1784 1051 1818 eonjunctam

262 1829 412 1864 stultitiam)
428 1838 434 1856 :
451 1837 503 1856 non
524 1830 603 1864 igitur
615 1828 666 1857 hoc
679 1829 752 1860 dicit,
775 1829 820 1856 sed
839 1829 923 1864 ipsum
945 1835 1053 1865 acchto

263 1874 318 1907 illo,
333 1875 402 1909 quod
416 1881 507 1902 contra
522 1882 569 1902 nos
583 1879 649 1907 erat,
664 1874 816 1906 maledicto,
833 1882 885 1902 non
904 1875 990 1902 sinere
1004 1884 1053 1903 nos

263 1921 375 1954 amplius
391 1921 545 1948 mnledictos
559 1928 618 1948 esse
634 1929 640 1947 :
657 1921 695 1948 sic
707 1924 733 1947 et
751 1920 801 1948 hoc
816 1920 874 1948 loco
886 1920 949 1948 dicit
967 1921 1051 1956 ipsum

262 1972 369 1992 carnem
388 1966 483 1998 factum
497 1974 565 1998 esse,
581 1974 633 1993 non
651 1971 749 1993 mutata
764 1966 789 1992 in
803 1973 909 1993 carnem
928 1966 1051 1993 substan-

264 2010 308 2042 tia,
326 2010 372 2037 sed
388 2015 446 2045 post
465 2017 600 2046 accoptam
615 2019 722 2038 carnem
744 2012 787 2039 illa
806 2013 902 2040 intacta
917 2018 1051 2039 matteulc.

263 2055 339 2088 Quod
353 2056 375 2083 si
392 2056 514 2087 dixerint.
532 2057 614 2084 Deum
632 2062 658 2084 ut
679 2058 722 2092 qui
738 2058 825 2084 onmia
845 2058 935 2092 possit,
954 2058 978 2084 in
995 2065 1052 2085 car-

264 2110 324 2129 nem
347 2102 470 2130 decidere
493 2103 610 2138 potnisse
634 2112 640 2129 :
664 2103 884 2138 respondebimus
906 2103 968 2137 illis,
992 2112 1052 2131 enm

263 2149 352 2175 runnia
368 2157 444 2182 posse
458 2149 542 2176 donec
555 2154 642 2176 manct
657 2149 727 2176 Deus
740 2158 746 2182 ;
768 2149 813 2177 scd
834 2149 856 2176 si
879 2150 1050 2176 mutationem

263 2194 408 2225 admiserit,
425 2195 477 2221 imo
491 2196 663 2222 mutationem
680 2195 707 2222 in
729 2197 814 2229 pejus,
829 2195 962 2230 quomodo
984 2196 1052 2222 Dens

265 2238 362 2265 fixerit?
374 2238 439 2265 Nam
456 2239 560 2271 nmtari,
579 2240 655 2274 longe
671 2244 712 2266 cst
727 2240 760 2266 ab
781 2240 923 2266 immortali
941 2240 983 2266 iila
1004 2248 1053 2266 na-

264 2289 331 2309 tura.
345 2284 512 2318 Quapropter
523 2285 648 2319 pmpheta
664 2284 767 2312 dicebat
781 2293 787 2312 :
801 2284 893 2311 Omnes
904 2285 967 2311 sicut
982 2285 1054 2311 resti-

264 2332 373 2353 mentnnt
395 2333 556 2358 retentarent,
582 2334 604 2355 ct
624 2329 686 2355 sicut
705 2329 858 2363 opertorium
876 2329 982 2355 mutubia
1000 2337 1051 2362 eos,

263 2377 285 2398 ct
301 2375 468 2400 mutat-untur.
488 2373 526 2400 Tu
539 2379 620 2400 autem
637 2374 701 2400 illum
718 2374 771 2408 ipse
783 2382 819 2406 es,
832 2379 856 2401 et
870 2375 929 2401 anni
945 2375 981 2401 tui
1003 2384 1053 2401 nan

264 2418 379 2452 deﬁcient
391 2418 474 2453 (I’snl.
494 2420 552 2446 101.
564 2419 621 2454 ‘27).
638 2420 698 2446 ll.ec
713 2421 809 2455 quippe
824 2421 969 2448 substantia
981 2421 1052 2448 omni

262 2463 408 2490 mutatione
428 2465 549 2498 superior
569 2469 617 2491 est.
642 2464 732 2499 Neque
753 2465 823 2492 aliud
851 2466 985 2500 quidpiam
1009 2467 1052 2493 illo

263 2509 357 2536 melius
374 2513 424 2542 est,
441 2515 467 2537 ut
486 2510 647 2544 proﬁciendo
667 2512 749 2546 possit
770 2511 802 2539 ad
817 2513 878 2539 illud
903 2513 1050 2548 pervenire.

293 2596 328 2627 (tl)
345 2597 386 2620 tlie
403 2595 456 2630 illos
473 2597 602 2621 insectatur
613 2597 749 2626 hzereticos,
761 2598 936 2630 qui'putarent
951 2599 1050 2624 simula-

262 2630 309 2650 tnn
327 2634 383 2661 esse
403 2627 606 2661 incarnationem;
619 2635 708 2661 nempe
725 2627 879 2661 simulatione
896 2634 921 2654 et
937 2631 1050 2661 opinione

262 2661 354 2691 tantum
368 2658 390 2682 in
402 2659 615 2691 carnemlvenisse
626 2658 745 2691 Verbum,
759 2660 909 2689 ell'ulientcs,
922 2658 995 2690 δςιξσιι
1006 2662 1051 2685 sci-

263 2687 327 2715 licet,
345 2695 399 2742 (lpus
412 2695 456 2712 vox
477 2690 543 2713 initio
560 2691 680 2714 nascentis
697 2690 809 2715 Ecclesia:
825 2697 838 2714 a
856 2687 1052 2715 novitloribusin-

263 2718 332 2741 duum
360 2725 390 2742 utt
401 2737 407 2742 .
425 2724 451 2742 ut
468 2720 551 2742 videas
567 2721 628 2742 amid
643 2721 762 2742 lmiatlnm
781 2721 886 2742 Ιίιιίεςιιιιει
904 2722 932 2742 ad
951 2722 1050 2742 ‘Irallii-

261 2718 333 2753 ducta
351 2718 390 2742 Γυιι
401 2737 407 2745 ,
425 2720 551 2753 ut__\'i_dcas
562 2721 628 2753 apud
643 2721 762 2753 lguatlum
781 2721 887 2752 Epistula
904 2722 933 2745 ad
951 2722 1050 2746 ‘Irallii-

263 2754 315 2783 nos.
330 2750 437 2779 itemque
450 2750 476 2780 Et,
487 2751 525 2783 ist.
538 2751 567 2774 ad
578 2750 717 2782 Smyrniros.
733 2750 892 2776 lilant’auteni
907 2759 991 2776 vocem
1009 2756 1050 2776 la-

262 2781 313 2802 tine
325 2786 471 2814 conversam
489 2781 564 2814 huch
579 2781 641 2812 apud
661 2783 792 2809 lrenmum.
805 2784 846 2807 ubi
864 2787 936 2814 hum;
948 2783 1051 2813 pntutire

262 2812 405 2844 exprimitur
417 2812 483 2844 libro
494 2812 514 2841 l.
524 2816 548 2836 et
564 2814 733 2843 sequentibus.
747 2813 903 2844 subindeque
916 2812 956 2837 alii
969 2817 1003 2837 ss.
1012 2818 1051 2838 Pa-

262 2843 313 2865 tres
324 2841 385 2865 hanc
398 2843 509 2867 lia-resin]
521 2841 748 2868 commentor-urunt.

1097 186 1164 220 Quid
1178 186 1237 213 dico
1257 186 1371 213 melius?
1390 186 1459 213 Nihil
1474 187 1498 213 ei
1517 193 1565 221 par
1579 191 1628 218 est,
1651 187 1691 214 vel
1712 186 1844 214 tantillum
1857 188 1893 214 ad

1097 233 1169 260 illum
1183 232 1290 260 accedit.
1310 232 1437 268 Sequitur
1447 240 1511 267 ergo
1526 233 1611 267 ipsum
1626 233 1651 260 in
1668 233 1742 267 pejus
1759 238 1889 261 mutatum

1097 285 1156 304 eSse
1167 278 1188 305 si
1202 283 1319 305 mutatus
1331 279 1374 305 sit.
1391 278 1447 306 Hoc
1457 282 1547 305 autem
1563 285 1615 305 non
1630 282 1717 312 potest
1732 278 1802 305 Dens
1820 285 1889 305 esse.

1097 324 1149 350 Sed
1167 324 1330 359 blasphemia
1345 324 1371 351 in
1382 329 1462 358 caput
1476 331 1580 356 eorum,
1602 325 1645 358 qui
1667 324 1724 351 hare
1741 324 1890 359 proferunt,

1097 373 1224 396 vertatur.
1235 368 1311 402 Quod
1326 370 1396 397 enim
1416 369 1491 402 illud,
1510 369 1618 396 Factum
1633 374 1681 402 est,
1711 369 1771 397 ideo
1790 370 1890 397 dictum

1097 415 1141 449 sit,
1158 420 1187 443 ut
1199 424 1232 443 ne
1247 416 1413 450 phantasiam
1425 423 1485 443 esse
1498 416 1650 450 suspiceris,
1667 415 1848 444 animadverte
1858 423 1891 443 ex

1098 461 1129 488 iis
1142 470 1201 496 qua:
1215 466 1371 497 seqtnmtnr,
1388 462 1520 497 quomodo
1545 467 1572 489 et
1589 462 1686 489 dictum
1703 462 1766 489 illml
1780 466 1807 489 et
1829 469 1891 496 pra-

1097 515 1156 534 vam
1173 508 1240 535 hanc
1265 508 1442 542 suspicionem
1466 512 1606 543 expurget.
1631 507 1726 535 Subdit
1750 508 1832 539 etaim,
1855 507 1890 534 Et

1098 553 1217 580 habitavit
1231 554 1256 579 in
1270 553 1350 586 nobis,
1366 560 1398 580 ac
1418 553 1439 580 si
1455 553 1556 581 diceret
1570 561 1578 580 :
1592 553 1663 580 Nihil
1679 553 1823 580 absurdum
1844 560 1891 580 su-

1096 599 1208 634 spiceris
1219 606 1250 626 ex
1262 599 1312 626 hoc
1324 599 1409 632 dicto,
1425 599 1530 626 Factum
1542 605 1588 627 eat.
1607 599 1666 627 Non
1681 600 1752 627 enim
1766 601 1891 627 immuta-

1098 644 1158 671 bilis
1182 649 1283 672 natura:
1307 646 1498 678 mutationem,
1528 645 1574 672 sed
1604 645 1795 673 habitationem
1821 645 1890 672 disi.

1099 689 1230 717 llahitatio
1240 694 1329 718 autem
1351 698 1404 717 non
1425 690 1537 725 idipsum
1551 695 1592 718 est
1613 691 1684 726 quod
1699 690 1889 723 habitaculum,

1098 735 1144 762 sed
1160 735 1240 762 aliud.
1255 735 1332 762 Aliud
1347 736 1418 763 enim
1431 736 1456 762 in
1470 736 1522 763 alio
1534 735 1651 768 habitat;
1667 736 1734 763 alias
1751 736 1821 763 enim
1836 742 1889 762 non

1099 785 1169 808 esset
1184 781 1311 808 habitatio
1327 790 1334 808 τ
1349 781 1415 808 nihil
1436 782 1506 809 enim
1529 782 1555 809 in
1577 782 1666 816 seipse
1683 781 1795 808 habitat.
1812 781 1890 808 Aliud

1099 834 1162 853 vero
1175 826 1230 853 dixi
1243 826 1387 854 secundum
1401 827 1587 854 substantiam.
1601 826 1667 854 Nam
1679 827 1780 854 unitate
1792 831 1817 853 et
1827 833 1892 853 etm-

1096 871 1233 905 junetione
1247 872 1317 900 Deus
1333 872 1448 900 Verbum
1465 876 1490 899 et
1502 880 1565 900 caro
1576 879 1658 900 unum
1669 876 1731 900 sunt
1745 881 1751 899 :
1766 873 1824 899 sine
1840 871 1891 899 ulla

1099 916 1263 950 confusione,
1274 917 1314 944 vel
1326 918 1531 945 snbstantiarmn
1543 918 1687 949 ablatione,
1699 917 1745 945 sed
1756 925 1802 952 per
1813 917 1891 943 unin-

1101 971 1160 990 nem
1171 963 1330 991 inclibbilem
1351 964 1624 999 inexplicabilemque.
1646 964 1784 997 Quomodo
1802 968 1890 990 autem

1100 1009 1125 1036 id
1152 1010 1194 1036 tiat
1221 1017 1254 1036 ne
1272 1017 1393 1044 quaeras;
1417 1009 1514 1037 factum
1529 1015 1569 1037 est
1584 1009 1654 1036 enim
1679 1015 1706 1036 ut
1728 1009 1784 1043 ipse
1807 1009 1889 1035 novit.

1100 1054 1239 1088 Quodnam
1256 1062 1319 1090 ergo
1340 1055 1388 1082 fuit
1412 1055 1602 1086 habitaculum,
1624 1055 1651 1081 in
1672 1062 1725 1089 quo
1746 1054 1891 1080 habitavit?

1101 1100 1169 1127 Audi
1193 1100 1348 1135 prophetam
1371 1100 1502 1127 dicentem
1526 1109 1532 1126 :
1555 1099 1687 1127 Suscitabo
1702 1098 1890 1126 Inberiwculnm

1101 1145 1194 1179 David,
1207 1146 1273 1181 quod
1286 1147 1373 1173 cecidit
1385 1146 1482 1181 (.lmas.
1495 1146 1521 1174 9.
1537 1147 1591 1181 ll).
1607 1145 1676 1173 Vere
1689 1153 1805 1180 namque
1818 1145 1889 1172 ccci.

1101 1192 1148 1222 dit,
1163 1193 1257 1218 crcidit
1276 1196 1367 1219 natura
1383 1197 1472 1219 nostra
1497 1200 1561 1218 casu
1576 1191 1725 1224 incurabili,
1748 1191 1889 1225 et'potenti

1102 1237 1146 1264 illa
1160 1246 1239 1264 manu
1253 1239 1309 1265 Sola
1323 1238 1427 1274 egebat.
1444 1238 1534 1273 Neque
1545 1239 1615 1265 enim
1631 1243 1735 1272 poterat
1745 1238 1799 1264 alio
1813 1237 1892 1264 modo

1102 1293 1251 1320 re~nrgcre,
1267 1285 1316 1312 nisi
1333 1285 1354 1312 is
1369 1285 1413 1320 qui
1428 1285 1452 1312 in
1467 1285 1596 1320 principio
1609 1285 1680 1311 illam
1694 1283 1890 1315 emirmarcrat,

1103 1331 1152 1364 ipsi
1168 1338 1274 1357 manum
1289 1331 1459 1365 perrexisset,
1473 1335 1497 1357 ct
1508 1338 1623 1364 superne
1637 1330 1708 1356 illam
1722 1330 1892 1357 rel'onnassct

1102 1383 1149 1409 per
1164 1383 1238 1410 aqua:
1259 1376 1486 1410 regenerationem
1508 1380 1536 1403 et
1553 1375 1677 1410 Spiritus.
1693 1375 1726 1402 Et
1747 1375 1806 1401 vide
1827 1374 1890 1401 mihi

1102 1421 1264 1448 h-n'rendnm
1279 1426 1305 1448 et
1318 1429 1443 1449 arcanum
1454 1422 1620 1457 mysterium.
1632 1421 1744 1456 Semper
1752 1420 1850 1447 habitat
1866 1420 1891 1446 in

1104 1467 1153 1494 hoc
1181 1467 1499 1495 tabernaculowarnem
1527 1467 1625 1502 quippe
1653 1471 1768 1494 nostram
1797 1466 1891 1496 Ind-:it.

1104 1522 1154 1539 nnn
1172 1519 1198 1540 ut
1217 1519 1306 1548 postea
1330 1514 1500 1549 relinqueret,
1524 1513 1570 1540 sed
1586 1513 1656 1540 illam
1677 1519 1784 1547 semper
1802 1517 1892 1539 scenm

1104 1559 1119 1585 h
1140 1559 1249 1586 luiturus.
1268 1559 1320 1586 Nisi
1337 1559 1409 1586 enim
1420 1559 1471 1586 hoc
1480 1563 1562 1590 esset,
1578 1567 1630 1586 non
1646 1558 1716 1585 illam
1733 1558 1806 1592 regio
1825 1557 1893 1584 solio

1104 1606 1225 1640 dignatus
1234 1610 1315 1639 esset,
1328 1613 1413 1641 neque
1423 1606 1504 1640 ipsam
1516 1604 1604 1632 ferens
1613 1604 1812 1631 adorarctnrab
1821 1603 1892 1630 omni

1103 1652 1201 1679 cmlcsti
1225 1651 1355 1685 exercitu,
1376 1651 1410 1678 ab
1430 1651 1541 1686 angelis,
1566 1650 1731 1685 archangelis
1745 1670 1751 1680 ,
1780 1649 1891 1680 tiu-onis,

1104 1697 1346 1730 duminationibns,
1376 1697 1586 1733 principatibus,
1616 1696 1800 1731 potestatibus.
1829 1695 1894 1729 Qui:

1104 1751 1203 1775 sermo,
1216 1751 1275 1778 qua:
1286 1751 1372 1776 mens,
1390 1748 1491 1770 tantum
1512 1742 1585 1769 illum
1598 1742 1727 1769 honorem
1743 1741 1831 1776 generi
1846 1748 1894 1768 no-

1103 1794 1160 1816 stro
1172 1789 1307 1822 collatum,
1332 1788 1562 1823 snpernaturalem
1587 1788 1660 1815 illum
1683 1792 1709 1815 et
1732 1786 1893 1814 horrendum

1103 1834 1237 1869 evplicare
1254 1835 1369 1869 poterit?
1393 1833 1458 1868 Quis
1479 1833 1605 1868 angelus?
1619 1833 1678 1868 quis
1698 1831 1894 1867 arcbangr-lnsi

1104 1880 1198 1907 Nullus
1212 1889 1320 1916 nsquam
1334 1881 1375 1908 v'el
1389 1881 1414 1907 in
1429 1880 1496 1908 ezelo
1511 1880 1551 1907 vel
1572 1880 1598 1907 in
1613 1885 1694 1907 terra.
1709 1879 1781 1906 'l'alia
1796 1881 1896 1914 quippe

1105 1931 1166 1954 sunt
1178 1927 1223 1954 Dei
1240 1935 1331 1962 opera,
1345 1931 1416 1954 tanta
1431 1931 1538 1962 tamque
1550 1926 1759 1961 supernaturalin
1773 1926 1831 1960 ejus
1847 1926 1894 1952 In:-

1105 1972 1209 2005 ncticia,
1222 1978 1250 1999 nt
1263 1981 1315 2000 non
1331 1973 1409 2000 modo
1420 1972 1562 2000 humanam
1575 1972 1700 2006 linguam,
1713 1971 1758 1999 sed
1773 1975 1800 1999 et
1811 1978 1895 2005 ange-

1105 2018 1182 2046 licam
1206 2019 1329 2046 virtutem
1357 2022 1465 2053 superet
1492 2025 1584 2045 eorum
1613 2021 1736 2045 accurata
1767 2017 1893 2044 narratio.

1105 2063 1282 2097 Quamobrem
1298 2071 1346 2091 nos
1361 2064 1516 2091 concionem
1528 2063 1596 2090 hanc
1607 2063 1714 2090 silentio
1728 2062 1893 2096 clandemns,

1105 2119 1164 2137 cum
1185 2118 1232 2138 vos
1256 2111 1447 2143 monuerimus,
1469 2115 1498 2137 nt
1521 2110 1683 2137 benef-actori
1711 2114 1784 2136 tanto
1808 2109 1895 2136 vicem

1100 2156 1266 2191 rependatis,
1282 2156 1357 2190 cujus
1375 2157 1413 2184 rei
1427 2157 1529 2184 lucrum
1550 2160 1634 2182 totum
1652 2155 1727 2182 nobis
1743 2160 1834 2190 postea
1847 2163 1895 2182 re—

1106 2201 1243 2235 pendetnr.
1252 2201 1343 2228 Vicem
1353 2207 1440 2228 autem
1450 2201 1628 2236 rependimus,
1641 2201 1661 2227 si
1671 2207 1791 2235 magnam
1799 2200 1896 2227 anima:

1106 2251 1204 2272 nnstra-
1229 2253 1319 2273 curam
1342 2246 1498 2273 habeamus.
1522 2245 1588 2273 Nam
1604 2250 1629 2273 et
1650 2245 1701 2272 hoc
1726 2246 1896 2280 benignitatis

1106 2293 1176 2320 illius
1191 2301 1257 2328 opus
1280 2298 1332 2326 est,
1358 2299 1386 2320 ut
1406 2301 1466 2320 cum
1491 2293 1563 2320 ιιιιΙΙο
1589 2298 1710 2319 nostrum
1734 2297 1819 2327 egeat,
1845 2293 1895 2319 sibi

1106 2340 1188 2366 vicem
1205 2339 1312 2374 rependi
1332 2339 1412 2370 dicat,
1436 2347 1496 2366 cum
1517 2347 1565 2366 nos
1578 2339 1693 2365 animam
1708 2343 1826 2365 nostram
1843 2345 1895 2365 non

1106 2385 1272 2420 negliginms.
1288 2384 1464 2418 Quamobrem
1480 2389 1607 2411 extremm
1626 2383 1750 2410 amentia:
1770 2387 1851 2415 esset,
1871 2388 1897 2410 et

1105 2430 1250 2457 innumeris
1261 2430 1367 2464 dignum
1379 2429 1525 2464 suppliciis,
1542 2434 1642 2456 tantum
1654 2433 1833 2463 consequutus
1850 2428 1898 2455 hu-

1105 2484 1208 2508 norem,
1225 2483 1276 2502 ιιοιι
1292 2483 1321 2502 ea
1335 2483 1395 2510 quin
1407 2482 1488 2509 [lCllCS
1503 2482 1550 2501 IIOS
1565 2479 1627 2501 Slllll
1638 2473 1751 2506 referre,
1767 2481 1829 2500 eum
1842 2481 1898 2500 ma-

1105 2521 1175 2548 xime
1198 2525 1251 2547 tota
1272 2521 1310 2548 rei
1334 2521 1432 2547 utilitas
1447 2521 1472 2547 in
1493 2527 1542 2547 nos
1556 2519 1696 2551 redundet,
1715 2524 1742 2546 et
1756 2519 1896 2546 innumera

1105 2567 1181 2594 nobis
1195 2567 1220 2594 in
1234 2566 1312 2600 hujus
1326 2566 1364 2593 rei
1380 2565 1530 2593 mercedem
1543 2566 1659 2599 reposita
1676 2565 1744 2592 bona
1766 2566 1828 2591 sint.
1846 2564 1897 2591 l‘ro

1106 2612 1145 2640 his
1163 2621 1225 2640 vero
1250 2612 1372 2638 omnibus
1396 2612 1509 2646 gloriam
1534 2611 1681 2638 referamus
1707 2611 1898 2645 benignissimo

1104 2658 1170 2691 Deo,
1185 2666 1237 2685 non
1249 2658 1337 2684 verbis
1351 2662 1464 2685 tantum.
1485 2656 1532 2683 sed
1551 2657 1636 2684 mtto
1655 2656 1739 2690 magis
1758 2655 1894 2690 operibus.

1105 2709 1133 2730 ut
1149 2703 1234 2730 futura
1259 2710 1454 2736 consequamur
1478 2701 1545 2728 bona
1567 2711 1573 2728 :
1593 2709 1652 2736 qua:
1678 2701 1778 2728 utinam
1802 2708 1895 2727 omnrs

1105 2748 1291 2782 adipiscantur,
1309 2747 1392 2781 gratia
1407 2751 1434 2773 ct
1448 2747 1608 2781 benignitate
1625 2746 1728 2772 Domini
1741 2745 1894 2772 nostriJcsn

1103 2792 1213 2824 Christi,
1228 2799 1275 2826 per
1287 2799 1365 2826 quem
1380 2796 1406 2818 et
1425 2799 1485 2818 cum
1500 2799 1552 2826 quo
1567 2790 1636 2817 Patri
1652 2790 1747 2825 gloria,
1763 2790 1894 2825 siinulqno

1105 2839 1214 2874 Spiritui
1226 2843 1328 2871 sancto,
1345 2838 1370 2865 in
1384 2838 1480 2865 sarcula
1497 2837 1666 2865 somniorum.
1683 2838 1778 2864 Amen.
