2040 3113
164 150 192 180 Si
721 140 756 167 lN
776 137 931 168 ΙΟΑΝΜΞΜ
947 138 971 164 ll‘

1023 138 1061 163 ll..
1082 137 1138 164 XII.
1159 138 1193 164 al.
1215 135 1260 164 XI.
1760 139 1794 166 82

165 208 767 225 _____________________

858 241 1028 273 HOMILIA
1061 242 1131 272 XII.

167 328 196 356 Et
220 327 326 354 vidimus
349 325 455 361 gloriam
475 325 539 359 ejus,
566 322 672 358 gloriam
692 319 764 354 quasi
789 316 917 353 Unigmiti
937 323 952 341 α

324 370 410 401 Patre,
426 370 526 404 plenum
539 368 627 403 gratim
640 372 662 393 et
676 365 796 393 veritatis.

203 420 227 446 i.
244 417 324 445 Forte
342 416 402 451 plus
421 423 499 450 quam
522 422 568 449 par
581 417 639 441 erat
654 412 729 439 vobis
747 418 830 445 nuper
848 409 953 436 onerosi

166 471 192 492 ct
207 464 310 491 molesti
327 463 435 493 fuimus,
451 461 546 488 acriori
561 461 600 487 usi
614 465 747 489 sermone,
763 462 790 484 et
805 458 881 492 longa
895 464 956 484 con-

168 516 206 537 tra
222 509 366 536 multarunt
390 507 517 534 desidiam
532 505 652 532 oratione
665 503 764 530 habita.
780 502 877 529 Verum
892 502 914 528 si
930 501 955 528 id

169 555 306 582 mordendi
326 554 413 581 solum
433 560 511 580 causa
525 551 688 583 fecissemus,
701 550 761 584 jure
771 548 847 576 nobis
860 548 955 582 singuli

169 603 373 631 succenserent;
386 599 407 625 si
424 606 486 625 vero
502 597 643 624 utilitatem
660 600 773 622 vestram
792 597 955 629 spectantes,

169 645 319 673 auditorum
330 644 441 679 gratiam
453 643 520 670 inire
531 650 582 669 non
593 640 754 673 curavimus,
770 639 873 666 etiamsi
885 639 956 665 illam

170 690 304 726 profectus
316 689 399 717 vestri
419 696 519 720 curam,
529 695 608 722 quam
621 686 760 721 gessimus,
768 689 902 719 acceptam
913 683 958 710 ha-

171 737 234 764 bere
249 736 350 768 nolitis,
373 735 456 761 amori
474 734 568 761 saltem
583 737 674 760 nostro
689 731 792 758 veniam
807 729 968 758 concedatis.

171 785 284 816 Oportet.
295 780 443 808 Admodum
455 779 524 806 enim
535 779 668 810 timemus,
677 786 710 804 ne
718 776 794 804 nobis
803 783 863 803 cum
872 775 959 802 studio

173 828 255 854 multo
269 826 498 859 concionautibus,
521 824 595 851 vobis
614 827 702 850 autem
723 822 801 849 dictis
822 821 960 848 attendere

174 873 376 908 negligentibus.
387 872 522 906 graviores
535 870 609 897 vobis
620 869 736 896 rationes
745 867 886 896 reddendae
897 867 958 893 sint.

175 920 235 946 Ideo
248 926 329 953 cogor
344 926 390 945 vos
410 917 562 952 frequenter
576 915 692 942 excitare
704 919 732 942 et
747 912 960 948 expergefaccre,

175 965 345 991 nedictorum
353 961 485 997 quidpiam
495 960 622 988 inutiliter
631 959 731 987 efﬂuat.
740 958 795 986 Hoc
804 958 873 985 enim
885 961 961 991 pacto

175 1009 264 1037 licebit
276 1008 352 1036 vobis
364 1008 476 1035 lidcnter
490 1011 516 1034 et
527 1007 570 1034 hic
584 1006 682 1038 vivere,
698 1009 726 1032 et
740 1004 765 1032 in
783 1004 827 1031 illo
844 1003 887 1030 die
901 1007 962 1029 ante

177 1055 292 1082 tribunal
310 1053 409 1081 Christi
423 1053 540 1080 adstare.
559 1051 624 1084 Quia
643 1051 722 1085 igitur
737 1056 783 1076 vos
803 1055 886 1082 nuper
899 1048 963 1074 satis

176 1100 390 1135 perstrinximus,
404 1106 452 1133 age
467 1098 545 1125 hodie
559 1098 648 1125 statim
663 1097 717 1131 ipsa
738 1095 816 1123 verba
833 1102 964 1130 propona-

177 1153 246 1173 mus.
257 1145 411 1177 Elvidimns,
422 1143 627 1179 iuquit,gloriam
635 1143 698 1176 ejus,
708 1140 891 1177 gloriamquast'
902 1139 965 1167 Uni—

134 1195 138 1202 ‘
177 1193 254 1228 geniti
263 1200 278 1218 a
292 1191 380 1218 Patre.
394 1191 535 1225 Postquam
551 1189 656 1216 dixerat
669 1195 717 1215 nos
727 1187 794 1214 ﬁlios
802 1186 848 1213 Dei
857 1185 966 1213 cﬂ‘ectos

176 1246 247 1272 esse,
262 1242 290 1265 et
305 1236 458 1265 ostenderat
474 1243 525 1263 non
539 1235 591 1262 alio
606 1234 684 1262 modo
699 1233 724 1260 id
739 1232 871 1263 evenisse,
887 1238 965 1265 quam

178 1283 249 1318 quod
261 1283 377 1310 Verbum
384 1289 445 1309 caro
457 1281 552 1308 factum
563 1285 642 1312 esset,
652 1279 721 1306 aliud
731 1279 792 1306 hinc
800 1277 965 1304 emolumen-

179 1334 234 1356 tum
248 1329 402 1364 provenisse
415 1327 487 1354 dirit.
498 1326 636 1360 Quodnam
646 1325 710 1352 illud
718 1323 775 1350 est?
788 1323 899 1349 Vidimus
910 1322 966 1357 glo-

179 1375 246 1401 riam
254 1375 319 1409 ejus,
328 1373 434 1408 gloriam
449 1372 521 1408 quasi
535 1370 662 1406 Unigenili
675 1378 691 1396 a
707 1369 800 1396 Patre:
813 1376 865 1395 non
878 1368 968 1402 utique

181 1419 274 1451 visuri,
290 1419 339 1445 nisi
356 1426 402 1452 per
414 1418 514 1445 socium
527 1417 577 1444 sibi
591 1423 688 1450 corpus
699 1415 774 1442 nobis
792 1413 968 1449 apparuisset.

181 1465 247 1493 Nam
260 1465 283 1492 si
295 1464 392 1500 Moysis
404 1469 506 1492 natura:
527 1467 625 1490 nostrrc
642 1461 756 1488 hominis
776 1460 878 1487 vultum
901 1458 970 1486 ferre

183 1519 236 1538 non
255 1514 379 1545 poterant
403 1510 472 1536 illius
487 1508 613 1543 temporis
639 1507 770 1539 homines.
794 1506 864 1540 quod
887 1506 971 1540 gloria

184 1557 371 1587 illustraretur,
385 1555 431 1582 sed
456 1555 514 1582 velo
530 1562 597 1589 opus
615 1553 707 1580 habuit
728 1553 768 1580 vir
788 1553 886 1587 justus,
902 1551 970 1586 quod

185 1603 295 1638 gloriam
315 1602 386 1628 illam
402 1601 534 1636 ingentem
552 1598 735 1629 obumbraret,
752 1605 782 1625 ac
796 1600 885 1625 mitem
899 1597 974 1624 blan-

185 1648 299 1682 dantque
311 1647 446 1681 propheta:
460 1645 552 1672 l'aciem
568 1644 722 1671 ostenderet
736 1644 744 1658 ‘
760 1652 766 1670 z
779 1642 912 1677 quomodo
925 1650 973 1669 uu-

186 1694 246 1720 dam
261 1692 436 1723 divinitatem,
449 1691 512 1725 ipsis
523 1690 644 1724 supernis
652 1688 792 1716 virtutibus
801 1689 972 1718 inaccessam,

188 1747 238 1767 nos
251 1738 315 1766 lutei
331 1744 357 1765 et
371 1737 469 1765 terreni
482 1736 551 1763 ferre
564 1735 760 1770 potuissemus?
774 1734 835 1761 ideo
848 1733 975 1761 habitavit

190 1785 214 1811 in
229 1784 317 1816 nobis,
332 1788 362 1810 ut
383 1783 468 1817 ipsum
491 1781 574 1815 adire,
598 1781 706 1816 alloqui,
730 1787 788 1808 eum
805 1780 862 1814 ipso
876 1780 975 1807 versari

191 1831 271 1857 libere
287 1837 435 1864 possemus.

226 1874 314 1902 Gloria
335 1874 406 1909 quasi
429 1872 885 1909 Unigenitiquidait.Imperatorum
899 1879 976 1898 orna-

191 1925 229 1946 tus
244 1925 267 1946 et
283 1918 493 1952 cultus.——Quid
506 1924 594 1946 autem
615 1918 666 1945 sibi
688 1918 744 1945 vult
768 1917 844 1948 illud,
864 1917 977 1943 Gloriatu

193 1966 263 2000 quasi
290 1965 418 2000 Unigeniti
442 1973 458 1992 α
484 1964 582 1993 Patre?
603 1965 669 1998 Quia
693 1964 767 1992 multi
788 1964 976 1998 prepltetarum

194 2012 274 2046 gloria
288 2011 352 2038 clari
374 2010 490 2043 luerunt,
506 2014 534 2037 ut
549 2011 605 2043 ipse
615 2010 732 2045 Moyses,
756 2009 837 2043 Elias,
854 2009 978 2042 Elisseus;

195 2058 238 2084 ille
249 2058 328 2092 igneo
341 2060 525 2083 curruvectus
538 2075 546 2087 ,
572 2055 616 2083 hic
632 2061 758 2091 receptus
779 2065 785 2083 ι
814 2059 842 2082 et
854 2055 981 2089 pastillos

196 2102 286 2129 Daniel
296 2106 322 2129 et
333 2106 387 2129 tres
400 2101 484 2136 pueri,
501 2101 598 2136 aliique
616 2101 730 2135 plurimi,
757 2105 887 2135 quotquot
903 2101 979 2128 mira-

195 2148 253 2175 cula
268 2152 416 2182 patrarunt,
440 2147 524 2181 gloria
546 2145 676 2181 splendidi
698 2145 771 2173 fuere
786 2154 792 2171 ε
809 2145 894 2180 angeli
913 2153 980 2180 quo-

196 2201 256 2227 que,
270 2192 314 2227 qui
330 2192 480 2222 hominibus
494 2195 723 2226 apparuerunILet
739 2195 839 2218 natura:
856 2198 912 2219 sine
931 2191 984 2219 lul-

195 2246 286 2273 gorem
303 2238 453 2267 heminibus
472 2237 647 2265 exltibnerunt
663 2247 669 2264 :
685 2245 770 2272 neque
788 2238 982 2273 angelisolnm,

195 2283 242 2310 sed
256 2283 337 2310 etiam
358 2282 500 2310 Cherubini
513 2288 542 2310 et
560 2282 698 2317 Seraphini
711 2290 771 2311 cum
791 2283 872 2318 gloria
889 2290 983 2318 magna

195 2329 333 2364 propheta:
349 2336 495 2363 apparuere
514 2337 521 2355 :
542 2328 574 2355 ab
598 2328 670 2355 hisce
695 2335 774 2362 porro
796 2328 918 2355 omnibus
936 2336 985 2355 nos

197 2379 325 2402 avertens
339 2374 513 2408 evangelista,
525 2378 603 2408 atque
617 2378 829 2401 acreaturarum
840 2381 985 2402 οοῐιςρμό-

197 2427 311 2454 rumque
326 2424 476 2446 nostrorum
496 2419 637 2454 splendore
657 2423 773 2447 mentem
789 2419 924 2447 adducens
936 2427 986 2446 no-

196 2469 293 2497 stram,
309 2463 335 2491 in
354 2464 412 2498 ipso
428 2471 475 2491 nos
494 2464 629 2491 bonorum
637 2464 752 2491 culmine
768 2464 913 2491 constituit.
929 2463 986 2491 Non

197 2510 270 2537 enim
287 2509 436 2545 prophetae,
455 2517 505 2537 non
520 2510 617 2545 angeli,
632 2517 683 2537 non
699 2509 861 2545 archangeli,
875 2517 926 2537 non
941 2516 988 2536 su-

199 2562 344 2589 pcrnarum
369 2555 506 2586 virtutum,
521 2563 572 2582 non
594 2555 702 2582 alterius
716 2559 813 2582 creata:
833 2559 944 2588 naturai,
966 2555 988 2581 si

198 2609 248 2635 qua
262 2600 297 2627 sit
310 2600 378 2632 alia;
404 2600 451 2627 Sed
468 2601 549 2634 ipsius
573 2601 685 2634 Domini,
700 2601 783 2635 ipsius
802 2600 892 2635 Regis,
907 2600 989 2635 ipsius

200 2654 264 2673 vere
276 2646 405 2681 nnigeniti
418 2646 487 2680 Filii,
502 2647 620 2674 omnium
632 2652 748 2674 nostrum
763 2647 865 2674 Domini
879 2647 989 2682 gloriam

202 2690 327 2719 vidimus.
344 2691 411 2719 lllud
432 2696 531 2726 autem,
553 2691 642 2725 Quasi,
663 2700 714 2720 non
737 2692 915 2720 similitudinis
938 2696 996 2724 est,

233 2803 242 2819 ο
256 2803 291 2842 ’ἴμεν
303 2805 386 2842 Morel.
400 2805 501 2842 legitur,
512 2810 538 2842 et
549 2808 612 2837 quod
623 2806 647 2833 in
659 2808 732 2841 ipsius
744 2813 840 2842 aspectu
858 2814 910 2836 erat
929 2810 992 2836 Dolo»

1009 324 1094 352 neque
1114 319 1258 353 parabolas,
1279 319 1326 348 sed
1349 321 1559 349 conﬁrmationis
1586 327 1611 349 ot
1633 323 1795 350 definitionis

1007 363 1072 390 nnlli
1085 363 1165 391 dubio
1176 364 1314 398 obnoxia};
1329 372 1360 393 ac
1371 366 1392 393 si
1406 367 1526 394 diceret:
1545 368 1662 396 Vidimus
1672 369 1793 402 gloriam,

1007 411 1111 445 qualem
1126 411 1236 439 decubat
1251 411 1348 439 habere
1364 413 1526 447 unigenitqu
1540 419 1564 441 et
1579 422 1734 449 germanum
1751 414 1794 441 Fi-

1009 457 1071 483 limn
1088 457 1144 489 Dei,
1167 458 1350 484 universorqu
1371 458 1460 493 Ιὶρείδ.
1476 458 1502 485 ld
1520 459 1545 485 in
1561 467 1635 487 more
1652 465 1692 487 est
1714 460 1796 494 pluri-

1007 503 1074 534 mis;
1089 511 1175 538 neque
1189 504 1259 531 enim
1278 504 1406 532 recusabo
1421 511 1434 531 a
1449 505 1582 531 communi
1604 505 1796 532 consuetudine

1008 547 1033 575 id
1044 556 1174 576 asserere.
1190 548 1292 575 Etenim
1305 557 1355 575 non
1371 549 1404 576 ad
1418 549 1559 576 verborum
1574 550 1700 584 speciem,
1712 558 1798 585 neque

1008 594 1041 621 ad
1056 595 1134 622 seriei
1145 599 1266 622 ornatum
1281 595 1351 629 loqui
1366 596 1391 622 in
1404 596 1539 630 proposito
1551 595 1688 629 habemus,
1705 596 1751 623 sed
1765 597 1797 624 ad

1010 644 1123 667 vestram
1142 641 1227 668 solum
1249 641 1405 673 utilitatem;
1431 646 1592 675 quapropter
1610 640 1675 667 nihil
1698 641 1797 674 ol’iicit,

1009 686 1149 720 quominus
1170 694 1185 712 a
1204 687 1336 713 communi
1360 686 1552 713 consuetudine
1573 686 1597 713 id
1615 687 1798 713 conﬁrmetur.

1010 731 1137 765 Qua-nam
1145 736 1185 758 est
1194 732 1236 758 illa
1247 731 1390 758 multorum
1399 731 1580 758 consuetudo?
1589 731 1700 765 Quidam
1710 739 1800 766 regem

1011 778 1208 804 ornatissimum
1218 777 1347 810 videntes,
1358 781 1385 805 et
1396 777 1519 812 pretiosis
1529 777 1645 812 undique
1659 777 1800 812 fulgentem

1013 822 1152 856 lapidibus,
1166 822 1294 857 siquando
1307 823 1377 849 illam
1391 822 1623 857 pulchritudinem,
1635 822 1707 849 illum
1721 830 1800 849 orna-

1013 873 1077 900 tum,
1093 868 1201 902 gloriam
1221 868 1292 895 illam
1312 868 1370 895 aliis
1391 876 1518 896 enarrare
1535 868 1626 899 velint.
1653 876 1700 903 pro
1722 868 1802 895 modo

1013 922 1061 941 suo
1075 915 1228 950 depingunt,
1247 923 1370 950 purpurte
1392 914 1494 948 ﬂorem,
1520 922 1682 949 gemmarum
1699 915 1802 948 magni-

1014 961 1141 992 tudinem,
1164 961 1294 987 mularum
1316 961 1450 993 alborem,
1474 960 1566 995 jugum
1589 967 1709 990 aureum.
1727 960 1802 986 strati

1015 1006 1143 1040 fulgorem
1161 1011 1270 1041 :postea
1283 1014 1345 1033 vero
1360 1006 1401 1033 his
1415 1006 1525 1040 aliisque
1547 1006 1637 1033 multis
1655 1006 1802 1038 recensitis,

1015 1059 1074 1079 cum
1098 1059 1150 1078 non
1173 1057 1283 1086 possunt
1302 1056 1385 1079 totum
1408 1051 1576 1086 splendorem
1599 1051 1687 1078 verbis
1706 1059 1806 1085 rt'pl'u!‘

1016 1101 1130 1130 sentarc,
1140 1098 1264 1125 continuo
1279 1097 1378 1124 addunt
1396 1106 1402 1124 :
1418 1097 1484 1130 Quid
1500 1097 1590 1124 multis
1605 1105 1670 1132 opus
1683 1098 1740 1124 est?
1752 1105 1804 1123 uno

1017 1141 1097 1168 verbo
1117 1142 1213 1174 dicam,
1233 1142 1306 1176 quasi
1331 1150 1376 1169 rex
1395 1151 1401 1167 :
1421 1150 1519 1177 perque
1545 1142 1619 1174 illud,
1641 1142 1727 1176 quasi,
1751 1150 1804 1169 non

1018 1186 1072 1221 regi
1094 1188 1207 1214 similem
1227 1188 1379 1215 describere
1392 1187 1492 1219 volunt,
1516 1188 1562 1215 sed
1585 1188 1668 1223 ipsum
1685 1196 1747 1215 vere
1761 1196 1804 1215 re-

1018 1241 1091 1268 gem.
1105 1234 1149 1260 Sic
1161 1233 1239 1268 igitur
1252 1234 1413 1269 evangelista
1429 1234 1502 1266 illud,
1521 1234 1608 1266 Quasi,
1620 1235 1708 1268 posuit
1721 1240 1748 1260 nt
1764 1233 1806 1261 itt-

1019 1280 1222 1315 comparabilem
1240 1280 1311 1307 illam
1325 1284 1349 1307 et
1367 1281 1560 1314 prmeellentem
1575 1280 1685 1314 gloriam
1696 1280 1807 1307 exhibe-

1020 1331 1069 1354 ret.
1084 1326 1134 1353 Alii
1152 1326 1248 1361 quippe
1261 1333 1362 1356 omnes,
1377 1326 1473 1360 angeli,
1486 1325 1646 1360 archangeli,
1662 1325 1807 1360 prophetat,

1019 1372 1084 1407 jussi
1099 1372 1186 1399 omnia
1200 1371 1351 1398 faciebant:
1368 1372 1423 1406 ipsc
1442 1378 1504 1398 vero
1525 1379 1584 1398 cum
1602 1375 1731 1405 potestate
1750 1378 1808 1405 qua:

1022 1426 1109 1454 regem
1123 1423 1149 1445 et
1164 1418 1299 1446 dominum
1313 1418 1419 1445 deceret
1433 1427 1439 1444 :
1452 1418 1477 1444 id
1491 1417 1561 1452 quod
1576 1417 1654 1444 etiam
1670 1417 1753 1444 turba:
1764 1418 1809 1444 mi-

1023 1465 1157 1496 rabantur,
1175 1464 1244 1499 quod
1259 1463 1365 1491 doceret
1377 1468 1509 1498 tamquam
1525 1467 1681 1497 potestatem
1699 1462 1808 1490 habens.

1057 1510 1084 1536 2.
1096 1510 1234 1537 Discrimen
1243 1509 1306 1536 inter
1316 1508 1470 1536 Clu-istumet
1480 1509 1581 1542 angelos
1591 1508 1615 1534 in
1625 1514 1690 1535 terra
1698 1508 1809 1541 aliquau-

1024 1557 1056 1583 (l0
1063 1559 1228 1583 conuersatus.
1238 1554 1629 1589 Circumstaulia:adventusejus.
1638 1554 1720 1589 Ipsius
1729 1559 1813 1588 ralem

1025 1603 1069 1635 tia,
1084 1602 1111 1629 in
1125 1602 1213 1629 ordine
1226 1602 1340 1637 physico,
1354 1602 1454 1632 morali,
1468 1601 1664 1635 sapernaluruli.
1676 1615 1711 1620 —
1722 1601 1810 1635 Appa-

1024 1653 1136 1677 ruerunt
1159 1649 1257 1684 itaque,
1279 1655 1304 1675 ut
1330 1649 1393 1680 dixi,
1411 1647 1496 1682 angeli
1516 1648 1541 1674 in
1566 1653 1635 1674 terra
1654 1654 1713 1673 cum
1729 1647 1811 1681 gloria

1026 1695 1119 1727 multa,
1148 1697 1177 1720 ut
1206 1693 1319 1725 Danieli,
1345 1692 1446 1723 Davidi,
1464 1692 1562 1727 Moysi;
1589 1692 1635 1718 sed
1662 1696 1689 1718 ιιι
1703 1692 1772 1718 servi
1786 1697 1814 1718 et

1026 1739 1135 1766 domino
1154 1738 1330 1773 obsequentes
1349 1738 1438 1765 omnia
1462 1737 1612 1764 faciebant:
1637 1737 1693 1771 ipse
1708 1744 1771 1763 vero
1786 1742 1815 1763 ut

1027 1785 1153 1812 dominus
1163 1789 1189 1812 et
1201 1785 1318 1812 onmium
1335 1784 1488 1818 imperator,
1509 1782 1559 1810 etsi
1572 1782 1622 1810 sub
1635 1782 1678 1808 vili
1694 1782 1777 1809 l'oi'iua
1789 1788 1816 1809 et

1029 1832 1120 1859 habitu
1133 1831 1285 1866 apparuerit
1303 1838 1310 1856 :
1324 1836 1440 1857 attamen
1458 1829 1496 1857 sic
1509 1837 1613 1864 quoque
1625 1833 1746 1856 creatura
1763 1829 1816 1855 Du-

1029 1879 1130 1905 minum
1138 1885 1214 1905 suum
1223 1877 1338 1912 agnovit.
1350 1875 1505 1909 Quomodo?
1513 1875 1593 1902 Stella
1606 1875 1638 1902 de
1649 1875 1715 1901 caelo
1726 1882 1816 1909 magos

1030 1924 1142 1955 vocavit,
1160 1924 1244 1958 ipsum
1259 1922 1432 1955 adoratnros;
1450 1921 1602 1956 angelorum
1614 1926 1698 1948 curtus
1708 1926 1818 1954 magnus

1031 1969 1148 2004 undique
1161 1969 1260 1996 eil'nsus
1274 1967 1386 1995 Domino
1405 1975 1453 1995 suo
1467 1966 1662 1998 ministrabant,
1679 1966 1818 2000 ipsumque

1032 2015 1137 2050 hymnis
1149 2014 1318 2042 celebrabant
1328 2014 1347 2046 ¹;
1362 2017 1388 2040 et
1401 2013 1444 2040 alii
1460 2017 1568 2046 repente
1582 2019 1718 2046 prmconcs
1732 2012 1820 2038 insur-

1033 2060 1137 2094 gebant,
1160 2066 1306 2093 omnesque
1330 2058 1409 2085 simul
1431 2057 1480 2084 sibi
1504 2058 1616 2084 invicem
1638 2062 1818 2088 occurrentes,

1033 2112 1158 2132 arcanum
1174 2104 1225 2130 hoc
1239 2103 1399 2139 mysterium
1421 2103 1584 2134 nuntiabant,
1607 2102 1757 2137 pastoribus
1771 2109 1818 2128 an-

1033 2151 1096 2186 geli,
1109 2150 1211 2178 civibns
1225 2154 1360 2184 pastores;
1374 2149 1481 2176 Gabriel
1495 2149 1583 2175 Maria:
1601 2153 1626 2175 et
1644 2147 1820 2180 Elisahcthas;

1035 2199 1066 2225 iis
1080 2197 1122 2233 qui
1140 2196 1164 2223 in
1177 2197 1275 2232 templo
1288 2200 1363 2223 erant
1375 2196 1448 2223 Anna
1464 2200 1489 2222 et
1503 2195 1620 2223 Simeon.
1637 2194 1689 2221 Nec
1703 2194 1751 2221 viri
1766 2202 1823 2221 mu-

1037 2244 1166 2277 lieresque
1179 2242 1263 2269 solum
1279 2241 1368 2269 lzntilia
1382 2248 1476 2276 magna
1487 2245 1548 2268 sunt
1563 2240 1660 2272 allecti,
1681 2240 1727 2267 sed
1742 2240 1823 2268 etiam

1038 2289 1162 2324 puerulus
1180 2288 1298 2315 nondum
1325 2295 1357 2314 ex
1380 2287 1455 2314 vulva
1470 2294 1602 2321 egressus,
1629 2286 1683 2319 ille,
1705 2287 1824 2321 inquam,

1037 2334 1134 2363 deserti
1149 2335 1244 2366 cultor,
1258 2333 1428 2369 evangelista:
1448 2333 1625 2368 cognominis,
1645 2332 1787 2360 exsaltavit
1801 2332 1826 2359 in

1037 2385 1113 2408 utero
1125 2381 1217 2407 matris
1232 2389 1238 2407 :
1255 2387 1400 2414 omnesque
1419 2385 1466 2414 spe
1479 2379 1511 2406 ad
1535 2379 1648 2406 futurum
1665 2383 1770 2413 partum
1788 2379 1827 2405 in~

1039 2425 1156 2452 hiabant.
1173 2425 1206 2452 Et
1219 2425 1275 2452 haec
1285 2425 1390 2459 quidem
1405 2424 1475 2451 circa
1490 2428 1581 2458 partus
1596 2428 1710 2458 tempus;
1722 2423 1828 2459 quando

1039 2475 1127 2499 autem
1152 2470 1268 2506 seipsum
1284 2471 1367 2505 magis
1380 2470 1508 2502 exhibuit,
1524 2478 1616 2497 rursus
1628 2470 1679 2497 alia
1701 2469 1827 2497 miracula

1040 2515 1284 2551 prioribusmajora
1297 2516 1498 2552 splenduernnt.
1516 2516 1573 2543 Non
1587 2516 1654 2543 ultra
1665 2516 1735 2543 enim
1751 2517 1827 2544 stella

1041 2567 1068 2589 et
1081 2562 1185 2594 caelum.
1207 2569 1259 2589 non
1282 2562 1368 2597 angeli
1384 2567 1411 2589 et
1431 2561 1594 2596 archangeli,
1615 2569 1666 2588 non
1682 2561 1788 2588 Gabriel
1804 2565 1828 2589 et

1042 2608 1170 2641 Michael;
1186 2607 1231 2635 sed
1247 2607 1303 2642 ipse
1319 2608 1396 2635 Pater
1411 2615 1525 2642 superne
1538 2613 1565 2634 et
1576 2615 1608 2634 ex
1623 2607 1688 2634 caelo
1701 2606 1828 2641 prmdica‘

1043 2653 1086 2680 bat
1103 2653 1186 2686 illum,
1202 2657 1229 2680 et
1242 2661 1302 2680 cum
1320 2653 1397 2680 Patre
1409 2653 1561 2680 Paracletns
1574 2652 1700 2680 advolans
1714 2652 1745 2679 ad
1759 2652 1831 2679 illum

1044 2706 1104 2726 cmn
1117 2705 1192 2730 voce,
1209 2705 1370 2732 manenSque
1385 2705 1463 2732 supra
1479 2699 1573 2733 ipsum.
1602 2698 1667 2726 Vere
1692 2703 1832 2733 propterea

1045 2743 1111 2771 dixit
1123 2753 1130 2770 :
1153 2743 1265 2771 Vidimus
1276 2743 1384 2778 gloriam
1395 2743 1459 2776 eius,
1473 2743 1579 2779 gloriam
1592 2744 1663 2778 quasi
1679 2743 1806 2776 Unigmiti
1818 2752 1835 2772 σι

1077 2813 1083 2829 ¹
1104 2812 1132 2837 lu
1148 2811 1227 2836 Morel.
1250 2810 1352 2845 legitur,
1362 2809 1438 2845 turl‘tg
1461 2811 1566 2845 mlestus
1585 2811 1836 2845 angelormuintorrtr

1046 2843 1103 2869 t‘t'ste
1116 2845 1171 2868 sunt
1187 2841 1285 2867 Domino
1294 2841 1489 2873 ministrantium,
1502 2841 1647 2873 hymuosque
1658 2841 1806 2868 valentium.
