2040 3113
220 141 253 168 93
570 138 597 166 S.
617 137 755 165 JUANNIS
773 135 1006 164 CIIRYSOSTOSH
1028 134 1185 163 AliClﬂEP.
1206 133 1472 162 (SUNSTANTINUP.
1819 136 1852 161 Μ

223 201 310 228 Patre.
324 200 413 236 Neque
425 203 531 235 propter
547 197 589 225 illa
603 196 698 225 solum.
711 195 756 221 sed
770 199 876 230 propter
886 201 915 221 ca
929 194 1009 220 etiam

222 255 280 280 qtltc
304 251 414 281 sequuta
437 250 508 272 sunt.
523 242 578 270 Non
595 242 661 268 ultra
677 242 748 269 enim
766 245 885 275 pastores
899 244 1011 271 tantum,

224 293 262 319 vel
290 292 385 324 viduae,
413 289 455 317 vel
479 296 556 325 seruis
581 287 658 315 nobis
683 287 755 314 illum
777 286 949 316 annuntiant;
964 283 1009 311 sed

222 340 302 366 etiam
327 339 382 372 ipsa
406 342 493 362 rerum
517 334 699 362 natura‘tnba
723 333 820 360 clarius
842 333 969 359 clamans.
987 336 1013 358 et

226 392 277 410 nun
293 384 344 410 aha
359 390 434 413 voce,
452 386 480 408 ut
493 381 550 416 eius
563 388 645 407 sonus
660 379 748 407 statim
771 379 906 412 hucuSqne
921 385 1013 411 μοι-γν-

225 430 304 457 nerit.
320 428 444 456 Pervenit
461 428 543 459 enim,
562 427 657 461 inquit,
672 433 755 460 usque
778 425 804 452 in
827 424 930 459 Syriam
945 424 1011 450 fama

223 477 280 511 vjns
295 475 399 511 (Matth.
417 474 443 502 Ιι.
458 472 516 509 24),
531 481 590 508 qua:
613 473 698 507 ipsum
714 471 839 498 omnibus
861 469 990 497 revtlavit
1005 477 1011 494 :

222 521 309 547 ιιιιιιιὶιι
319 519 435 554 undique
443 519 601 550 clatnabant,
615 525 704 552 regem
713 517 836 544 caelorum
846 515 877 542 ad
884 527 890 538 κ
897 518 1012 542 entasse.

223 567 288 594 fiam
303 566 440 594 datmoncs
453 565 568 600 undique
583 563 717 598 fugiebant
737 567 763 590 et
775 561 937 592 resiliebant,
955 560 1012 586 dia-

224 613 304 641 bolus
315 613 455 640 obvolutus
466 610 616 641 recedebat,
631 609 769 644 ipsamors
780 607 883 642 repulsa
897 606 1017 638 interim,

225 666 317 689 uostca
339 660 445 695 penitus
463 658 561 686 abolita
578 663 637 685 cst:
654 662 733 682 onme
755 653 916 683 inﬁrmitatis
930 659 1014 688 genus

224 708 339 734 solutum
353 710 404 738 cst;
417 708 588 732 monumenta
598 707 718 729 mortuos
728 700 894 732 emittebant,
907 699 1014 726 insanos

224 753 358 781 dmmonia
377 751 571 786 relinquebant,
597 748 682 776 morbi
704 747 824 774 infirmos
838 745 1013 776 dCSL‘I't'bitnl;

225 801 367 834 videreque
382 802 440 826 erat
452 805 496 825 res
517 795 660 831 stupendas
680 799 706 822 ct.
723 793 868 824 mirabiles,
884 800 942 828 qua:
953 793 1015 826 jure

226 845 361 880 propheta:
385 840 572 871 desiderabant
586 841 686 874 videre,
709 845 737 868 et
750 848 802 867 non
817 840 950 866 viderunt.
968 837 1014 864 Vi-

224 892 288 919 dere
314 895 373 918 erat.-
401 889 528 917 formatos
553 889 655 921 oculos,
681 892 708 915 et
734 887 799 914 illud
821 890 873 913 tam
887 884 1014 920 optabile,

224 936 301 972 cujus
324 942 418 963 omnes
445 939 608 970 spectatores
630 940 689 960 esse
713 931 865 967 cupiebant,
881 929 1015 965 quomodo

225 983 356 1012 Adamum
371 981 404 1009 de
415 985 484 1008 terra
498 981 636 1008 formasset
651 979 730 1010 Dens,
745 978 770 1005 id
784 977 856 1005 brevi
872 981 899 1004 et
910 976 934 1003 in
949 983 1019 1010 prm-t

225 1029 354 1056 stanliore
384 1027 503 1062 corporis
538 1030 612 1060 parte
644 1024 829 1052 ostcudentcm
859 1022 1014 1052 Christum;

225 1075 343 1102 membra
358 1074 465 1108 insuper
479 1071 592 1107 paralysi
607 1070 693 1098 soluta
707 1074 735 1096 et
748 1068 886 1100 dissoluta,
901 1067 954 1102 jam
972 1074 1014 1093 rc-

224 1121 315 1148 stituta
343 1125 369 1147 et
396 1119 499 1146 caeteris
523 1118 656 1153 copulata,
671 1123 765 1144 manus
787 1119 922 1142 emorlttas
942 1117 1014 1140 motu

222 1166 380 1201 gaudentes,
405 1163 487 1199 pedes
510 1163 613 1190 solutos
635 1167 744 1196 repente
757 1160 1015 1192 exsilientes,aurcs

223 1212 373 1238 obstructas
385 1210 440 1244 jam
453 1214 568 1244 apertas,
585 1212 613 1235 et
626 1207 740 1242 linguam
761 1213 857 1241 magno
871 1205 959 1232 sonitu
973 1204 1014 1231 lo-

222 1261 360 1293 quentem,
376 1264 435 1291 qua:
451 1255 527 1290 prius
537 1257 683 1281 mutacrat.
697 1250 929 1286 Quemadmodum
943 1249 1013 1277 enim

223 1304 338 1338 optimus
350 1297 522 1332 architectus,
537 1300 645 1328 domum
660 1303 790 1326 vetustate
804 1297 937 1324 labantem
953 1305 959 1323 :
976 1296 1015 1323 sie

223 1350 268 1376 ille
283 1349 426 1377 humanam
449 1353 569 1374 naturam
594 1346 719 1377 restituit,
742 1349 830 1379 partes
851 1343 948 1370 tractas
969 1349 1012 1369 re-

223 1395 312 1428 sarsit,
341 1394 488 1429 disiunctas
513 1397 540 1420 et
566 1391 710 1419 dissolutas
736 1389 880 1424 copulavit,
908 1388 1015 1423 penitus

223 1441 311 1475 lapsas
323 1440 416 1467 erexit.
432 1439 503 1472 Quid
511 1437 655 1465 dixerimus
666 1437 700 1464 de
710 1437 806 1463 anima:
815 1433 1012 1464 reformatione,

223 1486 359 1521 corporeis
385 1484 566 1513 curationibus
592 1483 670 1517 longe
698 1480 900 1517 prmstantiore?
920 1479 1012 1513 Magna

223 1539 266 1559 res
293 1537 366 1559 certe
383 1527 432 1558 est
457 1529 577 1564 corporis
603 1529 734 1561 valetudo,
761 1527 808 1554 sed
832 1525 916 1553 multo
930 1524 1015 1559 major

223 1577 337 1609 animm;
363 1581 490 1610 tantoque
511 1575 607 1610 major,
622 1578 724 1609 quanto
743 1573 830 1599 anima
847 1569 1014 1606 pnestantior

223 1628 264 1652 est
278 1631 410 1659 corpore:
428 1630 513 1658 neque
541 1622 591 1650 hac
615 1624 715 1648 tantum
743 1619 857 1650 ratione,
883 1617 930 1645 scd
953 1616 1015 1651 quia

223 1676 365 1704 corporum
393 1673 503 1700 natura,
528 1673 695 1704 quocumque
717 1665 787 1692 illam
814 1664 879 1692 velit
903 1663 1015 1690 Creator

224 1722 316 1750 agerc,
338 1714 467 1750 sequitur,
493 1721 542 1741 nec
562 1712 680 1744 resistit;
702 1711 790 1738 anima
816 1717 881 1737 vero
900 1717 959 1744 qua:
973 1710 1016 1736 sui

224 1761 325 1788 arbitrii
348 1765 399 1794 est,
421 1764 449 1787 et
471 1760 495 1786 in
515 1759 618 1786 actibus
643 1759 792 1786 libertatem
809 1757 898 1790 habet,
920 1765 972 1784 non
989 1756 1014 1783 in

224 1807 349 1835 omnibus
360 1806 526 1841 obtemperat
540 1806 603 1838 Deo,
619 1805 640 1832 si
654 1804 760 1840 quidem
775 1804 850 1831 nolit.
860 1803 933 1831 illaut
944 1803 1014 1830 enim

226 1852 335 1879 invitam
349 1859 401 1879 non
417 1851 473 1879 vult
488 1851 558 1879 Deus
573 1859 620 1886 per
636 1851 688 1878 vim
704 1855 730 1877 et
745 1850 939 1879 necessitatem.
956 1849 1014 1884 pul-

226 1899 319 1925 rltrntn
333 1902 359 1925 et
375 1897 471 1925 virtute
493 1897 629 1931 praeditam
656 1896 769 1924 reddere
783 1905 789 1924 :
803 1895 1015 1932 quandoquidem

227 1944 290 1971 illud
304 1944 388 1972 virtus
404 1951 456 1971 non
469 1947 541 1970 esset
556 1950 563 1971 :
578 1942 623 1969 sed
640 1942 676 1971 illi
689 1942 787 1969 volenti
798 1947 824 1969 et
837 1941 937 1969 lubenti
953 1948 1015 1968 sua-

227 1990 353 2022 dendum,
368 1994 397 2016 ut
412 1989 472 2016 talis
483 1983 614 2016 ciliciatur
628 1998 634 2015 :
653 1988 678 2015 id
698 1988 768 2022 quod
784 1988 862 2022 longe
881 1987 1016 2015 difficilius

227 2043 265 2064 cst
281 2043 361 2071 quam
377 2036 421 2062 illa
433 2035 483 2062 alia
498 2035 608 2061 curatio.
627 2034 654 2061 ld
678 2039 765 2061 tamen
780 2033 843 2060 fecit
856 2033 911 2066 ille,
937 2040 1017 2068 atque

228 2082 353 2117 nequitia:
365 2089 448 2116 genus
464 2087 543 2108 omne
557 2080 694 2114 depulsum
708 2084 758 2106 est.
771 2080 809 2106 Ac
822 2079 890 2106 sicut
904 2085 1016 2112 corpora

226 2130 298 2156 bene
320 2132 410 2155 curata
431 2135 483 2154 non
506 2126 538 2153 ad
554 2125 734 2153 valetudinem
757 2126 848 2156 modo,
864 2125 913 2152 sed
925 2124 958 2152 ad
972 2133 1018 2151 su-.

228 2182 349 2208 premunt
362 2173 481 2201 sanitatis
490 2177 586 2200 statuat
601 2171 706 2199 reduxit
722 2179 728 2197 :
744 2171 782 2198 sic
792 2176 819 2198 et
833 2171 945 2204 animas,
964 2177 1015 2196 non

228 2222 308 2249 modo
320 2221 353 2248 ah
367 2225 485 2247 extrema
501 2218 619 2252 nequitia
633 2218 739 2252 eripuit,
756 2217 802 2244 sed
817 2217 848 2243 ad
865 2217 950 2251 ipsum
966 2216 1018 2243 vir-

228 2267 291 2294 tutis
305 2267 414 2294 culmcn
437 2264 531 2292 erexit.
559 2263 720 2291 Publicanus
747 2262 831 2289 factus
851 2265 892 2288 est
911 2266 1019 2296 aposto-

229 2317 286 2347 lus;
302 2316 487 2348 persequutor,
503 2309 673 2343 blasphemus
684 2312 712 2334 et
726 2307 1018 2338 contu:neliosus,nrbis

229 2359 387 2394 pra-dicatur
410 2357 479 2384 fuit:
503 2355 582 2389 magi,
608 2353 763 2380 .ludamrum
785 2352 926 2384 doctores;
940 2352 1016 2384 lalrn,

230 2404 342 2440 paradisi
358 2403 439 2434 civis;
457 2401 592 2431 meretrix.
610 2400 661 2426 iide
676 2406 769 2434 magna
783 2399 900 2432 refulsit;
917 2399 1020 2426 Chana-

230 2458 285 2477 nzca
299 2455 326 2477 et
336 2448 502 2476 Samaritana
514 2446 648 2478 mulieres,
665 2453 777 2481 quarum
788 2450 919 2480 postrema
934 2453 1020 2473 mere-

231 2498 280 2525 trix
294 2500 365 2529 erat;
380 2503 413 2523 cx
426 2494 478 2527 his,
491 2494 610 2528 inquam,
626 2492 780 2519 mulieribus
794 2492 877 2519 altera
893 2492 1020 2527 pricdica—

232 2545 329 2571 tionem
355 2540 425 2576 apud
449 2538 614 2567 contribules
640 2545 703 2564 suos
728 2537 854 2572 suscepit,
884 2541 1019 2572 totamque

233 2590 366 2615 rivitatem
383 2585 456 2621 quasi
471 2592 567 2620 sagena
583 2589 686 2619 captant
702 2583 733 2610 ad
747 2583 884 2612 Christum
897 2583 1017 2616 adduxit;

233 2635 314 2661 altera
329 2637 417 2659 autem
432 2630 483 2658 fide
495 2634 522 2657 ct
534 2629 687 2656 assiduitate
703 2628 728 2655 id
741 2627 838 2660 effecit,
861 2632 890 2656 ut
914 2628 1018 2655 dmutou

232 2679 361 2713 malignus
374 2685 406 2704 ex
421 2677 480 2703 tiliae
492 2683 547 2702 sua:
560 2675 646 2702 anima
667 2674 820 2709 pelleretur.
842 2674 893 2701 Alii
915 2682 1020 2709 quoque

231 2726 309 2760 intth
320 2724 362 2751 his
377 2723 481 2758 pejores
506 2722 531 2748 in
555 2721 746 2755 discipulorum
770 2728 910 2747 numerum
930 2721 1019 2747 statim

231 2770 449 2799 admittebantur.
461 2768 554 2796 Omnia
568 2767 647 2795 simul
659 2766 914 2798 transmutabantur,
927 2773 1021 2800 corpo-

269 2858 274 2873 '
298 2861 370 2887 savii.
385 2861 455 2893 tegit,
468 2859 520 2892 ipsa
535 2865 616 2884 rerum
628 2864 679 2883 tax.

1066 200 1123 219 rnm
1138 192 1318 226 a‘gritndincs,
1330 192 1415 219 morbi
1430 192 1588 224 animarum,
1602 200 1659 227 qua:
1670 193 1701 219 ad
1712 193 1851 220 sanitatem

1066 237 1263 273 perfecmmque
1273 238 1395 265 virtutem
1411 238 1614 265 reducebantur.
1627 238 1678 265 Nec
1686 239 1738 266 duo
1752 245 1852 266 tantum

1066 286 1198 319 homines,
1219 292 1263 314 aut
1287 292 1350 320 tres,
1375 293 1420 315 aut
1435 290 1563 324 quinque,
1587 289 1626 316 vel
1641 289 1744 321 decem,
1761 288 1801 315 vel
1817 288 1854 314 vi-

1065 332 1141 366 ginti,
1160 333 1200 359 vel
1214 338 1320 360 centum
1332 334 1510 368 solummodo,
1536 334 1582 361 scd
1603 335 1712 369 integra:
1734 335 1854 361 civitates

1065 382 1090 403 et
1105 383 1197 411 gentes
1222 378 1347 406 facillime
1362 381 1614 407 transmutabantur.
1628 380 1693 413 Quis
1706 387 1769 407 vero
1784 387 1854 414 pne-

1066 428 1203 456 crptorum
1226 424 1394 458 sapientiam,
1425 425 1569 452 rarlestium
1595 425 1681 460 lrgum
1708 425 1832 452 virtutem
1848 446 1854 456 ,

1065 469 1192 503 angelica:
1227 470 1287 497 vita:
1321 471 1441 498 ordinem
1466 471 1545 506 digne
1575 471 1766 506 descripserit?
1791 471 1856 498 'l'ale

1067 515 1163 549 quippe
1178 515 1281 542 induxit
1295 516 1355 542 vita:
1368 524 1462 550 genus,
1485 517 1550 544 talcs
1571 517 1646 544 nobis
1667 517 1802 545 constituit
1819 518 1857 544 lc-

1066 568 1122 594 gcs.
1141 561 1220 587 talem
1235 568 1339 588 morum
1355 561 1480 592 formam.
1495 567 1522 588 ut
1534 563 1577 597 qui
1589 562 1622 589 iis
1635 567 1753 596 utuntur,
1769 563 1855 596 angeli

1067 606 1155 634 statim
1182 605 1341 638 efﬁciantur,
1368 612 1395 633 et
1419 611 1546 642 qnammn
1578 608 1678 634 homini
1704 608 1775 641 licet,
1804 609 1857 634 lico

1067 652 1167 678 similes
1180 673 1187 683 ,
1208 652 1257 680 etsi
1278 653 1396 681 ountium
1419 654 1554 681 hominum
1575 654 1729 688 nequissimi
1749 653 1855 681 fuerint.

1103 698 1128 725 '5.
1142 698 1271 730 Inquist
1284 699 1337 726 uisa
1349 700 1380 726 sit
1389 700 1469 734 gloria
1482 699 1574 727 Christi
1584 701 1656 734 quasi
1664 700 1746 735 gloria
1761 700 1856 736 Uuigc—

1068 743 1113 769 nili
1128 752 1142 768 η
1157 743 1242 770 Putre.
1263 743 1427 771 Divinitntem
1438 745 1530 771 Christi
1540 750 1649 779 potestas
1660 746 1715 779 ejus
1725 747 1855 780 pnedicut.

1069 789 1156 816 Gloria
1174 789 1268 817 Clariin
1287 791 1313 816 in
1336 791 1404 818 cadis
1425 796 1520 826 quanta
1532 799 1541 820 ;
1555 791 1588 817 ad
1601 790 1646 818 illa
1666 791 1800 826 fruendum
1816 800 1858 818 tvo-

1068 836 1116 861 cati
1135 844 1232 862 unum.
1253 851 1285 855 —
1300 836 1363 863 llmc
1376 836 1463 870 itaque
1479 837 1566 864 omnia
1583 837 1708 864 miracula
1729 837 1859 872 colligens

1068 881 1240 915 evangrlisla,
1257 889 1317 916 qurc
1330 882 1356 909 in
1377 883 1544 917 corporibus,
1558 890 1617 917 qua:
1633 883 1657 909 in
1673 884 1778 914 animis,
1799 892 1857 917 qua:

1067 927 1093 954 in
1118 927 1275 960 clementis;
1305 935 1408 956 necnon
1436 933 1580 963 pr:ccepta,
1608 929 1676 955 dona
1694 929 1736 955 illa
1760 937 1856 956 arcana

1068 974 1132 1008 ipsis
1146 974 1218 1002 ca-lis
1233 973 1400 1005 sublimiora,
1418 974 1500 1009 leges,
1517 975 1577 1002 vita:
1601 974 1761 1007 institutum,
1777 975 1855 1002 obse-

1067 1020 1214 1053 qucutiam,
1230 1019 1379 1047 futurorum
1395 1021 1597 1055 promissioncs,
1623 1021 1733 1056 (‘jltsqttc
1755 1022 1857 1048 crucia-

1068 1070 1117 1095 tus,
1146 1066 1213 1092 hauc
1242 1066 1391 1093 mirabilem
1417 1071 1444 1094 et
1471 1066 1579 1093 sublimi
1606 1067 1729 1094 doctrina
1752 1068 1854 1102 plenam

1066 1111 1155 1138 emisit
1169 1119 1260 1138 vocem
1277 1120 1284 1138 :
1304 1111 1417 1139 Vidimus
1441 1112 1549 1147 giarium
1576 1113 1639 1146 ejus,
1665 1113 1771 1147 gloriam
1785 1114 1857 1146 quasi

1069 1157 1198 1192 Uniqeniti
1221 1165 1237 1184 a
1262 1156 1348 1189 Patre,
1376 1158 1477 1191 plenum
1503 1158 1592 1192 gratia:
1615 1163 1637 1184 et
1664 1159 1782 1186 veritatis.
1799 1159 1855 1186 Non

1067 1203 1137 1229 cnim
1159 1207 1267 1237 propter
1290 1203 1416 1230 miracula
1440 1207 1542 1230 tantum
1557 1202 1642 1237 ipsum
1657 1204 1794 1235 miramur,
1809 1205 1855 1231 Sed

1066 1248 1144 1275 etiam
1168 1253 1275 1283 propter
1289 1249 1443 1281 cruciatus;
1466 1253 1494 1275 ut
1513 1257 1573 1275 cum
1598 1248 1693 1276 affixus
1712 1249 1758 1276 fuit
1772 1251 1854 1282 cruci,

1067 1294 1221 1328 ﬂagellalus,
1239 1294 1324 1328 alapis
1336 1301 1432 1326 cresus,
1447 1298 1601 1328 consputus,
1617 1299 1642 1320 ct
1654 1302 1714 1321 cum
1728 1295 1753 1321 in
1763 1296 1856 1322 maxil-

1066 1341 1098 1368 lis
1113 1341 1203 1376 plagas
1215 1342 1317 1376 accepit
1338 1342 1372 1368 ab
1395 1341 1426 1368 iis
1439 1348 1507 1376 quos
1520 1340 1655 1368 beneficiis
1669 1341 1801 1368 affecerat.
1823 1342 1856 1368 At

1065 1387 1136 1412 cnim
1151 1386 1175 1412 in
1192 1385 1233 1412 bis
1246 1393 1351 1420 quoque
1365 1393 1424 1420 qua:
1439 1385 1614 1420 ignominiosa
1635 1385 1766 1418 videntur,
1785 1386 1853 1413 idem

1066 1432 1152 1465 ipsum
1166 1432 1266 1459 dictum
1286 1432 1409 1467 apposite
1424 1431 1585 1466 proferatur,
1601 1432 1813 1467 quandoquidem
1829 1437 1856 1460 et

1067 1477 1123 1511 ipse
1138 1485 1193 1504 rem
1207 1477 1289 1510 illam,
1303 1477 1415 1512 gloriam
1430 1477 1584 1512 appellavit.
1607 1477 1663 1504 Non
1679 1478 1750 1505 enim
1766 1480 1855 1513 provi-

1066 1522 1162 1549 dentia:
1179 1527 1279 1549 tantum
1293 1526 1320 1549 et
1333 1523 1453 1549 caritatis
1466 1523 1510 1549 illa
1537 1527 1621 1555 erant,
1638 1523 1684 1550 scd
1699 1523 1779 1551 etiam
1807 1525 1855 1551 im-

1067 1574 1166 1594 mensa:
1190 1567 1339 1602 potestatis.
1354 1567 1430 1594 Tunc
1444 1568 1514 1595 enim
1531 1571 1558 1594 ct
1573 1575 1644 1595 mors
1659 1568 1855 1603 destrucbatur,

1066 1617 1094 1640 ct
1107 1613 1258 1640 maledictio
1272 1613 1434 1645 solvebatur,
1457 1613 1595 1641 da-mones
1615 1614 1854 1648 confundebantur,

1067 1659 1152 1694 dcquc
1162 1659 1225 1694 ipsis
1237 1659 1458 1694 triumphabatur,
1473 1664 1500 1686 et
1511 1659 1718 1695 chirographum
1731 1665 1857 1695 peccato-

1069 1712 1125 1731 rum
1139 1705 1209 1731 cruci
1222 1703 1388 1739 affigebatur.
1404 1704 1513 1738 Deinde,
1530 1705 1591 1739 quia
1605 1705 1662 1732 hare
1676 1706 1802 1734 miracula
1817 1707 1858 1734 in-

1068 1749 1206 1777 visibiliter
1228 1749 1400 1784 patrabautur
1415 1771 1422 1783 ,
1446 1750 1566 1785 quaedam
1591 1750 1730 1778 visibilitcr
1750 1758 1856 1786 peracta

1067 1799 1147 1826 sunt,
1174 1803 1234 1829 qua:
1256 1794 1473 1822 demonstrarent
1499 1795 1585 1830 ipsum
1608 1803 1668 1823 csse
1693 1796 1855 1831 unigenitum

1069 1843 1163 1870 Filium
1182 1842 1245 1875 Dei,
1263 1843 1395 1877 totiusque
1415 1846 1516 1869 natura:
1538 1842 1689 1870 Dominum.
1708 1842 1774 1870 Nam
1795 1851 1854 1871 cum

1069 1889 1174 1916 beatum
1189 1895 1286 1922 corpus
1306 1888 1393 1915 adhuc
1411 1888 1436 1915 in
1452 1896 1532 1916 cruce
1548 1889 1692 1923 penderet,
1708 1889 1747 1916 sol
1768 1890 1858 1916 radios

1068 1934 1173 1966 avertit,
1186 1938 1258 1961 terra
1270 1934 1378 1960 tremuit
1389 1938 1415 1961 et
1429 1934 1544 1962 tenebris
1557 1934 1660 1969 oppleta
1674 1939 1724 1968 cst,
1736 1935 1856 1970 sepulcra

1069 1987 1159 2016 aperta
1173 2003 1179 2015 ,
1196 1986 1273 2009 terrae
1288 1982 1373 2009 solum
1387 1989 1545 2008 concussum
1559 1986 1598 2008 est
1611 2002 1617 2013 ,
1635 1986 1798 2008 mortuorum
1816 1982 1858 2008 in-

1070 2035 1178 2054 numera
1199 2027 1339 2053 multitudo
1360 2026 1476 2059 exsiliit,
1491 2031 1517 2053 et
1537 2027 1562 2053 in
1581 2027 1717 2054 civitatem
1739 2027 1856 2061 ingressa

1069 2077 1110 2099 cst
1124 2082 1130 2098 ε
1144 2079 1175 2098 ac
1186 2072 1249 2099 dum
1265 2071 1427 2098 monumenti
1451 2071 1532 2106 ipsius
1552 2071 1653 2106 lapides
1668 2071 1760 2098 loculis
1775 2071 1857 2105 aptati

1070 2122 1217 2150 manerent,
1232 2122 1259 2144 et
1273 2117 1406 2152 signacula
1423 2121 1534 2149 starent,
1551 2117 1665 2144 surrexit
1681 2121 1800 2143 mortuus
1815 2117 1858 2144 illo

1070 2165 1112 2198 qui
1127 2163 1198 2191 cruci
1212 2163 1293 2191 clavis
1306 2163 1399 2189 affixus
1414 2163 1508 2193 fuerat,
1523 2170 1554 2189 ac
1567 2163 1663 2190 virtute
1676 2163 1788 2197 quadam
1804 2172 1860 2190 ma-

1070 2218 1118 2244 gna
1140 2209 1254 2243 repletus
1275 2208 1396 2239 undecim
1417 2208 1562 2242 discipulos
1582 2208 1654 2235 misit
1675 2209 1797 2235 omnilms
1813 2217 1860 2243 per

1070 2256 1162 2283 orbem
1177 2254 1328 2282 hominibus
1338 2275 1345 2287 ,
1360 2261 1516 2281 communes
1531 2258 1632 2281 natm-te
1649 2254 1727 2281 totius
1742 2254 1860 2281 medicos

1073 2302 1183 2332 futuros,
1198 2301 1241 2335 qui
1259 2301 1338 2327 vitam
1353 2300 1489 2327 hominum
1503 2300 1686 2332 ememlarent,
1701 2300 1861 2326 cadestium-

1070 2355 1122 2382 que
1136 2347 1288 2381 dnginatum
1311 2346 1430 2373 notitiam
1455 2345 1552 2380 ubique
1567 2345 1772 2373 disseminnrent
1784 2366 1791 2378 ,
1808 2346 1861 2371 tiu--

1073 2401 1179 2420 tnouum
1199 2392 1366 2428 tyrannidem
1381 2392 1535 2423 solverent,
1557 2399 1703 2425 magnaque
1718 2395 1744 2418 et
1764 2399 1860 2417 arcana

1073 2439 1139 2465 bona
1152 2437 1273 2465 ltmnincs
1283 2437 1411 2464 docerent
1424 2446 1429 2463 ε
1440 2437 1535 2463 anima:
1546 2436 1771 2463 immortalitatem
1785 2436 1862 2462 nobs

1073 2483 1245 2518 praedicarent
1259 2503 1266 2516 ,
1289 2483 1462 2517 corporisque
1484 2482 1563 2508 vitam
1585 2487 1731 2513 teternam,
1754 2482 1861 2514 prtcntia

1073 2532 1188 2556 tuentem
1214 2528 1397 2562 cxsuperantia
1422 2532 1448 2554 et
1472 2534 1605 2561 nunquam
1627 2526 1705 2553 linem
1728 2525 1861 2552 habitura.

1072 2574 1134 2603 lla-c
1149 2581 1240 2602 secum
1260 2577 1387 2608 reputans
1403 2573 1494 2600 beatus
1510 2572 1552 2600 illc
1565 2594 1571 2605 ,
1587 2577 1613 2599 et
1627 2572 1676 2599 alia
1692 2572 1766 2607 plura
1780 2592 1787 2604 ,
1803 2579 1864 2606 qua:

1074 2621 1129 2655 ipse
1151 2619 1258 2652 quidem
1280 2624 1405 2651 noverat,
1420 2619 1467 2646 sed
1487 2618 1603 2645 scribere
1623 2618 1721 2650 noluit,
1738 2618 1806 2652 quod
1832 2626 1863 2645 ea

1074 2666 1187 2694 tnundus
1198 2673 1250 2692 non
1259 2670 1365 2699 caperet
1376 2665 1447 2699 (nam
1459 2664 1558 2697 omnia,
1574 2664 1666 2698 inquit,
1681 2664 1711 2690 Si
1721 2659 1864 2690 srribuntur

1075 2720 1118 2746 per
1132 2711 1241 2746 singula,
1256 2718 1301 2737 nec
1315 2711 1396 2744 ipsum
1411 2711 1520 2736 arbitror
1533 2709 1653 2736 nntndum
1665 2717 1754 2744 capere
1768 2717 1808 2735 eas
1822 2710 1864 2743 qui

1074 2758 1196 2784 scribendi
1209 2762 1265 2783 sunt
1281 2757 1356 2784 libros
1368 2756 1461 2792 [Jamt.
1475 2756 1520 2783 2|.
1535 2756 1569 2784 εδ
1581 2755 1587 2791 l
1599 2757 1608 2790 )
1622 2765 1627 2782 :
1643 2756 1698 2782 lucc
1711 2776 1719 2786 ,
1736 2755 1842 2788 inquam
1855 2774 1863 2785 ,

1075 2804 1161 2831 munia
1186 2803 1305 2837 cogitans
1326 2802 1505 2829 exclamavit:
1527 2801 1639 2827 Vidimus
1661 2801 1767 2835 gloriam
1791 2800 1864 2833 ejus,

1075 2850 1181 2884 gloriam
1196 2849 1266 2884 quasi
1284 2847 1410 2883 Unigrniti
1425 2857 1439 2874 ιι
1456 2847 1530 2874 Putre
1543 2868 1549 2877 ,
1565 2848 1664 2881 plcitum
1684 2846 1771 2880 gratitt'
1786 2851 1810 2872 σι
1824 2853 1865 2870 re-
