2040 3113
167 153 200 181 $5
705 154 738 180 ΙΝ
756 154 907 181 ΙυᾹΝΝΕΜ
930 154 962 181 llt

1016 155 1040 181 ιδ.
1065 155 1129 181 χιιι.
1153 156 1185 182 al.
1208 155 1264 182 XII.
1758 157 1791 182 86

165 211 257 238 ιπιιιιὶι.
272 210 321 244 Qui
338 219 401 246 ergo
415 215 452 238 tot
465 212 635 246 spectaculis,
652 211 799 245 huiusmodi
814 212 933 239 doctrina
944 233 950 244 ,

169 261 242 283 tento
255 264 365 283 munere
377 257 475 292 dignati
489 263 560 290 sunt,
578 258 656 284 vitam
669 257 834 292 dogmatibus
847 258 952 293 dignam

166 301 311 328 exhibeant
323 306 444 336 oportet,
461 307 488 330 ut
504 302 554 329 illis
570 302 689 329 fruantur
702 303 787 330 bonis.
804 303 866 330 Ideo
879 311 954 330 nam-

170 354 220 381 que
234 347 339 375 advenit
357 348 482 376 Dominus
497 354 587 376 noster
600 349 677 376 .lesus
690 349 810 377 Christus
820 371 826 380 ,
843 358 895 376 non
911 358 955 376 so-

172 392 225 418 lum
242 397 267 418 ut
283 392 325 419 hic
340 393 397 426 ejus
409 394 530 427 gloriam.
546 393 591 420 sed
608 394 686 421 etiam
702 398 729 420 ut
742 394 854 421 futuram
869 394 956 422 videa-

171 445 241 464 mus.
264 437 406 472 Propterea
429 439 515 466 dixit:
537 439 597 466 Volo
615 444 641 466 ut
660 440 701 466 ubi
718 448 772 466 sum
788 448 850 475 ego,
867 445 890 466 et
909 440 958 474 ipsi

170 483 236 515 sint,
250 488 276 509 ut
291 483 388 510 videant
401 485 506 519 gloriam
522 493 601 511 ιιιιιιιηι
615 484 701 519 (Ιοαη.
718 485 761 512 l7.
777 484 832 521 24).
847 485 922 518 Quod
935 486 957 512 si

173 528 230 555 haec
244 528 326 562 gloria
348 534 399 556 tam
416 530 552 564 splemlida
565 551 573 563 ,
590 535 642 557 tam
656 531 797 565 conspicua
812 530 880 563 fuit,
896 531 957 565 quid

172 573 205 600 de
231 573 274 600 illa
297 573 460 601 dixerimus?
484 574 541 601 Non
563 575 633 601 enim
657 575 681 602 in
705 580 773 601 terra
797 576 960 610 cori-optioni

173 619 286 646 obnoxia
303 619 435 647 videbitur
447 640 453 652 ,
469 628 522 647 non
543 621 619 647 nobis
640 621 664 648 in
687 620 756 648 ﬂuxo
775 629 887 656 corpore
902 629 958 648 ma-

174 664 314 697 nentibus;
330 665 376 691 sed
390 665 416 692 in
430 665 570 692 immortali
590 669 619 692 et
637 670 764 700 perpetua
780 671 900 692 creatura
911 687 919 699 ,
934 671 961 693 et

174 717 235 736 cum
246 714 320 737 tanto
332 710 484 744 splendore,
499 715 528 737 ιιι
541 710 613 737 ιιιιΙΙο
626 711 707 745 possit
721 711 846 745 explicari
860 719 961 739 sermo-

174 763 219 782 ne.
235 755 257 782 Ο
272 755 340 783 beati
354 777 362 789 ,
379 760 417 783 ter
432 757 499 783 beati
514 777 521 789 ,
537 756 686 790 s:cpiusque
706 756 775 783 beati
788 777 795 789 ,
811 757 855 791 qui
871 757 961 791 gloria:

176 801 246 827 illius
261 806 423 835 spectatores
437 809 496 829 esse
511 802 703 837 dignabuntur!
719 802 756 829 De
769 802 818 830 hac
835 803 960 837 propheta

175 847 260 874 dicit:
275 847 394 875 Tollatur
416 848 530 882 impius,
553 856 586 876 ne
612 849 699 876 videat
721 849 833 883 gloriam
858 850 961 877 Domini

178 892 252 924 (Isni.
264 893 309 920 26.
320 893 364 920 10.
378 894 403 920 in
416 893 525 930 (inero).
539 895 590 922 Sed
604 895 682 927 absit,
696 900 723 922 ut
733 895 828 929 aliquis
842 900 960 922 nostrum

178 939 304 972 tollatur,
320 947 352 966 ne
372 940 445 969 illam
466 948 590 975 umquam
613 940 709 968 videat.
722 941 775 967 Nisi
799 941 868 968 enim
890 941 961 968 illam

175 986 364 1020 conscquuturi
378 993 497 1013 essemus
508 1007 515 1017 ,
530 991 677 1021 opportune
690 995 703 1014 a
719 987 795 1014 nobis
808 988 941 1015 diceretur
954 996 961 1014 :

178 1031 279 1059 Bonum
293 1035 350 1059 erat
369 1031 461 1062 nobis.
479 1033 500 1059 si
521 1033 573 1059 nati
595 1041 646 1060 non
668 1033 819 1061 fuissemus.
836 1033 901 1060 Nam
916 1041 964 1061 cur

178 1076 291 1103 vivimus
303 1098 309 1109 ,
323 1085 372 1104 cur
387 1078 566 1112 respiramus?
581 1078 643 1113 quid
658 1085 750 1105 sumus
762 1099 769 1111 ,
783 1079 804 1105 si
820 1079 867 1106 illo
880 1079 965 1113 prive-

176 1128 238 1148 mur
258 1121 383 1156 aspectu?
403 1122 425 1148 si
448 1122 587 1149 Dominum
608 1127 727 1150 nostrum
744 1131 821 1150 nemo
836 1123 964 1151 concedat

177 1175 302 1202 umquam
320 1167 428 1195 videre?
442 1168 505 1195 Nam
528 1169 549 1195 si
568 1169 612 1203 qui
632 1169 745 1196 solarem
758 1169 843 1196 lucem
858 1177 910 1196 non
923 1171 964 1197 vi-

176 1211 251 1245 dent,
267 1217 351 1240 morte
364 1213 529 1242 miseriorem
548 1213 624 1240 vitam
638 1213 753 1248 degunt;
770 1214 833 1248 quid
846 1222 892 1242 eos
906 1222 965 1250 per-

177 1257 230 1291 peti
248 1257 341 1288 credas
354 1278 364 1290 ,
378 1258 420 1293 qui
436 1258 480 1284 tali
496 1258 554 1286 luce
568 1258 723 1293 privamur?
752 1259 800 1286 Hic
824 1259 894 1287 enim
916 1260 965 1287 da-

178 1310 269 1329 mnum
280 1303 311 1329 in.
318 1302 368 1329 hoc
377 1310 428 1330 uno
437 1308 550 1337 constat,
563 1304 614 1333 illic
623 1311 685 1331 vero
696 1312 748 1331 non
757 1305 818 1331 item
828 1314 833 1330 :
845 1305 966 1339 quamvis

177 1348 199 1374 si
214 1348 276 1375 illud
291 1349 375 1375 solum
389 1349 494 1376 adesset
506 1349 586 1381 mali,
601 1357 652 1376 non
669 1357 717 1384 par
730 1351 863 1377 cruciatus
877 1355 964 1383 esset,

176 1394 224 1422 sed
239 1399 312 1422 tanto
323 1395 436 1430 gravior,
449 1399 547 1430 quanto
559 1395 599 1423 sol
614 1395 659 1423 ille
672 1395 722 1423 hoc
735 1400 826 1424 nostro
838 1400 967 1431 pra-stans

1008 213 1059 239 tior
1068 216 1119 239 est:
1130 220 1218 239 verum
1228 213 1297 240 aliud
1308 221 1411 248 quoque
1420 213 1576 248 supplicium
1586 214 1791 248 exspectandum

1009 263 1059 284 est.
1074 256 1138 284 Nam
1154 257 1176 284 is
1188 258 1232 292 qui
1246 258 1330 285 lucem
1345 258 1414 285 illam
1428 266 1480 285 non
1494 258 1596 293 a~picit,
1614 266 1665 285 non
1681 259 1706 285 in
1721 264 1793 286 tene~

1009 302 1068 328 bras
1080 301 1250 329 abducendus
1264 306 1363 329 tantum
1376 307 1424 333 est,
1439 303 1484 330 sed
1499 309 1626 338 perpetuo
1636 304 1794 331 comburen-

1008 347 1067 379 dus,
1083 348 1118 374 ita
1133 352 1159 374 ut
1175 347 1300 378 tabescat.
1316 348 1439 376 dentibus
1455 350 1580 381 strideat,
1597 350 1794 385 iunumcrisquo

1009 393 1066 420 aliis
1078 393 1215 421 tormentis
1226 394 1392 420 excrucietur
1411 394 1448 420 Ne
1459 396 1546 428 itaque
1556 395 1666 422 salutem
1676 400 1792 422 nostram

1010 439 1044 466 ita
1060 444 1261 467 contemnamus
1274 460 1282 473 ,
1297 444 1325 466 ut
1344 447 1390 473 per
1424 439 1554 466 rcvissimi
1571 440 1696 475 temporis
1712 440 1791 475 negli-

1009 485 1123 520 gentiam
1147 491 1226 519 atqne
1249 485 1396 516 desidiam.
1426 485 1450 511 in
1475 489 1602 512 aeternum
1624 486 1793 520 conjiciamur

1010 531 1184 566 supplicium;
1207 531 1252 558 sed
1270 531 1407 565 vigilemus
1421 551 1428 562 ,
1447 531 1528 557 Subrii
1548 531 1628 558 simus
1640 552 1648 564 ,
1664 532 1727 558 nihil
1742 540 1793 559 nou

1011 584 1118 610 aganms
1133 582 1160 603 et
1171 584 1323 610 operemur,
1341 582 1368 603 ut
1385 576 1435 603 illis
1450 575 1566 603 fruamur
1578 576 1652 603 bonis
1665 597 1672 609 ,
1687 585 1718 605 ac
1733 585 1793 612 pro-

1012 623 1053 649 cul
1069 623 1151 650 simus
1165 623 1200 650 ab
1214 623 1259 649 illo
1272 622 1350 650 fluvio
1363 621 1451 657 igneo,
1465 622 1508 656 qui
1524 629 1583 648 cum
1599 622 1680 649 multa
1694 622 1796 657 fragore

1013 668 1075 694 liuet
1090 674 1151 695 ante
1166 667 1278 694 tribunal
1294 667 1464 694 horrendum.
1479 667 1527 700 Qui
1544 667 1625 693 semel
1642 667 1685 693 illo
1700 667 1796 693 incides-

1015 714 1062 745 rit,
1087 713 1121 740 ibi
1143 717 1270 748 perpetuo
1289 717 1393 739 maneat
1414 716 1534 746 oportet,
1558 719 1635 738 llClllO
1654 711 1704 738 erit
1721 712 1764 746 qui
1784 721 1797 738 a

1013 759 1141 793 Supplich
1156 758 1266 793 eripiat,
1282 766 1333 785 non
1352 761 1440 792 pater,
1456 765 1506 784 non
1523 761 1623 787 mater.
1640 764 1690 783 non
1707 756 1797 783 frater.

1015 805 1070 832 lloc
1088 804 1224 839 propheta:
1238 804 1368 835 clamant;
1385 803 1452 830 alius
1466 803 1528 829 dicit
1545 812 1550 828 :
1568 802 1656 829 Frater
1669 810 1717 828 non
1731 802 1798 828 retii-

1015 851 1068 882 mit,
1081 850 1183 876 redimet
1198 849 1271 876 homo
1285 848 1376 884 (Psol.
1388 849 1431 876 48.
1443 848 1496 883 8)?
1512 847 1632 875 Ezechiel
1646 855 1708 875 vero
1722 847 1796 882 quid«

1015 897 1083 931 piam
1099 897 1211 930 amplius
1225 897 1299 922 ell‘ert
1317 896 1357 922 his
1373 895 1461 922 verbis
1474 904 1480 922 :
1496 894 1526 922 Si
1540 895 1632 921 steterit
1646 893 1703 921 Noe
1716 899 1738 920 et
1751 893 1801 920 Job

1015 947 1038 968 et
1053 941 1143 968 Daniel
1154 962 1161 974 ,
1178 941 1245 975 ﬁlias
1261 949 1318 968 suos
1331 946 1353 967 et
1366 941 1433 974 ﬁlias
1452 949 1500 967 non
1515 940 1619 975 eripient
1633 939 1738 974 (Ezeclt.
1757 939 1799 966 Η.

1017 988 1049 1015 ll
1073 993 1095 1014 ct
1110 987 1164 1023 lli).
1180 987 1266 1015 Umnn
1281 987 1350 1014 enim
1366 987 1400 1013 ibi
1416 991 1515 1013 tantum
1528 986 1611 1020 juvat,
1629 993 1725 1020 nempe
1737 993 1801 1020 ope-

1016 1041 1073 1060 rum
1088 1033 1273 1068 patrocinium,
1285 1040 1336 1067 quo
1349 1032 1392 1067 qui
1408 1033 1532 1064 caruerit,
1545 1032 1596 1058 alio
1610 1031 1689 1058 modo
1702 1032 1801 1058 servari

1017 1087 1068 1106 non
1082 1079 1188 1114 poterit.
1205 1079 1266 1106 ll.rc
1281 1079 1371 1112 itaque
1384 1081 1510 1112 perpetuo
1526 1081 1661 1104 versantes
1675 1082 1699 1104 et
1715 1077 1801 1104 uobis-

1016 1132 1076 1152 cum
1095 1128 1246 1159 reputantes
1258 1145 1264 1154 ,
1282 1124 1360 1151 vitam
1377 1131 1554 1158 expurgctnus
1566 1143 1573 1155 ,
1588 1128 1613 1150 ct
1632 1123 1801 1157 conspicuam

1018 1169 1178 1202 reddamus,
1199 1173 1226 1196 ut
1247 1177 1307 1196 cum
1330 1169 1424 1195 liducia
1446 1167 1582 1194 videmnus
1605 1167 1762 1198 Dominum,
1777 1171 1804 1193 et

1019 1215 1147 1249 promissa
1170 1221 1364 1248 consequamur
1384 1213 1451 1240 bona
1465 1234 1471 1244 ,
1491 1213 1575 1247 gratia
1596 1216 1622 1240 et
1644 1212 1804 1246 benignitate

1019 1261 1122 1288 Domini
1145 1260 1228 1288 nostri
1251 1259 1313 1287 .lesu
1334 1259 1446 1291 Christi,
1465 1266 1512 1292 per
1530 1265 1608 1292 quem
1628 1262 1654 1284 et
1673 1265 1732 1284 curti
1752 1264 1804 1291 quo

1018 1307 1088 1334 l‘atri
1101 1307 1194 1341 gloria,
1208 1313 1257 1332 una
1269 1312 1327 1331 cum
1343 1308 1435 1331 sancto
1447 1303 1555 1337 Spiritu,
1569 1309 1638 1329 nunc
1649 1307 1676 1329 et
1688 1309 1803 1336 semper,

1017 1358 1043 1380 ct
1057 1353 1082 1379 in
1098 1352 1193 1382 sa‘cula
1207 1351 1374 1378 sa‘culnrum.
1390 1350 1485 1376 Amen.

193 1458 1408 1473 W

830 1499 1001 1530 HOM‘ILIA
1024 1499 1110 1529 ΧΙΙἸ.

178 1569 226 1596 15.
243 1567 354 1596 Joannes
375 1570 541 1596 testimonium
561 1570 671 1604 perhibet
691 1570 722 1597 de
737 1570 810 1604 ipso,
830 1575 854 1596 et
873 1570 966 1597 clamat

214 1615 298 1642 dicens
312 1623 321 1641 :
333 1614 382 1641 llic
396 1620 448 1642 erat
467 1624 538 1650 quem
558 1615 612 1642 dixi
628 1623 637 1643 :
653 1615 703 1648 Qui
722 1620 778 1650 post
798 1623 836 1641 me
851 1620 968 1643 ventum:

214 1665 259 1689 ut.
274 1664 331 1686 ante
344 1669 383 1687 me
396 1662 476 1695 {acturi
489 1665 536 1691 est.
553 1661 611 1695 quia
625 1660 694 1694 prior
709 1668 747 1687 me
761 1665 824 1688 erat.

215 1707 241 1732 1.
255 1706 346 1733 Dortor
367 1714 398 1732 ea:
412 1706 554 1733 auditorum
561 1706 664 1742 segnitie
672 1707 801 1741 premium
809 1715 858 1734 non
867 1707 966 1733 amittit.

181 1751 273 1778 Pastor
281 1752 419 1786 spiritualis
431 1752 553 1787 quomodo
563 1752 657 1779 liwrere
670 1751 756 1779 debeat
773 1752 904 1779 animabus
921 1752 968 1779 sibi

179 1797 328 1824 commissis.
344 1797 477 1824 Audientes
496 1797 607 1824 stimulat
625 1796 826 1832 Cltrysortomus.
840 1812 876 1817 —
886 1797 967 1824 Num-

178 1843 242 1878 quid
266 1843 360 1869 frustra
382 1843 531 1875 currimus,
550 1848 577 1870 et
601 1842 696 1870 frustra
715 1842 883 1870 laboramus?
904 1850 966 1869 nunt

179 1896 258 1923 supra
274 1893 362 1923 petras
376 1895 466 1916 semen
478 1888 608 1922 jacimus?
623 1895 684 1914 num
698 1894 775 1915 secus
789 1887 857 1914 viam
873 1887 912 1915 vel
929 1887 967 1914 in-

180 1941 220 1962 ter
234 1935 324 1969 spinas
337 1934 405 1969 jacta
419 1933 517 1961 semina
533 1933 634 1961 latent?
648 1933 749 1960 Auxius
762 1941 819 1960 smn
834 1937 860 1959 et
875 1933 965 1964 timeo,

179 1987 213 2007 ne
238 1979 337 2006 inutilis
356 1979 431 2006 nobis
451 1978 613 2013 agricultura
632 1978 682 2010 sit;
705 1977 807 2005 etiarnsi
825 1978 923 2004 nullum
940 1978 966 2005 in

181 2025 290 2060 hujusce
307 2025 403 2053 laboris
417 2025 539 2052 mercede
552 2024 737 2053 dctrimenttun
752 2031 877 2059 passurus
895 2023 944 2051 sim
958 2032 965 2050 :

179 2078 232 2097 non
246 2071 316 2098 enim
329 2070 420 2097 eadem
433 2070 592 2102 conditione,
607 2077 658 2105 qua
670 2069 808 2104 agricolzc,
821 2074 882 2096 sunt
893 2068 965 2096 verbi

178 2115 312 2143 doctores.
328 2116 448 2151 Agricola
463 2116 534 2145 enim
555 2119 613 2150 post
633 2123 735 2142 annuos
754 2121 825 2149 sa‘pc
843 2114 946 2142 labores
958 2134 965 2146 ,

180 2166 238 2196 post
252 2166 350 2189 tantam
364 2162 497 2189 miseriam
512 2165 538 2189 et
552 2161 673 2193 sudores.
690 2162 711 2189 si
727 2166 796 2189 terra
812 2161 875 2188 nihil
891 2161 966 2188 labo-

178 2208 251 2234 ribus
266 2207 317 2234 illis
331 2207 438 2242 dignum
455 2207 559 2240 tulerit,
574 2215 589 2234 a
607 2207 714 2235 nemine
727 2207 778 2234 alio
794 2207 891 2241 poterit
903 2213 967 2234 con-

177 2253 336 2280 solationem
353 2254 490 2288 accipere;
505 2253 550 2280 scd
570 2260 630 2280 cum
650 2253 754 2280 tristitia
773 2257 799 2280 et
817 2252 918 2287 pudore
933 2252 966 2280 ab

177 2305 239 2325 area
253 2298 359 2325 domum
373 2303 520 2327 revertetur
534 2298 566 2325 ad
582 2306 691 2327 uxorem
706 2302 733 2325 et
751 2297 820 2325 ﬁlios
832 2319 839 2329 ,
855 2302 934 2332 atque
950 2305 964 2324 a

178 2343 285 2371 nemine
299 2343 416 2373 diuturni
436 2344 532 2370 laboris
552 2343 701 2372 mercedem
719 2347 839 2378 repetere
859 2343 965 2378 poterit.

178 2389 258 2416 Nobis
280 2393 369 2416 autent
392 2389 457 2416 nihil
482 2389 630 2424 hujusrnodi
652 2389 771 2422 accidet;
797 2389 842 2416 sed
863 2389 967 2417 etiamsi

176 2435 246 2462 culta
269 2441 338 2462 terra
358 2435 457 2462 nullum
479 2435 592 2463 fructum
612 2435 720 2468 tulerit,
738 2435 760 2462 si
781 2435 898 2462 laborem
917 2442 967 2462 nos

176 2489 284 2508 onmem
297 2481 497 2509 exhibuerimus
508 2502 514 2513 ,
529 2482 572 2508 ille
584 2485 610 2508 et
625 2486 702 2508 terrae
715 2485 742 2508 et
753 2481 861 2508 cultoris
877 2480 966 2509 Domi-

179 2535 226 2555 nus
241 2534 292 2554 non
307 2527 378 2554 sinet
388 2534 436 2555 nos
449 2534 507 2554 eum
521 2534 587 2554 vana
599 2534 645 2561 spe
657 2526 791 2560 recedere,
805 2526 851 2553 sed
865 2533 966 2553 mercc-

174 2571 236 2600 dem
253 2572 361 2600 tribuet.
378 2571 552 2607 Unusquisque
564 2572 640 2604 enim,
653 2572 746 2605 inquit,
761 2573 890 2606 propriam
902 2579 967 2598 mer-

175 2619 260 2645 cedem
274 2618 379 2652 accipiet
394 2618 529 2645 secundum
544 2618 673 2653 proprium
689 2617 797 2644 laborem
812 2616 849 2652 (l.
864 2616 923 2643 Cor.
938 2617 965 2644 3.

173 2663 212 2699 8).
225 2671 278 2691 non
290 2664 437 2691 sccundmn
449 2663 486 2690 rei
498 2663 585 2690 ﬁnem.
599 2663 633 2690 Et
642 2663 711 2697 quod
723 2663 756 2690 ita
768 2670 811 2690 res
820 2670 849 2690 se
860 2661 965 2694 habeat,

173 2709 234 2736 audi
250 2719 256 2736 :
272 2708 307 2736 Et
322 2714 365 2742 tu,
387 2709 486 2743 inquit,
504 2708 555 2735 Fili
573 2708 694 2741 hominis,
711 2707 853 2735 testiﬁcare
868 2707 965 2741 popqu

175 2754 235 2782 huic
247 2775 253 2787 ,
268 2755 289 2781 εἰ
303 2756 370 2790 [οι-ιε
381 2754 496 2787 audiant,
508 2754 528 2781 si
544 2756 608 2789 forte
622 2753 762 2787 intelligant
776 2753 880 2789 (Ezeclt.
893 2753 920 2779 ‘2.
938 2754 965 2780 5.

174 2801 210 2833 5).
229 2801 261 2828 Et
275 2808 321 2835 per
335 2799 502 2827 Ezechielem
527 2800 600 2834 (Cap.
619 2800 644 2826 5.
659 2800 702 2833 l9)
722 2799 745 2826 id
758 2799 876 2826 ediscere
890 2799 964 2825 licet:

172 2847 199 2874 Si
220 2847 375 2882 speculator
396 2847 563 2881 prwtlixerit,
580 2846 641 2882 quid
657 2846 760 2881 lugere,
781 2845 842 2881 quid
867 2845 963 2881 eligere

1020 1573 1140 1604 oporteat
1153 1589 1164 1599 ι
1176 1569 1290 1595 animam
1306 1575 1387 1594 suam.
1397 1565 1526 1597 liberavit,
1541 1565 1661 1600 quamvis
1675 1573 1755 1592 nemo
1767 1569 1806 1592 at-

1021 1615 1120 1642 tendat.
1135 1616 1256 1642 Attamen
1270 1614 1331 1641 licet
1345 1613 1412 1639 hanc
1426 1612 1527 1639 ﬁrmam
1539 1611 1746 1639 consolationem
1760 1610 1806 1637 ha-

1020 1661 1150 1694 beamus,
1161 1661 1220 1688 licet
1239 1660 1272 1687 dc
1289 1659 1463 1687 retributione
1485 1658 1596 1686 fidamus
1608 1678 1616 1690 ,
1635 1657 1741 1692 quando
1758 1664 1808 1683 vos

1020 1706 1084 1733 nihil
1103 1713 1185 1740 opere
1204 1705 1332 1740 proﬁcere
1352 1703 1472 1731 videmus
1485 1723 1492 1735 .
1508 1702 1590 1729 nihilo
1610 1702 1704 1729 melius
1719 1701 1806 1728 afﬁci.-

1020 1760 1086 1783 mur,
1104 1759 1181 1785 quam
1199 1750 1331 1784 agricolze,
1344 1749 1389 1784 qui
1409 1753 1517 1784 gemunt
1530 1753 1555 1776 et
1573 1748 1760 1783 laeiymantur,
1776 1755 1807 1774 ac

1019 1797 1118 1833 pudore
1130 1797 1276 1831 roboreque
1287 1796 1446 1823 afﬁciuntur.
1460 1794 1515 1821 Iloc
1526 1793 1641 1820 doctoris
1655 1793 1805 1820 misericor-

1019 1842 1059 1870 dia
1073 1863 1080 1875 ,
1098 1842 1147 1869 hoc
1162 1841 1243 1876 patris
1258 1848 1320 1868 cura
1339 1844 1390 1868 est.
1407 1840 1509 1867 Etenim
1527 1839 1607 1873 Moysi
1618 1846 1630 1865 s
1642 1845 1701 1865 cum
1718 1838 1751 1865 ab
1765 1839 1804 1865 in-

1019 1897 1091 1928 grata
1105 1892 1254 1919 JUtltBOI'lllll
1269 1895 1346 1926 gente
1359 1889 1464 1917 liberari
1480 1893 1577 1924 posset,
1590 1887 1806 1922 splendidiusqu

1018 1946 1050 1967 ac
1062 1938 1144 1965 multo
1157 1937 1242 1972 majus
1258 1937 1283 1964 in
1297 1936 1375 1963 aliam
1389 1939 1495 1970 gentem
1510 1934 1650 1968 imperium
1665 1933 1784 1960 obtinere
1797 1941 1803 1959 :

1019 1993 1080 2012 nam
1094 1984 1131 2011 ait
1146 1984 1224 2015 Deus,
1241 1982 1346 2009 Dimitte
1357 1990 1405 2014 nte,
1417 1985 1438 2008 et
1452 1980 1538 2007 delebo
1555 1988 1596 2006 eos
1607 2000 1614 2012 ,
1630 1979 1769 2014 faciantque
1783 1983 1806 2004 ιι

1018 2030 1045 2056 in
1059 2033 1156 2065 gentem
1169 2029 1216 2055 hac
1229 2029 1349 2063 majorem
1362 2027 1371 2062 (
1383 2026 1463 2053 Exod.
1482 2025 1524 2053 ΒΞ.
1544 2025 1607 2060 l0);
1624 2024 1683 2059 quia
1699 2027 1806 2050 sanctus

1018 2080 1075 2103 erat
1084 2080 1111 2103 et
1124 2075 1169 2102 Dei
1181 2082 1284 2106 servus,
1297 2073 1357 2108 quia
1369 2080 1430 2099 vere
1442 2071 1544 2098 amicus
1557 2076 1581 2097 et
1595 2070 1693 2104 probus
1705 2070 1723 2102 ¹,
1738 2069 1805 2096 hanc

1019 2129 1108 2148 vocem
1123 2128 1156 2147 ne
1167 2120 1257 2147 auditu
1270 2119 1377 2154 quidem
1391 2118 1466 2149 tulit;
1481 2116 1526 2143 sed
1543 2116 1629 2150 perire
1641 2115 1732 2142 maluit
1744 2123 1803 2141 ('lltll

1017 2172 1095 2204 gente
1106 2167 1154 2195 sibi
1170 2166 1253 2193 semel
1268 2164 1378 2197 credita,
1389 2171 1468 2198 quam
1483 2162 1540 2189 sine
1554 2162 1597 2189 illa
1609 2161 1719 2193 servari,
1731 2166 1757 2187 et
1771 2161 1802 2187 ad

1019 2215 1145 2249 majorem
1158 2212 1310 2247 dignitatem
1322 2210 1431 2237 assumi.
1444 2208 1535 2236 Talem
1549 2211 1653 2243 oportet
1662 2215 1722 2233 eum
1733 2215 1803 2238 e‘se,

1017 2261 1059 2288 cui
1072 2260 1219 2287 animarum
1230 2257 1370 2286 commissa
1384 2263 1446 2283 cura
1459 2258 1508 2281 est.
1524 2254 1672 2280 Absurdutn
1686 2253 1756 2280 enim
1767 2261 1804 2279 es-

1017 2312 1067 2338 set,
1078 2306 1140 2333 dum
1149 2311 1291 2340 pravorum
1303 2303 1416 2330 ﬁliorum
1429 2304 1503 2335 pater
1513 2308 1564 2326 non
1575 2298 1629 2326 vult
1640 2298 1715 2328 alios,
1725 2305 1802 2332 quam

1017 2353 1051 2380 ab
1065 2360 1093 2380 se
1110 2351 1212 2386 genitos
1225 2371 1232 2383 ,
1248 2349 1315 2376 ﬁlios
1330 2355 1392 2376 suos
1405 2346 1456 2374 dici
1467 2367 1475 2379 ,
1489 2344 1648 2373 commissos
1663 2343 1804 2377 disripulos

1018 2405 1124 2432 semper
1139 2401 1257 2428 motare,
1272 2401 1303 2422 ac
1317 2401 1386 2421 nunc
1400 2393 1459 2426 hos,
1475 2399 1546 2418 nunc
1560 2391 1627 2418 alios
1639 2410 1646 2422 ,
1662 2395 1804 2424 posteaque

1019 2450 1101 2470 novos
1114 2441 1266 2469 adscribere
1276 2461 1282 2471 ,
1297 2445 1377 2474 atque
1391 2446 1451 2473 erga
1463 2437 1550 2464 nullos
1562 2435 1675 2463 amicitia
1689 2435 1804 2462 benevo-

1019 2489 1150 2522 lentiaque
1161 2486 1240 2514 afﬁci.
1253 2485 1351 2512 Verum
1361 2484 1429 2511 absit
1443 2488 1471 2509 ut
1482 2482 1541 2509 talia
1551 2481 1585 2508 dc
1595 2481 1670 2508 vobis
1681 2486 1803 2514 umquam

1018 2533 1193 2567 suspicemur.
1209 2529 1374 2558 Conﬁdimus
1388 2528 1458 2555 cuitu
1472 2534 1520 2554 vos
1534 2526 1617 2561 magis
1630 2524 1762 2552 almudarc
1778 2524 1804 2550 in

1020 2580 1070 2606 lide
1093 2579 1118 2604 in
1143 2577 1282 2605 Dominum
1305 2579 1424 2602 nostrum
1446 2573 1536 2601 Jesum
1561 2572 1709 2602 Christum,
1730 2574 1757 2596 et
1779 2570 1804 2595 in

1018 2626 1127 2652 caritate
1145 2628 1234 2650 mutua
1249 2628 1311 2656 erga
1325 2628 1416 2647 omnes
1434 2619 1480 2654 (2.
1493 2618 1551 2646 Cor.
1565 2617 1591 2644 8.
1607 2617 1653 2651 7).
1670 2616 1731 2642 lla-c
1744 2623 1806 2641 vero

1018 2670 1130 2697 dicimus
1146 2673 1174 2696 ut
1187 2667 1302 2695 studium
1318 2670 1433 2693 vestrutu
1447 2671 1590 2699 augeamus
1603 2684 1609 2695 ,
1626 2666 1653 2690 et
1668 2661 1727 2688 vita:
1743 2668 1806 2695 pro-

1020 2715 1126 2742 bitatem
1142 2714 1167 2740 in
1183 2714 1240 2740 dies
1253 2718 1405 2740 accrescere
1417 2717 1550 2737 curemus.
1565 2709 1610 2736 Sic
1620 2708 1689 2735 enim
1702 2706 1734 2733 ad
1749 2713 1811 2741 ver-~

1020 2761 1111 2787 borum
1126 2759 1252 2786 horumce
1267 2755 1424 2792 profundum
1441 2759 1530 2782 mente
1545 2753 1694 2789 pertingere
1708 2750 1804 2786 poteri-

1052 2849 1060 2863 ι
1079 2847 1105 2872 in
1118 2846 1199 2871 \lcrcl.
1215 2845 1311 2875 legitur,
1325 2843 1379 2876 quia
1393 2849 1445 2868 rere
1455 2848 1534 2868 servus
1547 2844 1568 2866 et
1580 2837 1678 2871 probus.
