2040 3113
252 144 284 171 87
620 142 646 169 S.
667 139 809 168 JOANNIS
831 138 1074 167 CHRYSOSTOMI
1096 137 1252 164 Antilll'rli’.
1275 136 1541 166 COXSTAN'HNOP.
1853 143 1885 170 gs

252 202 297 233 tis,
311 201 332 228 si
348 201 421 228 nulla
435 200 561 235 nequitia:
575 199 708 233 lippitudo
721 199 817 225 octtlos
830 199 928 225 mentis
940 202 1037 224 vestra:

252 247 391 279 obscuret,
422 246 536 280 ejusque
554 245 787 280 perspicacittem
805 245 944 272 obturbat.
966 243 1034 276 Quid

254 293 337 325 igitur
352 292 431 319 nobis
442 291 522 318 hodie
537 292 698 326 proponitur
710 290 846 318 Homines
860 291 1036 318 testimonium

251 338 365 373 perhibet
375 338 407 364 de
418 338 485 372 ipso,
496 343 520 364 et
530 337 627 364 clamat
640 338 745 364 dicens:
758 337 807 364 Hic
818 342 874 364 erat
882 345 956 372 quem
968 336 1036 362 diri:

252 384 302 416 Qui
314 388 371 417 post
385 391 426 409 me
440 383 521 416 venit,
541 387 601 409 ante
616 392 655 410 me
670 383 756 417 factus
770 389 818 415 est,
832 383 891 417 quia
908 383 981 416 prior
998 390 1037 409 rue

251 433 318 456 erat.
337 428 414 463 Saepe
435 428 477 455 hic
494 429 660 463 evangelista
674 428 806 456 Joannem
823 430 895 455 ultro
911 428 1036 462 citroque

251 476 473 509 versatmjusque
484 475 667 501 testimonium
681 475 848 502 circumfert.
862 474 889 500 ld
906 481 971 501 vero
982 481 1038 500 non

245 521 302 546 sine
323 527 402 546 causa
416 541 423 552 ,
440 519 486 546 sed
508 519 651 545 admodum
671 517 814 552 prudenter
834 520 950 551 pnestat.
970 516 1036 549 Quia

245 566 316 592 enim
331 565 418 592 Juda‘i
432 566 516 592 virum
532 572 611 599 supra
626 563 733 590 modum
749 563 912 590 mirabantur
925 562 996 597 (ram
1011 566 1038 588 et

244 610 376 645 .lusephus
389 618 422 639 ex
436 610 494 644 ejus
508 617 572 637 nccu
585 609 682 636 bellmn
697 613 783 634 ortum
799 613 899 639 narrat,
915 608 1037 642 illiusque

245 657 304 683 neci
328 655 507 691 metropolcos
529 655 660 683 excidium
686 654 813 681 adscribit
829 653 865 689 (ιι)
879 675 885 685 ,
907 661 937 680 ac
959 653 1037 687 longo

244 711 367 730 sermone
385 703 476 730 laudes
489 703 547 736 ejus
562 701 757 736 prosequitur),
774 706 799 727 ιιι
815 700 921 727 Judams
936 699 1037 734 pudore

244 749 388 782 sull‘nndat,
398 747 536 775 Prodromi
551 748 728 774 testimonium
741 747 791 773 illis
803 746 955 780 frequenter
964 753 1037 773 cont-

244 799 382 821 memot-at.
401 793 434 820 Et
448 793 491 820 alii
507 792 612 828 quidetn
628 792 797 826 evangelista:
808 813 814 824 ,
833 792 900 820 facta
916 795 1035 818 veterutn

244 840 433 874 prtmhetarum
448 839 593 871 mentione,
606 838 638 865 ιιι]
652 838 754 872 singula
767 843 839 872 gesta
851 837 1037 865 committunt.

243 881 391 908 auditorem
407 890 413 908 :
427 888 459 908 ac
479 881 584 915 quando
600 885 678 908 natus
691 885 734 908 est
752 880 843 907 dicunt
859 888 865 906 :
883 879 938 906 Hoc
952 884 1036 906 autent

244 932 321 953 totum
343 927 439 962 factum
460 931 497 953 est
509 947 517 958 ,
531 931 556 952 nt
578 926 725 960 impleretur
746 926 814 960 quod
832 926 926 952 dictitat
940 930 976 952 est
992 933 1036 960 per

245 972 337 999 lsaiam
352 973 502 1007 prophetam
515 972 657 999 dicentem:
671 972 735 999 Ecce
753 972 828 1007 Virga
842 972 868 998 iu
883 976 953 998 utero
963 970 1036 998 Italu-

243 1018 287 1050 bit,
302 1024 324 1045 et
339 1019 419 1051 pariet
433 1019 513 1052 ﬁlium
525 1018 630 1052 (Matth.
647 1019 658 1045 1
676 1017 733 1045 .92.
745 1018 790 1046 23.
811 1017 874 1045 luti.
890 1018 916 1044 7.
931 1017 987 1051 H).
1003 1017 1036 1044 Ει

243 1072 302 1090 cttnt
325 1065 428 1092 insidiis
447 1069 635 1099 appeteretur,
655 1069 681 1092 et
701 1065 736 1091 ita
756 1065 898 1100 diligenter
919 1064 1035 1098 undique

243 1109 460 1144 perquireretur,
481 1114 509 1137 ut
531 1110 671 1137 imutatura
693 1110 772 1138 etiam
795 1115 860 1137 mtas
879 1110 913 1137 ab
929 1109 1035 1137 Herode

240 1155 415 1189 jugularetur,
432 1155 575 1183 Jercmiam
591 1155 664 1185 illum
679 1156 744 1183 olim
760 1155 917 1190 prophetam
933 1156 959 1182 in
975 1163 1038 1183 tne-.

242 1200 314 1226 diutn
336 1200 469 1228 adducunt
487 1200 619 1228 dicentem
637 1209 643 1227 :
665 1200 720 1228 Vox
736 1201 762 1228 in
779 1201 860 1228 [fama
874 1201 963 1228 audita
977 1205 1013 1228 est
1025 1221 1032 1233 ,

243 1245 398 1278 luuteututio,
412 1245 530 1280 ploratus.
539 1250 562 1272 et
577 1246 690 1274 ululatus
702 1246 805 1278 utullus,
819 1245 916 1273 Rachel
930 1246 1033 1281 plorans

242 1289 309 1323 [ilios
322 1299 380 1317 suos
394 1290 460 1325 (Jer.
476 1291 520 1318 5|.
537 1291 600 1326 l5);
617 1295 643 1319 et
658 1299 718 1318 cum
732 1299 766 1318 ex
783 1291 899 1327 Egypto
915 1291 1032 1324 rediret,

241 1336 336 1363 Oscam
358 1336 494 1370 proh-runt
515 1337 554 1364 sic
574 1336 727 1372 loquentem
740 1357 748 1369 ,
763 1336 804 1364 Ex
819 1337 934 1372 Aigypto
948 1337 1033 1364 vacavi

242 1382 323 1414 [ilium
347 1390 428 1408 nteant
449 1381 533 1418 (Osee
555 1382 598 1409 Η.
619 1383 650 1418 1)
670 1392 676 1410 :
697 1388 723 1410 et
743 1384 840 1418 ubique
855 1383 887 1409 ad
910 1384 979 1410 ltnuc
994 1383 1033 1410 fa-

242 1429 315 1454 ciunt
334 1428 450 1454 utodttnt.
472 1428 520 1456 llic
533 1436 596 1455 vero
607 1450 613 1462 ,
631 1433 722 1464 utpote
736 1429 781 1463 qui
800 1429 939 1456 sublimius
953 1436 1032 1464 quam

241 1473 284 1499 alii
302 1473 328 1500 lo
339 1480 440 1508 piatur,
454 1474 550 1502 clarius
564 1479 642 1509 atque
658 1476 791 1502 recentius
805 1475 942 1510 proferens
959 1475 1033 1502 testi-

241 1519 358 1546 monium
371 1539 376 1550 ,
392 1527 444 1546 nun
459 1524 577 1547 mortuos
593 1524 692 1549 tantum
703 1541 710 1552 ,
725 1520 771 1548 sed
786 1525 813 1547 et
827 1521 958 1547 viventem
968 1541 975 1551 ,
987 1521 1030 1554 qui

240 1571 301 1590 ctttn
316 1569 342 1590 et
358 1569 514 1598 pra‘sentem
531 1565 684 1592 ostenderat
696 1570 722 1592 et
737 1565 925 1600 baptizaverat,
940 1566 965 1592 in
981 1573 1032 1592 me-

239 1608 312 1635 dium
333 1608 486 1644 frequenter
505 1610 630 1642 adducit;
651 1618 703 1637 ttun
726 1619 778 1645 qtto
801 1611 939 1638 Dominum
962 1611 1030 1638 servi

241 1655 392 1681 testimonio
410 1654 460 1682 [ide
475 1655 584 1690 dignum
599 1656 786 1690 comprobaret
799 1677 806 1688 ,
820 1656 866 1683 sed
884 1660 913 1683 ut
925 1656 1030 1683 audito-

239 1710 297 1728 rum
312 1702 457 1728 inﬁrmitati
478 1709 506 1729 se
521 1706 720 1736 attemperatet.
735 1701 809 1729 Sicut
823 1702 893 1729 enim
910 1702 958 1729 nisi
975 1702 1030 1729 fur-

241 1755 309 1773 mam
334 1748 402 1774 servi
429 1748 596 1783 accepisset,
622 1756 674 1775 non
698 1753 822 1784 acceptus
845 1749 1030 1784 admissusque

241 1794 332 1821 ruisset
344 1803 350 1820 :
363 1795 400 1821 sic
416 1795 464 1821 nisi
480 1795 548 1821 servi
566 1802 631 1821 voce
643 1802 831 1822 conservorum
847 1803 925 1822 aures
940 1803 1031 1822 assue—

241 1840 347 1867 fecisset
360 1861 366 1872 ,
382 1841 497 1867 maxima
515 1848 575 1876 pars
596 1840 748 1868 Jud;eortmt
762 1862 769 1873 ,
786 1842 901 1869 sermoni
918 1849 969 1869 non
983 1842 1026 1869 cb-

240 1890 424 1920 temperasset.

272 1934 301 1959 ‘1.
322 1932 374 1959 Cur
391 1937 412 1959 et
428 1933 552 1968 quontodo
565 1932 677 1960 Joannes
693 1933 806 1968 Baptista
821 1933 947 1961 Christum
965 1942 1029 1969 prte—

239 1978 312 2005 tlicet.
325 1993 359 1998 —-
370 1978 408 2005 Ad
424 1971 564 2006 ιυιάυϋυᾱ
579 1979 757 2014 apparabatur
770 1987 893 2014 maguum
909 1985 934 2006 et
950 1980 1029 2006 mita-

239 2024 300 2051 hilc.
317 2025 383 2058 Quia
407 2025 496 2058 enim,
518 2025 561 2059 qtti
584 2025 617 2052 de
639 2025 727 2060 seipse
747 2032 870 2060 maguum
894 2025 1027 2060 quidpiam

238 2069 333 2102 elfert,
353 2074 493 2104 suspectus
513 2074 571 2102 est,
592 2075 618 2097 et
637 2070 786 2097 auditorum
810 2070 938 2104 plurimos
958 2077 1029 2104 sa-pc

238 2115 365 2149 olTendit;
379 2116 438 2143 ideo
449 2116 517 2143 alius
531 2117 562 2143 de
576 2117 620 2143 illo
635 2117 820 2144 testiﬁcanti-ns
831 2117 943 2144 accedit.
956 2117 1029 2144 Alio-

237 2162 300 2197 quin
314 2166 401 2189 autem
415 2183 423 2194 ,
438 2161 497 2196 quia
514 2162 582 2189 solet
597 2162 736 2188 ntttltitttdo
755 2162 787 2188 ad
804 2161 959 2189 familiarem
978 2161 1027 2188 sibi

237 2213 263 2234 et
275 2207 391 2234 innatam
405 2215 496 2233 vocem
512 2215 663 2240 accurrere,
678 2211 768 2241 utpote
780 2214 858 2241 quain
873 2207 967 2233 melius
981 2214 1029 2234 no-

237 2253 323 2280 verint
337 2261 343 2279 :
360 2252 419 2278 ideo
435 2259 484 2278 vox
506 2251 538 2278 de
559 2251 624 2278 ca'lo
639 2252 721 2278 semel
740 2255 787 2278 aut
808 2251 846 2278 bis
861 2251 950 2277 audita
967 2255 1007 2278 est
1020 2271 1027 2283 ,

236 2305 286 2323 vox
313 2304 376 2324 vero
400 2296 510 2323 Joannis
533 2295 756 2330 frequentissime.
781 2296 845 2322 Nam
870 2296 915 2330 qui
938 2296 1027 2330 pepuli

236 2342 443 2369 imbecillitatem
464 2342 643 2376 superabant,
664 2347 690 2368 et
711 2349 724 2368 .1
745 2342 887 2369 sensilibus
905 2343 1031 2370 omnibus

235 2388 351 2423 exempli
367 2393 452 2419 erant,
470 2387 567 2422 quique
582 2395 724 2422 supernam
740 2395 832 2415 vocem
846 2389 938 2416 audire
954 2393 1028 2423 pote—

233 2438 293 2461 rant
305 2454 312 2463 ι
327 2441 378 2459 non
392 2433 534 2460 admodum
551 2441 617 2467 opus
633 2433 765 2460 habebant
781 2434 913 2467 humana;
930 2435 1027 2469 quippe

231 2473 279 2522 lini
291 2478 351 2505 huic
361 2480 469 2505 omnino
480 2479 707 2513 obtemperabant,
717 2483 743 2506 et
754 2479 786 2506 ab
799 2479 840 2506 illa
851 2479 1024 2507 ducebantur.

235 2524 285 2557 Qui
312 2532 374 2551 vero
391 2524 476 2551 adlmc
493 2524 562 2551 circa
583 2524 672 2550 iullma
691 2525 881 2558 versabantur,
898 2529 925 2552 et
943 2525 1025 2552 multa

267 2603 303 2633 (ιι)
314 2602 383 2637 Quod
393 2603 432 2627 ltic
447 2602 505 2627 dicit
516 2602 711 2637 _Chrysostomtts,
724 2606 788 2637 auset
797 2603 854 2637 httm
865 2605 1026 2637 Jcrosolymo-

235 2641 288 2657 rtttn
306 2634 427 2658 excidium
438 2634 536 2666 Joannis
547 2634 658 2664 Baptista:
675 2635 728 2658 neci
746 2635 895 2666 adscribere,
909 2634 1024 2661 non'om-

236 2666 292 2688 uino
301 2668 423 2697 consonat
440 2670 494 2688 cum
518 2665 547 2697 iis
563 2671 618 2695 qum
634 2669 714 2689 narrat
730 2666 849 2696 Josephus
866 2666 881 2690 Ι,
896 2667 940 2695 18,
953 2674 975 2692 c.
993 2669 1023 2697 6,

235 2697 274 2719 ubi
291 2696 357 2723 dicit,
368 2698 445 2719 totum
462 2695 561 2719 Herodis
574 2696 708 2720 exercitum
720 2695 810 2720 casum
826 2697 902 2721 fuisse
914 2695 1024 2723 abAreta

236 2727 328 2750 Arabiae
342 2728 439 2750 l‘etra'ze
449 2732 510 2756 rege
521 2733 526 2749 :
541 2730 566 2750 et
578 2726 638 2751 hanc
648 2726 749 2756 eludent,
758 2733 805 2751 non
811 2732 893 2752 autem
903 2729 1024 2754 excidium

234 2756 444 2788 .teromlymorum,
456 2757 555 2781 Joannis
577 2758 686 2788 Baptistte
704 2759 756 2782 neci
774 2758 894 2782 adscribit.
914 2763 962 2782 κοιλ
978 2760 1023 2783 de-

235 2791 290 2811 S‘llti.
300 2792 380 2812 autem
392 2788 455 2811 inter
468 2788 531 2811 viros
545 2788 630 2812 doctos
646 2789 686 2817 qui
706 2789 768 2812 hunc
783 2792 847 2819 .lusel
857 2789 879 2812 hi
892 2789 924 2813 de
932 2793 1023 2814 Joanne

233 2818 336 2846 llaptista
356 2818 432 2842 locum
449 2822 588 2851 suspectum
609 2819 723 2843 habeant.
741 2819 786 2844 Sed
804 2818 855 2843 lucc
873 2819 950 2844 fusius
966 2827 1022 2851 per-

236 2850 304 2879 sequi
324 2857 369 2874 nun
388 2853 422 2874 est
441 2850 571 2880 put-sentis
584 2849 694 2875 instituti.

1093 198 1258 220 terrenarum
1275 201 1361 220 rertntt
1377 194 1489 229 caligine
1507 194 1700 229 obtegebatttur
1711 217 1719 229 ,
1736 197 1785 224 hac
1800 196 1884 225 humi—

1093 238 1159 266 liore
1172 239 1282 271 egebant
1299 246 1372 265 voce.
1388 240 1432 266 Sic
1443 247 1506 274 ergo
1520 239 1653 269 Joannes.
1669 241 1728 275 quia
1743 243 1885 271 sensilibus

1091 293 1120 312 se
1134 285 1248 320 undiqtte
1261 287 1343 318 exuit,
1358 287 1490 322 magistris
1507 287 1657 315 homittibus
1670 289 1676 304 ‘
1689 297 1755 323 optts
1769 298 1821 316 non
1836 290 1884 316 ha-

1091 330 1158 362 buit,
1175 331 1221 358 sed
1237 340 1269 358 ex
1284 331 1350 359 cmlo
1365 333 1485 360 eruditus
1498 337 1548 360 est.
1566 334 1629 360 Nam
1644 335 1689 366 ait,
1704 334 1754 367 Qui
1768 336 1834 362 misit
1848 345 1886 363 me

1092 375 1219 410 baptizare
1237 377 1263 403 in
1283 385 1349 411 aqua
1361 397 1368 408 ,
1389 377 1432 404 ille
1452 378 1514 404 mihi
1535 379 1598 405 dixit
1610 387 1619 406 :
1633 379 1716 414 Super
1730 388 1802 414 queat
1818 381 1880 407 vide-

1090 421 1126 448 ris
1146 420 1270 455 Spiritum
1290 421 1338 449 Dei
1357 422 1564 455 drucmleutem,
1588 424 1628 450 ln'c
1650 429 1696 451 est.
1716 424 1800 452 Juda'i
1822 434 1886 453 vero

1090 465 1177 492 adlmc
1200 467 1333 501 infantes,
1349 467 1393 502 qui
1417 467 1450 495 ad
1472 468 1638 496 altitudinem
1664 469 1735 496 illam
1755 471 1885 504 attingere

1091 512 1208 539 ttondttm
1231 518 1372 547 poterant,
1392 514 1526 542 hominem
1553 514 1686 543 habebant
1709 517 1862 551 magistrum
1876 539 1884 549 ,

1091 564 1143 583 non
1165 564 1212 584 sua
1228 557 1267 584 eis
1279 578 1285 588 ,
1302 558 1348 586 sed
1366 559 1482 585 crlestia
1504 560 1716 587 annuntiantem.
1737 561 1804 594 Quid
1821 570 1884 597 ergo

1091 601 1132 629 hic
1146 602 1281 637 loquitur?
1294 603 1354 638 Ipse
1365 604 1532 631 testimonium
1543 605 1654 640 per/libet
1665 606 1697 632 de
1707 615 1745 639 eo,
1758 612 1781 633 et
1791 608 1884 635 cltnuat

1090 647 1184 675 dicens.
1199 648 1267 681 Quid
1280 649 1330 675 sibi
1343 649 1396 676 vult
1411 650 1485 682 illud,
1498 649 1617 678 Clamat?
1627 651 1692 678 Cum
1705 652 1810 685 litlucia,
1822 661 1883 681 etttn

1090 692 1212 721 libertate
1223 715 1229 726 ,
1246 696 1317 722 omni
1332 695 1434 730 abjecta
1449 696 1590 724 formidine
1604 698 1741 732 praedicat.
1758 699 1826 733 Quid
1842 704 1882 727 te-

1089 743 1174 767 statur
1189 745 1215 768 ct
1227 741 1342 768 clamat?
1357 741 1484 775 llic’erat,
1498 743 1592 778 inqttit,
1604 751 1676 778 quem
1692 744 1754 777 αἰαῖ,
1771 746 1813 779 qui
1827 752 1882 780 post

1089 795 1129 814 me
1141 789 1215 820 venit,
1230 793 1289 815 ante
1301 796 1339 815 me
1351 788 1433 822 [actus
1445 793 1490 822 est,
1501 789 1561 824 quia
1574 789 1644 824 prior
1655 798 1694 816 me
1706 795 1768 817 erat.
1782 790 1883 818 0bscu~

1089 840 1148 860 rum
1167 838 1209 860 est
1225 834 1403 861 testimonium
1416 855 1424 867 ,
1440 839 1467 861 et
1480 835 1568 862 adlutc
1584 835 1660 862 valde
1677 836 1777 865 humile
1791 844 1821 863 ae
1836 836 1882 864 de-

1089 879 1210 906 missum.
1231 879 1288 906 Non
1301 880 1372 907 enim
1384 880 1472 912 dixit,
1488 880 1536 907 Hic
1549 885 1589 908 cst
1605 881 1687 908 Filius
1705 882 1749 908 Dei
1764 882 1883 917 unigeni-

1089 928 1130 951 ωε
1142 924 1152 940 ⁸
1166 933 1172 951 :
1189 924 1235 952 sed
1251 924 1333 959 quid?
1350 924 1399 952 Hic
1412 930 1466 952 erat
1483 934 1555 960 quam
1572 926 1625 954 dixi
1638 947 1645 957 .
1659 928 1704 962 qui
1723 932 1777 961 post
1795 928 1860 954 venit
1873 949 1880 961 ,

1087 974 1146 997 ante
1157 978 1195 997 me
1205 971 1287 1005 factus
1301 976 1347 1005 est,
1364 972 1423 1006 quia
1438 973 1508 1006 ptiar
1521 981 1560 999 me
1574 978 1636 1000 erat.
1652 973 1880 1007 Quemadmodum

1088 1017 1158 1045 enim
1172 1017 1335 1045 avicularum
1354 1023 1452 1045 matres
1470 1019 1557 1054 pullos
1570 1027 1633 1046 suos
1653 1027 1705 1046 non
1725 1020 1814 1047 statim
1833 1028 1881 1048 nee

1088 1069 1141 1088 tttto
1161 1061 1204 1089 die
1219 1063 1322 1091 volandi
1338 1067 1422 1092 artem
1442 1068 1521 1090 totatn
1543 1063 1673 1097 educent,
1687 1065 1733 1092 sed
1749 1065 1834 1100 pritno
1848 1074 1879 1093 ex

1087 1107 1149 1135 nido
1163 1108 1279 1135 educunt
1293 1113 1406 1140 tantum.
1420 1109 1516 1137 deinde
1530 1118 1544 1136 a
1559 1110 1647 1137 volatu
1663 1111 1831 1145 requiescere
1845 1112 1879 1138 si-

1088 1159 1164 1186 nunt,
1178 1158 1237 1189 post
1249 1154 1280 1182 ad
1294 1155 1410 1182 volatum
1423 1160 1559 1189 exercent,
1572 1156 1666 1191 dieque
1678 1162 1782 1192 postera
1797 1158 1880 1185 multo

1087 1200 1172 1235 majus
1186 1201 1290 1228 volandi
1306 1202 1462 1229 exercitium
1476 1202 1587 1236 addunt,
1604 1203 1695 1237 sicque
1711 1205 1834 1238 paulatim
1849 1213 1879 1232 ac

1086 1246 1184 1272 sensim
1207 1246 1239 1274 ad
1264 1251 1456 1282 congruentem
1483 1248 1650 1276 altitudinem
1674 1249 1790 1276 educunt
1814 1259 1820 1276 :
1844 1251 1878 1278 ita

1087 1293 1180 1320 beatus
1192 1293 1308 1321 Joannes
1324 1301 1375 1321 non
1391 1295 1480 1321 statim
1496 1295 1529 1322 ad
1545 1295 1666 1322 sublimia
1681 1295 1786 1323 a'udaeos
1800 1296 1878 1324 dedu-

1085 1338 1141 1370 xit;
1157 1338 1204 1365 sed
1219 1339 1352 1374 paululum
1364 1347 1379 1367 e
1393 1345 1462 1367 terra
1477 1340 1566 1368 educit
1577 1346 1603 1368 et
1616 1341 1704 1368 volare
1715 1341 1802 1374 docet,
1817 1350 1877 1370 eum

1085 1383 1122 1409 ait
1134 1403 1141 1414 ,
1155 1382 1289 1411 Christum
1303 1391 1331 1412 se
1345 1384 1482 1412 meliorem
1500 1393 1569 1412 esse.
1586 1385 1677 1421 Neque
1692 1387 1763 1414 enim
1785 1395 1876 1422 parma

1085 1426 1191 1454 interim
1217 1428 1282 1455 illud
1302 1433 1376 1462 erat,
1395 1429 1465 1464 quod
1484 1430 1619 1458 auditores
1640 1431 1749 1459 credere
1770 1438 1878 1467 possent
1909 1436 1914 1441 ”

1085 1472 1172 1505 illum,
1186 1473 1229 1508 qtti
1245 1474 1361 1501 nondttnt
1378 1475 1450 1502 visus
1464 1475 1549 1503 fuerat
1560 1497 1567 1509 ,
1583 1484 1632 1504 nec
1647 1477 1770 1504 miracula
1785 1478 1876 1506 editio-

1085 1522 1134 1549 r.tt,
1146 1526 1205 1545 esse
1217 1519 1343 1553 majorem
1354 1519 1465 1550 Joanne,
1476 1525 1529 1547 tam
1543 1521 1654 1549 mirabili
1666 1527 1692 1549 et
1704 1523 1797 1550 illustri
1809 1524 1876 1555 viro,

1084 1564 1116 1589 ad
1131 1571 1210 1598 quem
1225 1571 1318 1592 omnes
1330 1566 1523 1600 accnrrebant,
1539 1575 1670 1602 quemque
1684 1569 1805 1603 angelum
1817 1577 1877 1596 esse

1085 1609 1221 1643 putabant.
1239 1609 1346 1638 interim
1364 1619 1428 1639 vero
1447 1612 1471 1638 id
1491 1613 1640 1640 auditurum
1655 1615 1752 1641 animis
1765 1615 1878 1643 suadere

1084 1655 1230 1682 emtabatur
1241 1677 1249 1689 ,
1264 1663 1337 1689 cum,
1353 1657 1388 1685 de
1401 1666 1453 1692 qtto
1470 1659 1650 1686 testimonium
1668 1660 1856 1695 perltibebatur
1867 1683 1883 1695 ,,

1083 1701 1240 1735 perhibente
1258 1703 1385 1737 majorem
1404 1711 1474 1736 esse,
1493 1712 1526 1731 eo
1550 1705 1593 1740 qui
1611 1705 1665 1739 jam
1685 1711 1793 1734 venerat
1815 1715 1876 1734 eum

1084 1748 1127 1781 qui
1143 1752 1268 1775 venturus
1284 1753 1357 1781 erat,
1372 1750 1516 1784 conspicuo
1529 1755 1556 1776 et.
1570 1750 1665 1777 illustri
1679 1759 1739 1778 eum
1752 1752 1797 1786 qui
1812 1760 1878 1780 tton-

1083 1792 1146 1819 dum
1160 1797 1317 1827 apparuerat
1333 1801 1392 1821 esse
1406 1795 1629 1829 prmstantiorcm.
1645 1795 1712 1824 Vide
1724 1805 1801 1832 quant
1815 1805 1873 1833 pru-

1083 1838 1177 1864 denter
1193 1838 1372 1865 testimonium
1394 1839 1521 1874 proferat.
1541 1840 1597 1867 Non
1619 1847 1777 1875 prmsentcm
1797 1843 1880 1870 modo

1083 1884 1208 1916 ostendit,
1219 1884 1265 1911 sed
1276 1890 1417 1920 antequam
1428 1892 1551 1920 appareat
1566 1887 1701 1921 prmdicat.
1715 1887 1781 1916 Illud
1793 1889 1874 1921 enim.

1086 1929 1133 1955 llic
1153 1935 1189 1957 est
1209 1938 1282 1961 quem
1302 1931 1373 1964 dixi,
1397 1931 1421 1958 id
1443 1932 1573 1966 signiﬁcat
1586 1954 1593 1965 ,
1609 1935 1832 1968 quemadmodum
1850 1942 1876 1963 et

1084 1974 1221 2002 Matthzrus
1241 1975 1278 2002 ait
1294 1984 1301 2002 :
1315 1975 1443 2003 Omnibus
1462 1977 1506 2012 qui
1530 1978 1561 2004 ad
1588 1986 1616 2005 se
1637 1979 1778 2007 veniebant
1802 1981 1876 2008 dice-

1083 2019 1127 2046 bat
1143 2028 1148 2045 :
1165 2019 1219 2053 Ego
1234 2020 1333 2055 quidem
1350 2020 1449 2055 baptizo
1463 2031 1506 2049 vos
1519 2024 1544 2050 iu
1559 2031 1626 2059 aqua
1640 2032 1650 2050 :
1663 2025 1707 2060 qui
1723 2031 1805 2052 outcnt
1821 2032 1875 2061 post

1082 2073 1121 2091 me
1134 2065 1209 2098 rcuit,
1224 2066 1313 2100 fortior
1325 2074 1364 2093 me
1377 2072 1422 2100 est,
1438 2069 1512 2101 cujus
1525 2077 1570 2104 ego
1584 2078 1634 2096 non
1649 2078 1705 2096 sum
1719 2071 1810 2105 dignus
1825 2072 1876 2097 sul-

1081 2117 1136 2136 t'ere
1151 2111 1285 2146 corrigimn
1302 2111 1464 2139 calceameuti
1480 2113 1594 2148 (Matth.
1615 2115 1641 2141 5.
1658 2115 1686 2141 Η
1703 2114 1722 2150 ).
1743 2115 1795 2142 Cur
1809 2123 1878 2150 ergo

1081 2160 1221 2191 antequam
1236 2161 1377 2191 appareret
1389 2178 1395 2189 ,
1413 2159 1446 2185 ita
1467 2158 1590 2194 loquutus
1605 2159 1666 2187 est?
1681 2160 1714 2188 Ut
1736 2166 1876 2195 acceptum

1081 2205 1152 2227 esset
1166 2202 1317 2236 apparentis
1331 2203 1512 2231 testimonium
1522 2225 1531 2237 ,
1544 2205 1597 2239 jam
1612 2205 1764 2233 auditorum
1779 2207 1876 2234 nuituis

1081 2245 1113 2271 ad
1127 2245 1178 2273 hoc
1191 2247 1325 2281 apparatis
1336 2255 1382 2282 per
1392 2247 1503 2276 Joannis
1513 2256 1682 2282 sermonem;
1699 2258 1764 2278 neve
1775 2250 1874 2278 Christi

1082 2291 1133 2318 vile
1149 2291 1329 2320 indumentum
1343 2292 1463 2321 ofﬁceret
1482 2294 1531 2328 ipsi
1546 2294 1566 2320 '.
1583 2293 1649 2322 Nam
1664 2295 1714 2322 nisi
1729 2295 1828 2330 aliquid
1842 2296 1876 2323 de

1081 2336 1186 2363 Christo
1198 2336 1334 2365 audissent
1348 2342 1488 2373 antequam
1504 2339 1577 2365 illttnt
1593 2339 1723 2372 viderent,
1739 2340 1790 2367 nisi
1805 2341 1875 2368 testi-

1081 2382 1196 2409 monium
1209 2382 1271 2411 illud
1285 2390 1408 2418 magnum
1421 2389 1447 2411 et
1461 2383 1581 2412 mirabile
1593 2385 1625 2412 de
1639 2385 1684 2412 illo
1695 2386 1874 2420 accepissent,

1080 2427 1185 2455 habitus
1201 2428 1336 2456 humilitas
1352 2431 1440 2457 statim
1456 2430 1586 2457 dictorum
1601 2431 1774 2466 magnitudini
1790 2431 1875 2459 obsti-

1080 2474 1164 2502 tisset.
1183 2474 1303 2502 C'tristus
1315 2476 1386 2503 enim
1402 2480 1453 2503 tant
1471 2477 1548 2504 trivio
1562 2481 1589 2504 et.
1603 2478 1703 2512 vulgari
1720 2478 1812 2505 habitu
1832 2479 1873 2505 in-

1079 2520 1206 2552 cedebat,
1221 2524 1250 2547 ut
1265 2525 1291 2548 et
1308 2521 1482 2548 Samaritana:
1496 2522 1622 2549 mulieres
1632 2544 1639 2556 ,
1653 2526 1680 2550 et
1698 2523 1854 2550 meretrices
1866 2544 1873 2555 ,

1079 2570 1105 2592 et
1121 2565 1252 2599 publicani
1269 2573 1328 2592 cuttt
1350 2573 1443 2600 magna
1460 2567 1581 2594 libertate
1594 2575 1625 2595 ac
1640 2567 1733 2596 llducia
1749 2568 1781 2596 ad
1799 2568 1874 2596 illum

1079 2609 1239 2637 accederent
1254 2611 1393 2645 ipsumque
1406 2612 1615 2647 alloquerentur.
1879 2622 1894 2638 ιι

1110 2700 1117 2732 ξ
1136 2699 1205 2732 savil.
1223 2699 1441 2732 habet.rumgistris
1452 2701 1514 2727 aliis.

1138 2729 1219 2760 idem,
1232 2734 1286 2762 pust
1307 2729 1369 2756 hac"
1376 2733 1460 2762 verba,
1476 2735 1518 2758 Dei
1538 2733 1680 2766 unigenitus,
1698 2735 1774 2765 addit,
1798 2741 1870 2761 rem:

1087 2767 1094 2783 ι
1116 2767 1150 2785 IIS.

1077 2759 1232 2826 ﬁelj‘iuidant
1246 2792 1375 2826 hab-gnta”
1387 2793 1491 2826 alliceret
1504 2793 1550 2825 ipsi
1558 2813 1564 2822 .
1575 2795 1618 2820 sed
1631 2799 1655 2820 ut
1668 2800 1745 2826 posset
1754 2797 1865 2821 timaram

1076 2821 1107 2845 ab
1124 2821 1244 2857 ltomimtm
1261 2824 1347 2849 ludatis
1358 2821 1450 2849 ιιιτίίιῑι.
1467 2825 1492 2849 ln
1506 2821 1584 2856 textu,
1603 2831 1638 2850 sat
1648 2821 1671 2850 ιιί
1684 2831 1711 2852 et
1723 2831 1776 2851 Mss.
1789 2827 1865 2857 plth

1077 2859 1126 2876 tthE
1140 2860 1272 2883 sequtmur.
