2040 3113
135 147 170 175 sa
665 146 696 174 IN
716 145 869 174 rumve.“
892 144 1004 172 IIOattL.
1023 146 1090 174 .\'lll.
1108 148 1142 175 al.
1164 148 1221 177 xu.
1735 158 1770 183 tu,

169 207 196 234 5.
211 207 246 234 Ut
260 212 324 240 ergo
343 204 416 234 dixi.
438 203 460 230 si
482 202 540 230 lucc
554 203 632 230 verba
649 203 727 230 simul
748 203 883 230 audissent
899 207 924 230 ct

133 253 220 287 ipsum
232 250 370 280 vidissent.
381 249 490 277 Joannis
502 249 681 276 testimonium
695 249 847 277 irrisisscnt.
857 249 923 276 Cmn

132 304 197 324 vero
211 300 273 323 aute
287 295 385 322 Christi
401 294 543 322 adventqu
560 294 584 321 id
599 302 670 329 stepe
684 294 837 327 audissent,
852 299 878 322 et
892 303 922 321 ex

131 343 210 370 dictis
225 342 331 370 videndi
353 341 477 375 cupidine
499 340 623 367 concitati
638 344 744 372 essent,
760 339 923 367 contrarium

131 388 229 416 accidit
242 396 248 415 :
260 395 346 422 neque
361 387 419 413 viso
435 386 480 412 illo
495 385 528 412 de
543 392 596 420 quo
611 385 790 412 testimonium
801 385 923 420 perhibi-

133 439 187 460 tum
204 433 308 464 iuerat,
330 432 388 467 ejus
406 431 554 458 doctrinam
569 430 739 465 abjecerunt,
764 431 811 458 sed
820 439 856 458 rex
874 431 924 458 ﬁde

131 487 210 514 quam
230 486 262 506 es
278 478 356 505 dictis
371 481 550 511 concrperaul
561 497 568 508 ,
594 476 679 510 ipsum
693 476 831 504 clariorem
847 481 920 510 puta-

132 530 204 553 rtlut.
220 524 288 552 lllud
303 529 403 556 autent,
421 523 471 556 Qui
485 527 539 558 post
554 531 593 549 me
605 528 724 550 uenturus
740 527 784 556 est,
800 523 850 550 hoc
864 528 904 550 est
914 544 921 555 ,

132 571 343 606 prmdicaturus.
371 577 439 601 non,
467 569 579 596 iuturus.
609 568 665 596 Hoc
687 568 757 595 enim
785 568 923 596 Matthauts

130 624 236 652 qttoque
250 615 384 650 signiﬁcat
405 622 465 641 cum
480 614 531 645 ait,
550 613 611 640 Post
626 614 809 647 nteoenitrvir,‘
825 622 876 641 nou
890 614 923 641 de

130 664 187 697 ejus
200 670 232 689 ex
245 662 325 688 .‘llaria
338 661 510 696 generatione
523 660 644 694 loquens,
660 659 706 687 sed
718 659 751 686 de
763 659 877 686 adventu
890 660 922 686 ad

132 706 342 742 prmdicandum.
358 706 422 733 Nam
435 706 457 732 si
472 705 505 732 de
519 706 691 740 generatione
704 705 828 740 loquutus
841 710 921 738 esset,

131 762 183 780 non
195 752 348 780 disissetde
360 751 495 786 prteseuli,
511 751 558 778 sed
571 750 604 778 de
619 751 754 785 prmterito
766 759 773 780 :
783 751 837 785 jam
851 753 921 778 enim

131 805 209 827 natus
225 804 283 827 erat
297 799 418 826 Christus
430 819 438 830 ,
455 806 515 825 cum
530 797 588 825 lta‘c
602 798 718 825 Joannes
730 798 832 826 diceret
854 798 921 831 Quid

131 850 218 873 autem
241 845 374 880 signiﬁcat
399 844 478 876 illud,
503 844 568 870 Ante
590 851 629 870 me
648 843 731 877 facta:
753 844 806 870 est?
819 844 922 871 Clarior

131 898 229 925 nempe
252 897 283 916 ac
304 888 477 924 splendidior.
500 888 565 915 Nam
589 888 658 923 qttod
682 889 755 922 prior
776 888 922 923 praedicans

131 937 249 964 venerim
260 943 320 971 ego,
336 943 369 962 ne
384 943 426 961 me
437 934 496 962 ideo
508 934 635 968 majorem
647 941 707 962 esse
718 934 815 969 putetis
825 943 832 961 ε
844 934 922 968 longe

130 983 219 1010 minor
232 990 281 1017 ego
296 989 355 1008 sum
365 1002 372 1014 ,
388 986 415 1008 et
428 988 512 1016 usque
527 980 595 1008 adeo
609 981 713 1013 minor,
728 985 756 1008 ιιι
770 988 803 1008 ne
814 981 921 1016 quidem

130 1029 202 1056 illius
218 1035 310 1056 servus
328 1027 432 1054 censeri
455 1027 550 1062 dignus
572 1027 632 1054 sim.
655 1027 682 1054 ld
705 1027 775 1054 enim
791 1027 922 1061 signiﬁcat

129 1075 194 1101 illud
206 1095 213 1103 .
231 1075 294 1100 Ante
308 1081 347 1100 me
366 1074 448 1108 factus
467 1077 502 1098 est
518 1081 526 1099 :
542 1072 612 1106 quod
631 1072 683 1099 alio
704 1072 821 1099 declarat
842 1072 921 1100 modo

129 1118 273 1146 Mallth‘llS
288 1118 328 1145 his
341 1118 430 1144 verbis
442 1137 450 1150 ,
477 1116 537 1143 Non
556 1125 610 1144 sum
625 1117 716 1152 dignus
730 1117 825 1144 solvere
839 1119 920 1144 corri-

129 1166 197 1200 giam
211 1164 374 1191 calceamenti
388 1164 452 1199 ejus.
469 1163 545 1197 Quod
559 1171 624 1190 vero
644 1163 719 1197 illud,
745 1165 808 1191 Aule
822 1172 862 1191 me
881 1166 921 1200 fa-

128 1217 183 1238 ctas
195 1215 239 1241 est,
255 1217 308 1237 non
324 1209 484 1244 intelligatur
494 1208 526 1236 de
537 1208 635 1236 Christi
649 1213 718 1241 ortu,
735 1217 766 1236 ex
781 1209 831 1237 hoc
844 1209 920 1236 addi-

129 1260 247 1282 tamenta
261 1259 342 1290 patet.
360 1254 425 1281 Nam
436 1255 458 1281 si
469 1254 494 1281 id
505 1254 595 1281 dicere
606 1255 741 1286 voluisset,
757 1255 919 1290 superﬂuum

129 1301 223 1328 fuiSsct
235 1301 260 1328 id
272 1301 341 1336 quod
355 1299 470 1332 additur,
485 1299 551 1332 Quia
564 1300 634 1334 prior
645 1308 684 1326 tne
694 1304 756 1327 erat.
773 1300 837 1334 Quis
849 1302 918 1328 enim

128 1347 164 1374 ita
173 1347 270 1374 stultus
281 1351 308 1373 et
318 1346 447 1380 insipiens
457 1349 498 1373 est
511 1349 539 1372 ut
552 1345 667 1379 ignoret,
683 1353 744 1372 eum
758 1346 801 1380 qui
816 1351 878 1374 ante
891 1354 920 1374 sc

129 1393 215 1421 iactus
229 1393 306 1420 fuerit
320 1400 348 1420 se
363 1392 478 1426 priorem
494 1392 575 1418 esse?
593 1391 668 1425 Quod
681 1392 702 1418 si
718 1392 742 1419 id
757 1392 790 1419 de
806 1393 847 1419 illa
862 1401 920 1427 quae

127 1445 190 1466 :mlc
205 1438 302 1465 saecula
316 1443 356 1465 est
368 1437 522 1465 exsistcntia
537 1437 708 1472 intelligatur,
725 1437 788 1465 nihil
800 1439 870 1465 aliud
882 1439 919 1466 si-

127 1485 237 1520 gniﬁcat
250 1484 348 1510 dictum
363 1483 436 1515 illud,
452 1483 501 1509 nisi
518 1482 578 1515 hoc,
592 1482 642 1515 Qui
656 1488 711 1518 post
722 1491 761 1510 me
773 1484 848 1516 venit,
862 1490 921 1511 ante

127 1539 168 1558 me
177 1531 261 1565 [actas
269 1534 316 1556 est.
327 1529 451 1564 Alioquin
460 1533 548 1555 autem
558 1528 608 1556 hoc
617 1528 811 1556 inconsiderate
821 1529 920 1557 dictum

128 1581 199 1604 esset
212 1597 220 1609 ,
244 1580 272 1603 et
292 1582 370 1602 causa
388 1579 488 1602 temere
501 1576 618 1610 proiecta
633 1574 736 1602 fuisset.
752 1575 817 1602 Nam
833 1576 853 1602 si
870 1576 920 1603 hoc

127 1621 280 1657 signiﬁcare
293 1620 419 1648 voluisset
430 1641 437 1653 ,
453 1620 593 1647 contrario
609 1619 689 1647 modo
702 1627 746 1647 res
757 1620 919 1647 enuntianda

127 1673 196 1700 erat,
210 1667 260 1701 Qui
275 1671 334 1701 post
351 1674 393 1693 me
407 1666 489 1698 venit,
506 1665 578 1700 prior
589 1673 632 1693 tne
643 1669 710 1698 erat,
727 1665 788 1700 quia
801 1670 863 1692 ante
877 1673 919 1692 me

127 1714 212 1740 factus
221 1717 273 1740 est.
284 1712 350 1739 Nam
361 1711 431 1746 quod
442 1711 548 1746 quidam
563 1711 635 1744 prior
647 1711 692 1744 sit,
707 1710 768 1744 jure
781 1711 840 1746 quis
853 1711 920 1739 hanc

127 1766 235 1786 causam
258 1757 379 1789 dederit,
404 1756 475 1791 quoii
496 1756 570 1791 prior
587 1755 672 1783 lactus
686 1756 739 1783 sit‘
751 1765 756 1782 :
770 1757 840 1791 quod
856 1764 920 1784 vero

129 1807 203 1841 prior
224 1805 310 1832 iactus
324 1804 378 1835 sit,
394 1811 446 1830 non
463 1802 488 1830 id
508 1803 533 1830 in
548 1810 628 1830 causa
649 1807 690 1830 est
704 1802 773 1838 quod
787 1803 822 1830 sit
837 1803 919 1838 prior.

127 1850 203 1884 Quod
218 1858 282 1877 vero
296 1857 345 1877 nos
364 1849 476 1876 dicimus
486 1870 493 1881 ,
504 1849 585 1875 'lirma
606 1848 709 1875 ratione
724 1849 826 1876 nititur.
840 1849 920 1876 Scitis

127 1898 224 1932 quippe
238 1904 342 1928 omnes,
364 1903 417 1923 nou
439 1895 655 1926 manifestorum,
675 1895 723 1922 sed
745 1895 918 1922 obscurorum

127 1949 236 1969 causam
250 1949 311 1969 esse
325 1948 432 1975 semper
446 1939 618 1967 aﬁ'erendam.
631 1939 706 1972 Quod
720 1940 741 1966 si
756 1939 790 1966 de
803 1940 919 1967 essentia

127 1995 217 2015 sermo
230 1992 311 2020 esset,
327 1995 380 2014 non
396 1990 468 2013 esset
483 1986 638 2018 obscurum,
659 1992 720 2012 cum
735 1985 779 2019 qui
790 1986 867 2019 prior
882 1985 920 2012 ia-

126 2038 186 2061 ctus
196 2034 241 2060 sit.
252 2033 367 2068 priorem
380 2039 439 2059 esse
449 2036 591 2067 oportere;
605 2030 665 2065 quia
677 2036 765 2057 autent
776 2030 810 2058 de
819 2030 921 2058 ltoaore

126 2080 246 2110 disserit,
260 2079 321 2112 jure
333 2086 392 2105 eam
406 2085 465 2112 quze
480 2077 619 2103 videbatur
635 2076 724 2103 inesse
737 2075 919 2103 difﬁcultatem

127 2125 216 2152 solvit.
231 2123 297 2151 Nam
312 2122 456 2150 verisimile
467 2127 516 2154 est,
534 2121 632 2148 multos
647 2121 672 2147 in
688 2120 797 2156 dubium
811 2126 921 2148 vocatu-

128 2178 172 2198 1⁵05
188 2177 259 2203 ch‘c,
273 2177 321 2197 cur
333 2174 360 2196 et
370 2176 420 2203 qua
432 2168 554 2195 tle-causa
570 2167 593 2194 is
606 2167 649 2202 qui
662 2167 793 2201 posterior
803 2166 918 2199 advenit,

129 2217 203 2250 prior
222 2216 279 2247 sit;-
292 2214 321 2242 id
336 2219 395 2247 est,
413 2213 601 2240 abouorabilior
616 2213 689 2239 visus
703 2212 747 2240 sit.
762 2211 845 2247 llujus
858 2220 922 2246 ergo

127 2262 286 2298 qumstiouis
298 2261 388 2288 statim
404 2267 512 2287 causam
534 2264 561 2286 et
577 2259 735 2286 solutionem
751 2258 838 2290 affert,
855 2259 922 2291 Quia

128 2309 199 2342 prior
212 2316 252 2334 me
265 2312 329 2333 erat.
344 2306 434 2340 Neque
456 2306 526 2332 enim
537 2325 545 2337 ,
562 2304 656 2339 inquit,
672 2304 786 2338 quodam
802 2304 922 2338 proiectu

127 2359 233 2386 auctus,
248 2361 291 2380 mc
305 2353 394 2387 priore
405 2358 549 2379 retrorsum
561 2350 760 2385 abjccto,prior
773 2350 829 2384 ipse
841 2350 923 2376 lactus

127 2406 186 2432 est;
204 2402 251 2427 sed
268 2399 345 2425 Prior
359 2406 398 2424 me
409 2402 472 2429 erat,
487 2397 537 2424 etsi
555 2395 687 2431 posterior
701 2395 836 2422 adveniat.

166 2444 305 2479 Prop/tcta:
325 2443 411 2477 futura
430 2447 456 2469 ut
472 2443 528 2477 jam
543 2442 611 2476 facta
625 2448 693 2475 saepe
707 2440 833 2466 nuntiant.
844 2454 880 2460 —
890 2439 924 2466 Et

127 2489 282 2525 quomodo,
309 2489 431 2523 inquies,
454 2487 477 2514 si
503 2486 535 2514 de
554 2487 699 2521 conspicuo
718 2485 777 2520 ejus
791 2485 921 2518 adventu,

127 2537 215 2571 deque
237 2535 322 2571 gloria
343 2535 430 2569 ipsutu
453 2537 597 2568 exceptura
622 2539 711 2560 sermo
729 2536 780 2564 est,
806 2531 831 2558 id
853 2531 924 2565 quod

130 2581 249 2609 uoudutu
268 2581 348 2607 ﬁnem
365 2584 505 2614 acceperat
529 2583 557 2605 ut
576 2579 631 2613 jam
653 2578 750 2605 factum
775 2577 856 2604 dicit?
872 2585 924 2604 nou

129 2627 200 2654 enim
215 2627 297 2657 dicit.
314 2626 389 2657 Fiet;
411 2625 457 2652 sed
468 2644 475 2657 ,
498 2623 592 2650 Factus
614 2628 659 2650 est.
675 2623 740 2656 Quia
757 2622 781 2649 id
795 2622 848 2657 jam
862 2622 924 2648 olim

131 2672 272 2706 prophetis
285 2672 311 2698 in
326 2678 400 2697 more
412 2670 468 2701 fuit,
479 2670 522 2704 qui
536 2669 570 2696 de
584 2669 680 2695 futuris
694 2668 774 2695 rebus
785 2667 860 2702 quasi
870 2667 924 2701 jaut

129 2718 207 2746 factis
222 2719 378 2752 loquttntur.
397 2716 461 2743 Nam
484 2715 563 2742 lsaias
578 2715 612 2742 (le
634 2723 699 2742 nece
715 2714 785 2741 illius
798 2714 923 2748 loqui-ns,

131 2771 182 2791 non
203 2764 283 2796 dixit,
310 2762 458 2797 Tamquam
478 2762 535 2788 ovis
557 2761 590 2787 ad
612 2761 774 2788 occisionem
796 2760 923 2792 ducetur,

131 2809 201 2844 quod
217 2808 338 2836 futurum
355 2812 427 2840 erat;
441 2807 498 2840 sed,
513 2807 650 2841 Tamquam
664 2807 715 2834 oris
729 2806 762 2832 ad
777 2807 924 2833 occisionem

163 2878 170 2892 ³
191 2875 260 2906 Haec,
275 2874 340 2907 quod
353 2873 419 2906 prior
431 2874 506 2904 factus
522 2873 565 2904 sit,
576 2873 664 2898 desunt
677 2873 700 2896 in
712 2871 782 2897 Savil.

979 203 1069 231 ductas
1092 210 1128 232 cst
1148 206 1224 242 (lsai.
1249 207 1293 234 55.
1318 207 1359 242 7).
1381 208 1462 244 Atqui
1481 209 1598 237 uetulum
1615 211 1768 239 incarnatus

978 256 1049 283 erat;
1064 251 1110 279 sed
1123 252 1148 279 id
1159 253 1228 287 quod
1244 253 1359 282 futurum
1369 261 1436 287 erat,
1451 257 1578 291 propheta
1587 258 1660 293 quasi
1671 258 1768 286 factum

979 302 1077 324 narrat.
1103 298 1135 325 Et
1150 299 1231 326 David
1253 307 1359 328 crucem
1373 301 1541 337 signiﬁcans,
1557 294 1608 331 non
1622 304 1703 331 dixit:
1715 305 1767 332 Fo-

978 342 1051 369 dicnt
1073 351 1167 371 manus
1187 353 1260 372 meas
1282 350 1309 372 et
1333 346 1414 380 pedes
1432 355 1521 380 meos;
1546 348 1609 381 sed,
1636 348 1768 377 Foderunt

977 397 1066 416 manus
1085 398 1153 417 meas
1175 395 1198 417 et
1217 391 1292 425 pedes
1311 399 1396 424 meos;
1413 396 1450 426 ct,
1475 393 1616 421 Divisio-unt
1630 396 1678 422 silli
1689 396 1766 422 vesti—

977 440 1060 461 menta
1068 443 1132 467 mea,
1144 439 1166 461 et
1177 444 1252 470 super
1259 441 1350 463 vestem
1362 445 1440 463 nteant
1452 439 1571 465 miserunt
1581 444 1671 465 sortem
1679 440 1764 473 (l’sal.

976 480 1019 506 2|.
1036 481 1080 508 17,
1095 485 1118 507 et
1134 480 1189 516 l9).
1216 481 1250 508 Et
1269 481 1305 508 de
1330 479 1464 515 proditore
1485 483 1565 510 verba
1584 484 1699 517 faeiens,
1720 486 1765 520 qui

977 527 1092 554 nondum
1111 531 1190 554 natus
1211 532 1284 560 erat,
1306 528 1345 555 sic
1364 529 1416 555 ait:
1429 528 1478 561 Qui
1492 529 1578 555 edebat
1593 538 1668 564 pt'mt’s
1682 539 1763 564 tricas,

976 573 1146 608 utagniﬁcavit
1161 582 1236 609 super
1256 582 1296 601 me
1309 574 1537 608 supplantationem
1551 574 1634 610 (l’sal.
1649 576 1693 603 40.
1709 577 1763 610 l0).

976 617 1105 645 Similiter
1120 623 1146 645 et
1158 618 1192 645 de
1211 619 1242 646 iis
1261 627 1320 653 quin
1340 619 1364 645 in
1379 626 1457 646 cruce
1472 619 1641 654 contigerunt
1654 621 1765 654 loquens

975 663 1056 690 dicit:
1071 662 1198 690 Deda-unt
1210 664 1236 690 in
1249 672 1330 690 escam
1343 672 1424 690 nteant
1439 664 1483 699 fel,
1497 669 1521 691 et
1536 664 1561 690 in
1575 665 1616 691 siti
1629 673 1683 691 mea
1694 671 1766 700 pota-

975 713 1064 734 t-crunt
1077 716 1116 734 me
1126 713 1195 734 aceto
1210 707 1294 741 (Psal.
1309 709 1354 735 68.
1369 708 1427 744 22).

1011 754 1036 780 4.
1055 753 1188 781 Conclusio
1201 762 1210 781 :
1221 755 1270 781 vita
1286 755 1367 787 bona,
1388 755 1526 790 gratiarum
1548 756 1614 782 actio
1625 775 1632 788 ,
1659 756 1766 787 caritas,

975 800 1191 826 commendantur.
1214 799 1286 826 Dona
1307 808 1338 827 ea:
1358 800 1448 835 rapina
1469 800 1766 835 improbantur.—\‘ul-

976 845 1044 872 tisne
1064 845 1114 871 alia
1136 845 1292 872 inducamus
1303 866 1310 878 ,
1327 852 1360 872 an
1375 845 1432 872 lure
1448 845 1521 872 vobis
1535 851 1597 873 sunt
1613 847 1695 874 satis?
1709 846 1766 881 Ego

975 899 1038 919 sane
1053 892 1178 919 arbitror.
1191 892 1256 919 Nam
1269 893 1356 919 sinon
1369 892 1448 919 latius
1460 893 1544 919 lorum
1557 893 1764 927 exploravimus,

975 946 1039 965 sane
1052 938 1208 973 profundius
1221 939 1330 966 scrutati
1343 946 1434 965 sumus
1448 947 1454 965 :
1469 946 1517 965 nec
1530 939 1617 966 minor
1629 939 1712 966 hacin
1725 947 1764 970 re,

975 993 1054 1020 quam
1071 984 1096 1011 in
1112 985 1171 1018 illa,
1186 984 1261 1012 labor
1275 989 1330 1018 est;
1348 992 1525 1019 veretnurque
1539 992 1572 1011 ne
1587 985 1608 1011 si
1624 993 1670 1011 vos
1683 985 1708 1011 in
1725 985 1765 1010 his

974 1031 1031 1058 sine
1039 1030 1120 1058 modo
1128 1030 1304 1064 deducamus,
1316 1029 1448 1057 fastidium
1460 1030 1654 1064 ingeneremus.
1667 1030 1765 1063 Quatu-

975 1077 1081 1109 ubrem,
1096 1076 1132 1103 uti
1153 1084 1199 1111 par
1224 1080 1280 1109 est,
1302 1076 1381 1103 ﬁnem
1401 1076 1505 1103 dicendi
1528 1075 1666 1103 iaciamus.
1695 1076 1760 1109 Quis

976 1129 1055 1157 porro
1067 1122 1126 1149 linis
1139 1125 1180 1149 cst
1194 1121 1400 1156 cougrueutior?
1412 1121 1438 1148 Si
1452 1120 1542 1148 debila
1558 1121 1612 1148 Deo
1624 1121 1708 1155 gloria
1721 1126 1764 1147 re-

976 1167 1089 1200 feratur;
1107 1175 1158 1194 uon
1171 1166 1258 1194 verbis
1279 1171 1380 1193 tantum
1391 1186 1398 1197 ,
1415 1165 1462 1193 sed
1484 1166 1568 1192 multo
1581 1166 1662 1200 magis
1676 1166 1763 1200 operi-

975 1214 1034 1240 bus.
1051 1213 1160 1246 Luceat,
1183 1213 1267 1248 inquit
1279 1233 1286 1245 ,
1302 1213 1346 1239 lus:
1365 1217 1446 1239 nostra
1459 1220 1543 1239 coram
1563 1212 1719 1243 hominibus,
1738 1216 1764 1237 nt

974 1260 1073 1287 videant
1084 1268 1159 1294 opera
1170 1263 1249 1285 vestra
1260 1258 1332 1290 bona,
1348 1263 1371 1285 et
1384 1259 1523 1293 gloriﬁcent
1541 1257 1641 1284 Patrem
1656 1262 1762 1284 rostrum

974 1307 1017 1341 (μή
1031 1307 1056 1332 iu
1069 1306 1136 1332 crelis
1147 1311 1181 1331 est
1192 1304 1297 1339 (Matth.
1309 1304 1336 1331 5.
1351 1304 1405 1339 l6).
1419 1303 1487 1331 Nihil
1501 1304 1570 1330 enim
1582 1302 1761 1337 Splendidius,

973 1352 1079 1383 dilecte,
1095 1351 1196 1385 optimo
1211 1350 1271 1376 vita:
1293 1349 1425 1376 instituto.
1448 1349 1503 1376 lloe
1522 1348 1628 1382 sapiens
1651 1347 1694 1374 ille
1714 1347 1761 1373 de‘

974 1398 1057 1425 clarat
1069 1406 1075 1423 :
1091 1396 1144 1423 Via
1158 1401 1240 1423 autem
1247 1397 1376 1430 justorum
1390 1400 1416 1422 ut
1429 1395 1473 1422 huc
1485 1394 1616 1429 splendent
1633 1392 1721 1428 (Prov.
1735 1393 1761 1418 Ιι.

976 1444 1030 1478 l8).
1051 1442 1199 1477 Splendent
1220 1446 1293 1468 certe
1317 1447 1370 1468 nou
1391 1441 1423 1467 iis
1446 1440 1526 1467 modo
1547 1439 1591 1474 qui
1617 1447 1662 1472 per
1683 1446 1762 1473 opera

975 1490 1062 1516 lumen
1079 1488 1238 1519 acet-udum,
1260 1492 1286 1514 ct
1306 1487 1339 1514 ad
1356 1491 1454 1514 rectam
1469 1486 1568 1513 ducunt
1582 1486 1661 1518 viam,
1676 1485 1722 1512 sed
1737 1489 1765 1511 et

975 1535 1068 1563 vicinis
1083 1542 1184 1562 eorum.
1208 1533 1378 1560 lul'untlamus
1391 1541 1454 1567 ergo
1469 1533 1557 1560 oleum
1573 1531 1647 1558 bisve
1659 1532 1760 1565 lampa-

974 1581 1061 1612 dibus,
1079 1585 1106 1606 ut
1121 1579 1260 1606 sublimior
1273 1579 1304 1605 sit
1321 1578 1399 1612 ignis,
1411 1582 1438 1604 et
1451 1578 1494 1605 lux
1507 1581 1633 1611 appareat
1645 1576 1762 1610 locuple-

975 1627 1034 1654 tior.
1052 1627 1107 1653 Hoc
1122 1626 1192 1652 cuitu
1206 1625 1292 1652 uleutn
1307 1632 1359 1651 uon
1374 1631 1444 1651 nunc
1460 1627 1559 1650 tantum
1575 1630 1695 1657 magnam
1710 1622 1762 1648 vim

974 1672 1064 1704 habet,
1078 1670 1124 1698 sed
1143 1678 1204 1697 cum
1219 1670 1299 1697 etiam
1323 1669 1452 1695 saerilicia
1475 1668 1610 1700 ﬂorerent,
1628 1667 1722 1694 mirum
1738 1668 1763 1692 in

974 1717 1080 1744 modum
1099 1717 1222 1743 \irtutctn
1247 1715 1353 1741 illorum
1375 1713 1513 1748 probavit:
1527 1721 1588 1740 itaut
1606 1712 1660 1739 ait:
1674 1711 1764 1739 Oleum

973 1763 1039 1790 enim
1061 1761 1117 1788 t'olo
1140 1765 1161 1787 et
1183 1768 1232 1787 nou
1251 1758 1453 1794 sacriﬁcium(a)
1474 1758 1550 1794 (Osee
1570 1760 1596 1784 li.
1620 1758 1646 1784 6.
1667 1757 1759 1784 Matth.

973 1808 1001 1835 9.
1023 1807 1078 1840 15).
1095 1806 1128 1832 Ει
1149 1805 1244 1832 merito
1259 1804 1377 1838 quidem.
1397 1803 1462 1831 lllud
1487 1804 1557 1830 enim
1581 1804 1663 1829 altare
1679 1802 1763 1829 inani-

974 1857 1072 1879 niatum
1093 1856 1161 1881 erat,
1180 1851 1230 1877 hoc
1243 1857 1306 1877 vero
1318 1850 1464 1876 animatum
1479 1855 1519 1877 est
1532 1858 1538 1875 :
1551 1854 1576 1876 et
1592 1849 1644 1875 illic
1656 1848 1762 1883 quidem

974 1896 1098 1932 quidquid
1114 1895 1266 1930 impositum
1281 1899 1330 1926 est,
1347 1895 1405 1929 igne
1419 1895 1593 1926 consumitur,
1608 1894 1633 1920 iu
1647 1894 1763 1922 cinerem

973 1943 1045 1974 abit,
1067 1946 1146 1976 atque
1160 1940 1304 1968 ell'uuditur
1316 1961 1323 1973 ,
1338 1940 1537 1974 dissolutusque
1553 1940 1639 1965 iunius
1655 1940 1679 1965 in
1693 1947 1732 1964 ae:
1742 1938 1763 1964 is

974 1993 1096 2015 naturam
1112 1987 1208 2014 transit
1220 1995 1225 2012 :
1239 1987 1283 2013 hic
1297 1994 1360 2014 vero
1374 1986 1440 2013 nihil
1455 1985 1558 2017 simile;
1573 1985 1620 2012 sed
1634 1985 1701 2012 alios
1716 1984 1766 2010 [ιιι-ι

975 2035 1086 2060 fructus.
1099 2032 1162 2059 [hec
1173 2032 1269 2059 Paulus
1282 2032 1443 2063 declaravit;
1458 2038 1517 2058 eum
1531 2031 1602 2058 enim
1615 2030 1765 2057 Corinthio-

975 2087 1032 2106 rum
1043 2100 1050 2112 ,
1067 2079 1111 2114 qui
1129 2085 1273 2113 pauperum
1289 2077 1400 2104 studiosi
1415 2081 1509 2109 erant,
1532 2077 1672 2104 thesauros
1685 2083 1764 2102 enar-

975 2127 1056 2155 raret,
1071 2123 1127 2149 haec
1140 2122 1265 2156 scripsit:
1280 2121 1405 2153 Quoniam
1423 2121 1588 2148 ministerium
1604 2120 1679 2155 hujus
1692 2120 1766 2154 o/Iicii

974 2178 1025 2196 non
1046 2168 1126 2196 solum
1146 2168 1245 2202 supplet
1267 2176 1296 2194 ca
1315 2175 1372 2202 qua:
1395 2167 1484 2193 desunt
1499 2166 1609 2197 sanctis,
1632 2165 1676 2192 sed
1689 2166 1764 2192 etiam

974 2213 1086 2240 abundat
1101 2221 1144 2247 per
1157 2212 1248 2239 multas
1261 2212 1399 2246 gratiarum
1413 2212 1524 2238 actiones
1544 2210 1596 2237 Dio
1611 2210 1647 2245 (‘2.
1663 2209 1721 2238 Cor.
1737 2210 1762 2237 9.

976 2258 1035 2294 1‘2);
1052 2265 1082 2285 ac
1097 2265 1213 2288 rursum,
1229 2256 1405 2290 Gloriftcantas
1416 2256 1498 2283 Deum
1512 2257 1538 2283 in
1551 2256 1691 2282 obedientia
1705 2264 1765 2282 ron-

975 2304 1090 2339 [ossionis
1103 2309 1189 2330 vestrae
1210 2303 1235 2329 in
1252 2303 1390 2338 erangt-Iio,
1405 2308 1428 2329 et
1447 2303 1608 2337 simplicitate
1629 2303 1767 2329 communi-

975 2349 1080 2376 cationis
1101 2354 1189 2375 vestra:
1211 2349 1237 2374 in
1261 2349 1330 2381 illos,
1353 2354 1375 2374 et
1393 2349 1420 2375 in
1441 2356 1544 2380 omnes,
1562 2353 1588 2374 et
1608 2349 1634 2375 in
1655 2349 1767 2383 ἕρδοι-ιιι·-

976 2394 1145 2421 obsecratione
1160 2402 1206 2429 pro
1223 2393 1290 2420 vobis
1301 2415 1307 2426 ,
1321 2394 1517 2421 desiderantium
1531 2402 1573 2420 vos
1586 2394 1667 2429 (Ibid.
1682 2402 1706 2421 υ.
1724 2394 1766 2420 15.

979 2446 1002 2468 et
1021 2441 1076 2476 Η).
1093 2440 1186 2467 Viden‘
1198 2440 1273 2467 illttm
1288 2440 1313 2467 in
1328 2441 1472 2475 gratiarum
1488 2441 1620 2470 actionem
1633 2441 1766 2471 desinere,

1006 2530 1045 2562 (τι)
1062 2530 1090 2555 In
1102 2533 1182 2555 Graeco
1193 2533 1262 2562 textu
1274 2530 1374 2562 legitur,
1387 2535 1463 2562 tum...
1473 2536 1538 2562 “tu.
1551 2536 1619 2558 ουσίαν,
1628 2529 1765 2555 misericor-

977 2559 1082 2586 dare...
1091 2564 1169 2586 etnon
1181 2559 1335 2592 sacri/irini".
1349 2561 1384 2585 Ex
1398 2561 1557 2592 similitudine
1567 2567 1650 2592 vocum
1660 2566 1709 2585 ῖλιον
1722 2567 1764 2585 utt-

977 2591 1143 2622 sericordiam,
1155 2595 1181 2616 et
1192 2590 1251 2616 θωιὶ
1262 2591 1348 2620 oleant,
1361 2598 1415 2622 qtae
1426 2590 1591 2623 Chrysostomi
1603 2594 1714 2621 tempore
1728 2597 1769 2623 eo-

976 2623 1033 2647 dem
1049 2623 1120 2647 modo
1130 2622 1354 2652 pronuntiabantur,
1368 2621 1510 2650 factum,'ut
1521 2621 1631 2652 quadam
1645 2627 1725 2652 errem;
1735 2621 1769 2644 la-

977 2654 1011 2677 ria
1023 2656 1104 2677 Graeca
1115 2651 1154 2677 hic
1165 2659 1223 2677 ιλων
1236 2652 1365 2681 haberent,
1379 2656 1405 2676 et
1416 2651 1561 2676 fortassis'in
1572 2652 1655 2682 priscis
1665 2651 1768 2682 απγδυ-

977 2684 1048 2714 smmi
1062 2684 1242 2714 exemplaribus
1255 2688 1313 2708 ἱλαιητ
1336 2683 1375 2707 hic
1391 2683 1530 2714 legebatur.
1541 2681 1620 2714 (Certe
1633 2681 1769 2712 liquet’lvoc

979 2713 1030 2739 loco
1046 2714 1127 2738 oleum
1137 2711 1259 2743 'iutclligi,
1273 2718 1298 2738 et
1314 2714 1376 2737 hanc
1393 2711 1522 2737 lectionem
1540 2713 1578 2736 hic
1586 2711 1770 2743 Chrysostouuis

979 2745 1098 2774 adhibuit,
1111 2745 1152 2776 qui
1170 2744 1245 2776 altera
1255 2744 1318 2776 .alibi
1332 2744 1465 2776 tttitupub‘t
1481 2743 1520 2776 _t|_e_
1532 2743 1702 2776 tttiserieordta
1714 2749 1767 2776 agt-

979 2779 1027 2805 tur,
1038 2780 1065 2800 ut
1076 2776 1105 2799 ad
1114 2773 1242 2806 Stagirium
1255 2773 1271 2798 Ι.
1288 2775 1307 2801 Ι.
1320 2778 1385 2798 Τοιιι.
1394 2773 1530 2806 l,col.l$7,
1540 2776 1563 2798 et
1575 2773 1646 2806 alibi;
1659 2774 1702 2798 sed
1716 2775 1769 2804 quia

980 2807 1019 2830 hic
1034 2812 1093 2830 θων
1104 2804 1181 2830 oleuin
1194 2805 1223 2829 ad
1236 2805 1325 2828 seriem
1343 2811 1410 2829 suam
1426 2805 1562 2836 aptabatur,
1575 2804 1636 2828 hanc
1648 2809 1766 2835 sequutus

982 2845 1021 2865 est
1033 2841 1170 2864 lectionem.
1192 2840 1219 2863 ln
1236 2839 1340 2863 Ηιιὶιικγεη
1359 2845 1440 2865 autem
1463 2839 1553 2870 legitur
1567 2837 1720 2863 ’WJSH‘TDH
1732 2837 1768 2868 τ),

984 2879 1039 2906 qua
1049 2871 1114 2896 misr:
1122 2870 1240 2896 icordiam
1253 2871 1322 2895 raltti.
