2040 3113
267 143 298 170 91
635 138 663 166 S.
684 135 822 164 JOANNIS
841 133 1076 163 CllliYSOSTOJII
1092 133 1249 161 ARlZIllEP.
1266 134 1530 163 CONSTANTINOP.
1869 140 1906 165 ιη

269 205 296 227 et
310 199 337 226 in
355 198 401 226 Dei
417 196 536 230 laudem;
554 196 579 222 in
595 195 747 230 lrequentes
763 200 855 221 eorum
872 192 1038 228 precationes
1049 211 1055 222 ,

270 245 314 280 qui
333 243 460 272 beneﬁcia
474 244 642 277 acceperunt,
658 241 683 267 in
699 239 888 267 ferventiorcm
903 237 1059 266 caritatem?

270 290 456 317 Saeriiicemus
471 295 551 322 ergo,
566 286 655 314 dilecti
669 307 676 318 ,
700 285 883 313 sacriﬁcemus
901 283 1019 319 quotidie
1033 284 1058 310 in

271 336 344 362 hisee
358 335 422 361 aris.
439 333 494 360 Hoc
506 333 603 368 quippe
616 332 776 360 sacriﬁcium
786 352 793 364 ,
808 336 835 359 et
849 331 971 365 precibus
983 335 1010 357 et
1020 330 1060 363 je-

268 380 344 412 junio
356 385 381 406 et
399 378 489 405 tnultis
509 378 568 405 aliis
583 378 752 413 pra-stantius
766 381 826 408 est;
850 376 912 403 dum
933 383 967 403 ex
987 375 1060 410 justo

270 425 355 458 lucro,
378 432 411 451 ex
433 423 512 459 justis
539 424 675 451 laboribus
696 423 836 458 proredat,
859 428 888 450 et
913 422 1000 449 omnis
1025 422 1060 449 sit

268 478 365 505 expers
379 471 511 502 avaritim,
529 471 638 505 rapinae,
655 470 797 497 violentizc.
812 469 891 496 Tales
903 469 972 496 enim
988 468 1060 495 obla-

269 518 354 544 tiones
376 516 491 544 admittit
513 517 608 548 lteus‘;
634 520 745 543 ca'teras
764 520 854 542 autem
875 519 1014 541 aversatur
1033 517 1060 540 et

270 562 335 589 adit.
355 562 447 597 Neque
469 563 539 589 enim
554 562 610 589 vult
630 569 661 588 ex
675 561 788 588 aliorum
803 560 998 587 calamitatibus
1013 560 1060 585 lto-

270 609 370 636 norari.
380 609 514 644 lmpurutn
527 616 639 643 namque
652 608 844 642 prolanumque
855 611 895 634 est
908 605 1059 640 ltuju-anodi

268 655 439 687 sacriﬁcium,
455 655 591 688 Deumque
607 654 694 688 potius
707 653 859 684 irritaverit.
875 660 954 687 quam
973 652 1060 687 placa-

268 700 347 727 verit.
372 700 542 735 Quapropter
562 700 634 726 onmi
659 698 746 726 studio
769 698 922 726 enitendum
944 703 999 729 est.
1027 705 1060 725 ne

268 746 357 774 cultus
372 746 488 778 nomine,
503 753 581 780 quem
596 744 728 772 honorare
740 744 874 777 volumus,
890 743 988 778 probro
1002 742 1059 769 afﬁ-

269 793 379 823 ciamus.
392 792 419 818 Si
431 793 502 819 enim
512 792 586 824 Cain,
594 792 639 827 qui
646 799 679 819 ea
689 799 747 826 qua:
758 790 891 818 inferioris
899 790 1060 818 conditionis

269 842 345 865 erant
357 837 464 870 obtulit,
481 845 529 864 nec
542 838 694 872 quempiam
711 837 824 868 luserat,
841 841 974 863 extremas
987 835 1060 863 dedit

270 891 379 917 pinnas;
394 890 454 910 cum
471 883 532 918 quid
545 891 578 910 ex
590 883 681 917 rapina
697 887 724 909 et
737 882 846 909 avaritia
861 882 1036 909 obtulerimus
1047 900 1056 913 ,

270 937 357 956 annon
372 930 495 965 graviora
512 929 665 964 patiemur?
687 929 749 956 ldeo
767 935 881 962 namque
899 928 968 955 Deus
981 927 1060 962 hujus

300 1029 307 1044 ¹
327 1027 354 1052 1η
364 1027 445 1053 Morel.
459 1028 549 1059 legitur
562 1035 568 1052 :
583 1028 648 1053 Tales
657 1027 720 1053 enim
731 1027 808 1052 solum
817 1026 946 1052 oblationes
956 1026 1060 1052 admittit

271 1063 280 1081 Ι
284 1064 340 1083 ιείλε.

1113 191 1238 226 ῃιωςοριί
1254 192 1383 219 rationem
1393 212 1401 224 ,
1419 192 1496 220 nobis
1511 192 1665 227 declaravit,
1676 199 1704 222 ut
1719 195 1903 228 misereantur,

1113 244 1164 263 non
1179 241 1206 263 ut
1220 244 1365 264 consertes
1379 242 1567 274 torqueamus;
1581 238 1626 273 qui
1639 244 1728 267 autent
1740 240 1825 268 aliena
1836 243 1904 276 rapit

1112 287 1139 309 et
1151 282 1228 309 alteri
1239 282 1296 316 dat,
1309 283 1331 310 is
1342 291 1394 310 non
1406 283 1617 311 misericordiam
1628 286 1758 319 exercuit,
1768 287 1816 314 sed
1825 287 1903 319 larsit,

1113 333 1139 355 et
1152 333 1298 356 extremam
1315 333 1441 363 operatus
1460 329 1626 364 iniquitatem
1646 335 1696 358 est.
1714 331 1749 359 Ut
1761 340 1825 367 ergo
1839 333 1905 367 lapis

1115 382 1258 409 numquam
1277 375 1366 403 oleum
1384 375 1486 409 pariat,
1509 375 1548 402 sic
1562 383 1612 403 nec
1626 377 1770 404 crudelitas
1786 378 1905 404 immani-

1113 424 1203 446 tatem.
1225 420 1290 447 Cum
1313 421 1384 448 enim
1408 420 1469 448 talis
1487 421 1521 447 sit
1538 421 1623 454 radix,
1636 430 1779 457 numquam
1793 423 1819 450 id
1831 423 1904 450 elec-

1113 473 1223 501 moSyna
1247 466 1335 494 fuerit.
1361 466 1542 499 Quamobrem
1568 469 1681 495 obsecro
1703 476 1738 496 ne
1761 476 1794 496 eo
1817 469 1905 497 solum

1112 517 1264 546 spectemus
1278 517 1306 540 ut
1319 513 1518 549 eleemosynam
1535 520 1677 549 erogcmus
1687 535 1693 546 ,
1715 515 1761 542 sed
1783 516 1862 543 etiam
1878 521 1905 543 ut

1114 565 1147 585 ne
1160 566 1191 585 ex
1206 559 1297 593 rapina
1312 559 1464 594 largiamur.
1479 559 1544 586 Nam
1559 565 1619 587 esto
1634 559 1706 587 Unus
1719 561 1760 594 qui
1772 566 1903 596 precetur,

1112 605 1176 630 alter
1190 605 1232 638 qui
1247 605 1412 638 imprecetur;
1425 606 1505 633 utrius
1516 614 1599 633 vacent
1612 607 1696 633 audiet
1709 606 1831 635 Dominus
1840 607 1903 644 (Er-

1113 651 1155 677 rli.
1167 651 1209 678 5i.
1223 650 1287 686 29)?
1303 651 1330 678 Si
1344 659 1392 678 nos
1406 652 1444 679 sic
1456 652 1597 687 diligenter
1612 653 1789 686 instituamus,
1803 662 1849 689 per
1858 654 1903 682 Dei

1112 696 1224 729 gratiam
1241 697 1387 731 poterimus
1402 697 1511 724 multant
1527 698 1717 733 benignitatem
1729 719 1736 731 ,
1753 700 1904 727 misericor-

1113 743 1181 769 diam
1196 747 1223 769 et
1236 743 1339 770 veniam
1354 743 1474 770 onmium
1484 764 1491 776 ,
1506 751 1564 778 qua:
1580 744 1630 771 hoc
1643 744 1771 772 diuturno
1785 750 1903 781 tempore

1112 788 1278 822 admisimus,
1293 794 1462 823 peccatorum
1476 790 1614 824 consequi,
1630 797 1661 817 ae
1675 790 1784 818 ﬂuvium
1798 792 1904 826 igneum

1113 833 1246 869 cll‘ugere;
1263 842 1277 861 a
1292 842 1345 869 quo
1357 835 1452 870 erepti.
1467 835 1566 862 utinam
1580 843 1629 862 nos
1640 843 1732 863 omnes
1746 837 1779 863 ad
1794 844 1903 873 regnum

1110 880 1238 907 (ta-lorum
1252 881 1454 910 ascendamus‘.
1465 882 1548 916 gratia
1562 887 1588 908 et
1603 883 1785 910 misericordia
1801 884 1903 910 Domini

1113 927 1196 953 nostri
1211 926 1273 954 Jesu
1284 927 1392 960 Christi,
1408 935 1457 962 per
1467 935 1545 962 quem
1557 933 1653 955 etcum
1663 937 1718 963 quo
1729 929 1799 956 Patri
1810 930 1903 963 gloria,

1113 971 1191 998 simul
1205 977 1230 999 et
1243 977 1337 1000 sancto
1346 973 1465 1007 Spiritui.
1479 973 1504 1000 in
1516 974 1612 1001 s:reula
1623 975 1794 1002 smculorutn.
1808 975 1902 1002 Amen.

1145 1027 1153 1042 ¹
1172 1030 1243 1052 Juxta
1255 1027 1337 1052 Morel.
1350 1027 1485 1058 legendum
1497 1033 1574 1058 esset,
1592 1028 1683 1054 ntt'nmn
1695 1036 1736 1055 nos
1753 1030 1778 1054 in
1790 1031 1904 1055 colorum

1113 1057 1217 1082 thalamo
1229 1057 1404 1083 rccnmbanuts.

320 1111 1904 1123 mm

940 1163 1111 1194 HOMILIA
1140 1164 1226 1194 XIV.

271 1238 312 1265 lii.
330 1237 361 1264 Et
384 1238 416 1264 de
438 1237 593 1273 plenitudine
612 1236 666 1272 ejus
688 1244 733 1262 nos
746 1242 831 1262 omnes
849 1235 994 1270 accepimus
1006 1255 1012 1266 ,
1033 1239 1060 1260 et

529 1282 636 1317 gratiam
649 1289 694 1316 pro
707 1281 799 1316 gratia.

309 1341 335 1367 1.
363 1339 452 1374 Nuper
466 1339 619 1366 dicebamus
647 1338 777 1366 Joannem
790 1358 797 1370 ,
820 1341 848 1364 ut
869 1337 1060 1364 dubitatiOuem

271 1393 364 1412 eorum
386 1385 520 1418 solveret,
536 1385 580 1419 qui
595 1383 663 1418 apud
687 1391 716 1410 se
741 1383 877 1417 qtncsituri
893 1387 988 1414 erant,
1015 1389 1062 1408 cur

272 1431 394 1458 Christus
408 1430 451 1464 qui
468 1430 600 1463 posterior
614 1429 646 1455 ad
662 1428 860 1464 prmdieandum
880 1428 969 1459 venit,
990 1426 1062 1460 prior

272 1481 299 1503 et
309 1476 470 1510 splendidior
485 1475 530 1502 ilio
546 1475 633 1506 fuerit,
646 1474 696 1501 hoc
705 1473 849 1505 addidisse,
863 1473 929 1507 Quia
942 1473 1012 1506 prior
1025 1480 1063 1498 me

274 1527 336 1548 erat.
353 1521 385 1548 Et
399 1521 455 1548 luce
472 1529 522 1547 una
538 1528 617 1548 causa
630 1525 673 1548 est
686 1529 692 1546 :
707 1520 753 1547 sed
767 1519 856 1546 subdit
872 1519 950 1546 aliam
965 1518 997 1545 de
1011 1526 1062 1553 qua

274 1574 344 1594 mtnc
354 1567 439 1601 agitur
454 1566 473 1592 ‘.
489 1567 616 1598 Quaenam
638 1565 681 1592 illa
696 1566 757 1592 est?
772 1564 811 1591 De
825 1564 997 1599 plenitudine,
1022 1564 1062 1591 in-

273 1612 346 1647 quit,
363 1612 416 1646 eius
430 1620 475 1638 nos
488 1620 572 1638 omnes
585 1611 726 1647 occepimus
739 1616 761 1637 et
775 1611 884 1646 gratiam
895 1618 941 1645 pro
961 1611 1062 1646 gratia,-

273 1662 299 1685 ει
313 1662 371 1692 post
383 1657 439 1684 hcce
454 1660 548 1685 iterum
562 1657 652 1683 aliam.
667 1656 750 1690 Quam
767 1655 861 1682 illam?
882 1656 946 1687 Quia
963 1656 1005 1682 lex
1019 1663 1063 1688 per

275 1702 387 1737 Moysen:
398 1703 457 1729 data
469 1707 506 1729 est
517 1723 524 1734 ,
536 1702 618 1736 gratia
636 1706 660 1727 et
674 1701 766 1728 rei-itas
778 1708 821 1734 per
833 1699 923 1726 Iesum
935 1698 1063 1726 Christum

274 1748 341 1781 facta
354 1753 399 1774 est.
416 1747 446 1774 Et
461 1747 524 1782 quid
537 1751 594 1779 est,
612 1746 716 1780 inquies
731 1766 738 1776 ,
755 1745 831 1777 illud,
857 1745 897 1771 Ea:
909 1745 1064 1778 plenitudine

274 1792 330 1827 ejus
353 1800 399 1818 nos
424 1800 509 1818 autne:
521 1791 683 1825 accepimus?
704 1790 770 1817 Nam
793 1797 825 1817 eo
846 1790 951 1817 interim
976 1797 1065 1817 sermo

277 1837 430 1864 referendus
441 1842 492 1864 est.
504 1837 561 1864 Non
574 1837 663 1868 habet,
680 1836 775 1870 inquit,
787 1835 848 1862 doni
860 1835 984 1869 erogandi
1000 1843 1065 1862 eon-

274 1887 373 1910 sortem
387 1904 394 1916 ,
409 1883 455 1910 sed
470 1883 526 1918 ipse
543 1883 600 1910 fons
611 1902 618 1915 ,
637 1883 691 1917 ipse
707 1882 782 1908 radix
802 1886 843 1908 est
858 1882 988 1908 bonorum
1003 1890 1062 1908 om-

276 1928 347 1954 ttitnn
357 1948 363 1960 ,
381 1929 436 1962 ipsa
453 1929 504 1955 vita
515 1949 521 1960 ,
535 1929 589 1962 ipsa
605 1929 647 1954 lux
659 1949 666 1959 ,
682 1928 736 1961 ipsa
749 1928 863 1959 veritas,
879 1928 922 1962 qui
936 1928 1065 1955 bonorum

275 1973 381 2000 divitias
393 1981 443 2000 non
459 1975 484 2000 in
501 1981 529 2000 se
541 1974 649 2005 retinet,
664 1973 710 2000 sed
722 1973 747 2000 in
761 1973 828 1999 alios
838 1980 932 2000 omnes
944 1973 1064 2006 ell'undit;

276 2023 303 2044 et
315 2023 452 2052 postquam
469 2018 571 2050 cll'udil,
583 2018 678 2052 plenus
689 2022 823 2051 remanet,
836 2017 899 2044 nihil
916 2019 1002 2045 minus
1017 2018 1064 2045 Ita-

276 2065 341 2091 liens
352 2070 488 2099 postquam
495 2065 554 2091 aliis
562 2065 687 2099 elargitus
694 2069 743 2097 est,
752 2065 798 2091 sed
807 2065 1066 2099 semperscaturiens

276 2115 303 2136 et
317 2111 375 2137 aliis
389 2111 457 2137 liona
468 2111 631 2144 impertit-ns,
645 2110 669 2137 in
685 2111 778 2138 cadent
791 2116 878 2137 tnanet
891 2110 1064 2145 perfectione.

276 2155 351 2188 Quod
367 2162 454 2183 autent
468 2163 516 2190 ego
531 2157 584 2184 tero
598 2157 729 2191 particeps
738 2156 809 2189 boui,
822 2157 855 2183 ab
866 2158 918 2184 alio
929 2158 1029 2191 accepi,
1041 2162 1067 2184 et

276 2201 369 2235 exigua
385 2209 444 2235 pars
457 2203 537 2228 totius
547 2207 587 2229 est
599 2223 605 2233 ,
622 2206 650 2229 et
662 2202 736 2236 quasi
749 2202 817 2229 stilla
829 2203 925 2238 abysso
941 2203 1066 2231 ineffabili

275 2251 302 2271 et
314 2246 406 2280 pelago
428 2246 558 2273 imtncn~0
583 2252 734 2280 comparata
751 2256 758 2273 :
773 2247 826 2273 imo
844 2255 876 2274 ue
897 2247 946 2274 hoc
959 2249 1065 2282 quidem

276 2291 426 2324 exemplum
451 2296 536 2324 pelest
559 2292 623 2317 satis
637 2292 770 2326 explicare
787 2291 810 2318 id
832 2294 901 2326 quod
927 2301 1067 2322 recensere

276 2343 413 2362 ctmamur.
432 2336 536 2362 Etenim
558 2336 579 2362 si
605 2337 704 2363 stillam
719 2344 751 2363 ex
773 2337 866 2370 pelago
893 2337 1010 2370 haurias,
1035 2346 1067 2366 eo

277 2380 334 2414 ipso
357 2381 464 2415 pelagus
485 2381 622 2414 minuisti,
646 2382 749 2408 etiamsi
774 2382 923 2409 imminutio
948 2382 990 2409 illa
1008 2384 1065 2411 visu

276 2433 329 2453 non
346 2427 515 2461 percipiatur.
539 2428 575 2454 De
588 2427 659 2454 [unite
674 2433 762 2454 autem
781 2427 831 2454 isto
844 2428 868 2454 id
880 2428 931 2455 dici
948 2431 1041 2464 nequit
1055 2439 1062 2462 ;

275 2471 320 2497 sed
331 2476 572 2506 quantumcumque
586 2472 715 2504 hauseris,
727 2477 816 2499 manet
832 2477 919 2500 tamen
934 2474 998 2501 nihil
1014 2475 1065 2501 im-

276 2517 402 2544 minutus.
418 2518 504 2550 Quare
515 2518 566 2545 alio
585 2518 706 2553 exempl.)
721 2519 847 2545 utendum
861 2528 868 2546 :
888 2519 957 2554 quod
975 2524 1063 2548 tamen

278 2564 410 2590 inﬁrmum
421 2569 460 2591 est
470 2585 477 2597 ,
494 2571 542 2590 nec
554 2568 639 2597 potest
651 2572 706 2591 rem
718 2565 855 2599 quazsitam
865 2565 1063 2598 demonstrare;

276 2610 321 2636 sed
339 2610 422 2644 magis
435 2618 513 2644 quam
537 2610 649 2644 primurn
664 2610 696 2637 ad
712 2611 873 2645 propositam
896 2618 944 2638 nos
959 2611 1066 2639 adducit

276 2656 445 2681 sententiam.
471 2655 656 2688 Suppouamus
681 2663 740 2682 esse
763 2656 868 2689 igneum
895 2656 993 2683 fontem
1011 2666 1018 2684 :
1033 2665 1064 2684 ex

277 2707 329 2732 quo
345 2698 416 2725 fonte
433 2699 504 2726 mille
515 2720 521 2728 .
537 2699 577 2726 his
591 2700 679 2732 mille,
693 2705 733 2727 ter
745 2701 826 2731 mille,
843 2707 869 2727 et
886 2701 962 2735 longe
977 2702 1066 2735 plures

276 2744 391 2771 lucerna:
404 2745 603 2772 accenduntur:
619 2754 705 2773 annon
723 2754 796 2781 alque
810 2747 904 2781 plenus
920 2747 986 2781 ignis
1008 2755 1064 2774 ma-

310 2811 316 2824 ¹
336 2809 405 2834 Savil.
423 2810 495 2843 habet
507 2831 512 2839 ,
524 2811 566 2836 δαί
588 2817 634 2836 non
650 2819 678 2837 ea
696 2815 817 2837 contraius
828 2830 834 2843 ,
847 2811 928 2836 subdi!
949 2811 1021 2837 alium
1034 2813 1064 2837 de

276 2846 323 2870 qua
335 2847 396 2865 nunc
408 2841 497 2874 agitur.

1117 1240 1161 1262 net
1173 1256 1179 1264 .
1196 1240 1334 1270 [estquam
1348 1241 1387 1263 tot
1400 1237 1459 1264 aliis
1471 1237 1522 1264 vim
1540 1246 1614 1264 suam
1632 1235 1746 1266 indidit?
1763 1240 1789 1267 ιιι
1805 1243 1905 1270 nemini

1112 1289 1166 1307 non
1184 1289 1275 1308 notum
1294 1288 1345 1309 est.
1368 1283 1444 1316 Quod
1459 1284 1480 1310 si
1503 1285 1528 1310 in
1548 1285 1704 1319 corporibus
1718 1286 1904 1320 ditisiliilibns.

1114 1335 1172 1360 qute
1186 1328 1436 1363 peradcmptionem
1446 1330 1609 1364 minuuntur,
1619 1332 1753 1366 quidpiam
1764 1334 1851 1362 simile
1866 1343 1906 1361 re.

1115 1373 1224 1407 peritur,
1243 1374 1313 1408 quod
1338 1379 1477 1409 postquam
1493 1376 1553 1404 aliis
1568 1385 1625 1411 qua:
1641 1386 1688 1405 sua
1702 1385 1778 1406 erant
1794 1380 1906 1410 indidit.

1115 1417 1179 1444 nihil
1196 1424 1283 1445 tamen
1299 1420 1435 1453 minuitur,
1454 1422 1537 1448 multo
1553 1424 1636 1458 magis
1662 1424 1686 1450 in
1707 1424 1866 1459 incorporea
1881 1431 1908 1454 et

1116 1464 1256 1492 immortali
1273 1466 1316 1493 illa
1333 1467 1449 1501 potentia
1465 1467 1515 1495 hoc
1528 1469 1675 1504 continget.
1689 1470 1755 1498 Nam
1771 1472 1791 1498 si
1808 1478 1867 1499 eum
1881 1470 1906 1500 id

1115 1510 1185 1544 quod
1202 1511 1374 1547 participatur
1389 1518 1430 1541 est
1443 1513 1590 1542 substantia
1604 1520 1630 1542 et
1644 1523 1751 1551 cmpos,
1768 1522 1794 1544 et
1813 1518 1908 1545 dividis

1116 1560 1169 1588 tur.
1184 1562 1210 1584 et
1224 1558 1418 1586 nondividitur
1433 1568 1439 1585 :
1457 1560 1540 1586 multo
1556 1561 1640 1596 magis
1651 1569 1711 1589 cum
1724 1562 1758 1589 de
1773 1563 1796 1589 vi
1812 1563 1905 1598 agendi

1115 1609 1204 1628 scnno
1219 1607 1275 1635 est,
1299 1603 1386 1639 deque
1401 1605 1425 1631 vi
1445 1605 1541 1640 agendi
1562 1606 1724 1641 incorporea
1736 1608 1905 1644 substantiae,

1119 1647 1284 1681 exploratum
1296 1653 1337 1676 est
1353 1649 1377 1676 id
1391 1650 1509 1677 evenire.

1152 1692 1223 1720 Illud
1233 1715 1240 1726 ,
1260 1695 1296 1722 De
1311 1695 1477 1730 plenitudine
1492 1696 1550 1731 ejus
1565 1698 1734 1732 accepimus.
1750 1705 1906 1728 conmacula-

1116 1743 1164 1766 tur.
1178 1755 1211 1761 -—
1225 1740 1286 1768 ldeo
1299 1740 1417 1769 Joannes
1430 1741 1553 1775 dicebat,
1570 1742 1608 1770 De
1620 1744 1776 1778 plenitudine
1789 1746 1844 1780 ejus
1863 1755 1908 1773 nos

1117 1795 1201 1814 omnes
1217 1788 1378 1822 accepimus;
1391 1793 1418 1816 et
1433 1788 1613 1817 testinmnium
1624 1798 1701 1818 suum
1716 1791 1839 1827 Baptista:
1852 1798 1908 1820 tes-

1119 1833 1227 1861 titnonio
1242 1835 1386 1862 connectit.
1401 1835 1466 1862 Nam
1483 1835 1557 1868 illud,
1574 1835 1610 1862 De
1618 1836 1778 1872 plenitudine
1791 1839 1845 1872 ejus
1859 1847 1906 1865 nos

1118 1887 1202 1906 omnes
1217 1880 1376 1914 accepimus,
1396 1888 1449 1907 non
1463 1883 1652 1914 prmcursoris,
1668 1882 1714 1909 sed
1724 1882 1849 1918 discipuli
1866 1884 1907 1911 di-

1118 1929 1188 1951 ctum
1205 1930 1254 1952 est.
1271 1925 1327 1952 lloc
1338 1931 1426 1953 autem
1439 1927 1494 1953 vult
1509 1927 1674 1961 signiﬁcare:
1686 1927 1725 1956 Ne
1742 1930 1839 1963 putetis
1849 1937 1907 1960 nos,

1117 1970 1161 2004 qui
1175 1970 1258 1997 multo
1270 1974 1389 2005 tempore
1400 1978 1459 1998 cum
1472 1972 1518 1999 illo
1531 1973 1627 2000 versati
1638 1980 1740 2006 sumus,
1751 1980 1779 2001 et
1789 1974 1909 2007 ejusdem

1117 2021 1217 2042 mensa:
1233 2021 1373 2044 consortes
1394 2016 1506 2050 fuimus,
1527 2026 1559 2045 ex
1573 2019 1657 2053 gratia
1673 2019 1759 2054 aliqua
1786 2021 1909 2047 testimo—

1118 2061 1191 2087 nium
1206 2061 1284 2089 l'erre.
1300 2062 1365 2089 Nam
1381 2062 1497 2090 Joannes
1508 2084 1514 2095 ,
1527 2064 1572 2098 qui
1586 2064 1658 2091 illum
1673 2070 1750 2092 antea
1765 2073 1818 2093 non
1833 2066 1908 2093 vide-

1119 2110 1177 2136 rat.
1194 2114 1244 2134 nec
1259 2114 1318 2134 cum
1333 2108 1379 2135 illo
1394 2114 1514 2136 versatus
1529 2108 1616 2136 fuerat
1628 2130 1635 2143 ,
1649 2110 1695 2137 Sed
1710 2119 1770 2138 eum
1789 2111 1907 2146 baptiza-

1118 2156 1159 2179 ret
1175 2157 1274 2179 Iaututn
1284 2173 1292 2186 ,
1309 2153 1366 2187 ipso
1381 2161 1441 2180 eum
1456 2155 1561 2181 ca~teris
1575 2161 1729 2190 conspecto,
1749 2157 1810 2184 inde
1820 2158 1908 2184 omnia

1119 2197 1251 2232 accipiens
1260 2219 1267 2232 ,
1279 2199 1438 2226 exclamavit
1447 2220 1454 2231 ,
1471 2199 1547 2226 Prior
1557 2208 1596 2227 me
1608 2206 1672 2228 erat.
1684 2201 1738 2228 Nos
1750 2208 1838 2229 autem
1850 2211 1908 2229 mu-

1120 2251 1176 2275 ncs,
1193 2243 1346 2277 duodecim,
1364 2245 1473 2271 trecenti
1487 2266 1493 2275 .
1509 2246 1645 2281 quingenti
1655 2267 1663 2278 ,
1676 2251 1718 2274 ter
1733 2247 1820 2278 mille.
1832 2249 1910 2283 quin~

1119 2290 1193 2324 quies
1205 2291 1277 2317 mille
1288 2312 1295 2323 ,
1308 2291 1396 2317 multa'
1409 2291 1559 2318 .lnd:eorum
1572 2293 1715 2327 myriades,
1728 2294 1814 2320 omnis
1827 2294 1909 2328 pleni-

1120 2335 1182 2362 tudo
1196 2335 1331 2367 lidclium,
1355 2337 1398 2370 qui
1415 2341 1477 2363 tunc
1493 2337 1566 2364 fuere
1578 2357 1585 2369 ,
1600 2338 1644 2372 qui
1660 2345 1747 2371 nttnc,
1768 2339 1812 2373 qui
1830 2340 1908 2365 futuri

1118 2385 1196 2412 sunt,
1221 2380 1254 2408 de
1277 2381 1440 2414 plenitudine
1462 2382 1520 2416 ejus
1542 2383 1706 2416 accepimus.
1729 2384 1797 2416 Quid
1820 2388 1909 2410 autem

1118 2425 1286 2460 acwpimus?
1300 2425 1418 2453 Gratiam
1435 2434 1481 2460 pro
1496 2428 1590 2461 gratia.
1608 2428 1691 2460 Quam
1706 2436 1754 2462 pro
1769 2429 1842 2463 qua?
1858 2429 1909 2455 Pri

1119 2472 1202 2498 veteri
1217 2479 1323 2498 novam.
1339 2471 1411 2499 Sicut
1422 2472 1491 2499 enim
1510 2479 1567 2500 erat
1581 2473 1680 2507 justitia
1695 2479 1721 2501 et
1734 2474 1848 2508 iustitia,
1861 2475 1909 2502 Se-

1118 2518 1367 2552 cutulumjnstitiam,
1383 2519 1476 2553 inquit,
1487 2528 1543 2552 qua:
1553 2520 1577 2546 iu
1589 2519 1642 2554 lege
1651 2525 1696 2552 ut,
1709 2522 1790 2555 factus
1801 2521 1906 2556 irrrprc-

1118 2564 1245 2591 hensibifis
1259 2563 1387 2599 (Philipp.
1404 2565 1430 2591 5.
1443 2565 1471 2599 ti)
1485 2573 1491 2596 ;
1513 2565 1574 2592 item
1590 2566 1655 2592 lidcs
1670 2571 1697 2593 et
1713 2565 1778 2593 lides
1792 2572 1832 2593 est
1848 2576 1854 2593 :
1871 2567 1909 2593 lia;

1118 2610 1168 2644 ﬁde
1186 2610 1212 2636 in
1227 2610 1301 2643 [idem
1322 2610 1409 2645 (Rom.
1434 2612 1458 2638 1.
1481 2611 1534 2642 l7);
1554 2612 1662 2646 adoptio
1679 2621 1784 2647 quoque
1803 2619 1830 2639 et
1846 2613 1910 2639 ado-

1118 2656 1193 2690 ptio:
1222 2655 1335 2689 Qnorum
1356 2657 1459 2690 adoptio
1482 2657 1561 2690 (Ibid.
1585 2658 1612 2685 9.
1633 2658 1672 2692 4),
1699 2659 1800 2693 inquit;
1826 2659 1907 2693 gloria

1117 2709 1221 2736 quoque
1235 2702 1328 2736 duplex
1347 2711 1352 2728 :
1370 2702 1400 2728 Si
1421 2703 1484 2729 enini
1504 2704 1571 2737 quod
1594 2710 1730 2730 et'tlt‘lttlllti‘
1743 2713 1787 2739 per
1801 2705 1908 2738 gloriam

1118 2753 1163 2780 est,
1175 2747 1253 2774 multo
1265 2748 1344 2782 magis
1355 2748 1422 2782 quod
1434 2754 1516 2774 manu!
1528 2749 1551 2774 in
1563 2749 1644 2782 gloria
1655 2749 1693 2780 (2.
1706 2749 1764 2776 Cur.
1777 2750 1803 2775 5.
1817 2751 1842 2776 ll
1855 2758 1869 2781 r;
1884 2755 1908 2776 rt

1117 2793 1158 2820 lex
1181 2793 1275 2827 duplex
1293 2802 1299 2820 :
1316 2801 1375 2820 nam
1393 2794 1437 2824 ait,
1455 2794 1508 2821 Lua:
1532 2796 1637 2829 spiritus
1655 2797 1711 2822 rita:
1737 2797 1850 2823 liberavit
1872 2805 1908 2822 me

1120 2838 1206 2873 (lium.
1223 2839 1247 2865 8.
1264 2839 1291 2874 ‘2)
1305 2848 1311 2871 ;
1325 2845 1348 2867 cl
1365 2841 1449 2866 cultus
1463 2840 1570 2877 duplex,
1593 2841 1704 2873 Quorum
1721 2842 1841 2873 Stt‘tiltts,
1863 2850 1906 2868 seu
