2040 3113
177 105 211 133 33
689 100 721 128 IN
736 96 892 127 JOANNEM
919 94 1031 126 IIOMIL.
1053 94 1122 126 XIV.
1144 99 1180 126 al.
1200 98 1266 126 XIII.
1776 98 1810 132 ΞΗ

175 161 261 188 cultus
269 168 276 193 ;
285 163 312 187 et
320 167 438 192 rursum,
448 158 547 193 Spiritu
556 158 607 185 Deo
617 157 746 184 seruientes
756 157 776 191 ‘(
783 156 879 191 Philip.
888 155 913 182 5.
925 155 963 189 5);

177 207 272 242 duplex
288 213 394 241 quoque
417 209 604 232 testamentum
619 213 626 230 :
643 203 781 238 Hispanam
803 202 871 229 νοω.
892 206 966 228 trste-

176 258 286 280 utentum
299 260 401 284 norum,
418 259 467 278 non
482 251 620 278 secundum
635 255 808 277 testanwntttm
823 248 890 284 quod
911 247 965 274 dis-

177 299 248 334 positi
280 306 337 324 cum
369 297 482 331 patribus
509 297 595 323 vestris
621 295 687 332 (Jer.
714 296 757 323 51.
784 296 844 330 5i);
868 294 964 329 duplex

194 351 279 377 noque
302 342 494 374 sanctiﬁcatio,
516 341 612 376 duplex
636 341 783 375 baptisma,
805 340 901 375 duplex
920 345 965 366 sa-

172 388 302 416 criﬁcium
314 408 321 420 ,
338 387 436 421 duplex
450 387 592 421 templum,
608 386 706 421 duplex
728 385 912 417 cireumcisio;
927 384 966 411 sic

176 439 202 461 et
216 433 315 468 duplex
332 433 426 468 gratia.
450 432 503 460 Sed
526 432 569 459 illa
591 432 697 467 quidem
711 439 760 459 ceu
781 432 862 466 ﬁgura
884 435 962 464 sunt;

175 479 232 507 hzcc
253 483 281 506 ut
307 480 424 506 veritas:
442 486 500 513 quae
524 478 682 513 homonyma
705 477 827 512 quidem,
844 477 890 504 sed
911 484 964 503 non

175 532 322 560 synonyma
335 528 405 551 sunt.
420 523 485 551 Nam
507 523 533 550 in
550 523 618 559 typis
633 528 656 550 et
681 522 838 557 imaginibus
850 522 895 557 qui
917 529 964 548 co-

175 570 232 597 lore
243 569 302 596 albo
316 573 344 596 et
357 569 431 604 nigro
442 569 567 603 pingitur,
579 568 658 594 homo
672 572 791 599 vocatur,
805 571 833 593 ut
844 571 871 594 et
885 573 965 593 verus

175 616 255 641 homo
268 614 357 641 nativo
370 614 460 641 colore
474 613 617 641 instructus
632 622 639 641 :
654 613 678 640 in
691 612 784 639 statuis
795 619 899 647 quoque
915 619 963 638 au-

174 667 219 687 n-a
236 659 345 694 perinde
368 665 446 694 atque
471 658 576 692 ﬁglina,
597 663 681 685 statua
708 657 822 690 dicitur;
844 656 890 684 sed
918 656 961 683 illa

176 710 256 741 typus
270 711 331 732 sunt
342 726 349 736 ,
364 705 420 732 ha-c
435 706 541 731 veritas.

209 751 237 777 ‘2.
254 750 325 777 Inter
338 754 419 777 vetera
440 754 462 776 et
484 758 546 776 nam
567 749 710 775 discrimen.
725 760 762 768 -—
776 748 813 775 Ne
835 747 914 782 igitur
932 755 963 774 ex

176 796 313 823 nominum
328 796 479 827 consortio,
496 802 538 822 res
549 795 673 826 easdem,
690 793 737 821 sed
752 801 834 828 neque
847 793 965 820 diversas

175 850 236 870 esse
251 847 337 876 putes.
361 841 427 868 Nam
443 841 466 869 si
490 845 568 877 typus
585 845 658 874 erat,
682 848 735 867 non
756 844 814 868 erat
828 840 930 867 alienus
949 848 963 867 a

175 887 305 920 \‘eritatc;
328 887 350 915 si
366 887 485 914 umbram
509 886 651 918 servabat,
667 885 754 912 minor
767 890 823 912 erat
844 884 962 911 veritate.

176 933 245 966 Quid
268 941 332 968 ergo
344 932 503 960 discriminis
525 937 565 959 est
589 931 658 959 inter
681 931 736 958 haec
758 931 864 958 omnia?
880 931 964 958 Vultis

175 987 258 1006 unum
266 985 308 1006 aut
319 979 370 1006 duo
380 986 412 1006 ex
421 978 499 1005 dictis
507 978 661 1005 tractemus?
672 977 716 1004 Sic
724 981 818 1004 emtcra
826 977 900 1004 vobis
910 985 965 1005 ma-

177 1025 273 1053 nifesta
287 1029 362 1053 erunt
375 1034 382 1052 :
394 1024 595 1058 videbiquue
610 1024 651 1050 illa
669 1031 808 1058 puerorum
821 1027 962 1058 praecepta,

176 1071 234 1099 lucc
243 1072 355 1098 virorum
371 1070 477 1097 fortium
488 1069 578 1101 fuisse;
588 1069 631 1096 illa
639 1068 712 1103 quasi
731 1068 893 1097 hominibus.
907 1067 964 1095 hznc

175 1118 251 1153 quasi
266 1117 364 1151 angelis
376 1115 532 1143 constituta.
548 1115 622 1142 Unde
638 1115 716 1149 igitur
731 1114 885 1142 ordiemur?
900 1113 963 1142 Vul-

175 1164 211 1191 tis
225 1163 259 1190 ab
273 1163 328 1197 ipsa
343 1161 487 1196 adoptione
499 1160 657 1188 ordiamur?
673 1160 739 1193 Quid
752 1160 912 1188 discriminis
925 1160 964 1187 in-

177 1215 218 1236 tcr
232 1210 300 1236 hanc
315 1213 342 1235 et
356 1208 425 1235 illam
442 1207 501 1235 est?
513 1207 557 1235 Illa
571 1207 676 1234 nomine
690 1212 765 1234 tenus
779 1212 849 1239 erat;
866 1207 922 1234 huic
936 1214 965 1234 re

177 1255 244 1288 ipsa.
263 1254 299 1281 De
314 1254 356 1280 illa
370 1253 477 1286 dicitur,
495 1253 549 1288 Ego
563 1252 616 1279 dixi
627 1273 634 1285 ,
652 1252 694 1279 Dii
708 1253 780 1284 estis,
796 1257 819 1279 et
829 1253 876 1286 ﬁlii
887 1251 964 1280 Altis-

175 1300 233 1326 simi
248 1307 333 1326 omnes
348 1298 434 1332 (Psal.
449 1298 492 1325 81.
509 1298 547 1334 6).
563 1298 600 1325 De
613 1297 662 1325 hac
672 1303 759 1325 autem
770 1319 777 1332 ,
791 1297 833 1325 Ex
845 1298 898 1326 Deo
911 1298 965 1325 nati

175 1350 244 1373 sunt.
258 1344 396 1378 Quomodo
411 1348 438 1372 et
455 1351 506 1379 qua
532 1343 654 1371 ratione?
668 1344 719 1371 Per
731 1344 864 1371 lavacrum
888 1352 964 1379 rege-

175 1391 320 1419 nerationis
329 1395 355 1417 et
364 1390 544 1418 renovationis
550 1389 664 1424 Spiritus
672 1389 767 1417 sancti.
775 1390 807 1417 Et
815 1389 850 1416 illi
857 1390 964 1425 quidem

176 1443 316 1474 postquam
326 1437 370 1464 ﬁlii
381 1437 504 1473 appellati
515 1442 587 1469 sunt,
598 1437 719 1471 spiritum
736 1436 870 1464 servitutis
878 1436 965 1464 adhuc

175 1485 310 1513 habebant
327 1493 334 1511 :
355 1490 415 1511 nam
429 1484 498 1511 servi
511 1490 570 1510 cum
586 1487 692 1516 essent,
718 1482 767 1510 hac
788 1483 964 1518 appellatione

175 1530 341 1558 ornabantur
354 1538 361 1562 ;
377 1537 426 1557 nos
439 1533 528 1556 autem
553 1528 630 1556 liberi
644 1533 707 1555 tunc
719 1528 804 1556 ell'ccti
817 1549 824 1561 ,
848 1536 900 1555 non
915 1537 964 1554 no-

175 1576 265 1609 mine,
282 1575 328 1602 scd
343 1582 372 1602 re
387 1575 515 1601 honorem
530 1573 689 1608 accepimus.
707 1573 739 1600 Et
752 1573 801 1600 hoc
814 1573 910 1600 Paulus
922 1573 964 1600 di-

176 1619 276 1648 cebat:
294 1620 354 1647 Non
374 1620 440 1647 ettittt
461 1619 592 1654 accepistis
604 1619 721 1654 spiritum
733 1619 856 1646 servitutis
875 1619 965 1645 iterum

175 1668 203 1694 in
217 1667 321 1699 timore,
334 1666 379 1693 sed
390 1666 520 1701 accepistis
534 1665 659 1700 Spiritum
672 1665 816 1700 adoptionis
835 1665 946 1699 ﬁliorum
955 1687 962 1698 ,

175 1713 204 1738 in
217 1720 266 1746 quo
280 1711 429 1744 clamamus,
445 1710 516 1737 Abba
527 1709 605 1736 Pater
622 1709 708 1746 (Rom.
723 1710 749 1737 8.
764 1710 818 1745 15).
841 1710 964 1738 Generati

177 1765 292 1792 namque
314 1764 449 1792 superne,
472 1761 500 1784 et
528 1760 555 1783 ut
576 1756 610 1782 ita
625 1756 728 1789 dicam,
750 1755 903 1789 reformati,
927 1756 966 1783 sic

176 1803 264 1829 vocati
283 1809 374 1829 sumus
401 1802 457 1829 lilii.
483 1801 719 1829 Sauctitatis-vero
741 1801 846 1828 modum
862 1802 884 1828 si
906 1801 965 1836 quis

176 1847 317 1880 didicerit,
334 1847 392 1882 quis
406 1847 458 1879 hic,
475 1847 533 1882 quis
546 1846 600 1879 ille,
616 1847 725 1873 multam
741 1846 784 1873 hic
796 1854 902 1882 quoque
916 1846 964 1874 dif-

177 1893 318 1921 ferentiam
333 1893 441 1920 videbit.
457 1892 493 1920 llli
507 1900 621 1927 namque
634 1892 739 1927 quando
752 1892 820 1919 idola
834 1900 885 1919 non
894 1893 966 1920 colc-

178 1941 252 1973 bant,
267 1948 327 1968 cum
342 1947 391 1968 nec
404 1939 611 1971 l'ornicabantur,
627 1946 676 1966 nec
690 1938 901 1973 tumebahantnr,
915 1939 966 1967 hoc

178 1987 341 2014 vocabantur
364 1985 471 2013 nomine
487 1993 493 2011 :
508 1992 557 2012 nos
580 1988 670 2012 autem
694 1992 747 2011 non
761 1984 918 2011 abstinendo
933 1985 965 2011 ab

180 2033 233 2060 illis
248 2032 327 2060 rebus
343 2036 444 2058 tantum
457 2052 465 2065 ,
480 2030 526 2058 sed
540 2034 566 2057 et
581 2030 680 2066 majora
702 2028 861 2065 possidendo
880 2031 965 2057 sancti

179 2078 319 2106 efﬁcimur.
336 2077 370 2104 Et
391 2078 476 2112 primo
489 2075 594 2113 quidem
609 2083 642 2102 ex
666 2075 723 2110 ipso
737 2075 850 2110 Spiritus
872 2075 965 2110 illapsu

180 2122 232 2152 hoc
255 2122 443 2158 consequimur
467 2121 564 2148 donum
588 2129 594 2148 ς
622 2120 718 2147 deinde
743 2128 777 2147 ex
811 2121 863 2148 vita
889 2121 965 2155 longe

181 2169 366 2205 praestantiore
379 2175 457 2203 quam
471 2167 590 2194 Judaica.
605 2166 638 2193 Et
656 2174 689 2194 ne
701 2170 735 2193 ct
750 2166 875 2201 iactantia
896 2166 964 2193 dicta

180 2220 258 2251 putes
269 2234 276 2247 ,
303 2214 363 2241 audi
386 2213 449 2248 quid
463 2213 515 2240 illis
526 2212 597 2239 dicat
611 2220 618 2239 ε
635 2211 723 2238 Nolite
748 2211 865 2244 lustrare,
889 2219 966 2247 neque

198 2262 319 2295 uriﬁcare
344 2260 410 2295 ﬁlios
435 2264 538 2292 vestros,
564 2258 624 2293 quia
645 2259 753 2293 populus
775 2263 877 2285 sanctus
908 2258 966 2286 estis

182 2305 275 2340 (Deut.
291 2305 334 2332 l8.
347 2304 403 2339 10).
426 2304 515 2338 Itaque
526 2304 595 2338 apud
610 2303 669 2330 illos
682 2303 738 2330 ha-c
751 2303 878 2330 sanctitas
890 2308 947 2330 erat
957 2323 964 2337 ,

178 2352 214 2379 ab
228 2351 358 2379 idolorum
384 2350 485 2385 legibus
506 2349 658 2382 abstinere;
672 2349 741 2384 apud
765 2357 813 2376 nos
825 2356 889 2377 vero
913 2356 965 2377 non

178 2399 226 2430 ita,
238 2397 295 2430 sed,
308 2397 341 2424 Ut
351 2397 381 2423 sit
393 2401 489 2429 sancta,
501 2395 593 2431 inquit,
605 2404 710 2430 corpore
723 2400 746 2422 ct
759 2395 894 2431 spiritu(l.
907 2395 964 2423 Cor.

179 2444 206 2470 7.
221 2444 286 2479 54).
306 2443 400 2470 Pacem
424 2442 598 2478 persequimini
611 2447 634 2468 et
653 2442 893 2476 sancti/irationem,
915 2443 967 2469 sine

177 2499 228 2526 qua
241 2499 311 2518 nemo
330 2490 420 2517 videbit
443 2489 577 2516 Dominum
591 2488 681 2524 (Hebr.
694 2489 736 2516 £2.
751 2488 782 2516 Μ
793 2488 801 2523 )
814 2497 821 2521 ;
837 2493 879 2519 et.
901 2488 966 2516 Per-

178 2536 290 2570 ]irientes
305 2535 527 2569 sancti/irationem
546 2535 572 2561 in
585 2535 672 2561 timore
684 2533 732 2560 Dei
753 2534 762 2569 (
773 2534 800 2561 2.
812 2534 871 2561 Cor.
884 2534 910 2561 7.
929 2533 964 2569 Ι).

178 2581 236 2609 Nan
253 2581 323 2609 enim
339 2581 389 2608 hoc
401 2588 497 2607 nomen
510 2602 516 2614 ,
530 2586 635 2608 sanctus
647 2602 653 2612 ,
669 2581 694 2607 in
706 2580 844 2613 omnibus,
860 2580 893 2607 de
906 2581 965 2615 qui-

178 2628 228 2654 bus
254 2626 360 2658 dicitur,
388 2626 508 2653 eamdem
535 2627 612 2653 habet
639 2626 870 2661 signiﬁcationem.
901 2626 965 2652 Nam

179 2673 248 2699 Dens
261 2676 369 2699 sanctus
391 2671 496 2703 dicitur,
512 2671 558 2698 sed
574 2679 625 2697 non
639 2671 707 2698 sicut
721 2679 779 2698 nos.
805 2671 868 2698 Cum
892 2671 964 2698 enim

176 2718 308 2753 propheta
328 2716 396 2743 hanc
411 2723 501 2743 vocem
522 2724 537 2743 a
550 2716 703 2750 Seraphinis
715 2716 816 2744 audivit
828 2737 835 2749 ,
857 2716 964 2744 attende

213 2816 221 2832 ⁸
241 2818 311 2840 Juxta
330 2815 390 2840 alios
407 2815 536 2846 legendum
550 2820 624 2844 esset.
641 2815 739 2847 Spiritui
758 2816 801 2841 nci
812 2815 949 2841 servientes.

343 2856 477 2886 Ρλτιιοι.
501 2858 558 2887 Gn.
586 2857 663 2887 ΗΧ.

1023 154 1086 189 quid
1097 155 1206 182 dixerit:
1218 155 1267 182 llri
1277 156 1346 187 mihi.
1360 156 1434 184 miser
1445 165 1490 193 ego
1500 158 1519 192 ¹,
1528 158 1587 192 quia
1599 158 1674 186 homo
1683 167 1739 186 cum
1750 162 1807 192 sint,

1020 201 1120 237 impura
1135 202 1200 228 labia
1215 202 1293 229 Imbro
1303 224 1310 235 ,
1333 208 1355 229 et
1375 203 1400 230 in
1414 204 1495 230 medio
1508 205 1596 240 populi
1621 205 1722 239 impura
1743 206 1810 233 [abin

1019 247 1132 274 [tabentis
1143 256 1189 283 ego
1204 248 1287 275 habito
1300 248 1375 284 (lsai.
1400 249 1425 277 6.
1442 250 1481 283 5).
1495 250 1551 278 Etsi
1565 251 1609 278 ille
1622 255 1648 278 et
1663 257 1770 280 sanctus
1783 257 1810 280 et

1019 300 1101 327 purus
1123 298 1204 320 esset.
1230 293 1327 321 Verum
1353 295 1375 321 si
1398 300 1515 323 nostram
1541 297 1601 324 c‘um
1624 303 1739 331 superna
1764 298 1808 325 illa

1018 338 1184 365 sanctitatem
1198 346 1394 373 comparemus,
1415 340 1509 375 impuri
1521 349 1623 369 sumus.
1638 342 1729 371 Sancti
1742 348 1805 371 sunt

1018 384 1115 418 angeli,
1131 384 1214 411 sancti
1226 389 1288 411 sunt
1300 385 1462 418 archangeli,
1475 391 1502 413 et
1513 386 1655 415 Cherubim
1666 393 1747 424 atque
1756 389 1807 417 Se-

1018 430 1120 464 rapbim
1134 437 1142 462 ;
1157 429 1204 456 sed
1221 429 1298 464 hujus
1312 430 1460 457 sanctitatis
1473 431 1523 458 alia
1537 439 1640 460 rursum
1654 434 1802 462 dlﬁ‘erentia

1017 478 1058 500 est
1072 474 1141 501 inter
1152 482 1199 502 nos
1213 474 1336 502 videlicet
1347 479 1374 502 ct
1388 476 1539 510 superiores
1555 477 1613 504 illas
1624 484 1769 513 potestates
1783 477 1805 508 ¹.

1017 519 1126 547 Possem
1138 526 1236 548 cratera
1251 522 1339 548 omnia
1355 522 1489 557 persequi,
1505 522 1550 549 sed
1564 523 1641 551 video
1655 526 1803 553 oratiomnn

1019 565 1121 600 longius
1148 573 1335 601 progressam;
1375 573 1537 603 quapropter
1563 569 1689 597 ulteriore
1726 572 1805 598 missa

1017 612 1224 647 perquisitione,
1254 613 1329 640 vobis
1362 618 1459 640 ca'tera
1485 615 1646 649 exploranda
1673 617 1806 652 rt-linqnc-

1018 664 1087 684 mus.
1105 657 1184 684 Vobis
1198 658 1268 684 euim
1282 658 1343 685 licet
1355 658 1426 685 domi
1442 659 1498 686 haec
1507 659 1666 694 colligendo,
1681 661 1807 693 different:

1019 702 1079 729 tiam
1095 703 1287 735 internoscere,
1310 708 1336 730 et
1360 704 1461 738 reliqua
1475 704 1599 732 similiter
1613 706 1746 740 indagare.
1765 706 1806 733 De

1017 749 1134 782 sapienti,
1154 749 1247 784 inquit,
1266 750 1438 782 occasionem,
1459 754 1482 776 et
1501 751 1638 785 sapientior
1651 752 1697 777 erit
1714 750 1804 786 (Prov.

1017 795 1043 822 9.
1059 794 1095 828 9).
1112 795 1216 822 Initium
1229 802 1344 830 namque
1362 802 1377 822 a
1390 796 1465 823 nobis
1482 801 1532 828 est,
1551 797 1610 824 linis
1624 797 1674 824 erit
1688 805 1702 824 a
1720 798 1804 826 vobis.

1016 840 1110 875 Operae
1124 841 1237 875 pretium
1249 847 1337 868 autem
1352 846 1393 869 est
1406 843 1503 869 seriem
1516 843 1650 877 persequi.

1058 886 1171 913 Gratiam
1186 896 1231 922 pro
1245 888 1326 922 gratia
1341 887 1403 923 quid
1416 888 1667 924 significet.—Ctnn
1683 889 1803 923 dixisset,

1021 930 1061 959 De
1080 933 1233 967 plenitudine
1245 939 1328 960 autem
1342 935 1397 970 ejus
1418 943 1463 961 nos
1478 943 1563 961 omnes
1576 936 1728 970 accepimus,
1743 937 1805 962 sub-

1016 978 1092 1012 didit,
1106 979 1137 1006 Et
1148 980 1255 1014 gratimn
1267 987 1312 1014 pro
1323 981 1404 1016 gratia
1416 981 1574 1009 :ostendens
1584 982 1690 1010 Judaios
1700 988 1805 1018 quoque

1016 1031 1066 1058 per
1078 1025 1190 1059 gratiam
1213 1026 1301 1052 s‘alvos
1316 1026 1406 1053 fuisse.
1422 1026 1478 1054 Non
1499 1028 1568 1054 enim
1583 1028 1653 1062 quod
1678 1029 1805 1063 multipli-

1015 1070 1065 1096 cati
1080 1070 1157 1103 sitis,
1184 1070 1229 1097 sed
1251 1075 1359 1106 propter
1381 1076 1468 1106 patres
1491 1077 1594 1099 vestros
1614 1073 1680 1107 elegi
1704 1081 1762 1100 vos.
1777 1073 1802 1101 Si

1015 1122 1079 1150 ergo
1092 1123 1144 1142 non
1159 1123 1191 1143 ex
1207 1117 1320 1151 propriis
1333 1117 1435 1144 meritis
1447 1125 1462 1144 a
1477 1117 1530 1144 Deo
1542 1118 1618 1145 electi
1632 1123 1702 1151 sunt,
1716 1120 1802 1154 palam

1016 1167 1063 1187 eos
1088 1168 1136 1195 per
1147 1161 1258 1196 gratiam
1274 1161 1344 1188 hunc
1355 1169 1413 1189 esse
1427 1167 1603 1197 consequutus
1615 1162 1753 1191 honorem.
1772 1165 1803 1191 lit

1016 1213 1065 1233 nos
1080 1212 1184 1241 quoque
1199 1207 1282 1242 gratia
1304 1207 1370 1234 salvi
1384 1207 1445 1235 lacti
1460 1215 1551 1236 sumus
1566 1217 1572 1235 :
1587 1210 1633 1236 scd
1650 1217 1702 1236 non
1722 1210 1800 1237 simili

1016 1251 1106 1279 modo.
1130 1252 1220 1286 Neque
1241 1252 1312 1280 enim
1335 1252 1427 1280 iisdem
1452 1255 1477 1280 in
1498 1255 1576 1282 rebus
1589 1275 1596 1286 ,
1611 1255 1657 1282 sed
1671 1255 1697 1282 in
1719 1256 1802 1282 multo

1016 1297 1161 1332 majoribus
1172 1301 1198 1324 et
1208 1298 1417 1325 sublimioribus.
1433 1299 1490 1326 Non
1504 1299 1592 1334 itaque
1607 1300 1667 1327 talis
1678 1305 1719 1327 est
1733 1300 1801 1335 apud

1017 1349 1065 1369 nos
1086 1342 1180 1378 gratia.
1203 1342 1294 1377 Neque
1317 1343 1387 1370 enim
1411 1347 1579 1378 peccatorum
1605 1349 1705 1371 tantum
1726 1346 1801 1372 venia

1016 1388 1093 1415 nobis
1106 1388 1200 1416 collata
1216 1394 1274 1421 est;
1292 1389 1369 1424 huius
1391 1397 1504 1424 namque
1519 1397 1579 1417 cum
1595 1390 1645 1417 illis
1665 1397 1803 1418 consortes

1015 1442 1107 1462 sumus
1123 1444 1129 1461 :
1146 1442 1239 1462 onmes
1262 1435 1332 1462 enim
1355 1440 1549 1470 peccaverunt;
1563 1437 1608 1463 sed
1624 1437 1702 1464 datur
1723 1438 1802 1465 etiam

1013 1481 1114 1516 justitia
1128 1500 1134 1514 ,
1151 1481 1327 1508 sanctiﬁcatio
1338 1502 1346 1514 ,
1360 1482 1482 1517 adoptio,
1496 1482 1609 1517 Spiritus
1620 1484 1704 1518 gratia
1726 1484 1804 1519 longe

1016 1527 1182 1563 splendidior
1204 1532 1231 1555 et
1257 1527 1374 1555 uberior.
1398 1528 1449 1556 Per
1463 1527 1531 1556 hanc
1549 1529 1659 1563 gratiam
1676 1530 1729 1557 Deo
1748 1531 1802 1557 cari

1016 1573 1075 1600 facti
1089 1580 1195 1605 sumus,
1210 1580 1262 1600 non
1278 1572 1345 1600 ultra
1363 1578 1392 1600 ut
1404 1574 1472 1601 servi
1487 1578 1587 1601 tantum
1599 1595 1606 1607 ,
1620 1574 1666 1602 sed
1680 1575 1760 1603 etiam
1775 1578 1804 1602 ut

1017 1619 1063 1646 lilii
1077 1623 1104 1646 et
1114 1619 1202 1646 amici.
1215 1618 1277 1646 Ideo
1290 1619 1385 1654 inquit,
1400 1618 1514 1646 Gratiam
1529 1627 1575 1655 pro
1585 1621 1678 1655 gratia.
1696 1621 1799 1647 Etenim

1016 1664 1109 1699 legalia
1124 1671 1229 1699 quoque
1243 1671 1274 1692 ex
1285 1664 1368 1698 gratia
1380 1669 1468 1698 erant,
1480 1671 1583 1692 necnon
1595 1665 1664 1700 quod
1676 1673 1707 1692 ex
1722 1666 1804 1693 nihilo

1017 1711 1077 1737 l'acti
1093 1710 1176 1738 simus
1191 1719 1197 1736 :
1209 1717 1262 1737 non
1274 1711 1344 1737 enim
1358 1718 1389 1737 ex
1400 1711 1613 1745 przccedentibus
1625 1712 1725 1740 meritis
1737 1712 1805 1740 hanc

1016 1756 1257 1783 remunerationem
1280 1756 1451 1791 accepimus:
1467 1756 1603 1791 quomodo
1626 1758 1718 1791 enim,
1741 1766 1801 1786 cum

1016 1809 1068 1829 non
1075 1800 1210 1829 essemus?
1218 1800 1264 1828 sed
1272 1800 1341 1828 Deus
1351 1807 1455 1836 semper
1463 1801 1599 1829 beneﬁciis
1608 1810 1657 1830 nos
1667 1805 1804 1837 praevenit.

1016 1845 1073 1873 Non
1084 1845 1230 1873 modocum
1241 1853 1290 1873 nos
1305 1854 1336 1873 ex
1350 1846 1434 1874 nihilo
1445 1847 1577 1882 produxit,
1590 1848 1636 1874 s'ed
1649 1848 1728 1875 etiam
1743 1856 1803 1876 cum

1016 1892 1111 1919 creatis
1118 1891 1161 1919 dat
1168 1896 1193 1918 ut
1202 1899 1260 1927 quae
1266 1891 1438 1926 agenda,qu:e
1446 1897 1498 1920 non
1507 1893 1607 1927 agenda
1616 1899 1676 1921 sunt
1684 1894 1798 1922 scimuu;

1017 1941 1044 1965 ct
1055 1937 1122 1965 hanc
1138 1938 1163 1965 in
1175 1942 1269 1965 natura
1282 1938 1366 1972 legem
1381 1938 1566 1966 naneiscamur
1580 1947 1586 1965 :
1600 1944 1627 1966 et
1637 1940 1706 1974 Quod
1729 1940 1805 1967 nobis

1017 1984 1188 2011 conscientia:
1204 1982 1318 2011 tribunal
1333 1984 1514 2018 incorruptmn
1527 1984 1700 2018 inditlerit,‘id
1715 1988 1805 2021 gratia:

1017 2030 1139 2057 maxima:
1161 2032 1189 2056 et
1213 2028 1353 2056 ineﬁ‘abllis
1377 2029 1546 2064 benignitatis
1569 2030 1626 2058 fuit.
1642 2031 1718 2064 Quod
1742 2033 1804 2060 item

1017 2074 1086 2101 hanc
1101 2074 1186 2109 legem
1206 2074 1260 2108 jam
1276 2078 1427 2108 corruptam
1439 2095 1447 2107 ,
1461 2079 1508 2108 per
1520 2075 1644 2110 scriptam
1659 2076 1744 2111 legem
1760 2083 1804 2105 rea-

1018 2120 1186 2151 statu-averit,
1202 2119 1226 2146 id
1242 2120 1333 2154 gratiae
1348 2123 1415 2146 erat.
1433 2120 1498 2147 Nam
1511 2126 1717 2150 consentaneum
1728 2129 1784 2151 erat
1794 2142 1803 2157 δ

1020 2169 1048 2192 ιιι
1061 2165 1105 2200 qui
1122 2164 1204 2192 semel
1220 2164 1308 2191 datam
1322 2165 1404 2200 legem
1419 2165 1624 2199 adulterassent,
1638 2168 1766 2202 supplicio
1779 2174 1806 2196 et

1018 2209 1111 2238 ultioni
1132 2208 1311 2237 traderentur.
1327 2209 1384 2236 Non
1400 2210 1451 2237 hoc
1465 2215 1554 2238 autem
1571 2211 1668 2239 factttm
1690 2217 1745 2244 est;
1759 2215 1804 2240 sed

1017 2263 1143 2283 concessa
1158 2261 1198 2283 est
1209 2255 1371 2288 emendatio.
1388 2260 1413 2283 et
1429 2256 1505 2283 Venia
1521 2264 1574 2284 non
1588 2257 1687 2290 debita,
1701 2259 1748 2286 sed
1760 2267 1807 2293 pur

1019 2301 1227 2329 misericordiam
1243 2304 1270 2328 et
1283 2301 1393 2335 gratiam
1409 2301 1480 2329 data.
1497 2301 1572 2335 Quod
1583 2302 1653 2330 enim
1667 2303 1692 2330 id
1705 2312 1736 2331 ex
1747 2309 1805 2339 gra-

1020 2346 1053 2373 tia
1069 2350 1094 2373 et
1106 2346 1286 2373 misericordia
1297 2346 1433 2380 prodierit,
1445 2346 1504 2374 audi
1514 2347 1637 2375 Davidem
1651 2348 1784 2377 dicentem
1797 2358 1804 2376 :

1019 2392 1127 2419 Faciem
1151 2392 1337 2419 misericordias
1353 2391 1479 2420 Dominus
1490 2414 1498 2426 ,
1520 2398 1544 2421 et
1551 2394 1678 2428 judicium
1692 2395 1807 2423 omnibus

1017 2438 1137 2474 injuriam
1151 2438 1313 2473 patientibus.
1331 2438 1412 2465 Notas
1430 2439 1488 2474 fecit
1499 2439 1551 2466 vias
1565 2446 1625 2466 suas
1639 2439 1731 2476 Moysi,
1746 2442 1807 2475 ﬁliis

1018 2482 1100 2511 Israel
1113 2484 1253 2511 voluntates
1263 2492 1322 2511 suos
1334 2483 1343 2519 (
1355 2482 1428 2510 Psal.
1445 2484 1505 2512 I02.
1520 2484 1546 2512 6.
1559 2490 1582 2512 et
1592 2482 1608 2512 7
1619 2485 1640 2521 ).
1655 2486 1688 2513 Et.
1698 2486 1805 2514 iterum:

1020 2528 1109 2556 Dulcis
1137 2533 1160 2556 et
1180 2534 1263 2556 rectus
1288 2528 1432 2560 Dominus;
1451 2535 1552 2563 propter
1566 2530 1614 2557 hoc
1631 2531 1711 2565 legem
1736 2531 1806 2558 dabit

1019 2575 1217 2610 delinquentibus
1230 2575 1254 2601 in
1269 2575 1309 2601 via
1323 2575 1331 2607 (
1347 2573 1414 2601 Ibid.
1427 2574 1472 2602 ει.
1488 2574 1538 2609 8).

1051 2663 1059 2681 ¹
1079 2666 1133 2687 Pest
1144 2662 1211 2690 illud,
1224 2660 1297 2686 miser
1304 2667 1356 2691 ego,
1368 2659 1450 2685 Morel.
1465 2663 1489 2685 et
1497 2663 1550 2684 stes.
1561 2661 1628 2691 pauci
1641 2660 1741 2691 addunt,
1754 2669 1806 2686 mn-

1098 2687 1265 2723 compmtotus;
1278 2687 1388 2716 sed'h'aae
1397 2691 1486 2715 desunt
1499 2691 1522 2715 in
1534 2687 1602 2715 sa'vil.
1618 2694 1643 2715 et
1653 2692 1676 2716 in
1688 2687 1741 2717 uss.
1755 2692 1805 2724 plu.

1018 2730 1153 2786 nm’biuxta
1165 2752 1257 2779 δῖοι-ει..
1271 2751 1402 2785 legendum
1419 2755 1501 2786 essm,
1511 2751 1553 2776 sed
1565 2752 1677 2778 sanctitas
1698 2753 1742 2779 Dei
1757 2757 1805 2780 ltttn

1017 2784 1137 2810 sanctitati
1148 2787 1236 2808 uostrte
1247 2787 1297 2816 tum
1309 2784 1427 2816 sanctitati
1439 2785 1590 2814 potestatum,
1603 2789 1658 2814 quae
1677 2791 1751 2816 supra
1762 2792 1803 2810 IlOJ

1018 2819 1080 2845 sntit,
1093 2818 1190 2847 praestat
1203 2817 1225 2839 et
1235 2812 1359 2839 dissimilis
1370 2816 1414 2837 est.
