2040 3113
230 112 260 138 εσεῑ
584 111 610 139 S.
631 111 768 139 JOANNIS
788 110 1023 139 CllllYSOSTOSIl
1044 110 1198 138 AltClllEl’.
1214 113 1479 142 CONSTANTINOP.
1829 117 1862 143 96

265 173 290 199 5.
313 171 500 199 .\liscrieordia;
524 171 602 204 igitur
619 175 645 197 et
668 170 867 197 miserationum
884 174 910 196 et
928 169 1018 204 gratim

232 225 298 252 opus
322 217 385 244 ilhul
402 223 440 244 est
453 237 460 249 ,
478 217 561 250 legem
581 215 712 250 accipere.
738 215 799 242 Ideo
813 223 872 242 cuin
889 215 998 242 dixisset
1011 235 1018 248 ,

228 263 345 290 Curtium
360 272 405 298 pro
416 263 506 298 gratia,
523 261 708 288 vehementius
722 262 729 276 ‘
747 261 920 295 magnitudini
935 260 1019 288 dono-

230 318 288 337 rum
313 310 438 336 insistens
462 307 597 342 subjungit
612 315 619 334 ε
637 307 678 334 17.
697 306 749 334 Lex
768 315 811 343 per
828 307 939 342 Moysem
960 307 1019 333 dum

228 361 281 388 cst,
307 355 390 389 gratia
413 359 436 380 et
458 353 549 380 ueritus
564 361 608 388 per
628 352 715 380 Jesum
737 351 865 380 Christum
881 352 949 386 facta
971 357 1017 379 est.

232 399 322 427 \‘idete
340 407 417 433 quam
435 399 539 434 placide
554 407 584 427 ac
595 399 722 433 paulatim
739 407 791 426 uno
804 398 886 426 verbo
901 403 927 426 et
942 398 1020 425 Joan-

230 453 278 472 nes
302 445 420 479 Baptista
442 449 469 472 et
484 445 632 480 discipulus
654 445 686 472 ad
711 453 863 480 supremam
882 445 1018 473 auditores

228 491 407 526 cognitionem
428 491 541 519 evehunt
551 513 558 525 ,
572 497 713 527 postquam
732 500 778 518 eos
793 492 819 518 in
833 489 1017 518 humilioribus

226 539 425 565 t-xereitarnnt?
438 537 484 566 ille
496 545 610 573 namque
620 542 760 573 postquam
770 545 859 566 secum
870 537 1018 565 contulerat

227 591 300 616 ettui,
313 582 358 617 qui
376 584 434 610 sine
448 584 648 618 eotnparatione
662 590 756 611 omnes
769 583 894 615 excedit,
909 583 948 610 sic
960 581 1017 617 ejus

227 635 317 662 postea
331 629 523 664 .CXCCilCltliﬂm
548 629 664 656 ostendit
688 629 799 656 dicens:
826 628 875 662 Qui
898 632 956 655 aute
978 636 1017 654 mc

227 676 309 710 fuctus
331 680 384 706 cst;
400 674 495 702 deinde
510 674 628 701 subdens
645 674 718 706 illud,
736 673 813 700 Prior
827 682 866 700 me
885 677 938 700 erat
951 681 960 700 :
973 672 1017 700 hic

226 728 290 747 vero
304 721 386 747 umlto
400 720 487 755 majus
503 720 635 754 prazstitit,
650 721 737 747 minus
756 724 842 747 tamen
856 727 933 754 quam
948 719 1015 747 Uni-

225 767 306 800 geuiti
321 766 435 800 dignitas
451 766 608 801 postularet.
626 766 683 793 Non
699 766 771 793 enim
784 765 879 792 .loanui
890 786 897 799 ,
914 765 961 793 sed
974 765 1014 798 ei,

225 812 268 845 qui
284 811 377 846 majori
390 819 469 846 quain
485 811 603 839 Joannes
617 812 686 847 apud
701 812 809 839 JlltlLL‘OS
824 817 882 838 erat
897 811 1008 838 admira‘

226 858 302 890 lioni,
317 858 398 894 Moysi
415 866 521 893 netnpc,
535 859 620 893 ipsum
634 863 772 893 comparat
785 859 887 891 dicens,
903 857 957 885 Lex
971 866 1015 893 per

226 904 341 939 Moyse-nt
359 905 418 931 data
430 909 475 937 est,
491 905 574 940 gratia
588 910 611 932 et
625 905 715 932 reritas
730 913 773 940 per
787 905 875 932 Jesum
888 904 1014 931 Christum

223 953 293 986 facta
307 956 353 978 est.
370 951 401 978 Et
415 951 474 977 vide
493 951 671 986 prudentiam.
689 951 744 978 Non
768 958 951 985 pchOnarum,
966 951 1013 978 sed

221 1004 314 1023 rerum
328 996 544 1030 disquisitionem
559 996 631 1024 facit.
646 996 710 1024 Nam
725 1004 785 1023 cum
803 1004 844 1023 res
858 996 920 1030 ipsm
937 996 1014 1030 longe

226 1042 340 1076 majores
354 1042 612 1074 demonstrarentur,
628 1042 780 1069 necessario
792 1042 885 1076 ingrati
902 1042 938 1068 illi
951 1049 1014 1068 sen-

225 1089 333 1115 tentiam
355 1093 381 1115 et
396 1089 549 1122 opinionem
563 1088 596 1115 de
610 1089 717 1116 Christo
731 1089 855 1124 excipere
869 1089 1012 1116 debebant.

223 1134 290 1161 Cum
304 1135 374 1161 enim
389 1143 413 1169 οι
424 1142 468 1161 era
481 1135 619 1170 ipsa,,qu:e
629 1135 728 1162 nullam
743 1134 857 1162 habeant
868 1136 906 1162 vel
921 1136 1013 1170 gratia:

223 1180 264 1206 vel
288 1180 340 1206 odi
365 1180 566 1214 suspicionem,
592 1180 788 1213 testiﬁcantur,
806 1186 907 1207 certum
933 1181 1012 1208 etiam

222 1225 555 1260 impudentibuspraebent
570 1225 706 1252 indicium.
723 1226 787 1253 Nam
808 1226 893 1261 qualia
909 1226 950 1254 illa
965 1234 1011 1254 au-

222 1276 310 1298 ctores
329 1271 490 1304 ediderunt,
514 1272 575 1299 talia
597 1277 705 1300 manent
726 1279 752 1300 et
772 1274 913 1308 conspicua
929 1278 1011 1301 sunt:

221 1319 393 1353 quamobrem
407 1318 479 1346 omni
496 1319 648 1353 suspicione
662 1323 689 1346 et
704 1320 861 1354 exceptione
875 1320 960 1355 majus
973 1325 1013 1348 est

223 1365 328 1391 illorum
347 1365 538 1392 testimonium.
556 1366 744 1393 Animadverte
759 1370 846 1394 autem
861 1374 938 1401 quant
954 1374 1011 1394 mo-

220 1411 322 1437 destam
334 1411 411 1438 faciat
425 1412 651 1446 comparationem
666 1412 745 1439 etiam
757 1412 825 1446 apud
839 1411 1010 1439 inﬁrmiores.

221 1457 278 1483 Non
289 1457 358 1483 enim
369 1457 553 1484 excellentiam
568 1457 640 1484 illam
652 1458 740 1484 verbis
750 1457 864 1491 extollit,
876 1457 921 1484 sed
934 1457 1011 1485 nudis

219 1502 372 1529 ntnninibus
398 1502 573 1531 diﬂ'crentiam
598 1503 735 1536 ostendit,
763 1503 826 1530 dum
849 1504 961 1538 gratiam
984 1508 1010 1531 et

219 1548 366 1579 veritatem,
384 1547 444 1582 legi,
462 1553 488 1575 et
503 1547 570 1575 hanc
584 1556 686 1580 vocem,
703 1548 783 1575 Facta
796 1556 842 1582 cst,
856 1548 926 1580 huic,
943 1549 1010 1576 Data

219 1599 254 1620 (st
265 1614 271 1624 ,
288 1594 407 1628 opponit.
423 1593 530 1620 Multum
547 1599 635 1622 autem
661 1599 702 1622 est
716 1595 785 1622 inter
800 1600 940 1630 utramque
953 1595 1009 1622 dis-

218 1640 328 1666 crimen.
345 1639 409 1667 Nam
427 1640 500 1673 illud,
515 1640 580 1667 Data
593 1645 638 1674 est,
655 1641 768 1668 ministri
781 1647 847 1674 erat,
860 1642 903 1676 qui
915 1642 947 1669 ab
957 1642 1009 1670 alio

218 1691 357 1720 acceptum
370 1686 443 1713 dedit
454 1686 648 1721 qnibusjussus
662 1691 718 1714 erat
730 1694 737 1718 ;
752 1686 817 1713 illud
831 1694 893 1714 vero
905 1707 912 1720 ,
930 1687 1009 1714 Facta

219 1737 255 1758 ρει
268 1754 275 1764 ,
290 1734 374 1767 gratia
388 1737 414 1761 ct
427 1734 525 1760 veritas
538 1754 545 1766 ,
569 1734 648 1769 Regis
667 1738 708 1761 est
730 1734 774 1769 qui
797 1742 857 1762 cum
879 1739 1009 1769 potestate

219 1783 328 1812 peccata
352 1779 584 1813 omniadimiltit,
606 1784 634 1807 et
654 1779 752 1807 donum
770 1786 901 1815 pneparat
920 1789 1007 1809 suum.

217 1824 395 1857 Quamobrem
410 1825 526 1857 dicebat,
541 1825 708 1853 Dimittuntur
731 1827 774 1853 tibi
790 1833 891 1862 peccatu
905 1827 914 1863 (
925 1827 1006 1855 Marc.

216 1870 243 1896 2.
260 1870 286 1906 9)
300 1876 342 1903 ;et
357 1879 472 1904 rursum,
484 1871 518 1898 Ut
530 1876 612 1899 autem
622 1872 707 1899 sciatis
716 1873 775 1907 quia
783 1878 927 1908 potestatem
936 1874 1009 1900 habet

220 1918 304 1945 [Vilius
324 1919 432 1945 hominis
452 1920 478 1946 in
499 1924 565 1947 terra
578 1921 718 1948 dimittendi
741 1928 860 1956 peccata,
879 1923 914 1949 ait
933 1932 1008 1958 para-

218 1965 305 1999 lytico:
312 1965 427 2000 Surgam
435 1966 494 1993 tolle
501 1966 593 1993 ‘lectum
601 1971 680 2000 tuum,
692 1973 714 1994 et
723 1970 784 1995 vade
794 1969 819 1994 in
827 1969 929 1996 domum
939 1975 1008 1996 tuum

217 2011 296 2046 (Ibid.
313 2019 336 2038 υ.
355 2011 396 2039 l0.
413 2017 435 2038 et
450 2012 478 2039 il
498 2012 518 2047 ).
536 2012 628 2040 Vidcn‘
643 2013 776 2047 quomodo
789 2015 872 2049 gratia
889 2022 936 2049 per
946 2023 1005 2042 cum

219 2057 282 2083 tiat?
298 2057 446 2085 Veritatem
461 2065 567 2093 quoque
580 2058 651 2085 vide.
663 2058 782 2086 Gratiam
798 2060 895 2094 igitur,
909 2065 936 2086 et
950 2060 1006 2088 haec

215 2107 242 2128 et
257 2110 315 2136 qua:
329 2102 360 2129 ad
377 2103 506 2130 latronem
518 2108 651 2138 spectant,
666 2108 693 2130 et
709 2103 875 2139 baptismatis
886 2104 986 2132 donum
996 2126 1004 2140 ,

215 2153 238 2173 et
250 2147 461 2182 Spiritusgratia
474 2156 520 2182 per
531 2150 615 2183 ipsum
629 2149 708 2176 data'
724 2150 866 2177 ostendunt
879 2159 886 2182 ;
901 2157 1005 2177 necnon

215 2193 266 2219 alia
283 2193 400 2228 .plurima
418 2202 424 2219 :
440 2194 578 2220 veritatem
603 2199 691 2221 autem
719 2195 884 2222 manifestius
906 2195 1005 2222 intelli-

220 2245 325 2272 gemus,
338 2238 359 2264 si
373 2238 659 2272 tignrasdidiccrimus.
676 2239 741 2266 Nam
756 2248 814 2274 quae
828 2240 854 2267 in
868 2240 941 2268 Novo
954 2241 1006 2268 Te-

217 2287 350 2309 stamento
362 2282 542 2317 dispensanda
567 2288 643 2311 erant
654 2305 661 2317 ,
677 2285 767 2319 ﬁgura:
784 2286 855 2319 prius
874 2292 902 2313 ut
916 2286 1006 2322 ﬁgura:

215 2328 422 2362 descripserant;
433 2328 554 2355 Christus
571 2334 660 2356 autem
672 2331 780 2357 veniens
799 2333 1004 2360 consummavit.

217 2374 310 2401 Paucis
321 2381 385 2408 ergo
396 2374 446 2408 tigu
452 2382 494 2400 ras
506 2375 564 2401 illas
576 2375 721 2402 videamus.
735 2376 826 2411 Neque
836 2377 906 2404 enim
916 2378 1004 2405 omnia

217 2419 260 2446 illa
282 2427 423 2446 recensere
440 2421 578 2454 prmsentis
592 2425 632 2446 est.
646 2422 791 2455 temporis;
808 2430 822 2449 a
838 2423 926 2456 paucis
946 2431 1004 2458 qua:

216 2474 286 2493 nunc
296 2466 540 2500 prolatatum-tera
556 2466 719 2500 intelligetis.
739 2468 864 2495 \‘nltisab
875 2469 929 2504 ipsa
945 2477 1005 2504 pas-

215 2511 290 2539 sione
313 2511 488 2546 incipiamus?
502 2511 568 2545 Quid
592 2512 732 2547 aiLﬁgura
749 2522 756 2542 :
771 2514 889 2548 Accipite
908 2522 1003 2549 agnum

216 2566 263 2591 per
275 2557 386 2590 domos,
407 2562 435 2585 et
457 2557 607 2590 immolate,
627 2563 654 2585 ct
677 2559 754 2586 tacite
777 2565 804 2586 ut
828 2561 954 2594 praecepit
977 2564 1006 2588 et

214 2603 304 2630 Haltlil
331 2602 457 2629 Dominus
473 2603 482 2638 (
496 2601 580 2630 Exod.
602 2602 646 2630 12.
663 2603 708 2638 5).
723 2604 844 2631 Christus
864 2613 928 2632 vero
951 2613 1003 2632 non

215 2649 268 2680 sic;
291 2656 376 2683 neque
397 2647 468 2675 enim
484 2648 602 2683 principit
626 2649 675 2676 hoe
688 2657 765 2684 agere
781 2659 790 2677 :
804 2651 850 2677 sed
866 2651 921 2685 ipse
945 2659 1004 2678 sese

215 2694 375 2720 obEationem
390 2699 418 2722 et
433 2694 545 2721 hostiam
561 2695 631 2721 Patri
645 2695 731 2722 oﬂ‘crt.

243 2773 254 2789 ³
274 2771 340 2796 Alias
355 2771 566 2803 legitur,tclm‘ius.
578 2779 631 2803 pro,
649 2772 816 2798 velmurntius.

243 2803 255 2820 '
272 2804 308 2828 sic
317 2803 397 2831 δαὶ-ΕΙ..
412 2808 436 2828 et
454 2804 547 2835 plurimi
560 2807 622 2833 Mss;
636 2805 715 2828 Morel.
728 2812 786 2829 vero
804 2805 875 2830 habet
886 2822 893 2835 ρ
907 2809 929 2831 (‘t
940 2804 1004 2836 .[ih’o-

214 2845 267 2863 tm
278 2835 375 2868 adoptio
385 2835 450 2860 nobis
461 2842 504 2866 per
516 2835 556 2867 Spi
566 2836 628 2860 ‘itum
642 2838 705 2860 (tt-tta.

1112 169 1138 196 4.
1163 169 1226 198 \‘ide
1240 179 1293 206 quo
1308 177 1384 206 pacto
1400 172 1480 207 ﬁgura
1497 180 1543 207 per
1557 173 1672 209 .lloysem
1688 173 1749 201 data
1763 175 1806 205 sit.
1819 184 1862 204 ve-

1074 215 1139 242 ritas
1153 220 1240 243 autem
1257 224 1304 251 per
1315 217 1405 244 Jesum
1417 217 1552 245 Christum
1568 218 1634 246 facta
1656 220 1700 246 sit.
1714 221 1746 247 Et
1758 228 1862 250 rursum

1074 260 1099 287 in
1115 266 1206 288 metite
1221 261 1295 295 Sina,
1310 270 1369 290 cum
1390 263 1545 291 Amalecitze
1560 269 1652 291 contra
1668 265 1796 293 llebrmos
1817 275 1863 301 pu-

1071 313 1151 341 guam
1162 308 1370 341 committerent,
1394 316 1488 336 manus
1502 309 1599 345 Moysis
1621 311 1655 337 ab
1669 311 1773 339 Aarone
1786 318 1812 339 et
1825 312 1864 340 0r

1073 353 1197 388 utrinque
1209 359 1326 381 extensze
1337 355 1555 389 sustinebantur;
1569 356 1693 384 Christus
1707 363 1794 385 autem
1807 361 1863 394 Ipse

1072 406 1119 433 per
1130 406 1189 426 sese
1203 407 1297 427 manus
1312 405 1435 427 extensus
1442 401 1529 428 tenuit
1543 401 1570 428 in
1584 409 1674 430 cruce.
1691 403 1784 430 Vidcn‘
1797 412 1862 439 quin
1898 410 1903 415 '

1071 444 1150 472 modo
1164 445 1245 479 ﬁgura
1260 445 1332 478 data,
1352 447 1449 474 veritas
1461 452 1550 474 atttcm
1562 448 1628 475 facta
1643 448 1696 475 sit?
1708 449 1809 477 Rursus
1821 450 1862 477 lex

1069 489 1186 523 dicebat,
1199 489 1352 518 Maledicta;
1367 493 1449 519 omnia
1471 493 1514 526 qui
1534 501 1584 520 nou
1603 499 1687 520 manet
1706 494 1732 521 in
1755 495 1787 521 iis
1803 502 1864 530 qua!

1069 535 1164 571 scriptu
1176 540 1234 563 sunt
1245 538 1271 563 in
1286 537 1351 564 libro
1368 537 1414 564 hoc
1437 537 1525 572 (Deut.
1541 538 1587 571 27,
1607 539 1671 573 2'6);
1692 541 1775 575 gratia
1799 548 1863 568 vero

1069 581 1131 616 quid
1145 582 1227 609 dicit?
1246 580 1333 609 Venite
1343 583 1377 609 ad
1392 591 1430 610 me
1443 591 1529 610 omm‘s
1539 585 1582 619 qui
1594 585 1716 612 laborati:
1729 591 1753 612 et
1764 588 1863 613 onerati

1069 627 1137 659 catis,
1157 632 1180 653 et
1199 636 1245 662 ego
1264 628 1377 662 reﬁciam
1395 637 1437 656 eos
1459 629 1564 664 (Matth.
1581 630 1624 657 Η.
1641 630 1702 666 28);
1717 631 1860 664 ctPaulus,

1069 671 1184 699 Christus
1198 681 1242 699 nos
1250 673 1353 700 redemit
1364 673 1395 700 de
1405 673 1538 701 maledicto
1554 673 1625 710 legis,
1638 675 1721 710 [actus
1732 684 1777 711 pro
1792 676 1863 703 uol-ia

1068 718 1228 746 maledictum
1244 719 1314 755 (Gal.
1336 720 1362 747 5.
1381 720 1436 755 i3).
1463 720 1528 754 Quia
1555 722 1633 756 igitur
1655 726 1726 749 tanta
1750 722 1862 750 fruimur

1067 765 1151 800 gratia
1168 771 1196 793 et
1209 766 1330 799 veritate,
1346 766 1459 794 obsecro
1473 775 1506 794 uc
1528 772 1636 802 propter
1650 768 1714 796 doni
1730 770 1862 803 magnitu-

1069 811 1158 838 dinem
1175 812 1312 846 segniores
1325 812 1479 839 evadamus.
1499 812 1602 846 Quanto
1617 814 1710 847 majori
1726 814 1796 841 enim
1818 815 1860 840 di—

1066 858 1239 891 guatisumus
1252 857 1365 890 honore,
1377 862 1450 885 tanto
1459 858 1587 892 majorem
1595 859 1720 886 virtutem
1733 859 1862 886 exhibere

1069 906 1198 929 tenemur.
1213 902 1277 929 Nam
1291 903 1334 938 qui
1350 903 1436 937 parvis
1447 903 1564 938 acceptis
1577 904 1713 931 beueticiis
1727 912 1806 938 parva
1818 912 1862 930 re-

1067 947 1168 980 tulerit,
1185 955 1237 975 non
1259 956 1343 983 usque
1364 948 1431 976 adeo
1452 948 1599 983 culpandus
1613 954 1670 976 est:
1687 950 1729 984 qui
1746 957 1810 977 vero
1825 950 1860 976 ad

1066 1000 1221 1028 supremum
1237 994 1345 1020 liouoris
1359 994 1465 1021 culmen
1482 994 1613 1027 ascendit,
1637 1000 1784 1030 posteaque
1797 996 1860 1023 vilia

1066 1039 1214 1073 exiguaque
1236 1039 1368 1074 rependit,
1393 1039 1470 1074 longe
1485 1039 1578 1075 majori
1600 1041 1653 1068 erit
1675 1042 1805 1076 supplicio
1819 1043 1861 1069 di-

1066 1093 1144 1121 gnus.
1161 1086 1214 1113 Sed
1236 1086 1316 1120 absit,
1333 1093 1367 1114 ne
1388 1086 1422 1113 de
1436 1086 1511 1114 vobis
1526 1087 1587 1114 talia
1602 1094 1726 1122 umquam
1741 1089 1860 1123 suspice-

1067 1139 1137 1159 mur.
1148 1131 1313 1159 Conﬁdimus
1325 1132 1396 1159 enim
1409 1131 1435 1159 in
1451 1132 1572 1165 Domino,
1587 1140 1633 1159 vos
1644 1133 1746 1161 animas
1756 1139 1860 1162 vestras

1066 1185 1159 1204 versus
1173 1177 1266 1204 etclam
1278 1184 1326 1205 ceu
1340 1177 1390 1205 alis
1402 1177 1559 1213 quibusdam
1574 1179 1711 1211 extulisse,
1723 1183 1750 1206 et
1761 1187 1776 1207 a
1789 1185 1859 1207 terra

1066 1223 1239 1257 abstraxisse,
1256 1231 1287 1250 ac
1302 1223 1365 1250 dum
1382 1223 1407 1250 in
1422 1223 1521 1250 mundo
1547 1224 1701 1257 versamini,
1725 1225 1859 1252 mundana

1066 1277 1118 1296 non
1135 1274 1258 1296 tractare.
1276 1269 1398 1296 Attamen
1413 1269 1474 1296 licet
1490 1269 1534 1296 tali
1550 1270 1670 1297 instructi
1685 1270 1790 1305 ﬁducia,
1805 1279 1859 1298 non

1065 1321 1202 1342 cessamus
1216 1322 1263 1341 vos
1278 1314 1431 1349 frequenter
1439 1314 1472 1342 de
1486 1314 1580 1342 iisdem
1590 1315 1653 1350 ipsis
1663 1323 1781 1344 monere.
1791 1317 1859 1344 Nam

1065 1364 1091 1388 et
1105 1361 1130 1387 in
1145 1362 1262 1388 externis
1275 1361 1327 1388 illis
1342 1360 1532 1388 certaminibus
1548 1369 1601 1388 non
1624 1366 1781 1396 prostratos,
1804 1371 1859 1390 non

1065 1407 1174 1441 supinos
1187 1407 1319 1442 jacentes,
1335 1406 1381 1434 sed
1395 1411 1528 1439 strenuos,
1546 1413 1695 1440 currentes,
1717 1407 1860 1436 hortantur

1065 1457 1230 1487 spectatores
1241 1460 1344 1480 euntes.
1361 1452 1423 1480 Illos
1434 1453 1504 1480 enim
1516 1453 1599 1480 semel
1612 1461 1625 1480 a
1641 1453 1750 1481 victoria
1764 1454 1857 1481 exelu-

1064 1505 1119 1531 sos,
1135 1499 1179 1533 qui
1197 1498 1270 1525 nullo
1287 1499 1389 1534 possint
1405 1499 1511 1526 hortatu
1526 1499 1590 1526 moti
1603 1507 1723 1534 surgere,
1738 1508 1771 1528 ne
1788 1508 1859 1528 vane

1065 1543 1196 1577 laborent,
1220 1544 1310 1571 sinunt
1325 1544 1453 1571 decussas
1465 1544 1573 1578 jacere:
1590 1544 1632 1572 hic
1647 1550 1738 1572 autem
1755 1546 1858 1573 nonde

1064 1592 1139 1620 vobis
1154 1591 1233 1619 modo
1248 1592 1292 1627 qui
1310 1591 1435 1626 vigilatis,
1450 1591 1497 1619 sed
1510 1592 1590 1618 etiam
1603 1591 1637 1619 de
1649 1592 1680 1619 iis
1689 1592 1733 1628 qui
1745 1593 1856 1628 collapsi

1063 1642 1135 1670 sunt,
1159 1643 1200 1665 est
1221 1637 1319 1672 aliquid
1336 1637 1507 1672 sperandum,
1532 1637 1555 1664 si
1581 1637 1738 1673 resipiscere
1761 1638 1855 1666 velint.

1062 1683 1242 1717 Quamobrem
1257 1683 1322 1710 nihil
1338 1690 1389 1710 non
1405 1682 1518 1718 agimus,
1544 1687 1678 1718 rogantes,
1705 1683 1855 1716 hortantes,

1061 1729 1264 1765 exprobrantes,
1280 1730 1460 1764 increpantes,
1475 1728 1624 1760 laudantes,
1640 1733 1669 1756 ut
1682 1734 1797 1757 vestram
1809 1738 1855 1757 sa-

1063 1775 1144 1802 lutem
1159 1783 1311 1810 operemur.
1324 1774 1362 1801 Ne
1375 1775 1463 1809 itaque
1475 1774 1682 1809 frequentiorem
1696 1775 1728 1802 ad
1742 1775 1854 1810 probam

1062 1821 1142 1847 vitam
1155 1821 1333 1847 hortationem
1348 1827 1418 1854 mgre
1434 1819 1535 1847 feratis.
1552 1819 1609 1847 Non
1625 1821 1695 1847 enim
1710 1821 1745 1848 ita
1762 1821 1854 1855 loqui-

1061 1874 1121 1893 mur
1134 1871 1162 1893 ul
1176 1874 1223 1893 vos
1238 1866 1262 1892 in
1276 1865 1386 1893 desidia:
1399 1866 1501 1893 crimen
1513 1873 1650 1896 vocemus.
1662 1867 1708 1893 sed
1726 1867 1792 1894 bona
1805 1875 1854 1902 spe

1061 1913 1117 1940 fulti
1130 1920 1280 1940 monemus.
1292 1912 1382 1947 Neque
1395 1912 1427 1939 ad
1440 1920 1487 1939 vos
1498 1912 1596 1944 solum,
1611 1912 1657 1939 sed
1669 1913 1701 1940 ad
1711 1920 1759 1940 nos
1771 1914 1852 1940 etiam

1060 1963 1182 1994 spectant
1194 1964 1221 1986 et
1236 1959 1291 1986 luce
1302 1964 1328 1986 et
1342 1967 1400 1994 qua:
1420 1963 1512 1993 postea
1537 1958 1676 1986 dicentur:
1690 1959 1788 1986 etenim
1803 1967 1853 1986 nos

1060 2013 1166 2040 quoque
1182 2005 1231 2031 hac
1245 2012 1354 2039 egemus
1374 2004 1503 2032 doctrina.
1527 2004 1638 2031 Etiamsi
1660 2005 1732 2032 enim
1746 2013 1760 2032 a
1775 2006 1853 2032 nobis

1060 2051 1192 2082 dicantur,
1206 2050 1270 2077 nihil
1287 2055 1375 2077 tamen
1392 2055 1462 2077 vetat
1477 2051 1620 2084 quominus
1637 2050 1693 2078 ber
1709 2059 1757 2078 nos
1770 2053 1852 2078 etiam

1060 2099 1201 2133 attingant.
1215 2097 1311 2125 Sermo
1327 2105 1441 2132 namque
1457 2098 1572 2132 peccatis
1595 2097 1739 2124 obnoxium
1763 2099 1850 2125 Corri-

1059 2144 1111 2179 git;
1129 2144 1240 2178 probum
1263 2151 1327 2170 vero
1347 2151 1378 2170 ac
1398 2143 1500 2170 scelere
1521 2151 1634 2170 vacuum
1649 2143 1682 2170 ab
1697 2151 1729 2170 eo
1746 2144 1852 2178 longius

1059 2191 1176 2218 adducit.
1191 2190 1282 2225 Neque
1294 2191 1363 2217 enim
1374 2197 1444 2217 nosa
1459 2190 1574 2224 peccatis
1589 2190 1645 2224 puri
1660 2190 1853 2217 sutnus.Com-

1060 2237 1146 2264 munis
1159 2240 1200 2263 cst
1213 2236 1354 2269 medicina,
1371 2235 1487 2263 remedia
1511 2236 1634 2263 omnibus
1655 2241 1788 2271 prostant;
1802 2237 1850 2263 sul

1059 2282 1162 2309 curatio
1174 2289 1225 2309 non
1240 2281 1390 2308 communis
1405 2286 1456 2315 est,
1472 2281 1535 2308 licet
1548 2289 1610 2308 usus
1625 2281 1790 2316 singulorum
1804 2290 1850 2309 ar-

1061 2327 1138 2354 bitrio
1162 2327 1339 2362 permittatur.
1361 2327 1529 2361 Quapropter
1543 2327 1564 2353 is
1585 2327 1629 2361 qui
1647 2331 1673 2353 ut
1689 2334 1736 2361 par
1750 2331 1791 2354 est
1806 2335 1849 2354 re-

1059 2373 1148 2400 medio
1163 2374 1252 2405 utitur,
1267 2373 1445 2399 valetudinem
1460 2376 1616 2406 recuperat;
1629 2372 1672 2406 qui
1690 2372 1792 2399 vulneri
1805 2381 1850 2400 re-

1059 2419 1175 2445 medium
1199 2426 1252 2445 non
1276 2419 1408 2448 admovet.
1426 2418 1523 2444 ntalum
1539 2423 1629 2451 auget,
1645 2422 1671 2444 et
1686 2417 1718 2445 ad
1735 2418 1850 2444 deterio-

1060 2472 1115 2492 rem
1126 2465 1205 2491 ﬁncm
1217 2464 1311 2498 vergit.
1322 2463 1359 2490 Ne
1369 2464 1458 2498 itaque
1469 2463 1627 2490 medicinam
1642 2470 1712 2497 a‘gre
1722 2462 1849 2496 feramus;

1059 2511 1113 2538 imo
1129 2511 1215 2546 potius
1227 2510 1400 2544 gaudeamus,
1423 2510 1446 2536 si
1467 2510 1594 2537 doctrinae
1610 2510 1705 2536 modus
1724 2510 1849 2537 acerbum

1060 2557 1153 2583 inferat
1169 2556 1288 2582 dolonem
1303 2564 1308 2581 :
1326 2563 1386 2582 nam
1401 2555 1587 2582 suavissimum
1603 2559 1693 2589 postea
1710 2555 1785 2581 nobis
1795 2555 1850 2582 fru-

1059 2607 1131 2628 ctum
1148 2601 1249 2628 att‘eret.
1266 2600 1334 2628 Nihil
1352 2602 1383 2627 ad
1400 2600 1449 2627 hoc
1461 2608 1512 2627 non
1523 2608 1643 2635 agamus,
1659 2605 1687 2627 ut
1701 2609 1714 2626 a
1729 2601 1811 2636 plagis
1823 2608 1850 2628 et

1059 2647 1224 2678 vulneribus,
1241 2654 1299 2680 qua!
1315 2647 1416 2681 peccati
1432 2646 1526 2673 dentes
1541 2646 1637 2672 aniture
1660 2646 1789 2680 inﬂigunt,
1816 2647 1850 2672 li-

1059 2693 1125 2724 beri,
1151 2692 1183 2718 ad
1209 2696 1336 2719 a-ternam
1359 2693 1438 2719 vitam
1465 2692 1679 2726 proﬁciscantur;
1706 2697 1733 2718 nt
1751 2693 1849 2719 Christi

1059 2744 1203 2772 conspectu
1217 2737 1298 2772 digiti,
1312 2745 1345 2764 ne
1359 2737 1497 2764 ultricibus
1508 2737 1720 2772 immanibusque
1733 2742 1849 2772 potesta-

1060 2785 1129 2811 tibus
1145 2785 1189 2811 illo
1204 2783 1246 2811 die
1262 2784 1406 2817 trmlamur,
1421 2783 1467 2810 sed
1484 2784 1534 2810 illis
1547 2791 1606 2818 qua:
1617 2791 1665 2810 nos
1676 2783 1708 2810 ad
1721 2784 1848 2810 ca-lormn

1061 2831 1235 2859 hereditatem
1250 2831 1383 2865 inducant,
1400 2839 1457 2867 quae
1473 2836 1620 2866 pra-parata
1632 2830 1663 2857 iis
1677 2835 1717 2860 est
1731 2832 1775 2866 qui
1787 2830 1846 2858 dili-
