2040 3113
195 133 231 160 97
719 129 751 157 IN
771 129 928 158 JOANNEM
956 128 1074 157 HOMIL.
1094 129 1153 157 XV.
1172 127 1205 155 al.
1225 127 1294 156 XIV.
1779 130 1820 158 93

195 196 260 226 gnnt
283 190 357 217 illum
376 198 382 217 :
401 198 483 225 quatit
508 190 609 216 utinam
635 197 684 216 nos
707 197 801 217 omnes
826 197 979 224 consequa-

197 244 266 268 mur,
278 235 364 271 gratia
380 239 408 263 et
423 235 587 272 benignitate
604 235 708 263 Domini
722 235 808 263 nostri
822 235 886 263 Jesu
898 234 978 263 Chri-

1033 189 1079 221 sti,
1097 189 1140 216 cui
1162 189 1246 224 gloniu
1269 192 1297 216 ct
1319 187 1502 224 imperiumin
1528 188 1625 216 smcula
1642 187 1816 216 sasculortnn.

1032 235 1127 262 Amen.

846 339 1018 370 HOMILIA
1042 337 1112 367 XV.

193 407 233 435 18.
249 407 332 436 Deum
345 417 417 436 nemo
435 409 495 436 vidit
508 418 648 445 umquam:
662 410 812 447 Uniganitus
828 410 919 444 Filius,
938 411 981 446 qui

350 458 386 481 est
400 455 426 482 in
438 455 494 482 sinu
510 455 608 490 Patris,
620 456 673 491 ipse
685 457 821 483 enarravit.

230 501 256 528 1.
276 499 334 527 Non
349 508 379 528 ea
394 505 435 528 est
457 501 502 528 Dei
529 501 663 534 voluntas,
680 506 708 529 ut
729 509 812 529 sacra:
837 502 981 537 Scriptura:

193 547 300 575 nomina
315 551 416 574 tantum
432 551 459 574 et
474 547 553 574 verba
565 547 713 581 audiamus,
726 548 773 576 sed
787 552 814 575 ut
825 555 885 576 cum
900 548 981 575 multa

194 594 333 629 prudentia
349 593 537 629 intelligamus.
551 594 612 621 Ideo
626 594 720 622 beattts
731 594 811 622 David
826 595 982 629 plerumque

195 641 235 668 sic
249 639 369 668 Psalmos
382 647 445 667 suos
461 640 596 675 inscripsit
609 660 616 671 ,
634 639 665 666 In
679 639 831 667 intellectum
843 661 850 673 ,
865 643 892 667 et
906 639 981 667 dice-

197 686 241 712 bat
255 693 262 711 :
280 684 372 712 Revela
385 685 471 712 oculos
486 693 563 717 meos,
587 689 611 712 et
628 684 792 712 considerabo
814 684 940 711 mirabilia
952 684 983 712 de

194 731 248 766 lege
260 735 302 757 tua
315 730 404 765 (Psal.
418 731 480 759 118.
496 731 551 767 13).
568 731 631 758 Post
641 731 728 766 ipsum
740 731 809 758 ﬁlius
823 731 880 766 ejus
895 731 982 764 docet,

196 775 356 811 sapientiam
378 776 454 811 quasi
477 780 615 811 argentum
628 776 821 811 exquirendum
835 784 912 809 esse;
930 777 983 804 imo

197 823 337 858 plusquam
353 830 446 850 aurum
459 822 665 857 comparandam
676 822 685 858 (
697 822 773 850 Prov.
791 823 834 850 16.
852 822 915 857 16).
932 822 983 850 Do-

197 869 285 896 minus
295 876 358 896 vero
370 868 476 896 Judams
489 868 610 896 hortatur
623 889 630 902 ,
646 874 674 895 ut
686 873 837 897 scrutentur
862 869 982 904 Scriptu-

197 922 252 948 ras,
268 914 300 942 ad
314 914 496 949 maioremque
512 921 560 942 nos
578 914 677 941 inducit
692 914 921 949 perquisitionem.
933 914 985 942 Ne-

195 969 248 997 que
273 962 343 989 enim
365 962 404 988 sic
425 961 549 996 loquutus
573 960 675 1000 fuisset,
698 961 720 988 si
744 961 833 988 statim
857 969 871 988 ιι
899 961 983 996 prima

195 1008 310 1036 lectione
324 1007 380 1035 haec
394 1007 503 1042 intelligi
528 1012 646 1042 possent.
662 1007 739 1040 Quod
757 1007 827 1034 cnim
855 1007 880 1034 iu
897 1007 984 1034 medio

198 1054 310 1089 positum
326 1053 416 1081 statim
430 1053 582 1088 percipitur,
598 1060 675 1080 nemo
689 1057 821 1080 scrutatus
830 1053 906 1080 fuerit
918 1061 925 1084 ;
937 1052 983 1079 sed

196 1099 223 1127 id
239 1104 337 1127 tantum
354 1099 423 1134 quod
439 1098 579 1126 obscurum
595 1103 675 1126 estet
689 1098 772 1125 multo
783 1103 842 1133 eget
850 1098 983 1125 examine.

197 1145 260 1173 Ideo
273 1145 424 1173 thesaurum
436 1144 621 1171 absconditum
631 1144 784 1179 Scripturas
795 1151 855 1171 esse
867 1144 941 1176 dicit,
958 1148 986 1171 ut

197 1192 230 1220 ad
246 1191 443 1227 inquisitionem
455 1199 503 1218 nos
517 1191 626 1218 excitet.
647 1190 710 1218 limc
729 1194 818 1217 autem
836 1190 896 1217 ideo
914 1190 985 1217 dixi-

196 1245 268 1270 mus,
285 1241 314 1264 ut
335 1244 369 1264 ne
391 1236 478 1264 obiter
497 1240 524 1264 et
544 1235 725 1271 perfunctorie
748 1234 892 1270 Scriptura:
905 1234 985 1262 verba

195 1282 390 1318 aggredimur,
401 1281 448 1309 sed
463 1289 524 1308 cum
538 1280 706 1308 accuratione
715 1281 807 1308 multa.
819 1280 846 1308 Si
856 1279 985 1315 quispiam

196 1329 268 1356 ollim
282 1329 340 1356 sine
352 1328 474 1355 examine
485 1327 542 1362 eius
556 1326 626 1354 dicta
641 1326 740 1360 audiat,
751 1330 779 1353 et
791 1326 878 1353 omnia
891 1333 986 1353 secun-

197 1374 379 1402 dumlitteram
395 1374 515 1408 accipiat,
529 1373 642 1401 absurda
658 1373 740 1400 multa
756 1372 790 1400 de
805 1372 858 1400 Deo
870 1372 986 1407 suspica-

199 1421 281 1447 bitur.
293 1419 358 1446 Nam
374 1419 449 1446 illum
472 1418 607 1446 hominem
629 1425 698 1450 esse,
716 1422 743 1446 et
760 1425 874 1451 aeneum,
886 1417 987 1444 iracun-

197 1465 272 1498 dum,
295 1465 465 1493 furibundum
485 1464 599 1499 putabit,
619 1468 646 1491 et
671 1464 713 1491 his
729 1464 861 1491 deteriora
885 1463 920 1491 de
940 1463 986 1491 illo

197 1512 321 1547 dogmata
336 1511 459 1546 excipiet.
477 1510 504 1538 Si
523 1517 586 1538 vero
610 1509 765 1545 profundum
788 1509 845 1544 ejus
869 1513 985 1537 mentem

198 1555 478 1588 cdidicerit,absurdis
492 1555 641 1590 hujusmodi
657 1554 826 1590 opinionibus
846 1554 912 1581 liber
923 1553 984 1581 erit.

197 1604 264 1632 Nam
276 1603 306 1630 in
318 1603 366 1630 hac
379 1601 513 1638 proposita
527 1602 640 1629 lectione
650 1601 719 1628 Deus
733 1601 828 1628 dicitur
840 1600 926 1628 sinum
940 1600 988 1627 ha-

199 1652 272 1682 bere,
299 1648 368 1684 quod
391 1653 433 1676 est
453 1647 610 1682 corporibus
631 1646 777 1682 propriutn.
797 1647 833 1673 At
850 1653 928 1673 nemo
950 1645 985 1672 ita

197 1695 294 1723 stultus
305 1699 356 1728 est,
372 1699 396 1720 ut
412 1694 595 1728 incorporeum
606 1700 703 1727 corpus
716 1699 776 1720 esse
790 1695 873 1726 putet.
889 1690 922 1719 Ut
935 1691 985 1718 ita-

197 1749 250 1778 que
263 1741 352 1769 omnia
367 1740 496 1775 spirituali
512 1747 593 1767 sensu
615 1739 794 1774 percipiamus
806 1758 814 1771 ,
837 1745 885 1773 age
908 1737 986 1764 altius

197 1789 361 1817 hunclocum
376 1787 553 1822 exploremus.
566 1785 645 1813 Deum
658 1793 729 1812 nemo
737 1785 797 1811 vidit
807 1791 932 1819 umquam.
945 1783 986 1811 Ex

187 1832 249 1870 'qua
264 1833 328 1862 illud
350 1833 540 1868 consequentia
562 1832 722 1867 evangelista
744 1831 827 1858 dicit?
844 1830 985 1865 Postquam

196 1880 351 1909 ostenderat
363 1883 462 1906 tantam
483 1878 554 1906 illam
569 1877 698 1905 donorum
714 1876 810 1905 Christi
825 1875 984 1911 magnitudi-

197 1935 269 1959 nem,
281 1930 308 1954 ct
328 1932 408 1961 quam
432 1925 562 1952 immenso
577 1923 634 1950 haec
651 1922 804 1950 discrimine
824 1922 867 1949 illa
889 1928 948 1957 qua:
970 1928 984 1948 a

197 1973 288 2008 Moyse
307 1971 458 2006 dispensata
483 1969 588 1998 fuerant
611 1973 779 2003 superarent,
799 1968 855 1995 vult
877 1967 984 1995 demum

195 2021 402 2046 cunsentaneam
422 2015 578 2044 dilferentiae
594 2022 702 2042 causam
717 2014 832 2049 aperire.
847 2013 893 2041 Ille
913 2013 983 2041 enim

196 2071 290 2093 servus
304 2071 364 2091 cum
378 2067 449 2090 esset
462 2083 469 2095 ,
495 2061 663 2089 humiliorum
683 2068 771 2088 rerum
786 2061 908 2088 minister
919 2060 983 2093 fuit;

196 2111 240 2138 hic
252 2118 316 2138 vero
330 2109 465 2141 Dominus,
483 2115 529 2135 rex
542 2128 549 2140 ,
577 2107 645 2142 regis
668 2106 768 2140 Filius,
788 2106 866 2141 longe
883 2106 984 2141 majora

196 2156 274 2185 nobis
288 2154 385 2188 attulit,
398 2154 442 2189 qui
457 2161 517 2181 cum
534 2157 608 2188 patre
622 2160 728 2187 semper
741 2157 781 2180 est
795 2157 822 2180 et
837 2152 909 2179 videt
922 2159 982 2180 eum

196 2206 335 2237 perpetuo.
350 2201 491 2235 Propterea
502 2199 559 2227 haec
569 2199 666 2232 intulit,
680 2198 761 2225 Deum
774 2206 846 2225 nemo
858 2197 917 2224 vidit
928 2206 984 2224 um-

194 2256 283 2282 quam.
299 2247 367 2280 Quid
388 2254 452 2282 ergo
464 2245 583 2273 dicemus
593 2245 761 2273 vocalissimo
774 2245 847 2273 Isaia:
861 2244 959 2272 dicenti
975 2255 981 2273 :

201 2293 259 2320 Vidi
269 2291 406 2319 Dominum
417 2291 541 2319 sedentem
549 2299 625 2326 super
637 2290 727 2317 solium
736 2291 860 2317 excelsum
870 2295 893 2317 et
900 2290 983 2328 eleva-

195 2339 266 2374 tum(
283 2338 346 2366 Isai.
363 2338 388 2365 6.
402 2339 415 2365 1
432 2337 461 2373 )‘i
475 2337 538 2372 quid
553 2337 649 2364 Joanni
663 2337 814 2364 testificanti
825 2337 909 2372 ipsum
925 2337 983 2364 [nec

194 2384 306 2416 dixisse,
320 2383 426 2418 quando
440 2383 506 2410 vidit
524 2382 634 2417 gloriam
648 2382 726 2417 ejus?
745 2382 806 2417 quid
831 2381 983 2410 Ezechieli?

194 2437 257 2458 nam
269 2429 362 2464 etipsc
382 2436 462 2464 super
484 2428 630 2456 Cherubim
651 2427 787 2456 sedentem
810 2428 883 2455 illum
896 2427 982 2455 vidit:

194 2476 258 2512 quid
271 2476 385 2508 Danieli,
400 2476 445 2511 qui
460 2479 486 2502 et
500 2475 557 2510 ipse
575 2475 638 2502 dicit
648 2496 654 2506 .
671 2475 795 2510 Antiquos
810 2475 907 2502 dierum
919 2475 982 2503 sedit

194 2522 276 2556 (Dan.
293 2522 319 2548 7.
331 2521 381 2556 9)?
395 2521 458 2556 quid
469 2525 495 2548 et
507 2521 556 2555 ipsi
569 2520 651 2561 Mopsi
668 2520 776 2554 dicenti,
794 2520 904 2548 Ostende
922 2521 984 2548 mihi

192 2567 303 2603 gloriam
317 2571 396 2599 tuam,
411 2570 438 2593 ut
452 2566 582 2601 manifeste
602 2566 700 2593 videam
715 2571 737 2592 te
750 2565 846 2601 (Exod.
859 2567 902 2594 55.
921 2567 983 2602 l5)?

192 2612 277 2641 Jacob
291 2619 355 2640 vero
369 2612 430 2639 hinc
444 2612 648 2647 appellationem
669 2613 781 2647 accepit,
804 2613 884 2640 lsrael
902 2620 982 2640 voca-

193 2664 237 2686 tus
253 2667 259 2685 :
277 2658 356 2685 Israel
370 2658 452 2690 enim,
468 2657 560 2686 videns
577 2658 670 2690 Deum,
693 2658 834 2693 signiﬁcat.
850 2659 900 2686 Alii
916 2666 983 2694 quo-

191 2712 246 2740 que
258 2703 345 2740 ipsum
359 2703 492 2731 viderunt.

229 2750 300 2778 Deus
313 2750 450 2778 secundum
465 2750 560 2777 nudam
580 2750 743 2777 substantiam
766 2758 782 2777 α
800 2751 898 2777 nomine
915 2750 981 2777 visus

192 2802 238 2824 est.
255 2811 291 2817 —
305 2796 375 2830 Quid
395 2803 459 2831 ergo
472 2796 588 2825 Joannes
603 2797 650 2829 ait,
669 2796 749 2824 Deum
761 2805 833 2824 nemo
848 2797 908 2823 vidit
923 2804 980 2823 um-

192 2841 289 2876 quam?
315 2841 347 2870 Ut
374 2841 526 2870 ostenderet
555 2842 598 2869 illa
622 2842 709 2871 omnia
733 2842 978 2878 attctnpcratioucm

1035 408 1176 444 quatndam
1190 415 1259 440 esse,
1279 416 1330 435 non
1347 408 1423 436 nudae
1434 409 1589 437 substantia:
1603 410 1741 437 visionem.
1757 409 1822 437 Nam

1035 455 1057 482 si
1072 455 1156 489 ipsam
1181 458 1303 481 naturam
1333 454 1470 487 \idisscut,
1493 462 1545 481 non
1568 455 1675 483 diverso
1695 457 1825 483 vidissent

1033 500 1124 528 modo.
1140 500 1259 534 Simplex
1276 501 1348 527 euittt
1365 500 1409 527 illa
1425 504 1476 533 est,
1490 500 1548 527 sine
1563 501 1654 535 ﬁgura,
1676 502 1733 529 sine
1747 509 1821 529 com-

1034 547 1175 582 positione,
1189 546 1417 581 incircumscripta
1430 555 1438 579 ;
1455 554 1507 574 non
1519 547 1604 579 scdct,
1627 556 1678 574 non
1693 553 1752 577 stat.
1771 556 1824 576 non

1033 592 1161 620 ambulat.
1184 592 1247 620 llam
1269 593 1366 628 quippe
1390 592 1479 619 omnia
1495 593 1527 620 ad
1543 601 1654 628 corpora
1678 595 1820 629 pertinent.

1034 638 1173 673 Quomodo
1192 644 1279 667 autern
1304 640 1355 673 sit,
1377 639 1433 674 ipse
1457 639 1532 667 solus
1553 641 1633 667 novit.
1662 641 1693 668 ιςι
1711 641 1763 669 hoc
1778 650 1825 676 per

1036 685 1193 720 prophetam
1206 685 1347 720 quemdam
1368 686 1424 720 ipse
1445 686 1515 713 Deus
1537 691 1564 713 ct
1578 681 1657 714 Pater
1668 687 1822 714 declaravit;

1037 730 1101 767 Ego,
1117 731 1218 766 inqttit,
1239 732 1346 759 visiones
1362 732 1538 767 multiplicari,
1556 737 1579 759 et
1595 733 1619 759 in
1635 733 1749 760 manibus
1765 742 1824 768 pro-

1036 778 1169 812 phetarum
1182 777 1338 806 assimilatas
1348 787 1404 805 sum
1418 778 1427 814 (
1442 778 1506 806 Osee
1521 778 1563 806 l2.
1580 779 1613 807 i0
1626 779 1635 814 )
1648 787 1655 812 ;
1672 779 1696 806 id
1710 784 1751 806 est
1762 800 1770 812 ,
1786 780 1826 806 Me

1035 824 1219 859 attemperavi,
1236 832 1320 859 neque
1335 825 1360 852 id
1374 825 1445 860 quod
1455 833 1528 853 cram
1539 827 1659 860 apparui.
1673 826 1737 860 Quia
1754 827 1824 854 enim

1036 870 1117 897 Filius
1129 870 1187 905 ejus
1203 871 1227 897 in
1243 879 1304 898 vcra
1318 879 1397 898 carne
1413 872 1489 899 nobis
1503 872 1666 899 adventuros
1685 877 1757 906 erat,
1770 873 1825 907 jam

1036 915 1099 942 olitn
1116 915 1177 943 illos
1190 916 1363 949 exercitabat,
1391 921 1419 944 ut
1434 917 1481 945 Dei
1496 917 1669 945 substantiam
1685 918 1805 946 viderent
1818 941 1825 951 ,

1035 967 1162 997 quantum
1176 962 1265 990 videre
1279 967 1410 998 poterant.
1425 963 1490 990 Nam
1503 964 1527 990 id
1542 965 1612 999 quod
1626 964 1696 992 Deus
1710 969 1761 998 est,
1773 973 1833 992 non.

1036 1008 1115 1035 modo
1134 1008 1280 1043 prophetia,
1296 1009 1342 1036 sed
1365 1017 1414 1036 nec
1438 1010 1524 1045 angeli
1540 1017 1590 1037 nec
1611 1010 1762 1046 archangeli
1785 1012 1826 1038 vi-

1036 1053 1097 1080 dcnt
1115 1062 1121 1080 :
1137 1053 1183 1081 scd
1204 1054 1226 1081 si
1247 1054 1395 1089 interroges
1412 1055 1480 1088 illos,
1495 1055 1561 1082 nihil
1575 1056 1607 1083 de
1624 1057 1769 1084 substantia
1782 1066 1827 1085 re-

1036 1098 1197 1133 spondentes
1211 1100 1313 1132 audies,
1326 1100 1371 1127 scd
1383 1104 1482 1127 tantum
1496 1105 1631 1134 canentes,
1645 1101 1732 1129 Gloria
1744 1103 1769 1129 in
1783 1112 1826 1130 ω·-

1036 1145 1109 1172 celsis
1124 1145 1177 1172 Deo
1188 1150 1210 1172 et
1225 1146 1251 1172 in
1264 1151 1329 1172 terra
1350 1155 1411 1180 pax,
1434 1147 1460 1173 in
1480 1147 1621 1175 hominibus
1635 1148 1698 1176 bona
1712 1149 1828 1177 voluntas

1037 1190 1112 1227 (Luc.
1126 1191 1154 1217 2.
1171 1191 1227 1226 li).
1248 1192 1301 1219 Sia
1328 1192 1485 1219 Chcrubinis
1509 1197 1535 1220 et
1550 1193 1704 1228 Seraphinis
1726 1195 1833 1230 aliquid-

1037 1236 1158 1263 ediscere
1173 1236 1249 1269 velis,
1274 1237 1416 1272 mystictttn
1436 1238 1655 1266 sanctificationis
1677 1240 1761 1267 melos
1779 1249 1827 1267 au-

1037 1280 1104 1313 dies,
1118 1285 1154 1314 et,
1174 1281 1247 1308 Pleni
1262 1287 1319 1308 sunt
1334 1282 1390 1309 mli
1404 1287 1426 1309 et
1447 1287 1513 1309 terra
1534 1284 1617 1318 gloria
1629 1285 1684 1319 cjtts
1697 1286 1705 1319 (
1718 1284 1780 1312 lsai.
1799 1286 1825 1313 6.

1037 1327 1075 1361 5).
1091 1327 1118 1354 Si
1134 1334 1264 1362 supernas
1279 1327 1389 1355 virtutes
1399 1329 1572 1363 perconteris,
1589 1330 1653 1357 nihil
1666 1330 1736 1358 aliud
1751 1339 1826 1359 com-

1039 1373 1136 1407 peries,
1153 1373 1202 1400 nisi
1227 1377 1310 1400 totum
1332 1374 1383 1401 illis
1410 1382 1477 1409 opus
1502 1382 1562 1402 esse
1586 1375 1667 1403 Dcutn
1694 1377 1825 1405 laudare:

1039 1417 1163 1452 Laudare,
1179 1419 1275 1454 inquit,
1292 1428 1359 1453 eum,
1376 1428 1462 1448 omnes
1477 1421 1577 1449 virtutes
1590 1422 1664 1458 ejus(
1679 1421 1750 1450 Psal.
1764 1424 1826 1451 118.

1037 1463 1077 1499 2).
1091 1463 1169 1492 Soltts
1194 1472 1258 1500 ergo
1271 1465 1352 1493 Filius
1368 1467 1454 1500 ipsum
1471 1467 1558 1500 videt,
1576 1467 1692 1504 itctnque
1713 1469 1834 1504 Spiritus

1038 1515 1155 1538 sancttts.
1182 1510 1275 1539 Creata
1300 1512 1400 1547 quippe
1416 1517 1508 1541 natura
1525 1515 1658 1550 quomodo
1680 1516 1831 1544 incrcatunr

1037 1555 1128 1583 videre
1139 1556 1243 1590 possit?
1256 1556 1321 1584 Nam
1337 1558 1359 1584 si
1376 1558 1560 1592 iucorporcam
1584 1561 1729 1595 quamlibet
1745 1563 1827 1590 virtu-

1040 1606 1103 1636 tem,
1119 1603 1168 1630 etsi
1183 1610 1213 1630 ea
1230 1608 1318 1631 creata
1334 1604 1385 1636 sit,
1403 1605 1474 1632 clare
1491 1607 1646 1641 conspicere
1669 1608 1807 1643 nequimus
1818 1631 1824 1642 ,

1038 1651 1064 1675 et
1077 1647 1128 1675 hoc
1150 1656 1220 1683 stupe
1236 1649 1262 1676 in
1287 1650 1389 1685 angelis
1407 1654 1545 1678 ostensum
1562 1657 1612 1686 est,
1637 1653 1720 1680 multo
1740 1655 1826 1682 minus

1038 1693 1221 1728 incorporeum
1241 1699 1268 1722 et.
1287 1703 1339 1723 non
1356 1695 1451 1723 laetam
1468 1701 1588 1724 naturain
1613 1698 1702 1726 videte
1727 1702 1827 1734 poteti~

1038 1745 1108 1766 mus.
1128 1737 1188 1766 ideo
1204 1739 1302 1767 Paulus
1315 1747 1420 1776 quoque
1442 1740 1479 1768 ait
1496 1750 1504 1768 :
1518 1742 1598 1775 Quem
1611 1751 1683 1770 nemo
1698 1744 1827 1772 hominum

1037 1785 1108 1817 vidit,
1120 1793 1198 1820 neque
1211 1786 1294 1813 videre
1306 1791 1386 1822 potest
1400 1786 1437 1823 ('l.
1452 1786 1519 1814 Tim.
1532 1788 1558 1815 6.
1575 1788 1630 1823 16).
1646 1789 1735 1818 Soiiue
1750 1791 1827 1826 igitur

1039 1831 1109 1859 Patri
1135 1831 1185 1859 hoc
1208 1832 1369 1867 prurcipuum
1393 1833 1531 1868 competit,
1555 1841 1608 1861 non
1633 1840 1720 1862 atttem
1740 1836 1827 1864 Filio?

1037 1878 1243 1914 Apage:etiam
1267 1878 1334 1905 Filio
1354 1878 1431 1906 inest.
1456 1878 1533 1912 Quod
1556 1884 1583 1907 et.
1607 1880 1644 1907 illi
1668 1881 1738 1913 insit,
1766 1883 1827 1910 audi

1037 1923 1148 1951 Paulum
1169 1923 1370 1952 declarantem:
1388 1924 1438 1957 Qui
1464 1929 1500 1952 est
1527 1925 1611 1961 imago
1629 1925 1676 1953 Dei
1697 1927 1827 1955 invisibilis

1039 1969 1048 2006 (
1063 1969 1158 1997 Coloss.
1174 1970 1200 1997 1.
1216 1970 1248 1998 l5
1261 1968 1282 2006 ).
1294 1969 1343 2003 Qui
1364 1974 1452 1997 autem
1469 1970 1608 1999 invisibilis
1625 1971 1711 2008 imago
1726 1977 1784 2005 est,
1801 1979 1827 2001 ct

1037 2016 1095 2052 ipse
1110 2016 1251 2044 invisibilis
1263 2020 1321 2048 est;
1347 2016 1412 2044 alias
1429 2024 1480 2044 non
1503 2022 1574 2045 esset
1597 2018 1693 2054 imago.
1705 2019 1781 2052 Quod
1805 2022 1829 2048 si.

1037 2062 1101 2090 alibi
1111 2062 1181 2090 dicat
1198 2071 1203 2089 :
1219 2062 1289 2090 Deus
1303 2063 1477 2098 manifestalus
1492 2068 1527 2090 est
1538 2064 1563 2090 in
1577 2073 1652 2091 carne
1665 2066 1701 2101 (l.
1718 2066 1783 2093 Tim.
1798 2067 1824 2094 5.

1038 2107 1100 2144 ili);
1116 2116 1149 2136 ne
1163 2108 1268 2135 mireris
1285 2117 1291 2134 :
1306 2115 1366 2135 nam
1382 2108 1563 2136 manifestatio
1578 2117 1626 2143 per
1635 2117 1754 2144 carnem,
1773 2119 1825 2139 non

1037 2153 1182 2181 secundum
1193 2154 1337 2181 essentiam
1353 2153 1422 2181 facta
1435 2158 1487 2181 est.
1503 2154 1638 2188 Siquidem
1659 2156 1744 2190 ipsum
1761 2157 1826 2184 iuvi-

1037 2199 1140 2227 sibilcm
1157 2206 1228 2232 esse,
1241 2206 1294 2227 n0n
1309 2198 1388 2226 modo
1403 2199 1565 2231 hominibtts,
1582 2200 1627 2227 sed
1639 2200 1718 2228 etiam
1731 2209 1825 2237 supcr-

1037 2246 1078 2274 nis
1091 2245 1244 2278 virtutibus,
1257 2244 1375 2273 ostendit
1389 2244 1495 2272 Paulus.
1522 2245 1589 2273 Cum
1609 2246 1721 2275 dixisset
1741 2249 1824 2282 cnim,

1036 2292 1215 2327 Manifestatus
1226 2296 1261 2319 est
1274 2291 1300 2318 in
1310 2299 1393 2324 carne,
1408 2290 1535 2325 subdidit,
1549 2290 1623 2319 Visus
1637 2297 1672 2319 est
1684 2294 1789 2328 angelis.

1071 2338 1098 2366 2.
1116 2338 1205 2373 itaque
1219 2342 1282 2365 tunc
1298 2337 1399 2372 angelis
1423 2336 1495 2364 visus
1508 2340 1566 2371 est,
1580 2344 1640 2365 cum
1657 2345 1765 2367 carnem
1786 2339 1828 2367 in»

1036 2382 1111 2411 duit:
1127 2388 1204 2411 antea
1219 2387 1309 2411 autem
1324 2383 1409 2418 ipsum
1424 2391 1476 2410 non
1493 2384 1527 2410 ita
1542 2383 1677 2416 videbant,
1693 2385 1823 2421 siquidem

1036 2429 1183 2458 substantia
1196 2429 1260 2464 ipsis
1275 2429 1413 2457 invisibilis
1425 2433 1492 2456 erat.
1510 2428 1698 2464 thuomodo,
1711 2431 1821 2466 inquies,

1036 2475 1100 2503 dicit
1112 2475 1244 2507 Christus,
1261 2474 1302 2501 Ne
1323 2475 1486 2502 contenmatis
1505 2482 1581 2501 unum
1598 2483 1629 2501 ex
1649 2475 1688 2503 Itis
1702 2477 1800 2511 pus'llis
1818 2485 1826 2504 ι

1036 2522 1092 2549 dico
1105 2522 1171 2549 enim
1192 2521 1267 2553 vobis,
1291 2520 1358 2555 quod
1375 2520 1458 2555 angeli
1473 2527 1558 2546 eorum
1571 2528 1669 2555 semper
1686 2521 1768 2548 v.'dent
1782 2524 1824 2556 fa-

1035 2568 1098 2594 ciem
1114 2565 1198 2593 Patris
1214 2566 1261 2593 mei
1270 2587 1277 2599 ,
1289 2566 1331 2601 qui
1344 2566 1369 2592 in
1383 2565 1451 2593 uelis
1463 2570 1499 2592 est
1509 2564 1615 2600 (Matt/1.
1632 2565 1676 2593 18.
1689 2566 1746 2601 ill)?
1754 2566 1822 2600 Quid

1036 2613 1126 2641 enim?
1139 2621 1200 2640 num
1217 2612 1310 2639 faciem
1332 2611 1410 2639 habet
1429 2611 1508 2645 Deus,
1524 2615 1551 2638 et
1571 2611 1597 2638 in
1617 2611 1689 2639 cmlis
1710 2613 1824 2640 circum-

1035 2657 1181 2686 scribitur?
1197 2657 1294 2685 Vcrum
1317 2664 1396 2684 nemo
1421 2657 1458 2684 ita
1477 2656 1600 2688 insaniat,
1615 2661 1643 2685 ut
1665 2655 1722 2684 haec
1740 2657 1820 2685 dicat.

1034 2704 1102 2738 Quid
1123 2711 1187 2738 ergo
1207 2711 1276 2730 nttuc
1299 2702 1414 2730 dicitur?
1434 2702 1664 2736 Quemadmodum
1685 2710 1744 2730 cutn
1766 2705 1823 2731 ait:

1034 2749 1106 2777 Beati
1120 2749 1213 2776 mundo
1227 2748 1310 2780 corde,
1321 2747 1439 2782 quoniam
1448 2748 1497 2782 ipsi
1507 2747 1588 2774 Deum
1597 2747 1822 2783 videbunt(.ilattlt.

1035 2796 1060 2823 5.
1078 2796 1122 2830 8);
1136 2795 1168 2823 de
1190 2795 1232 2822 illa
1246 2802 1305 2829 qua:
1320 2793 1466 2822 secundum
1480 2798 1597 2821 mentem
1612 2799 1654 2822 est
1666 2795 1768 2822 visione
1785 2796 1822 2822 lo-

1037 2843 1134 2877 quitur,
1150 2841 1225 2869 nobis
1242 2839 1368 2875 pOSsihili,
1383 2843 1409 2867 ct
1421 2839 1454 2868 de
1468 2839 1626 2874 cogitatione
1642 2840 1723 2869 Deum
1740 2842 1822 2875 mng
