2040 3113
238 133 273 164 99
587 135 615 166 ε.
634 135 739 163 JOANN
743 134 771 163 IS
788 134 1024 167 CIIRYSOSTOMI

1082 135 1202 165 iCIIIEP.
1223 138 1487 170 CONSTANTINOI’.

239 192 349 220 ciente:
371 191 410 220 sic
430 197 457 220 et
476 191 509 219 de
530 191 631 226 angelis
650 190 792 218 dicendum
816 196 867 224 est,
891 191 962 226 ipsos
985 199 1033 226 per

240 246 333 275 puram
349 244 376 270 et
399 238 504 278 vigilem
526 242 647 270 naturam
672 244 746 264 suam
767 237 831 265 nihil
854 237 936 270 aliud,
953 245 1032 272 quam

241 283 335 317 Detutt,
352 291 451 318 setttpet
473 282 620 317 imagiuari.
633 282 695 310 Ideo
709 283 766 318 ipse
776 291 881 318 quoque
892 283 937 315 ait,
951 283 1033 310 Nemo

241 331 308 357 not-it
321 334 428 364 patrem,
443 329 490 365 nisi
503 328 586 356 Filius
599 328 707 363 (Matth.
724 329 766 356 Η.
780 328 837 364 9.7).
852 329 920 362 Quid
934 329 1032 364 igitur?

240 384 371 405 omnesne
384 375 410 402 in
432 375 582 410 ignorantia
595 376 706 403 sumus?
721 376 798 405 Absit
813 385 819 404 :
834 376 880 404 sed
897 383 976 403 uerno
994 376 1032 403 sic

239 421 322 454 novit,
338 426 365 448 ut
378 421 470 453 Filius.
486 421 521 450 Ut
532 421 611 459 igitur
622 421 697 449 multi
711 421 719 438 ι
734 429 780 456 pro
793 426 871 456 captu
882 429 931 448 suo
946 421 1031 456 ipsutn

241 466 374 497 viderunt,
389 467 564 496 substantiam
585 474 649 498 vero
671 474 750 497 nemo
766 466 848 499 vidit;
867 466 906 495 sic
920 471 946 497 et
962 473 1033 493 nunc

239 519 333 539 onmes
352 512 436 539 Deutn
463 513 596 546 novimus,
621 512 797 543 substantiam
821 519 884 540 vero
898 511 955 546 ejus
973 519 1033 547 quae

238 559 273 589 sit
285 566 364 589 nemo
376 559 461 590 novit,
478 559 528 586 nisi
551 560 573 586 is
588 558 633 594 qtti
657 566 690 589 ex
710 559 768 593 ipso
783 561 859 589 natus
872 563 922 586 est.
937 557 1033 592 Cogni-

239 604 338 635 tionetn
354 603 426 632 enim
448 603 491 631 hic
513 603 578 635 dicit
596 607 697 634 certam
717 603 846 634 visionem
862 607 888 631 et
909 610 1032 636 compre-

240 649 408 683 hensionem,
433 649 565 685 talemque
584 648 687 684 qualem
707 648 786 680 Pater
804 648 838 676 de
858 648 926 675 Filio
943 647 1031 674 habet.

240 696 313 723 Sicut
324 697 391 725 enim
405 696 531 731 cognoscit
546 703 584 722 me
597 695 686 730 Pater,
701 695 795 731 inquit,
816 700 838 722 et
851 703 896 730 rgo
911 701 1032 730 cognosco

241 741 344 774 Patrem
358 740 445 777 (Ionii.
459 741 501 768 10.
515 740 570 777 15).

276 787 392 819 Christus
405 788 472 823 quod
483 787 509 814 in
518 787 575 814 sinu
586 787 673 814 Patris
686 787 728 820 sit,
739 791 857 815 accurate
873 786 975 814 Patrem
987 794 1033 814 no-

240 835 285 865 vit.
299 849 333 853 —
346 834 513 869 QuaprOpter
534 833 594 861 vide
613 841 673 861 eum
692 838 790 870 quanta
811 835 953 862 securitate
967 835 976 849 ¹
994 835 1032 861 ιο-

240 884 337 914 quatur
358 879 529 915 evangelista.
551 878 617 907 Cum
637 879 748 907 dixisset
761 880 844 913 enim,
866 879 948 906 Deum
961 887 1032 906 nemo

243 926 302 952 vidit
317 934 443 960 umquam,
462 933 514 952 non
529 925 639 959 addidit,
655 925 738 954 Filius
750 925 794 960 qui
809 925 882 957 vidit,
897 925 1031 958 narravit;

240 971 289 1003 sed
305 971 404 1006 aliquid
419 971 489 998 aliud
500 971 624 1008 amplius,
640 979 719 1007 quam
739 971 840 1004 videre,
855 970 953 1006 posuit,
972 978 1033 998 cum

241 1017 317 1050 dixit,
333 1017 382 1054 Qui
395 1022 417 1044 ct
431 1018 456 1044 in
471 1017 529 1045 sinu
542 1016 626 1044 Patris
639 1017 740 1044 :multo
750 1017 822 1045 ettim
831 1017 944 1055 amplius
954 1024 1032 1052 quatn

242 1063 340 1095 videre,
355 1067 396 1090 est
408 1070 466 1090 esse
482 1063 507 1090 itt
523 1063 582 1090 sittu
604 1063 699 1090 Patris.
715 1063 779 1090 Natu
794 1063 838 1098 qui
852 1064 937 1090 solum
951 1062 1032 1096 videt,

241 1117 298 1137 non
308 1114 458 1137 accuratam
473 1109 582 1142 omnino
597 1109 636 1141 rei
649 1109 710 1137 ι’ἱδιιι
731 1109 908 1144 cognitionem
931 1108 1011 1140 habet
1025 1117 1031 1135 :

241 1154 286 1196 qui
301 1161 389 1187 autem
402 1154 427 1182 itt
442 1154 501 1182 sinu
515 1160 649 1188 versatur,
662 1154 727 1187 nihil
742 1154 902 1189 ignoraverit
923 1154 961 1181 Ne
969 1161 1033 1191 ergo

241 1201 366 1235 audiens,
387 1199 469 1228 Nemo
486 1202 553 1228 novit
570 1200 690 1233 Putrem,
711 1201 759 1231 nisi
782 1199 874 1234 Filius,
898 1200 982 1235 dicas,
1006 1199 1032 1227 Si

241 1246 355 1281 amplius
369 1254 452 1282 quam
465 1246 510 1274 alii
526 1246 615 1279 novit,
635 1252 663 1273 at
681 1253 734 1273 non
750 1246 823 1277 novit
844 1251 959 1281 quantus
980 1246 1031 1278 sit;

243 1293 303 1322 ideo
323 1292 484 1327 evangelista
504 1292 568 1321 dicit
584 1292 670 1327 ipsum
691 1292 716 1322 in
732 1292 790 1319 sinu
807 1291 892 1320 Patris
914 1292 1032 1324 versari;

243 1340 353 1376 ipseque
365 1338 486 1366 Christus
502 1346 531 1366 se
546 1343 647 1366 tantutn
664 1338 736 1369 illum
754 1345 833 1369 nosse
854 1337 928 1370 dicit,
947 1345 1032 1372 quan-

243 1391 298 1416 tum
320 1385 399 1414 Pater
424 1385 530 1416 Filium.
555 1384 785 1416 Contradiceutem
803 1393 866 1419 ergo
879 1385 1032 1419 interroga:

241 1432 415 1468 cognoscituc
430 1431 508 1463 Pater
523 1431 639 1462 Filium?
652 1430 845 1465 Respondebit,
861 1429 960 1464 Etiam,
982 1429 1032 1457 nisi

242 1478 367 1511 insaniat.
384 1477 484 1511 Deinde
499 1477 663 1512 interrogare
685 1484 824 1512 pergamus
838 1486 844 1504 :
867 1477 1032 1506 Accuratane

243 1524 346 1554 visione
358 1528 384 1551 et
395 1523 547 1558 cognitione
561 1523 645 1557 ipsum
655 1523 725 1550 novit
735 1527 761 1550 et
771 1522 852 1555 videt,
864 1530 895 1550 ac
904 1523 1032 1557 quidnam

241 1571 276 1598 sit
290 1570 366 1605 plane
385 1568 541 1604 cognoscit?
557 1568 621 1595 Illud
641 1568 722 1595 etiam
742 1567 877 1596 fatebitur.
895 1567 960 1595 Iline
973 1567 1031 1595 col-

244 1616 295 1653 lige
309 1619 460 1644 accuratam
473 1613 532 1641 Filii
545 1613 579 1641 de
595 1614 671 1641 Patre
681 1613 871 1648 ei-guitionem.
886 1612 944 1649 Ipse
955 1621 1031 1642 natu-

241 1670 293 1697 que
306 1662 384 1694 dixit,
400 1661 473 1688 Sicut
487 1661 555 1688 novit
575 1668 615 1687 me
639 1659 733 1693 Pater,
748 1660 784 1686 ita
801 1665 824 1687 et
844 1667 888 1695 ego
908 1667 1031 1694 cognosco

241 1707 345 1739 Putrem
355 1715 365 1740 ί
377 1711 404 1735 et
416 1706 489 1738 alibi,
503 1705 585 1739 Deum
598 1714 669 1733 ιιειιιιο
681 1705 753 1738 vidit,
767 1706 814 1733 nisi
827 1706 869 1740 qui
882 1710 918 1733 est
931 1713 962 1732 ea:
976 1705 1031 1733 Deo

241 1752 387 1786 (JoatnIO.
404 1752 482 1781 15.et
505 1752 531 1780 6.
555 1751 611 1786 46).
637 1751 708 1783 Ideo,
730 1755 757 1780 ιιι
778 1751 845 1783 dixi,
871 1751 1031 1785 evangelista

239 1799 326 1828 sinum
340 1801 543 1831 commentotat,
558 1797 646 1824 omnia
664 1797 713 1824 ltoe
728 1805 780 1824 uno
804 1796 884 1827 verbo
899 1797 974 1829 nobis
985 1797 1032 1827 de-

238 1846 358 1879 clarans,
370 1844 440 1880 quod
457 1844 540 1871 multa
563 1843 599 1871 sit
619 1843 773 1870 substantia:
793 1843 915 1878 Cognatio
929 1848 956 1871 et
969 1843 1030 1874 uni-

240 1895 297 1923 tas;
318 1889 390 1925 quod
415 1889 526 1922 omnino
547 1896 594 1923 par
615 1889 650 1915 sit
668 1888 793 1923 utrinque
816 1888 943 1923 cognitio,
958 1888 1029 1923 quod

239 1944 286 1971 par
300 1940 425 1971 potestas.
448 1934 504 1963 Non
526 1934 597 1963 enim
618 1934 733 1968 aliquem
751 1933 860 1965 alterius
874 1933 1029 1961 substantiae

238 1983 317 2010 Pater
332 1982 357 2008 in
373 1981 434 2008 sinu
446 1976 570 2010 habuerit
584 1988 591 2006 :
605 1987 691 2014 neque
705 1979 749 2006 ille
762 1979 882 2012 auderet,
899 1979 920 2006 si
935 1987 1029 2006 servus

236 2032 264 2054 et
276 2034 308 2059 ex
328 2027 442 2059 aliorum
463 2033 573 2057 numero
588 2030 670 2058 esset,
685 2025 709 2052 itt
724 2025 782 2051 sinu
798 2024 883 2055 Patris
903 2025 1002 2052 versari
1020 2034 1026 2052 :

237 2074 288 2102 Itoc
302 2073 373 2103 enim
387 2073 442 2103 veri
458 2072 502 2101 lilii
516 2077 617 2105 tantum
629 2077 680 2105 est,
700 2071 745 2106 qui
762 2071 843 2103 multa
859 2071 951 2098 liducia
967 2079 1027 2101 cum

236 2126 311 2156 patre
321 2124 422 2152 utatur,
444 2119 563 2154 nihilque
582 2119 671 2146 minus
695 2126 774 2152 quant
795 2117 839 2148 ille
859 2117 963 2144 habeat.
983 2117 1027 2144 Vis

234 2167 411 2195 aeternitatem
428 2166 486 2201 ejus
500 2165 622 2192 discere?
635 2164 702 2192 Audi
719 2172 777 2199 qua:
789 2163 860 2191 dicat
879 2163 982 2198 Moyses
993 2163 1027 2196 de

235 2214 322 2242 Patre.
350 2212 416 2240 Cum
440 2212 512 2239 enitn
533 2211 728 2245 interrogaret,
752 2209 826 2244 quid,
846 2209 1027 2244 qutrrentibus

233 2259 375 2294 Aﬂgyptiis,
386 2258 444 2293 quis
456 2258 541 2292 ipsunt
554 2256 680 2288 misisset,
690 2262 866 2289 responsurus
877 2254 933 2289 ipse
943 2259 1023 2287 esset,

231 2305 323 2339 jussus
345 2307 386 2331 est
408 2302 509 2334 dicere,
534 2301 585 2333 Qui
605 2305 651 2334 est,
675 2301 740 2327 misit
756 2308 794 2327 me
808 2300 906 2335 (Exod.
922 2300 948 2327 5.
966 2299 1024 2334 14).

233 2349 298 2377 Illud
313 2353 412 2381 autem,
430 2348 479 2382 Qui
495 2353 542 2381 est,
563 2348 648 2382 ipsum
671 2354 776 2382 Semper
797 2354 856 2374 esse
880 2347 1023 2382 signiﬁcat,

231 2401 311 2431 atque
324 2395 405 2423 etiam
420 2394 479 2422 sine
494 2393 634 2428 principio,
646 2401 709 2421 vere
724 2398 750 2420 et
767 2393 873 2429 proprie
885 2401 955 2422 esse.
968 2394 1024 2423 Iioe

231 2442 364 2477 sigttilicat
385 2440 465 2468 etiam
489 2439 573 2473 illud,
595 2439 627 2466 In
650 2439 774 2474 principia
798 2444 862 2471 erat,
885 2440 1024 2476 ipsumque

232 2495 339 2522 Semper
351 2494 411 2515 esse
435 2486 542 2514 indicat.
566 2486 622 2513 lloc
646 2486 724 2520 igitur
745 2486 816 2513 dicto
835 2486 878 2519 hic
901 2495 963 2514 usus
982 2491 1024 2515 est

231 2535 358 2566 Joannes,
373 2533 517 2561 ostendens
528 2533 624 2561 Filium
638 2532 696 2559 sine
706 2532 835 2567 principio
845 2533 912 2563 etab
922 2537 1022 2564 :nlcruo

231 2581 257 2609 in
272 2581 330 2608 sinu
349 2580 433 2607 Patris
445 2586 514 2606 esse.
529 2578 567 2606 Ne
581 2579 668 2613 itaque
683 2579 717 2604 ob
731 2578 845 2606 nominis
858 2579 1021 2606 consortium

231 2633 338 2662 putares
354 2626 427 2653 illuttt
439 2633 470 2652 ex
489 2632 580 2653 ctu-um
598 2632 708 2653 numero
720 2631 778 2651 esse
792 2625 836 2659 qui
849 2632 897 2659 per
908 2625 1020 2659 gratiam

231 2674 276 2700 tilii
291 2677 362 2705 sunt,
385 2671 462 2699 adest
481 2671 608 2698 articulus
627 2671 671 2706 qui
691 2671 835 2705 distinguat
854 2671 926 2697 illum
942 2670 974 2698 ab
989 2671 1021 2698 iis

230 2720 275 2754 qui
291 2727 338 2754 per
352 2718 463 2753 gratiam
482 2722 546 2745 sunt
568 2717 625 2744 lilii.
644 2716 718 2750 Quod
739 2717 760 2744 si
782 2717 831 2744 Ituc
851 2717 896 2744 tibi
918 2724 970 2744 non
986 2717 1020 2744 sit

261 2798 268 2814 ¹
288 2796 370 2829 ιιοτυι.
388 2796 462 2821 habet
477 2815 484 2826 ,
496 2795 627 2829 prop/tear,
646 2802 697 2826 iro,
711 2794 787 2829 ιιι-ιω.

262 2830 272 2845 ι
289 2828 356 2853 Idetu
374 2828 442 2858 lugu,
453 2826 614 2856 (tt‘ClO‘ulIOItt’,
629 2834 680 2857 pte,
693 2826 826 2854 seruritute.

1827 146 1879 173 100

1087 193 1161 227 satis,
1178 199 1206 221 et
1224 195 1246 221 si
1260 195 1347 224 adhuc
1361 204 1454 226 versus
1468 202 1564 229 terram
1580 205 1679 234 pronus
1695 199 1805 233 tncedi<,
1822 210 1876 229 uts-

1086 237 1125 272 εἰς
1139 240 1275 274 proprium
1291 241 1352 268 audi
1369 250 1477 276 nomen,
1494 242 1653 278 Unigcnitus.
1668 243 1714 272 Sin
1729 245 1814 272 adhuc
1829 246 1877 273 hn-

1087 292 1159 311 mttm
1174 287 1293 320 respicis,
1311 295 1363 315 tton
1385 288 1511 316 dubitabo
1532 290 1675 317 ltumanmn
1697 290 1730 318 de
1746 291 1799 318 Deo
1819 301 1877 326 pro-

1087 330 1157 359 I'erre
1174 333 1294 366 verbum,
1318 342 1414 370 nempe
1434 335 1539 369 sinum;
1563 340 1664 363 tantum
1687 345 1719 364 ne
1741 339 1876 372 quidpiam

1086 375 1185 406 humile
1197 379 1351 413 suspiceris.
1366 380 1486 410 Vidistiu‘
1496 381 1687 416 benignitatem
1699 388 1725 409 et
1737 384 1876 418 providen—

1086 424 1148 450 tiam
1163 424 1287 452 Domini?
1301 425 1424 462 lndiguas
1435 426 1485 454 sibi
1499 434 1577 454 voces
1591 427 1718 458 adscribit
1732 429 1739 444 ¹
1755 429 1834 462 Deus,
1849 435 1876 456 ut

1085 469 1127 497 vel
1142 470 1180 498 sic
1194 471 1294 503 videas,
1310 479 1342 499 ac
1366 480 1490 507 magnum
1510 473 1572 508 quid
1591 477 1617 500 et
1631 473 1743 503 sublime
1757 475 1876 509 cogites;

1085 520 1112 544 ct
1126 522 1154 544 tu
1175 517 1246 544 Ittttni
1263 518 1355 553 repis?
1377 518 1423 546 Dic
1437 520 1509 548 enim
1524 520 1586 550 Inibi
1600 528 1648 548 cur
1661 520 1736 547 sinus
1759 521 1801 548 ltic
1820 530 1875 549 tne-

1085 569 1215 597 moratur,
1231 565 1303 600 qttod
1317 573 1436 592 crassum
1452 571 1478 594 et
1491 566 1598 595 carnale
1612 574 1709 594 nomen
1725 567 1784 594 est?
1798 575 1832 594 an
1849 572 1877 595 ut

1085 610 1168 638 Deum
1182 617 1241 638 esse
1261 618 1358 646 corpus
1379 612 1566 646 suspicemur?
1579 613 1664 646 Absit,
1689 613 1801 648 inquies.
1822 614 1876 642 Cur

1084 657 1167 691 ergo?
1180 657 1246 684 Nam
1267 658 1289 684 si
1305 665 1351 693 per
1371 658 1422 686 hoc
1437 659 1545 686 verbum
1562 667 1610 686 nec
1625 667 1704 687 verus
1718 660 1802 688 Filius
1816 667 1876 688 esse

1085 703 1225 736 probatur,
1254 711 1304 731 nec
1334 704 1419 732 Deum
1443 705 1630 740 incorporeum
1655 713 1715 733 esse
1739 708 1874 739 statuitur,

1085 747 1181 776 frustra
1191 749 1306 783 iactatur
1319 749 1369 778 hoc
1381 750 1481 778 dictum
1493 751 1590 778 nullius
1606 759 1678 779 usus.
1693 751 1747 781 Cazr
1759 760 1824 787 ergo
1836 753 1875 780 di-

1084 799 1155 821 ctutn
1169 795 1231 822 est?
1255 803 1342 830 neqtte
1363 796 1434 824 enim
1453 797 1487 824 ab
1507 796 1558 825 hac
1576 797 1724 832 quarstione
1737 798 1874 826 desistant.

1085 841 1179 867 Annon
1197 841 1281 876 palam
1304 847 1345 870 est
1366 843 1426 871 ideo
1451 843 1582 878 prolatutn
1603 851 1672 876 esse,
1689 849 1717 871 ut
1732 853 1784 872 non
1804 845 1875 874 aliud

1084 893 1117 913 ex
1134 886 1179 914 illo
1195 887 1382 923 percipiamus,
1403 897 1481 924 qttam
1496 889 1566 924 quod
1590 889 1635 917 ille
1649 889 1684 917 sit
1699 898 1761 918 vere
1775 890 1874 926 Unige-

1085 931 1166 966 nilus,
1182 933 1252 968 quod
1273 939 1422 962 comternus
1437 935 1530 962 Patri?
1549 936 1600 963 Ille
1620 938 1756 970 enarravit,
1778 938 1874 972 inquit.

1085 979 1152 1012 Quid
1167 981 1317 1008 enarravit?
1330 981 1411 1008 Deum
1431 990 1503 1009 nemo
1517 982 1577 1009 vidit
1596 983 1724 1018 umquam
1746 984 1821 1012 Unus
1835 990 1875 1013 est

1085 1025 1164 1054 Deus.
1179 1025 1231 1053 Sed
1252 1026 1303 1054 hoc
1325 1032 1351 1054 et
1375 1028 1469 1063 reliqui
1491 1028 1638 1063 prophelru,
1658 1033 1684 1056 et
1706 1029 1810 1065 Moyses
1825 1031 1874 1059 [ιο-

1084 1070 1261 1105 quentissitne
1275 1072 1373 1105 clamat
1389 1082 1396 1100 :
1419 1072 1545 1101 Dominus
1561 1073 1630 1101 Deus
1650 1080 1707 1102 tuus
1719 1096 1727 1108 ,
1751 1076 1875 1104 Dominus

1087 1124 1152 1143 unus
1165 1122 1200 1144 cst
1214 1117 1304 1150 (Deut.
1320 1119 1346 1146 ϐ.
1359 1118 1404 1154 ιι);
1425 1124 1451 1146 ct
1466 1119 1557 1153 Isaias,
1581 1119 1643 1147 Ante
1664 1129 1703 1148 me
1721 1129 1770 1148 non
1784 1126 1819 1148 cst
1833 1123 1874 1157 [a-

1085 1167 1139 1188 ctus
1151 1163 1217 1193 alius
1233 1163 1310 1196 Deus,
1327 1169 1349 1190 ct
1362 1170 1417 1199 post
1433 1174 1471 1193 me
1484 1174 1533 1193 uon
1549 1171 1584 1193 est
1596 1166 1672 1201 (limi.
1686 1167 1730 1194 45.
1747 1167 1801 1202 I0).

1121 1209 1148 1235 ὅ.
1165 1209 1238 1241 Οιιιυ,
1253 1210 1380 1243 quomodo
1394 1216 1417 1237 et
1429 1219 1490 1245 quos
1503 1212 1615 1241 docuerit
1630 1212 1712 1240 Filius
1729 1213 1784 1240 Dei.
1800 1213 1875 1241 Cari-

1088 1259 1126 1282 tas
1148 1256 1349 1284 commendatur.
1367 1256 1506 1287 Christiani
1519 1267 1597 1288 unum
1612 1267 1705 1294 corpus
1723 1265 1791 1294 sunt,
1808 1262 1874 1296 quod

1085 1306 1123 1327 est
1140 1301 1277 1332 maxiumm
1298 1302 1415 1331 amicitia:
1434 1303 1571 1333 vinculum.
1585 1319 1619 1325 —
1632 1305 1699 1338 Quid
1715 1314 1779 1340 ergo
1803 1307 1874 1334 aliud

1084 1353 1099 1373 a
1112 1346 1180 1373 Filio
1194 1347 1344 1379 didicimus,
1362 1354 1452 1383 utpote
1466 1350 1513 1384 qui
1526 1351 1560 1377 sit
1573 1350 1599 1378 itt
1612 1351 1672 1380 sinu
1687 1352 1772 1379 Patris
1785 1353 1796 1379 ?
1810 1354 1873 1388 qttid

1084 1392 1118 1419 ab
1142 1392 1282 1428 Uuigcuito
1296 1393 1307 1420 ?
1328 1393 1417 1426 Primo
1430 1395 1500 1429 quod
1520 1395 1577 1426 haec
1590 1397 1643 1424 siut
1662 1405 1693 1424 ex
1708 1398 1766 1432 ejus
1779 1407 1875 1433 opera-

1085 1437 1159 1466 tione
1171 1447 1177 1466 :
1190 1437 1297 1471 deinde,
1314 1440 1455 1479 nos\longe
1472 1440 1614 1473 clariorem
1626 1443 1761 1477 aecepisse
1774 1443 1875 1471 doctri-

1084 1491 1157 1517 nam,
1174 1488 1201 1512 et
1212 1492 1373 1520 cognoscere
1394 1487 1463 1521 quod
1479 1487 1595 1522 Spiritus
1609 1488 1644 1515 sit
1658 1489 1743 1521 Deus,
1757 1495 1785 1518 et
1804 1492 1875 1526 quod

1084 1530 1128 1565 qui
1145 1530 1254 1558 adorant
1270 1539 1344 1564 eum,
1361 1533 1385 1559 itt
1402 1533 1498 1566 spiritu
1520 1537 1547 1560 et
1568 1534 1679 1564 veritate
1692 1535 1807 1564 adorare
1827 1537 1875 1564 de-

1084 1577 1165 1604 beant
1188 1585 1195 1604 :
1220 1578 1381 1613 insuperque
1402 1578 1467 1606 illud
1496 1579 1601 1614 ipSum,
1629 1581 1794 1615 impossibile
1817 1590 1876 1611 esse

1083 1622 1166 1649 Deum
1191 1623 1300 1654 videre,
1321 1628 1348 1651 et
1371 1625 1502 1652 nemiuem
1526 1626 1610 1660 ipsum
1630 1636 1803 1663 cognoscere,
1826 1629 1875 1656 nisi

1084 1668 1179 1695 Filium
1195 1668 1292 1704 (Joun.
1309 1670 1336 1697 4.
1349 1671 1404 1705 25)
1420 1679 1426 1697 :
1443 1673 1551 1706 etquod
1567 1673 1600 1700 sit
1618 1673 1697 1702 Pater
1710 1674 1765 1701 veri
1779 1674 1875 1708 Unige-

1084 1714 1131 1741 ttiti
1149 1723 1156 1746 ;
1170 1720 1196 1742 et
1216 1723 1391 1752 qua‘cumque
1407 1718 1459 1745 alia
1475 1718 1508 1746 de
1523 1719 1567 1746 illo
1582 1725 1704 1748 enarrata
1720 1725 1793 1749 sunt.
1808 1721 1874 1749 Illud

1083 1765 1190 1793 autem,
1218 1761 1369 1796 Euarravit,
1395 1764 1536 1791 clariorem
1559 1770 1586 1793 et
1608 1767 1768 1800 apertiorem
1799 1767 1875 1794 eﬂ‘ert

1083 1806 1229 1835 doctrinam
1244 1828 1251 1841 ,
1267 1817 1346 1844 quatn
1367 1818 1420 1837 non
1435 1810 1533 1838 .ludmis
1549 1811 1628 1838 modo
1641 1833 1648 1845 ,
1666 1812 1713 1840 sed
1728 1813 1810 1840 etiant
1826 1814 1874 1841 toti

1082 1854 1139 1880 orbi
1163 1854 1270 1883 tradidit
1288 1859 1315 1882 et
1330 1857 1482 1891 complevit.
1501 1857 1642 1892 Propltetis
1656 1863 1728 1886 certe
1742 1867 1774 1887 tte
1789 1859 1874 1887 Judzui

1082 1899 1191 1933 quidem
1212 1908 1305 1928 omnes
1326 1902 1515 1935 attendebant;
1540 1903 1683 1938 Unigenito
1714 1909 1805 1932 autem
1828 1905 1873 1933 Dei

1083 1949 1153 1972 totus
1174 1945 1248 1973 orbis
1272 1947 1352 1977 cessit
1370 1951 1398 1974 et
1412 1948 1535 1975 credidit.
1557 1948 1698 1976 Euarratio
1720 1950 1811 1985 itaque
1831 1950 1874 1978 hic

1081 1990 1208 2018 doctrina:
1230 1991 1389 2020 evidentiam
1407 1993 1536 2028 significat
1555 2003 1562 2021 :
1586 1995 1699 2029 ideoque
1714 2000 1741 2024 et
1756 1996 1872 2024 Verbum

1080 2036 1187 2070 dicitur,
1203 2043 1229 2064 et
1244 2039 1331 2073 magni
1347 2040 1451 2067 consilii
1466 2041 1591 2074 Angelus.
1604 2041 1733 2075 Quoniam
1750 2043 1831 2077 igitur
1846 2047 1873 2070 et

1080 2082 1182 2115 majore
1196 2088 1222 2110 et
1242 2085 1401 2118 perfectiora
1425 2085 1544 2116 doctrina
1567 2087 1666 2122 dignati
1690 2095 1794 2121 sumus,
1817 2088 1872 2116 Deo

1080 2135 1132 2157 non
1156 2129 1224 2155 ultra
1251 2138 1297 2164 per
1312 2130 1474 2165 prophetas,
1495 2131 1542 2161 sed
1561 2139 1608 2166 per
1622 2134 1757 2168 propritttn
1773 2133 1869 2161 Filium

1080 2174 1155 2201 nobis
1170 2176 1300 2205 cxlrctnis
1314 2176 1387 2204 hisce
1407 2177 1501 2204 diebus
1515 2178 1639 2213 loquente
1650 2199 1658 2211 ,
1680 2179 1741 2208 vita:
1762 2180 1870 2209 institu-

1079 2225 1133 2247 ttttn
1148 2221 1226 2256 longe
1239 2221 1345 2255 melius,
1367 2227 1394 2250 et
1415 2227 1487 2251 tanto
1502 2224 1604 2255 honore
1617 2225 1724 2261 dignum
1739 2227 1870 2254 exhibea-

1078 2274 1148 2305 mus.
1165 2267 1314 2297 Absurdutu
1329 2269 1402 2296 enim
1413 2275 1495 2303 esset,
1510 2271 1531 2297 si
1549 2278 1610 2298 cum
1622 2271 1678 2305 ipse
1691 2277 1792 2299 tantum
1820 2273 1870 2300 de-

1077 2303 1222 2346 scenderit,
1237 2318 1331 2341 utnon
1346 2315 1414 2344 ultra
1437 2323 1484 2349 per
1503 2323 1597 2346 servos
1619 2303 1682 2344 suos
1702 2325 1750 2344 nos
1763 2318 1863 2352 alloqui

1077 2359 1160 2391 velit,
1176 2359 1223 2386 sed
1240 2367 1286 2393 per
1305 2359 1422 2394 seipsutu
1437 2369 1443 2387 :
1457 2368 1505 2388 nos
1521 2361 1586 2392 nihil
1605 2362 1720 2396 amplius
1735 2370 1814 2397 quam
1829 2364 1868 2392 illi

1077 2405 1180 2440 priores
1191 2405 1389 2433 exhiberemus.
1405 2407 1444 2434 Illi
1457 2407 1586 2442 Moysem,
1602 2416 1649 2435 nos
1665 2408 1763 2444 Moysis
1779 2410 1869 2437 Domi-

1076 2460 1138 2478 nuttt
1160 2452 1296 2480 doctorem
1312 2453 1450 2483 habemus.
1469 2453 1546 2481 Tanti
1558 2461 1621 2488 ergo
1635 2454 1744 2482 honoris
1759 2456 1868 2491 dignam

1076 2498 1272 2532 pltilosoliltiatn
1293 2499 1479 2533 proferamus,
1504 2499 1623 2534 nihilque
1645 2500 1791 2528 habeamus
1806 2511 1868 2530 eum

1076 2549 1144 2573 terra
1159 2551 1310 2574 commune.
1332 2543 1393 2572 Ideo
1409 2552 1524 2580 namque
1538 2545 1580 2572 ille
1591 2545 1624 2573 de
1639 2546 1712 2574 cadis
1730 2547 1806 2574 nobis
1819 2547 1868 2575 do-

1074 2592 1186 2618 ctrinam
1194 2591 1291 2622 attulit,
1300 2594 1329 2618 ut
1336 2599 1367 2618 eo
1373 2591 1560 2625 cogitationem
1570 2597 1686 2619 nostram
1698 2593 1867 2627 transferret,

1073 2642 1100 2664 et
1113 2645 1161 2672 pro
1174 2637 1241 2664 virili
1256 2641 1345 2663 nostra
1366 2637 1512 2664 imitatores
1526 2637 1646 2665 Doctoris
1667 2640 1750 2666 nostri
1770 2640 1865 2667 simus.

1075 2686 1107 2711 Iit
1120 2684 1253 2718 quotnodo
1278 2691 1438 2718 possumus,
1457 2684 1575 2718 inquies,
1597 2685 1745 2713 imitatores
1765 2686 1866 2714 Christi

1074 2739 1133 2758 esse
1148 2731 1159 2757 ἲ
1175 2731 1202 2758 Si
1231 2731 1319 2758 omnia
1343 2730 1376 2758 ad
1398 2738 1567 2759 communem
1584 2731 1723 2760 utilitatem
1738 2733 1866 2761 iaciamus

1075 2786 1123 2805 nec
1143 2785 1201 2812 qua:
1222 2782 1311 2804 nostra
1336 2782 1397 2804 sunt
1422 2785 1582 2812 quaeramus.
1614 2777 1683 2805 Nam
1707 2783 1730 2805 et
1749 2778 1865 2807 Christus

1108 2836 1115 2850 ι
1134 2833 1179 2859 Alii
1193 2836 1218 2859 et
1229 2833 1320 2866 Morel,
1329 2833 1467 2860 adscribere
1476 2833 1542 2859 solet.
