2040 3113
154 170 196 198 ιοι
675 165 706 194 2x
725 166 878 195 JOANNE)!
899 167 1009 195 nomn.
1031 167 1098 195 xw.
1120 170 1155 197 al.
1186 169 1240 198 xv.

154 234 199 252 non
211 224 258 252 sibi
273 224 320 259 ipsi
331 223 435 258 placuit,
450 222 494 250 sed
512 223 574 249 sicut
591 222 711 257 scriptum
733 227 778 249 ρει.
795 222 938 256 Opprobria

153 270 351 304 exprobrantium
371 269 414 295 libi
435 267 574 296 ceciderunt
587 275 663 302 super
684 276 723 295 me
736 267 745 304 (
760 267 834 295 Rom.
851 267 894 294 15.
905 268 933 296 5.

155 316 221 343 l'snl.
231 315 335 350 68.10).
346 315 426 342 Nemo
438 315 514 350 igitur
524 314 590 348 quod
597 322 669 341 suum
678 319 713 341 est
721 320 816 347 quierat
825 314 862 348 (l.
874 313 934 343 Cor.

154 364 193 391 10.
204 362 322 397 Ἠλεῖε
334 361 405 389 enim
418 361 476 396 quis
488 361 557 396 quod
571 368 647 387 suum
660 365 701 387 cst
712 360 816 395 qumrit,
831 361 852 387 si
865 360 934 395 quod

154 409 300 445 proximum
319 412 439 442 spectat,
449 407 581 441 respiciant.
594 406 660 434 Nam
674 414 732 441 qum
742 406 853 441 proximi
863 410 935 441 sunt,

154 459 240 492 nostra
258 458 328 481 sunt.
340 452 437 487 Corpus
450 461 527 479 unum
541 460 638 484 sumtu,
659 452 723 478 aller
739 452 843 479 alterius
856 459 935 478 mem-

154 500 195 526 bra
216 504 240 526 et
263 503 345 531 partes
367 499 376 533 (
390 497 462 524 Rom.
480 498 522 524 12.
537 497 580 533 5).
596 497 634 524 Ne
656 497 733 531 igitur
748 497 782 523 ita
798 497 881 524 affecti
897 497 936 524 si-

154 552 209 572 mus
232 551 265 571 ac
284 544 306 570 si
325 543 453 578 segregati
474 549 616 569 essemus:
632 550 665 569 ne
684 542 743 576 quis
761 541 866 574 dixerit,
890 542 936 569 lllc

154 590 215 618 mihi
228 589 330 617 amicus
343 597 396 616 non
408 593 457 620 est,
476 596 528 615 non
539 593 678 623 cognatus,
695 595 749 615 non
765 587 876 619 vicinus,
891 595 938 615 ne-

154 643 202 670 que
216 634 278 668 quid
289 641 430 661 commune
442 641 502 660 cum
519 634 565 660 illo
581 633 667 661 habeo
683 642 690 659 :
711 633 842 668 quomodo
861 641 936 661 acce-

154 681 237 708 dam?
257 680 320 715 quid
349 680 454 707 dicam?
477 680 587 707 Etiamsi
615 679 686 707 enim
717 687 769 706 non
796 685 934 714 cognatus,

154 725 255 755 etiamsi
268 733 320 753 non
334 725 434 753 amicus
448 725 491 757 sit.
505 729 532 752 at
545 727 624 752 homo
636 729 677 752 est
687 724 805 760 ejusdem
824 729 934 758 natum,

157 772 278 799 eumdem
287 771 386 798 habens
398 771 547 804 Dominum,
557 777 711 800 conservus.
722 769 915 797 contubernalis
927 778 934 797 :

155 818 180 845 in
207 818 299 846 eodem
313 818 410 852 quippe
435 817 533 844 mundo
553 821 604 844 est.
627 816 701 849 Quod
724 816 746 843 si
761 815 879 843 eamdem
904 815 935 842 ti-

155 863 213 890 dem
240 863 351 894 habeat,
372 870 433 890 erce
453 862 600 889 membrum
615 866 656 888 cst
671 866 752 888 tuum.
767 862 830 895 Qua:
843 861 933 888 antici-

159 908 191 934 tia
216 911 315 934 tantam
337 907 550 942 conjunctionetn
571 906 677 934 efﬁcere
698 911 793 941 potest,
812 912 936 941 quantam

163 953 219 982 ﬁdei
230 953 351 988 cognatio
364 954 376 981 ἲ
389 954 480 988 Neque
491 954 562 981 enim
577 959 647 981 tanta
660 954 745 981 solum
758 954 936 988 propinquitas

156 999 223 1026 inter
235 1007 284 1027 nos
304 999 462 1032 exhibenda,
477 1004 574 1034 quanta
593 1004 634 1026 est
654 999 731 1026 amici
751 999 784 1027 ad
798 999 911 1026 amicum
927 1008 935 1031 ;

156 1044 201 1072 Sed
215 1049 309 1080 quanta
323 1045 434 1073 membri
448 1045 480 1072 ad
495 1045 714 1073 metubrumJloc
728 1045 824 1080 qttippo
839 1046 935 1072 amici-

157 1091 198 1117 tia:
210 1096 237 1118 et
250 1091 450 1119 neceSSitudinis
461 1091 469 1107 ¹
485 1098 582 1126 genere
593 1091 692 1118 nullum
707 1091 791 1125 majus
807 1091 934 1125 reperias.

155 1135 379 1168 Quemadmodum
400 1144 449 1163 nec
470 1136 558 1165 dicere
577 1137 671 1171 possis,
687 1136 763 1164 Unde
779 1137 843 1164 mihi
860 1136 935 1163 fami-

155 1180 255 1208 liaritas
275 1185 301 1208 et
315 1180 482 1208 necessitudo
495 1188 554 1208 cum
578 1181 645 1213 illo;
670 1180 694 1208 id
709 1181 779 1208 enim
795 1181 934 1208 ridiculum

153 1229 192 1252 est
203 1233 209 1250 :
225 1225 265 1252 sic
279 1232 329 1253 nec
339 1225 372 1252 de
386 1225 467 1252 fratre
479 1225 530 1252 hoc
542 1225 632 1252 dicere
642 1226 738 1261 possis.
755 1225 847 1252 Omnes
858 1226 934 1258 enim,

155 1271 246 1306 inquit,
270 1271 296 1297 in
320 1279 397 1297 unum
411 1279 503 1306 corpus
518 1271 637 1306 baptizati
655 1279 740 1298 sumus
753 1271 762 1305 (
776 1272 800 1298 Ι.
816 1271 874 1298 Cor.
891 1271 934 1298 £2.

155 1315 212 1351 15).
226 1315 282 1343 Cur
297 1315 323 1342 in
339 1323 418 1343 unum
433 1323 529 1351 corpus
544 1317 555 1343 ?
576 1316 609 1344 Ut
622 1323 674 1343 non
689 1323 869 1351 segregemur,
885 1316 931 1344 scd

154 1366 180 1390 ut
192 1370 224 1389 ex
239 1366 332 1390 mutua
347 1361 541 1390 necessitudine
555 1365 581 1389 et
593 1361 709 1390 amicitia
724 1361 802 1390 tutius
816 1361 935 1397 Corporis

154 1407 333 1434 conditionem
347 1415 493 1435 servemus.
507 1407 545 1435 Ne
560 1416 623 1443 ergo
639 1408 787 1443 praximum
803 1407 935 1443 despicia-

155 1460 219 1486 ntus,
230 1458 260 1481 ut
274 1462 308 1481 ne
320 1462 368 1482 nos
383 1455 454 1490 ipsos
478 1460 678 1483 contemnamus
692 1457 712 1482 '.
730 1455 823 1489 Nemo,
839 1455 934 1490 inquit,

183 1520 191 1552 ξ
208 1518 254 1544 Alit
272 1519 367 1552 legunt,
379 1519 552 1552 sollicitudinis.
571 1527 623 1552 pro,
636 1520 825 1548 necessitudinis.

182 1551 192 1565 ¹
207 1550 291 1578 ator-el.
303 1550 380 1584 hunc
392 1550 469 1576 locum
479 1553 513 1576 sic
522 1550 610 1584 eti‘ert‘;
620 1552 657 1584 sit;
668 1558 725 1584 ergo
735 1550 841 1583 proximi
850 1556 934 1577 curam

153 1586 274 1612 petamus,
287 1584 310 1606 ul
319 1581 349 1607 de
360 1584 438 1608 nostra
449 1589 547 1613 corpore
558 1582 660 1608 solliciti.

1722 175 1769 203 It)!

990 231 1089 250 carnem
1112 233 1183 251 suam
1204 227 1261 252 odio
1276 227 1348 254 habet
1375 227 1487 263 (Ep/tes.
1508 228 1533 256 5.
1549 228 1612 264 29),
1627 228 1673 256 sed
1689 230 1768 258 nutrit

988 275 1015 296 et
1031 269 1111 296 l‘ovct.
1128 270 1187 298 Ideo
1199 271 1305 298 domum
1317 281 1396 299 unam
1412 273 1481 300 hunc
1493 273 1618 300 mundum
1632 273 1706 302 dedit
1723 283 1768 301 no-

988 314 1028 341 bis
1050 315 1129 347 Deus,
1145 316 1232 343 omnia
1248 323 1281 343 ex
1296 325 1372 351 aequo
1384 317 1526 350 distribuit,
1549 327 1628 346 unum
1648 320 1768 347 accendit

988 359 1111 387 omnibus
1123 361 1217 394 solem,
1230 369 1310 388 unum
1324 366 1420 389 tectum
1433 364 1559 395 extendit.
1572 364 1676 396 ett-lum.
1691 373 1768 393 unam

989 406 1090 440 paravit
1101 413 1230 438 mensam,
1246 410 1354 433 terram.
1371 406 1446 434 Dedit
1459 415 1562 442 quoque
1572 409 1681 436 alteram
1695 418 1769 437 mcn-

988 459 1044 477 sam
1057 471 1065 484 ,
1088 452 1137 478 hac
1151 451 1228 486 longe
1247 451 1384 487 majorem,
1398 452 1443 479 sed
1458 453 1524 480 hanc
1539 462 1628 486 unam,
1643 461 1671 482 ut
1684 456 1769 483 sciunt

989 496 1176 531 mysteriorum
1198 501 1336 524 consortes
1351 505 1357 529 ;
1375 505 1456 524 unum
1473 498 1636 532 spiritualem
1656 507 1769 535 genera-

990 542 1068 568 tionis
1082 541 1189 568 modum
1201 542 1324 569 omnibus
1338 542 1446 576 largitus
1457 547 1498 570 est
1513 551 1519 570 :
1532 551 1583 570 una
1598 549 1637 571 est
1648 546 1770 574 omnibus

990 588 1072 622 patria
1093 588 1119 614 in
1144 588 1215 615 cadis
1230 597 1236 614 :
1251 595 1283 615 ex
1303 588 1397 616 eodem
1419 588 1502 616 calice
1529 596 1621 617 omnes
1644 590 1768 619 bibimus.

989 632 1058 659 Nihil
1074 633 1149 660 diviti
1165 633 1222 666 plus
1236 637 1282 660 aut
1304 633 1461 667 pretiosius,
1479 634 1543 661 nihil
1560 636 1667 668 pauperi
1694 636 1772 663 vilius

990 678 1030 705 vel
1043 678 1130 705 minus
1143 679 1220 705 datur
1236 689 1242 706 :
1257 679 1304 707 sed
1319 687 1411 707 omnes
1422 687 1453 707 ex
1468 688 1544 715 mquo
1554 682 1666 714 vocavit,
1681 686 1707 709 et
1715 690 1772 709 car-

990 724 1056 750 nalia
1068 729 1093 751 et
1103 725 1247 758 spirituth
1260 725 1396 761 arqnalitcr
1409 725 1523 753 tradidit.
1538 725 1611 753 Unde
1625 734 1688 761 ergo
1701 731 1771 754 tanta

990 769 1017 796 in
1029 769 1080 796 vita
1097 770 1259 804 inmqualitas
1272 770 1283 796 'l
1297 769 1338 797 Ex
1353 770 1463 798 divitum
1476 771 1583 798 avaritia
1597 776 1623 799 et
1646 779 1772 806 arrogan-

990 815 1035 842 tia.
1052 815 1103 842 Sed
1120 823 1162 847 ne,
1177 823 1278 849 quaeso,
1296 815 1399 847 fratres,
1421 815 1456 842 ita
1471 815 1496 842 in
1513 819 1646 850 posterum
1668 821 1770 851 agatur,

990 861 1175 887 communibus
1196 865 1222 887 et
1238 860 1320 895 magis
1341 859 1498 888 necessariis
1516 868 1564 888 nos
1580 869 1630 888 una
1647 861 1772 895 copulan-

990 906 1059 933 tibus
1072 927 1078 937 ,
1094 913 1126 933 ne
1143 914 1159 933 α
1173 906 1286 934 terrenis
1305 911 1331 933 et
1351 906 1445 933 vilibus
1460 907 1540 934 rebus
1555 907 1743 941 distrahantur,
1757 916 1771 934 a

989 951 1102 985 divitiis,
1120 952 1238 986 inquam,
1261 956 1288 979 et
1310 957 1473 987 paupertate,
1499 959 1516 979 a,
1536 953 1694 987 cognatione
1713 961 1772 980 cor-

990 1004 1080 1031 porea,
1096 996 1129 1023 ab
1141 997 1202 1024 odio
1214 1002 1241 1024 et
1252 997 1376 1024 amicitia.
1393 996 1454 1025 limo
1469 997 1566 1032 quippe
1577 997 1665 1024 omnia
1680 998 1773 1026 umbra

989 1048 1061 1076 sunt,
1085 1048 1112 1071 et
1132 1043 1226 1071 umbra
1245 1043 1385 1077 ahjectiora
1402 1044 1444 1076 iis,
1461 1044 1505 1078 qui
1527 1050 1642 1077 superna
1662 1044 1773 1071 caritate

989 1089 1155 1123 colligantur.
1177 1089 1233 1116 lloc
1254 1089 1387 1115 vinculum
1403 1087 1542 1115 infracttun
1557 1096 1691 1116 servemus
1707 1098 1714 1116 :
1730 1089 1771 1116 ni-

990 1133 1080 1168 hilque
1102 1141 1135 1160 ex
1160 1133 1279 1168 malignis
1303 1133 1440 1167 spiritibus
1461 1133 1470 1148 ¹
1495 1140 1637 1168 surrepere
1663 1134 1770 1168 poterit.

989 1178 1058 1213 qttod
1076 1178 1143 1205 hanc
1158 1178 1285 1206 unitatem
1300 1178 1401 1204 dividat
1418 1187 1424 1206 :
1438 1185 1517 1213 quam
1532 1185 1580 1205 nos
1593 1185 1686 1206 omnes
1700 1186 1771 1207 asse—

988 1224 1032 1258 qui
1055 1223 1200 1258 contingat,
1217 1224 1299 1257 gratia
1324 1227 1352 1250 et
1373 1223 1533 1258 benignitate
1558 1224 1661 1251 Domini
1689 1229 1771 1252 nustrt

988 1268 1050 1296 Jcsu
1066 1268 1175 1301 Christi,
1197 1275 1245 1302 per
1254 1275 1333 1303 quem
1346 1273 1372 1295 et
1386 1276 1445 1296 cum
1457 1276 1509 1304 quo
1520 1269 1591 1296 Patri
1605 1269 1705 1305 gloria,
1722 1277 1773 1297 una

989 1321 1048 1342 cum
1062 1317 1153 1341 sancto
1166 1313 1275 1348 Spiritu,
1288 1321 1357 1342 nunc
1367 1318 1394 1340 et
1410 1321 1526 1348 semper,
1537 1318 1564 1341 et
1577 1314 1604 1341 in
1615 1314 1711 1342 smeula
1724 1322 1773 1343 suc-

988 1361 1119 1388 eulorum.
1134 1360 1231 1386 Amen.

1017 1445 1024 1461 '
1042 1447 1092 1474 Alii
1104 1448 1205 1480 habent,
1216 1447 1375 1480 passionibus,
1392 1454 1444 1479 μ-ο,
1453 1447 1584 1480 spiritibus.

154 1637 1772 1652 ____—________.____.____————————

831 1694 1004 1724 HOMILIA
1026 1691 1112 1724 XVI.

156 1766 195 1795 I9.
214 1766 270 1794 Hoc
285 1767 350 1794 enim
370 1772 406 1794 est
426 1767 590 1794 testimonium
604 1766 722 1799 Ioannis,
739 1766 839 1802 quando
862 1766 940 1793 misc—

188 1817 242 1838 runt
253 1810 288 1838 ad
300 1820 355 1838 eum
369 1811 454 1840 Judwi
464 1819 495 1839 ex
505 1811 670 1846 Jerosolymis
684 1811 823 1838 sacerdota
833 1815 853 1838 el
865 1809 938 1837 Leui-

187 1863 234 1889 tm,
250 1862 278 1884 ut
293 1857 472 1893 interrogarent
486 1866 542 1885 eum
552 1865 562 1885 :
576 1857 615 1885 Tu
627 1858 682 1893 quis
694 1858 740 1884 es?

189 1904 213 1930 Ι.
229 1903 318 1931 Grave
330 1903 462 1938 quidpiam
479 1903 575 1931 invidia
590 1907 640 1936 est,
655 1903 750 1930 dilecte
761 1924 769 1935 ,
784 1910 876 1938 grave.
893 1902 936 1929 ἰη-

154 1955 240 1983 quam,
255 1952 284 1975 et
298 1948 476 1982 perniciosum
491 1948 595 1981 invidis,
610 1957 661 1975 non
680 1949 712 1975 iis
724 1948 819 1982 quibus
834 1947 938 1975 invide-

155 1997 204 2020 tur.
220 1992 288 2028 lpsis
298 1993 368 2022 enim
379 1993 510 2029 prioribus
520 1998 605 2026 nocet,
618 1995 689 2028 ipsos
700 1994 802 2028 priores
817 2001 938 2021 corrum-

157 2040 204 2073 pit,
219 2043 355 2074 tamquam
374 2039 446 2066 virus
460 2039 624 2067 mortiferum
639 2046 730 2066 eorum
748 2038 851 2065 animos
862 2046 941 2065 occu-

154 2091 227 2118 pans.
244 2084 271 2111 Si
284 2088 374 2111 autem
396 2084 421 2111 in
440 2084 560 2119 quopiam
574 2084 651 2111 laedat
664 2091 710 2110 eos
724 2083 817 2118 quibus
839 2083 940 2110 invide-

154 2133 196 2156 tur
207 2149 214 2162 ,
230 2129 290 2156 leve
306 2133 332 2156 et
347 2129 442 2156 nullius
455 2129 579 2156 momenti
596 2129 720 2156 damnum
735 2133 775 2156 est
788 2148 796 2161 ,
812 2127 882 2163 quod
893 2127 940 2154 da-

153 2181 214 2201 nmo
229 2175 318 2209 majus
338 2175 439 2202 lucrum
458 2174 565 2202 referat.
581 2174 670 2210 Neque
683 2175 707 2201 in
721 2174 818 2201 invidia
830 2173 914 2201 solum
927 2193 935 2206 ,

153 2219 198 2246 setl
210 2220 292 2247 etiam
319 2221 345 2247 in
368 2220 472 2247 caeteris
493 2221 617 2248 omnibus
636 2221 725 2253 vitiis,
741 2228 793 2247 non
807 2221 850 2254 qui
872 2219 941 2246 malo

153 2263 275 2297 afﬁcitur,
291 2264 340 2292 sed
353 2265 503 2299 quiafiicit,
518 2265 539 2292 is
553 2265 677 2292 damnum
687 2265 790 2303 accipit.
803 2265 856 2291 Nisi
869 2265 939 2292 enim

155 2317 196 2337 res
204 2317 234 2337 se
249 2310 285 2336 ita
298 2309 410 2337 haberet
423 2331 431 2344 ,
447 2318 499 2337 non
512 2311 682 2345 prtcccpisset
694 2311 830 2346 discipulis
844 2310 940 2338 Paulus

155 2354 277 2388 iniuriam
287 2355 418 2389 accipere,
430 2356 515 2389 potius
525 2355 721 2391 quaminfcrre,
730 2363 789 2382 cum
804 2355 874 2388 dicit,
891 2356 942 2383 Cur

156 2408 203 2427 non
219 2400 305 2434 potius
315 2401 433 2435 injuriam
449 2402 580 2437 accipitis?
594 2410 639 2428 cur
656 2411 705 2428 non
727 2402 805 2437 magis
824 2401 940 2436 frondent

155 2447 317 2483 pntiminiﬂ.
329 2447 386 2475 Cor.
403 2448 429 2475 6.
445 2448 492 2484 7)?
507 2449 634 2475 Aceurate
645 2447 741 2482 quippe
758 2452 876 2479 noverat,
888 2454 940 2474 nou

155 2493 223 2520 mala
236 2493 390 2528 accipienti,
406 2494 451 2521 scd
466 2493 534 2520 mala
549 2493 672 2520 inferenti
685 2493 828 2528 perniciem
843 2493 941 2528 ubique

155 2542 275 2572 paratam
296 2545 366 2565 esse.
384 2537 446 2565 ﬂzrc
469 2546 548 2573 porro
567 2537 655 2564 omnia
670 2542 778 2573 propter
790 2537 942 2565 Judmorum

157 2583 267 2611 livorem
292 2583 362 2611 dicta
382 2584 458 2610 nobis
479 2587 552 2610 sunt.
574 2583 640 2610 Nam
663 2583 706 2618 qui
726 2590 757 2611 ex
779 2582 889 2614 urbibus
908 2582 941 2610 ad

156 2629 286 2657 Joannem
299 2629 494 2662 conﬂuxerant,
509 2633 535 2656 et
546 2633 650 2664 peccata
663 2636 710 2656 sua
726 2628 882 2655 damnantes
895 2627 938 2654 ba-

157 2675 248 2710 ptizati
271 2675 389 2707 fuerant,
416 2675 496 2702 iidem
518 2674 568 2709 ipsi
587 2674 662 2709 quasi
684 2673 838 2709 pmnitenlia
853 2673 938 2706 ducti,

158 2722 264 2748 mittunt
279 2722 326 2755 qui
341 2721 502 2755 interrogent
517 2727 576 2747 eum
590 2740 597 2752 ,
608 2719 648 2746 Tu
661 2720 716 2754 quis
728 2719 775 2745 es?
789 2718 857 2746 Vere
870 2718 943 2753 geni-

158 2766 229 2794 mina
244 2767 398 2800 viperarum
413 2786 419 2798 ,
443 2769 593 2800 serpentes,
610 2769 638 2793 et
651 2765 673 2791 si
693 2764 755 2799 quid
768 2764 810 2791 his
826 2763 942 2798 gravius.

159 2813 304 2840 Generatio
319 2812 386 2839 mala
401 2832 408 2845 ,
421 2812 538 2839 adultera
554 2816 580 2838 et
599 2818 731 2846 perversa,
748 2814 883 2844 postquam
895 2809 942 2835 ba-

161 2859 257 2893 ptizata
271 2866 315 2893 es,
338 2858 369 2885 de
384 2858 500 2893 Baptista
516 2857 626 2892 inquiris
646 2861 672 2884 et
686 2856 789 2884 curiose
804 2854 944 2885 scrutaris?

992 1765 1094 1800 Ecquid
1110 1764 1158 1791 hac
1169 1763 1279 1790 stultitia
1292 1762 1399 1790 stultius
1411 1760 1508 1788 fuerit?
1522 1761 1660 1794 Quomodo
1674 1761 1774 1789 exiistis

991 1809 1024 1837 ad
1040 1809 1121 1837 eum?
1142 1807 1276 1843 quomodo
1296 1810 1402 1841 peccata
1422 1806 1535 1833 confessi
1550 1806 1775 1841 estis?quomodo

991 1854 1145 1882 accurristis
1167 1853 1200 1880 ad
1231 1853 1418 1886 baptizantcm,
1438 1850 1571 1886 quomodo
1593 1851 1775 1886 interrogastis

991 1899 1053 1934 quid
1068 1898 1197 1934 agendum
1218 1897 1307 1924 esset?
1321 1896 1383 1924 Hme
1396 1896 1494 1931 quippe
1516 1896 1604 1922 omnia
1619 1903 1634 1922 ιι
1646 1896 1720 1923 vobis
1733 1896 1773 1923 in-

991 1945 1160 1973 considerate
1176 1944 1243 1971 facta
1260 1947 1331 1974 sunt,
1348 1942 1392 1977 qui
1409 1949 1457 1969 nec
1473 1941 1629 1977 principium
1640 1961 1647 1973 ,
1660 1949 1708 1969 nec
1722 1949 1772 1976 qua

992 1990 1025 2018 de
1038 1998 1066 2018 rc
1079 1994 1210 2025 ageretur.
1234 1988 1427 2023 intelligemus.
1454 1987 1505 2015 Sed
1521 1987 1586 2014 nihil
1601 1986 1695 2014 horum
1710 1986 1775 2014 dixit

992 2037 1034 2064 vel
1056 2035 1226 2071 exprobravit
1246 2035 1338 2062 beatus
1363 2033 1480 2061 Joannes
1497 2053 1505 2066 ,
1521 2041 1613 2060 verum
1628 2033 1698 2060 omni
1714 2040 1773 2060 cum

992 2082 1193 2110 mansuetudine
1207 2080 1351 2115 respondit.
1378 2080 1431 2107 Cur
1445 2085 1531 2106 autent
1554 2079 1587 2105 ita
1603 2087 1631 2106 se
1652 2079 1772 2114 gesserit,

993 2127 1099 2162 cog-nitu
1110 2126 1217 2160 dignum
1233 2130 1274 2153 est
1286 2145 1293 2157 ,
1306 2128 1334 2151 ut
1346 2131 1437 2151 eorum
1455 2123 1570 2158 nequitia
1584 2124 1706 2150 omnibus
1719 2130 1775 2150 ma-

993 2173 1088 2199 nifesta
1112 2175 1193 2199 esset.
1217 2171 1293 2205 Sa‘pe
1312 2169 1427 2197 Joannes
1450 2169 1518 2203 apud
1538 2168 1644 2196 Judmos
1670 2168 1775 2196 Christo

996 2217 1175 2245 testimonium
1197 2216 1342 2252 perhibuit,
1358 2219 1386 2243 et
1407 2222 1465 2242 cum
1485 2215 1629 2248 baptizaret
1649 2222 1703 2247 eos,
1721 2214 1775 2242 fre-

993 2268 1107 2298 quenter
1131 2262 1263 2289 Christum
1285 2261 1509 2288 commemorabat
1528 2259 1682 2294 dicebatque
1699 2269 1705 2287 :
1722 2259 1776 2295 Ego

992 2309 1093 2344 quidem
1106 2316 1147 2335 vos
1168 2307 1267 2341 baptizo
1282 2309 1307 2333 in
1324 2315 1389 2341 aqua
1403 2315 1412 2333 :
1431 2307 1472 2340 qui
1485 2310 1566 2332 autent
1582 2312 1636 2339 post
1650 2313 1687 2332 me
1702 2307 1775 2339 venit,

995 2355 1084 2389 fortior
1097 2361 1136 2379 me
1148 2357 1192 2380 εει.
1210 2351 1269 2388 Ipse
1287 2360 1329 2378 vos
1344 2351 1477 2386 bnptizabit
1495 2351 1521 2377 in
1542 2350 1639 2386 Spiritu
1656 2357 1742 2378 sancto
1754 2358 1777 2380 et

993 2399 1051 2434 igne
1072 2398 1175 2434 (Malllt.
1196 2398 1223 2425 3.
1242 2396 1293 2433 ll).
1309 2395 1347 2423 Illi
1369 2396 1447 2431 igitur
1459 2397 1528 2424 circa
1538 2396 1667 2424 Joannem
1678 2397 1776 2433 aliquid

994 2444 1138 2472 humanum
1159 2443 1228 2479 passi
1250 2446 1321 2470 sunt.
1343 2441 1432 2468 Mundi
1447 2449 1559 2477 namque
1581 2443 1692 2477 gloriam
1714 2450 1776 2478 spc-

993 2495 1104 2522 ctantcs,
1113 2494 1138 2516 et
1151 2497 1180 2516 ea
1190 2488 1275 2515 solum
1286 2487 1392 2522 qure‘ob
1402 2487 1493 2514 oculos
1503 2491 1579 2514 erant
1592 2488 1773 2522 respicientes,

993 2536 1094 2563 Joanne
1109 2534 1244 2569 indignum
1259 2533 1396 2568 putabant,
1411 2532 1432 2559 si
1447 2531 1551 2559 Christo
1570 2531 1679 2559 inferior
1693 2538 1776 2563 esset.

994 2582 1071 2609 Multa
1082 2588 1194 2614 namque
1203 2580 1330 2607 Joannem
1344 2577 1564 2606 commendabant
1580 2585 1587 2610 ;
1598 2578 1682 2612 primo
1691 2578 1779 2612 splen-

996 2629 1044 2655 dor
1068 2627 1191 2663 generis;
1228 2629 1285 2653 erat
1308 2625 1378 2652 enim
1404 2623 1530 2659 principis
1558 2623 1724 2650 sacerdotum
1749 2624 1781 2651 η-

996 2674 1048 2700 lius
1062 2673 1118 2708 (o);
1133 2671 1229 2700 deinde
1244 2671 1304 2698 vita:
1317 2670 1456 2704 asperitas,
1473 2667 1646 2695 humanarum
1661 2669 1779 2696 omnium

995 2728 1083 2748 rcrttm
1095 2722 1261 2752 contemptus
1279 2726 1285 2744 :
1298 2717 1421 2743 vestitum
1434 2713 1572 2748 siquidem,
1588 2721 1718 2747 mensam,
1730 2714 1780 2741 do-

1026 2764 1063 2795 (u)
1084 2768 1131 2789 Non
1152 2760 1318 2795 defuer9_alii
1337 2759 1377 2792 qui
1394 2759 1507 2795 dicerent
1526 2758 1663 2794 puellarum
1685 2759 1782 2795 Joannis

995 2789 1217 2827 Baptism_pauen_t
1236 2791 1312 2827 fuisse
1327 2789 1485 2827 sacerdotum
1496 2789 1781 2827 prindpemiquodnta-

995 2819 1051 2851 iis.
1061 2827 1085 2850 in
1102 2819 1234 2855 E'vangelio
1250 2826 1318 2847 Lucae
1334 2827 1381 2846 non
1399 2819 1556 2851 dicitur,’itno
1572 2819 1716 2845 imutrarium
1728 2825 1784 2844 sna-

995 2858 1072 2882 detur.
