2040 3113
272 158 324 186 105

267 224 354 247 unum,
371 217 456 250 ipsum
481 215 570 242 cibum
588 213 799 248 parvipendcns,
817 213 843 240 in
864 213 973 240 deserto
985 219 1063 241 antea

271 266 394 290 versatus
419 260 513 287 fuerat.
540 259 661 286 Christus
676 262 768 286 contra
782 279 790 291 ,
808 259 852 285 vili
866 266 964 293 genere
987 263 1064 286 natus

271 312 340 340 erat,
357 307 382 334 id
398 306 468 341 quod
483 306 533 341 ipsi
546 313 617 340 stepc
630 305 671 332 his
682 306 769 333 verbis
778 305 939 340 objicit-bant
950 315 958 333 :
971 305 1063 332 Nonne

271 353 311 379 hic
325 358 360 379 est
373 351 440 387 fabri
454 350 542 385 ﬁlius?
562 359 645 378 nonne
663 356 743 379 mater
758 352 812 387 ejus
826 352 918 379 dicitur
929 351 1023 383 Maria,
1038 357 1063 378 et

266 398 357 432 fratres
372 397 426 432 ejus
444 397 556 424 Iacobus
570 403 592 424 et
603 396 678 425 loses
692 397 800 430 (Matth.
817 399 860 426 15.
875 399 941 433 55)?
955 401 993 426 Ac
1003 406 1063 434 qua:

269 443 410 471 videbatur
431 443 488 478 ejus
505 451 566 471 esse
590 444 673 479 patria
697 445 731 472 ita
746 445 928 479 vituperabilis
950 450 1018 478 eral,
1033 450 1062 473 ut

264 489 345 516 etiam
361 489 510 518 Natltanael
535 490 638 518 diceret
653 500 659 518 :
676 491 718 518 Ea:
741 490 855 518 Nazaret
869 497 948 528 potest
963 492 1061 526 aliquid

263 533 323 562 boni
335 535 411 562 esse?
422 535 459 562 Ad
474 535 542 568 haec,
553 537 612 563 vitae
623 543 705 571 genus
714 538 864 564 communis
876 557 884 570 ,
900 538 1059 565 vestimenta

264 581 393 616 vulgaria.
415 581 506 617 Neque
538 583 608 610 enim
646 591 711 610 zona
743 584 854 618 pellicca
886 584 1057 619 cingebatur,

265 635 353 662 neque
377 635 409 656 cs
426 627 486 662 pilis
510 633 630 663 paratutn
654 629 842 656 vestimentum
859 628 1058 664 habuit,neque

269 674 350 702 melle
363 678 390 701 et
415 673 525 701 locustis
541 674 719 707 vescebatur;
733 674 781 702 sed
796 674 896 709 vulgari
910 674 993 701 vietus
1010 682 1057 709 ge-

264 727 330 746 nere
358 726 445 752 usus,
475 719 555 747 etiam
581 719 764 754 improborum
790 719 927 747 hominum
952 727 983 747 ac
1008 727 1057 755 pu-

268 764 433 792 blicanorum
454 765 582 792 conviviis
602 765 747 798 intererat,
768 770 797 792 ut
816 766 875 792 illos
895 766 1053 794 attttalteret.

262 810 337 842 Quod
362 817 414 837 non
436 810 614 845 intclligentes
640 810 738 841 Jndtei.
767 811 815 845 ipsi
837 812 1054 846 exprobrabant,

262 859 292 881 ιιι
317 858 344 881 et
374 855 429 889 ipse
456 855 519 882 ait:
550 855 621 882 Venit
651 855 734 883 Filius
767 857 875 884 hominis
899 858 1055 884 mandamus

260 905 283 926 ct
310 900 411 934 bibens,
432 905 454 927 et
481 900 567 927 dicunt
585 909 594 928 :
610 900 675 928 Ecce
702 902 775 929 homo
802 910 880 929 vorax
903 908 928 929 et
955 908 1055 938 potator

259 945 320 975 riui,
339 946 531 980 publicanorum
544 951 568 973 et
590 952 748 981 peccatorum
764 949 861 975 anticus
876 948 885 984 (
898 948 924 974 Μ
928 949 994 977 attlt.
1007 950 1052 977 Η.

259 991 322 1026 19).
345 991 410 1018 Cum
425 999 489 1027 ergo
503 992 656 1027 frequenter
677 993 792 1021 Joannes
807 995 841 1021 ab
855 1002 884 1022 se
898 994 1006 1023 Judzeos
1019 996 1051 1024 ad

256 1037 396 1064 Christum
412 1038 539 1071 mitteret,
555 1039 598 1073 qui
614 1038 752 1066 videbatur
763 1040 815 1067 illis
827 1040 929 1068 Joanne
940 1041 1053 1070 inferior

256 1089 338 1114 esse;
354 1089 414 1110 cum
434 1082 568 1118 pudefacti
593 1089 619 1111 et
632 1092 702 1119 a-gre
717 1085 833 1114 ferentes
847 1087 957 1114 mallent
971 1088 1053 1115 Joan-

257 1135 320 1155 nem
336 1128 434 1155 habere
449 1129 587 1157 doctorem
599 1150 608 1163 ,
623 1130 647 1157 id
664 1135 750 1158 tamen
775 1137 868 1166 aperte
881 1132 973 1161 dicere
994 1134 1051 1162 ausi

256 1182 311 1200 non
322 1177 399 1207 sunt;
412 1174 459 1201 sed
471 1175 578 1201 mittunt
588 1175 621 1202 ad
635 1175 719 1209 ἰΙΙιιιιι,
729 1181 870 1212 sperantes
880 1185 909 1205 se
918 1186 966 1213 per
980 1178 1047 1206 adu-

259 1219 388 1247 lationem
400 1227 480 1255 posse
494 1221 568 1248 illum
577 1221 695 1256 allicere,
710 1228 737 1250 ιιι
748 1230 778 1250 se
791 1224 963 1252 conﬁteretur
971 1225 1049 1253 Citri-

258 1270 339 1291 slum.
369 1265 426 1293 Non
452 1266 549 1293 inﬁrme
577 1268 657 1295 sortis
680 1268 802 1298 homines
827 1271 945 1304 mittunt,
967 1276 995 1299 ut
1017 1271 1051 1300 ad

257 1309 394 1337 Clu-istum
405 1331 412 1343 ,
425 1318 486 1338 cum
501 1312 596 1339 vellent
613 1321 673 1341 eum
687 1321 783 1349 capere
804 1316 829 1342 in
842 1322 982 1350 sermone;
994 1324 1046 1344 ser-

260 1363 307 1382 vos
330 1357 401 1383 enitn
424 1357 564 1391 miserunt,
577 1358 672 1386 deinde
693 1359 858 1389 llerodianos
877 1362 1052 1398 ejusdemque

264 1402 356 1429 farina:
383 1402 505 1431 homines
522 1412 529 1431 :
545 1403 587 1431 hic
606 1410 695 1432 autem
711 1406 864 1434 sacerdotes
876 1413 902 1435 et
928 1408 1049 1443 Levitas;

261 1455 308 1474 nec
321 1447 455 1483 quoslibet
467 1449 636 1483 sacerdotes,
648 1450 696 1477 sed
708 1451 740 1478 ab
752 1451 926 1488 Jerosolymis
938 1474 945 1487 ,
959 1453 985 1481 id
997 1459 1049 1488 est,

262 1492 475 1521 honorabiliores
486 1494 494 1525 (
499 1502 585 1530 neque
595 1495 666 1523 enim
687 1496 745 1524 sine
755 1504 834 1525 causa
849 1497 906 1526 htrc
916 1499 1050 1535 signiﬁca-

259 1539 479 1575 viteVangelista)
494 1545 539 1568 :et
553 1541 673 1576 mittunt,
685 1547 714 1570 ut
725 1543 930 1579 interrogarent,
945 1545 983 1572 Tu
994 1546 1051 1581 quis

258 1585 305 1612 es?
319 1584 427 1613 Natales
441 1586 539 1621 quippe
553 1586 613 1622 ejus
634 1587 670 1614 ita
693 1589 830 1624 conspicui
851 1594 938 1624 erant,
954 1595 981 1617 ut
993 1599 1051 1618 om-

259 1638 306 1658 nes
321 1630 440 1658 dicerent
456 1639 463 1658 :
480 1631 541 1664 Quis
557 1637 632 1667 putas
654 1641 718 1668 puer
733 1634 779 1661 iste
791 1635 838 1661 erit
853 1634 928 1671 (an.
944 1636 969 1664 ί.
983 1636 1051 1671 66)?

259 1682 286 1703 et
301 1684 348 1711 per
361 1677 450 1704 omnia
471 1683 597 1704 montana
619 1680 676 1705 hare
691 1679 903 1714 divulgabantur.
920 1680 1051 1709 Rursum-

259 1731 312 1757 que
327 1730 388 1750 cum
403 1723 477 1751 venit
489 1723 523 1750 ad
549 1723 705 1756 Jordanem,
721 1732 815 1753 onmes
834 1726 957 1754 civitates
971 1726 1052 1754 advo-

259 1768 359 1802 larunt,
380 1772 407 1795 et
430 1775 464 1796 ex
491 1768 639 1796 Jerusalem
665 1770 790 1805 omnique
815 1770 905 1798 Juda-a
921 1771 1051 1800 Joannem

259 1814 367 1841 adibant
391 1817 420 1841 ut
443 1813 653 1849 baptizareutur.
676 1816 707 1843 l-li
728 1816 815 1852 itaque
838 1825 908 1845 nunc
937 1818 1053 1847 interro-

259 1865 333 1894 gant,
349 1868 401 1888 non
416 1861 485 1896 quod
500 1861 622 1896 ignorent
639 1861 648 1895 (
663 1863 797 1896 quomodo
813 1863 883 1890 enim
898 1864 1051 1899 ignorarent

260 1913 321 1932 cum
336 1906 380 1940 qui
396 1909 434 1934 tot
449 1905 536 1934 modis
547 1906 704 1935 manifestus
720 1908 827 1944 erati),
839 1908 886 1936 sed
902 1913 930 1937 ut
943 1917 1004 1938 eum
1017 1911 1051 1939 ad

261 1951 297 1983 id,
312 1951 382 1987 qttod
390 1959 470 1987 supra
485 1951 550 1991 disi,
567 1952 733 1981 inducerent.

295 1996 323 2024 2.
343 1996 410 2024 Audi
425 2004 487 2032 ergo
501 1997 636 2032 quomodo
655 1998 748 2027 beatus
767 1999 809 2028 hic
830 2001 863 2028 ad
880 2001 1051 2038 interrogan-

261 2042 326 2070 tium
342 2047 470 2077 mentem,
485 2051 536 2071 non
550 2043 584 2071 ad
600 2045 683 2078 ipsam
696 2046 928 2080 interrogationem
940 2056 1052 2084 respon-

260 2089 331 2116 deat.
344 2089 495 2116 Dicentibus
504 2090 586 2123 enim,
604 2089 641 2117 Tu
652 2091 708 2126 quis
715 2091 762 2118 es."
779 2100 832 2120 non
846 2093 981 2128 respondit
995 2099 1051 2123 sta-

261 2134 308 2161 tim
317 2133 342 2161 id
353 2133 423 2168 quod
435 2139 505 2162 recte
518 2135 729 2170 respondendum
738 2142 806 2171 erat,
819 2137 873 2172 Ego
885 2139 1052 2167 uoxclaman-

261 2180 292 2207 tis
307 2179 333 2206 in
346 2179 442 2206 deserto
456 2179 546 2216 (Joau.
564 2181 589 2208 Ι.
603 2180 648 2215 25)
658 2201 665 2214 ,
682 2181 730 2209 sed
742 2182 822 2216 quid?
835 2183 862 2210 ld
877 2184 947 2218 quod
959 2184 995 2211 illi
1008 2193 1052 2212 su-

261 2223 431 2259 spicabantur
450 2225 558 2252 amovit.
581 2225 647 2252 Nam
670 2225 857 2262 interrogatus,
872 2227 911 2255 Tu
934 2230 990 2263 quis
1008 2230 1052 2257 es?

262 2270 357 2304 inquit,
372 2269 416 2297 20.
433 2268 569 2305 Confessus
583 2275 631 2304 est,
643 2273 668 2297 et
682 2278 731 2297 non
746 2273 843 2307 negauit
857 2280 868 2305 ;
884 2278 907 2300 ct
922 2275 1052 2308 confessus

262 2320 310 2349 est,
325 2316 385 2351 quia
406 2323 456 2342 non
469 2323 525 2342 sum
538 2323 583 2351 ego
598 2313 721 2343 Christus.
742 2317 775 2344 Et
797 2317 857 2345 vide
880 2319 1052 2354 evangelista:

264 2362 429 2395 sapientiam.
445 2360 498 2387 'l'er
512 2360 625 2395 idipsum
640 2360 720 2395 dicit,
737 2367 767 2390 ut
781 2367 808 2390 et.
822 2364 948 2398 Baptistae
967 2366 1051 2393 virtu-

262 2410 317 2434 tem
329 2427 336 2439 ,
352 2410 378 2434 et
395 2406 539 2441 nequitiam
555 2407 737 2441 insaniamque
756 2408 860 2436 illorum
876 2410 1050 2440 demonstret.

261 2452 348 2480 Lucas
361 2460 423 2480 vero
435 2452 507 2486 dicit,
518 2453 588 2488 quod
601 2461 661 2483 cum
675 2454 758 2482 turbae
769 2456 965 2491 suspicarentur
978 2459 1051 2487 illutn

262 2506 323 2527 esse
338 2498 471 2528 Christum
483 2519 492 2534 ,
507 2499 565 2534 ipse
590 2499 657 2527 hanc
684 2502 813 2529 amoverit
839 2504 1016 2538 suspicionem
1029 2505 1049 2534 '.

264 2544 319 2572 lloc
334 2544 401 2581 frugi
421 2545 491 2572 servi
510 2544 628 2574 ofﬁcium
650 2551 709 2579 est,
725 2554 776 2574 non
797 2548 876 2576 modo
891 2550 995 2578 Domini
1010 2551 1051 2579 sui

261 2592 375 2627 gloriam
389 2599 443 2620 non
461 2592 600 2626 abripere,
615 2592 661 2620 sed
677 2593 756 2621 etiam
771 2594 886 2623 oblatam
900 2604 914 2623 a
931 2598 1051 2626 multitu-

261 2638 324 2665 dine
336 2637 481 2673 depellere.
499 2637 595 2665 lierum
611 2639 694 2666 turba:
706 2648 739 2668 ex
751 2641 921 2677 simplicitate
935 2648 962 2671 et
975 2644 1052 2680 igno-

262 2683 347 2711 rantia
362 2684 387 2711 in
403 2683 472 2711 hanc
493 2691 590 2711 venere
603 2686 780 2721 suspicionem
797 2696 804 2715 :
821 2688 847 2716 hi
867 2693 957 2717 autem
970 2691 1050 2725 malo,

296 2752 306 2788 ξ
322 2752 360 2775 sic
369 2751 441 2788 savll.
464 2755 491 2788 et
510 2755 580 2783 Mss;
593 2753 618 2777 in
630 2752 712 2788 Morel.
724 2758 806 2788 autem
816 2755 852 2780 sic
863 2755 955 2788 legitur
968 2764 974 2782 :
985 2756 1052 2783 Idem

265 2781 348 2814 videre
359 2786 394 2808 est
405 2784 470 2814 apud
486 2781 582 2813 Lucam,
595 2784 635 2813 qui
649 2783 745 2809 inducit
762 2790 878 2811 .Iommem
889 2781 1053 2814 mammia

263 2812 305 2854 qui
316 2812 414 2854 interea
421 2812 545 2854 agitabant
556 2812 579 2839 si
589 2815 650 2854 forte
660 2819 720 2854 esset
727 2816 848 2854 rok'ri‘stus,
855 2826 865 2840 α
876 2817 941 2842 Venit
953 2812 994 2854 qui
1005 2812 1054 2851 is}:

265 2843 313 2867 tier
330 2848 421 2903 meusst,
434 2843 450 2868 ἰ
460 2848 482 2871 ct
500 2851 543 2878 per
554 2843 648 2877 coquit:
666 2846 806 2879 respondet,
820 2843 882 2873 hanc
893 2843 1053 2882 stupido/tein

265 2880 359 2900 amorim
391 2882 415 2901 η.

262 2880 415 2901 antot‘tmtcm.

645 155 672 184 S.
693 154 830 184 JOANNlS
849 154 1082 183 CllllYSOSTOMl
1101 155 1258 184 AliClllEl’.
1280 157 1544 187 GONSTANTINOP.

1859 162 1909 190 104

1120 217 1149 240 ιιι
1162 213 1226 246 dixi,
1240 215 1330 242 animo
1344 216 1545 252 interrogabant
1560 224 1630 251 tum,
1647 222 1784 253 sperantes
1799 225 1828 247 se
1843 219 1910 246 adu-

1120 259 1218 287 latione
1241 260 1265 287 id
1290 261 1360 296 quod
1389 263 1515 297 optabant
1537 268 1748 299 consequuturos
1770 272 1840 293 esse.
1855 265 1908 293 Nii

1118 306 1189 333 enim
1210 306 1259 333 hoc
1273 313 1441 342 sperassent,
1457 317 1510 336 non
1530 310 1619 337 statim
1634 310 1667 337 ad
1682 311 1760 339 aliam
1774 312 1907 340 νειιὶεειιιιι

1117 351 1366 387 interrogationem,
1382 354 1430 382 scd
1453 355 1580 390 indignati
1597 356 1668 391 quod
1689 356 1722 384 ad
1744 358 1908 392 propositqu

1116 404 1170 424 non
1186 399 1367 434 respondisset
1379 420 1385 432 ,
1402 400 1530 428 dixissent
1545 410 1552 429 :
1567 402 1633 429 Num
1648 403 1697 430 hoc
1716 404 1841 438 suspicati
1861 411 1907 431 su-

1115 444 1192 472 mus?
1205 452 1267 472 num
1284 445 1335 473 hoc
1349 452 1531 481 percontatum
1546 449 1666 476 venimus
1677 449 1689 475 ?
1701 449 1752 477 Sed
1772 451 1847 485 quasi
1863 458 1908 478 ca-

1115 490 1151 524 pti
1173 498 1205 518 ac
1225 491 1384 526 deprehensi
1396 493 1428 520 ad
1441 493 1520 520 aliam
1534 494 1641 521 veniunt
1655 494 1887 530 interrogationem
1901 505 1907 524 :

1113 535 1158 562 2|.
1181 536 1248 570 Quid
1262 539 1342 573 ergo?
1357 538 1427 565 Elius
1441 548 1466 566 es
1481 541 1528 566 tu?
1542 540 1575 566 Et
1590 541 1737 575 respondit,
1753 540 1813 568 Non
1838 550 1904 569 sum.

1112 581 1178 608 Nam
1193 586 1219 609 et
1232 582 1301 610 hunc
1316 588 1455 611 venturum
1467 592 1528 612 esse
1542 585 1693 620 sperabant,
1707 590 1769 613 utet
1783 586 1905 614 Christus

1111 627 1158 653 ait.
1183 627 1248 654 Nam
1274 628 1498 664 interrogantibus
1520 631 1679 666 discipulis:
1697 632 1830 665 Quomodo
1844 641 1904 668 ergo

1110 672 1199 700 scribta
1213 673 1317 708 dicunt,
1338 676 1407 710 quod
1426 681 1539 711 oporteat
1563 676 1647 704 Etiam
1671 678 1780 712 primunt
1801 679 1905 706 venire?

1089 750 1092 753 ,
1110 718 1166 751 ipse
1179 719 1315 753 respondit
1327 729 1334 746 :
1351 720 1424 748 Elius
1434 723 1534 756 quidem
1548 724 1635 755 veniet,
1649 729 1672 750 et
1692 725 1804 751 restituet
1819 726 1904 753 omnia

1109 763 1215 798 (Matth.
1228 765 1272 792 l7.
1282 765 1315 793 l0
1326 765 1346 800 ).
1359 766 1456 794 Deinde
1470 767 1632 803 interrogant
1648 778 1654 795 :
1674 768 1801 804 Propheta
1815 779 1840 796 es
1856 772 1902 797 tu?

1109 809 1142 836 Et
1157 811 1304 846 respondit,
1321 811 1390 840 Non.
1406 813 1439 840 Et
1452 818 1538 841 tamen
1552 814 1680 850 propheta
1692 820 1760 843 erat.
1773 815 1827 843 Cur
1839 825 1902 850 ergo

1108 855 1133 882 id
1155 857 1253 891 negat?
1272 857 1374 886 Rursus
1395 859 1612 895 interroganlium
1639 865 1756 888 mentem
1781 863 1899 897 respicit.

1107 901 1255 935 Sperabam
1269 903 1339 930 enim
1352 903 1507 939 prophetam
1518 905 1659 940 quemdam
1670 907 1795 934 eximium
1807 914 1900 936 ventu-

1106 955 1165 974 rum
1178 955 1248 981 esse,
1259 949 1329 984 quod
1345 950 1449 985 Moyses
1458 951 1568 979 dixisset
1579 961 1585 978 :
1598 951 1752 986 Propheta»:
1767 954 1836 981 vobis
1846 963 1897 982 sus-

1105 993 1188 1020 citabit
1206 993 1330 1022 Dominus
1353 996 1419 1022 Deus
1439 1005 1471 1023 ea:
1492 997 1612 1032 fratribus
1630 998 1726 1031 vestris,
1743 999 1807 1026 sicut
1836 1008 1875 1027 me
1887 1009 1897 1028 :

1105 1040 1187 1074 ipsum
1200 1041 1286 1068 audite
1300 1041 1387 1078 (Deut.
1405 1042 1446 1070 l8.
1461 1042 1514 1079 l5).
1532 1043 1579 1070 llic
1591 1049 1680 1072 autem
1695 1049 1753 1072 erat
1765 1045 1896 1073 Christus.

1104 1083 1166 1112 Ideo
1181 1093 1232 1113 non
1247 1086 1348 1119 dicunt,
1358 1088 1487 1123 Propheta
1499 1096 1528 1117 es
1542 1093 1568 1117 tu
1578 1089 1590 1116 ?
1600 1089 1638 1123 (α)
1653 1090 1695 1126 [es
1711 1099 1820 1119 numero
1835 1100 1897 1126 pro-

1105 1130 1262 1165 phetarum;
1293 1133 1339 1161 sed
1359 1141 1418 1161 cum
1442 1135 1554 1162 articulo
1571 1146 1578 1162 :
1594 1135 1726 1171 Propheta
1741 1137 1784 1164 ille
1799 1145 1827 1165 es
1847 1138 1897 1173 tu],

1103 1176 1174 1210 quia
1188 1176 1279 1212 Moyse
1295 1179 1488 1213 prtenuntiatus
1507 1185 1548 1207 cst
1559 1180 1571 1207 ?
1584 1180 1684 1208 idcirco
1706 1182 1811 1217 negavit
1832 1183 1875 1211 ille
1887 1205 1894 1217 ,

1104 1228 1156 1248 non
1180 1228 1210 1248 se
1232 1222 1387 1257 prophetam
1409 1231 1487 1258 esse,
1504 1225 1551 1252 sed
1577 1225 1651 1253 illum
1668 1227 1833 1262 prophetam.
1849 1228 1894 1255 2‘2.

1102 1264 1229 1293 Dixerunt
1249 1275 1308 1303 ergo
1323 1269 1366 1296 ei:
1383 1269 1446 1302 Quis
1470 1278 1496 1297 es
1507 1271 1520 1297 .’
1541 1276 1568 1298 ut
1581 1280 1728 1306 responsum
1752 1273 1839 1301 demus
1863 1274 1895 1302 iis

1102 1311 1146 1346 qui
1160 1312 1284 1339 miserunt
1304 1321 1360 1340 nos.
1377 1313 1446 1347 Quid
1467 1315 1529 1342 dicis
1554 1316 1585 1343 de
1608 1317 1710 1352 teipse?
1725 1317 1817 1346 Viden‘
1838 1319 1896 1346 illos

1102 1358 1209 1392 quidem
1226 1359 1357 1387 instantes
1372 1365 1398 1388 et
1413 1361 1614 1397 interrogantes,
1626 1371 1711 1398 ncqtte
1725 1364 1894 1398 desistentes;

1103 1402 1176 1431 illttm
1191 1411 1257 1432 vero
1270 1405 1409 1434 moderate
1428 1407 1501 1441 prius
1522 1409 1632 1436 remotis
1651 1408 1725 1436 falsis
1738 1410 1896 1444 suspicioni-

1102 1448 1163 1484 bus,
1177 1457 1267 1477 veram
1280 1452 1440 1479 sententiam
1451 1457 1622 1481 statuentem.
1637 1454 1701 1482 Nam
1714 1455 1750 1482 ait
1763 1464 1770 1482 :
1784 1455 1829 1483 25.
1842 1456 1896 1491 Ego

1102 1502 1151 1521 vox
1171 1494 1305 1524 clamantis
1328 1497 1355 1524 in
1378 1497 1494 1530 deserto;
1509 1504 1596 1534 parate
1616 1500 1681 1526 viam
1705 1499 1817 1534 Domini,
1832 1502 1895 1529 sicut

1102 1539 1166 1567 dixit
1178 1540 1261 1568 Isaias
1275 1543 1408 1578 propheta.
1418 1543 1483 1577 Quia
1497 1545 1568 1571 enim
1584 1553 1706 1580 magnum
1722 1552 1747 1574 et
1759 1548 1893 1576 excelsum

1102 1585 1236 1620 quidpiam
1250 1586 1284 1614 de
1295 1587 1401 1615 Christo
1415 1588 1539 1623 loquutus
1550 1595 1600 1623 est,
1618 1591 1721 1619 illorum
1733 1599 1762 1620 se
1777 1594 1894 1628 opinioni

1102 1635 1292 1666 attemperaus,
1304 1633 1337 1660 ad
1348 1634 1505 1669 prophetam
1520 1635 1608 1663 statim
1620 1637 1748 1673 confugit,
1764 1639 1825 1667 ltinc
1837 1648 1895 1668 ver.

1102 1675 1143 1703 his
1156 1677 1211 1705 suis
1227 1677 1306 1705 ﬁdem
1321 1680 1478 1708 concilians.
1494 1681 1538 1708 24.
1557 1681 1589 1709 Et
1601 1683 1643 1717 qui
1652 1683 1720 1710 missi
1732 1685 1842 1719 fuerant,
1856 1686 1895 1713 in-

1102 1722 1169 1756 quit,
1186 1726 1256 1750 erttnt
1271 1732 1302 1750 ea:
1316 1723 1455 1753 Phariswis
1468 1734 1478 1753 :
1491 1726 1536 1755 25.
1547 1731 1570 1755 et
1592 1728 1808 1764 interrogaverunt
1825 1740 1893 1763 eum,

1102 1772 1125 1794 et
1150 1768 1267 1795 dixerunt
1279 1769 1301 1796 ei
1316 1777 1325 1797 :
1340 1770 1409 1803 Quid
1423 1780 1481 1807 ergo
1496 1772 1624 1807 baptizas,
1639 1775 1661 1801 si
1675 1779 1702 1801 tu
1718 1784 1767 1802 non
1782 1785 1808 1804 es
1822 1777 1894 1804 Citri-

1102 1818 1173 1847 stus,
1187 1822 1266 1848 neque
1292 1813 1374 1848 Elius,
1388 1824 1467 1851 neque
1490 1819 1640 1853 propheta?
1656 1819 1749 1847 Viden'
1772 1829 1815 1849 me
1841 1830 1893 1850 non

1104 1863 1204 1887 temere
1218 1859 1329 1894 dixisse,
1346 1862 1418 1896 ipsos
1433 1871 1466 1890 eo
1481 1864 1605 1892 inducere
1618 1865 1691 1893 illum
1706 1868 1822 1896 voluisse
1835 1869 1846 1895 ζ’
1861 1869 1894 1897 Et

1104 1903 1178 1931 initio
1191 1905 1297 1940 quidem
1314 1906 1340 1934 id
1356 1915 1409 1935 non
1423 1908 1557 1942 dicebant,
1572 1917 1605 1938 ne
1617 1911 1652 1938 ab
1666 1913 1788 1941 omnibus
1802 1914 1893 1949 deprc~

1105 1950 1294 1978 lteuderentur.
1308 1952 1410 1981 Deinde
1430 1954 1490 1989 quia
1515 1955 1598 1988 dixit,
1615 1956 1675 1984 Non
1698 1967 1754 1985 sum
1769 1959 1892 1993 Christus,

1103 2004 1208 2024 ntrsum
1234 1997 1271 2025 illi
1286 2003 1315 2025 ut
1335 2007 1366 2026 ea
1387 2008 1447 2034 qute
1467 2001 1538 2030 intus
1553 2004 1772 2033 machinabantur
1787 2007 1895 2043 obtege-

1103 2048 1174 2077 rent,
1188 2044 1221 2071 ad
1244 2044 1329 2072 Eliam
1345 2047 1473 2081 veniunt,
1488 2052 1515 2076 et
1539 2049 1571 2076 ad
1597 2051 1770 2086 prophetam.
1783 2053 1816 2080 Ut
1832 2061 1894 2081 vero

1103 2088 1179 2122 dixit,
1195 2097 1224 2117 se
1237 2095 1360 2118 neutrum
1371 2100 1463 2120 eorum
1477 2101 1547 2127 esse,
1562 2095 1634 2124 dubii
1649 2097 1756 2125 demum
1771 2103 1796 2126 et
1809 2100 1892 2134 posita

1104 2134 1186 2169 larva,
1201 2141 1292 2171 aperte
1314 2137 1433 2166 dolosam
1448 2147 1522 2168 suam
1539 2147 1653 2171 mentem
1667 2144 1790 2180 detegunt
1804 2146 1894 2174 dit-en-

1105 2186 1144 2209 tes
1161 2192 1167 2210 :
1182 2182 1249 2215 Quid
1261 2192 1320 2219 ergo
1333 2185 1455 2219 baptizas,
1471 2187 1493 2213 si
1504 2192 1530 2214 tu
1543 2197 1594 2216 non
1605 2197 1631 2216 es
1644 2189 1756 2218 Christus
1767 2192 1780 2218 Ρ
1793 2192 1894 2220 Deinde

1103 2234 1208 2254 rursum
1221 2228 1334 2257 obscure
1347 2229 1496 2264 loquentes,
1505 2233 1572 2260 alios
1583 2233 1695 2268 addunt,
1704 2235 1787 2263 Eliam
1799 2245 1894 2272 nempe

1103 2277 1130 2300 et
1146 2272 1310 2308 prophetam.
1323 2274 1390 2308 Quia
1410 2277 1481 2303 enim
1499 2277 1650 2307 adulatione
1664 2280 1750 2315 ipsum
1765 2283 1894 2317 supplan-

1103 2322 1160 2346 tare
1174 2326 1226 2346 non
1240 2324 1400 2354 potuerant,
1415 2329 1557 2357 sperarunt
1579 2332 1609 2352 se
1631 2327 1800 2356 accusatione
1816 2336 1895 2363 posse

1103 2363 1177 2390 illum
1192 2372 1288 2400 cogere
1307 2367 1340 2393 ad
1357 2367 1383 2394 id
1405 2368 1439 2396 de
1459 2376 1488 2396 se
1509 2369 1702 2405 conﬁtendum,
1717 2373 1787 2409 quod
1802 2382 1894 2403 verum

1104 2415 1156 2436 non
1170 2415 1241 2437 esset
1255 2419 1261 2437 :
1275 2415 1302 2438 at
1321 2420 1373 2439 non
1391 2418 1545 2449 potuerunt.
1560 2416 1583 2444 0
1604 2418 1766 2447 amentiam!
1783 2427 1799 2447 ο
1820 2427 1895 2448 arro-

1102 2455 1219 2490 gantiam
1241 2461 1269 2483 et
1294 2457 1509 2493 intempestivam
1525 2462 1704 2492 curiositatem
1720 2465 1813 2493 l-Missi
1829 2467 1895 2494 estis

1103 2505 1133 2528 ut
1157 2501 1297 2531 disceretis
1317 2504 1352 2531 ab
1367 2512 1409 2538 eo,
1427 2505 1486 2541 quis
1500 2511 1527 2534 et
1547 2508 1616 2536 unde
1630 2514 1701 2537 esset
1724 2510 1799 2546 ipse;
1817 2520 1895 2540 num-

1103 2547 1166 2582 quid
1189 2548 1261 2584 leges
1283 2549 1333 2585 ipsi
1357 2553 1624 2586 prarscribelis'tlloc
1647 2557 1718 2585 enim
1742 2559 1894 2594 cogentium

1104 2598 1179 2627 erat,
1196 2598 1224 2621 ut
1238 2601 1268 2622 se
1288 2595 1422 2625 Christum
1438 2606 1498 2627 esse
1511 2601 1692 2631 conﬁteretur.
1707 2604 1830 2633 Attamen
1847 2614 1894 2633 ne-

1104 2647 1156 2674 que
1169 2648 1239 2667 nunc
1252 2641 1412 2676 indignatur,
1427 2652 1513 2680 neque
1527 2651 1554 2673 ut
1568 2654 1615 2681 par
1624 2655 1684 2676 esse
1697 2649 1836 2678 videbatur
1847 2651 1896 2678 ali-

1104 2684 1166 2719 quid
1179 2686 1278 2719 profert
1291 2687 1378 2715 simile
1393 2697 1400 2716 :
1415 2689 1455 2716 An
1471 2698 1518 2718 vos
1541 2692 1604 2719 mihi
1618 2694 1778 2728 prrecipitis,
1795 2695 1895 2731 legetu-

1104 2736 1156 2763 que
1183 2730 1318 2758 statuitis?
1351 2740 1442 2761 verum
1475 2737 1584 2764 multam
1609 2746 1714 2766 rursum
1739 2730 1896 2770 modestiam

1105 2774 1220 2803 exhibet.
1232 2776 1297 2804 Nam
1313 2778 1348 2806 ait
1372 2787 1379 2806 :
1401 2780 1446 2808 26.
1464 2780 1520 2816 Ego
1534 2783 1633 2817 quidem
1647 2785 1745 2820 baptizo
1760 2786 1786 2813 in
1805 2795 1871 2822 aqua
1882 2797 1891 2815 :

1109 2889 1121 2910 Γ
1137 2853 1179 2910 (ιῖῗι
1190 2857 1353 2912 cuneluntiinis
1364 2857 1521 2892 clauduntur,
1535 2861 1602 2893 lapsu
1614 2864 1784 2896 typographico
1801 2864 1899 2891 ᾱωιάμ

1122 2892 1151 2909 an
1181 2892 1192 2909 ι’
1205 2893 1318 2912 in.orc.

1122 2892 1192 2910 allllll'
1205 2893 1227 2910 lll
1239 2892 1318 2913 .‘lOl'CI-
