2040 3113
138 138 187 166 106

134 197 229 224 medius
243 199 324 221 autem
340 198 445 221 vestrum
460 197 518 225 stat,
535 199 605 226 quem
629 198 670 217 vos
690 189 799 216 nescitis.
814 187 858 214 9.7.
878 184 925 212 llic

134 248 170 269 est
181 241 223 277 qui
239 246 294 276 post
309 249 348 267 nte
361 244 477 266 uetttttrus
489 243 535 270 est,
552 238 594 273 qui
606 242 664 263 ante
680 245 719 263 me
729 238 810 271 factus
823 239 868 266 est,
882 241 927 259 m-

135 289 175 324 jns
189 296 238 314 non
252 295 308 313 sunt
321 286 413 321 dignus
424 289 451 311 ut
462 285 558 311 solvam
571 283 704 318 corrigiam
718 281 889 309 calceatneuti.

171 335 197 360 3.
214 334 319 360 Judwos
330 329 615 359 testimoniumJoannis
625 328 656 356 Β.
675 329 837 364 postulantes,
853 334 925 354 suam

137 380 186 414 ipsi
195 379 381 405 accttsationcm
398 374 565 411 postularunt.
581 388 617 393 —-
635 373 703 406 Quid
726 373 767 399 his
791 378 925 406 opponere

139 427 248 459 possunt
260 422 365 450 Jttdmi?
377 421 475 448 Contra
488 420 555 446 hanc
570 419 767 446 accusationem
782 425 816 444 ne
830 417 925 444 mutirc

138 469 244 504 quidem
259 471 381 502 possunt,
402 466 537 493 damnatio
548 465 618 492 nulla
630 463 705 491 venia
715 463 800 490 averti
816 466 903 496 potest
916 482 924 494 ,

140 514 187 548 ipsi
215 518 306 541 contra
333 513 433 546 seipsos
457 510 613 538 sententiam
637 509 760 536 tulerunt.
788 505 925 540 Quomodo

138 565 163 587 cl
174 567 224 595 qua
238 559 341 586 ratione
353 551 365 584 '.’
380 558 562 592 Fidedignum
577 556 703 592 putabant
714 563 773 582 esse
784 555 923 587 Joannem,

139 609 165 632 et
178 604 213 631 ita
228 611 360 634 veraccm.
379 607 406 629 ut
420 610 472 629 non
493 601 572 629 modo
586 608 646 628 eum
657 600 690 628 de
701 600 771 632 aliis,
784 599 831 627 sed
844 599 923 626 etiam

137 657 197 677 cum
212 650 246 677 de
261 650 350 684 scipso
364 649 563 680 testiﬁcaretur,
578 646 728 675 credendus
741 650 822 673 esset.
833 644 925 679 Neque

137 695 219 727 enim,
235 695 285 722 nisi
299 702 330 721 ea
342 695 451 721 inissent
464 694 598 729 opinioae,
612 693 748 720 misissent
758 691 802 726 qui
813 691 926 718 interro-

137 745 232 775 garent
257 740 330 767 illum
345 740 380 767 de
398 740 495 775 scipso.
511 740 591 768 Scitis
609 740 678 767 enim
694 746 742 766 nos
758 738 809 765 illis
824 741 924 764 tantum

136 786 169 813 de
179 786 276 820 seipsis
287 785 457 820 loquentibus
469 785 589 818 credere,
604 791 670 819 quos
680 783 797 811 omnium
808 782 924 810 veracis—

136 833 219 858 simos
235 838 296 858 esse
319 836 453 865 putamus.
475 830 566 865 Neque
589 829 652 856 illud
678 834 779 856 tantum
807 828 923 862 ipsorum

135 876 322 909 obstruitora,
337 875 385 903 scd
411 876 515 903 animus
539 883 645 910 quoque
667 882 720 910 quo
739 874 812 900 illum
838 872 923 900 adorti

135 927 208 950 sunt.
220 922 288 949 Cum
304 921 455 949 vehementi
471 929 584 956 namque
594 920 681 947 studio
694 920 779 954 ipsum
790 918 922 951 adierunt,

135 969 199 996 licet
210 974 300 1004 postea
317 968 409 995 mutati
427 968 493 996 sint.
521 968 584 1001 Qum
596 967 673 994 ambo
687 966 837 1001 significans
849 964 924 992 Citri-

137 1020 196 1042 stus
210 1014 313 1042 diccbat
325 1022 332 1041 :
347 1013 397 1041 Ille
410 1019 462 1040 erat
473 1013 575 1040 lucerna
586 1013 678 1039 ardens
689 1032 698 1046 ,
721 1016 744 1039 et
759 1019 800 1038 vos
813 1010 924 1037 voluistis

133 1061 169 1087 ad
189 1061 278 1087 harant
297 1060 420 1087 exsultare
434 1061 461 1086 itt
484 1060 539 1096 ejus
560 1060 615 1087 luce
637 1059 734 1095 (Joatt.
750 1059 776 1086 5.
791 1059 825 1085 55
847 1058 868 1093 ).
891 1058 923 1084 Et

134 1106 276 1141 responsio
294 1106 351 1141 ejus
374 1106 452 1133 Iidem
477 1106 526 1141 ipsi
542 1097 701 1133 conciliabat
714 1106 851 1139 majorem.
873 1104 923 1137 Qui

134 1152 201 1178 enim
213 1161 263 1179 non
273 1152 361 1188 quaztit
376 1151 482 1187 gloriam
493 1159 564 1177 suam
573 1171 581 1184 ,
596 1151 690 1185 inquit,
704 1159 779 1178 verna:
790 1155 836 1182 csl,
847 1155 870 1177 et
881 1150 922 1176 itt-

133 1197 232 1232 iustitia
242 1198 268 1224 in
283 1197 328 1224 illo
343 1205 392 1224 non
406 1202 440 1224 est
456 1196 465 1232 (
479 1195 548 1223 Ibid.
572 1198 599 1225 Ἰ.
615 1197 648 1224 18
660 1197 680 1232 ).
708 1196 756 1224 IIie
779 1203 844 1223 vero
870 1203 922 1222 non

133 1243 267 1278 qua-sivit,
283 1243 330 1270 scd
344 1243 377 1269 ad
391 1243 470 1269 alium
488 1243 559 1278 ipsos
570 1242 651 1269 misit.
667 1242 700 1270 Et
716 1242 759 1277 qui
775 1241 848 1268 missi
861 1241 919 1268 fue-

134 1293 194 1314 rant
207 1295 239 1315 ex
257 1287 308 1315 fide
323 1287 486 1322 dignioribus
500 1287 568 1322 apud
585 1288 656 1322 ipsos
679 1292 706 1315 et
728 1295 760 1314 cx
789 1285 922 1322 primariis

135 1333 198 1360 viris
208 1337 294 1366 erant,
304 1338 331 1360 ut
346 1333 417 1360 nulla
436 1333 499 1367 ipsis
512 1326 663 1367 superesset
673 1332 807 1360 excusatio
821 1336 865 1359 aut
878 1339 923 1359 ve-

135 1379 178 1405 nia
192 1378 262 1413 quod
277 1378 384 1406 Christo
394 1386 446 1405 non
460 1378 630 1406 crediderint.
652 1378 706 1405 Cur
718 1378 787 1405 enim
802 1385 855 1404 non
876 1377 923 1404 ob-

136 1424 305 1459 temperastis
317 1425 351 1451 iis
369 1432 428 1459 quae
438 1424 554 1452 Joannes
567 1424 601 1452 de
616 1425 661 1451 illo
675 1424 795 1451 dicebat?
806 1423 859 1450 Vos
870 1423 922 1450 mi-

134 1470 207 1497 sistis
223 1470 352 1504 printores
366 1476 482 1502 vestros,
510 1477 556 1497 vos
573 1470 690 1505 ipsorum
713 1477 793 1504 opera
808 1469 922 1497 interro-

135 1516 235 1549 gastis!
250 1523 297 1542 ros
319 1515 428 1542 audistis
441 1515 503 1550 quid
519 1515 634 1550 Baptista
649 1515 824 1549 responderit.
837 1514 922 1542 Omne

134 1561 262 1596 studium,
277 1569 384 1590 omnem
398 1561 562 1598 diligentiam
579 1562 616 1588 illi
627 1561 816 1594 adhibuerunt,
832 1561 921 1588 omnia

134 1609 244 1636 scrutati
257 1613 328 1642 sunt,
340 1615 486 1643 omnesque
497 1608 668 1644 protulerunt
681 1615 748 1642 qttos
763 1606 917 1642 suspicaba-

136 1655 222 1682 mini:
244 1660 271 1683 et
282 1660 369 1682 tamen
385 1655 501 1682 illecum
523 1655 645 1682 libertate
665 1661 759 1689 magna
782 1653 921 1681 confessus

135 1707 184 1732 est.
200 1709 230 1729 se
245 1709 294 1729 nec
304 1701 449 1735 Christum,
466 1709 515 1728 nec
531 1691 627 1734 Eiiam,
644 1708 695 1728 nec
720 1700 878 1735 prophetam
891 1700 922 1727 il-

135 1749 190 1776 lum
213 1756 284 1776 esse.
300 1747 392 1783 Neque
405 1747 456 1775 hoc
468 1752 621 1781 contentus,
640 1747 700 1782 quis
720 1747 776 1782 ipse
791 1751 862 1774 esset
874 1746 922 1774 do-

134 1794 198 1826 cuit,
214 1798 242 1821 et
259 1793 293 1821 de
308 1794 476 1829 baptismatis
501 1793 541 1820 sui
567 1797 660 1821 natura
682 1793 824 1826 disseruit,
851 1793 920 1828 quod

135 1848 231 1876 nempe
243 1840 367 1875 exiguum
379 1844 407 1868 et
424 1840 476 1868 vile
489 1844 570 1873 esset,
584 1843 611 1867 et
625 1843 722 1875 prteter
737 1847 833 1875 aquam
856 1840 921 1867 nihil

134 1886 249 1921 amplius
261 1886 370 1914 haberet
382 1907 389 1918 ,
401 1886 544 1914 ostendens
559 1886 766 1920 przccellentiam
781 1886 922 1920 baptisma-

135 1934 168 1961 tis
180 1940 194 1960 a
209 1932 318 1960 Christo
330 1932 395 1960 dati.
410 1932 523 1959 Protulit
532 1940 637 1967 quoque
650 1932 744 1959 Isaiam
759 1933 917 1967 prophetam

137 1979 182 2006 diu
196 1984 275 2006 antea
292 1978 489 2017 testificantem,
505 1978 578 2006 illum
594 1978 746 2010 Dominum,
770 1978 839 2005 hunc
864 1986 921 2005 scr-

134 2032 196 2052 sum
205 2029 232 2052 et
245 2025 394 2051 ministrum
407 2029 558 2051 vocantem.
573 2024 639 2058 Quid
650 2025 755 2051 domum
767 2024 922 2059 supererat?

133 2077 223 2096 annon
238 2073 266 2096 ut
276 2069 417 2096 crederent
432 2069 455 2096 ei
470 2069 503 2096 de
518 2077 570 2104 quo
584 2069 763 2096 testimonium
778 2069 920 2103 ferebatur,

135 2121 165 2143 ut
178 2115 322 2143 adorarent
334 2123 404 2148 eutn,
414 2120 440 2142 et
451 2115 642 2143 confiterentur
655 2115 737 2142 Deum
749 2116 760 2142 τ
773 2115 847 2150 Quod
872 2124 921 2143 au-

135 2165 190 2188 tem
207 2160 388 2187 testimonium
404 2167 456 2187 non
470 2167 502 2187 ex
518 2160 679 2192 adulatione,
695 2160 742 2187 sed
764 2169 795 2188 ex
813 2161 923 2188 veritate

136 2205 304 2241 procederet,
327 2205 352 2231 id
374 2209 401 2232 et
424 2212 514 2232 mores
529 2209 556 2232 et
571 2205 736 2240 philosophia
759 2206 923 2233 tcslilicantis

135 2251 324 2278 ostendebant.
341 2250 405 2278 Inde
416 2258 480 2278 vero
503 2251 590 2286 palam
614 2251 638 2278 id
655 2256 722 2283 erat,
747 2252 818 2287 quod
845 2260 923 2279 nemo

136 2297 286 2332 proximum
298 2295 347 2324 sibi
357 2296 491 2331 prmferat,
504 2305 589 2332 neque
600 2297 620 2324 si
637 2297 719 2332 possit
733 2297 861 2325 honorem
873 2298 923 2325 sibi

135 2343 293 2375 conciliare,
307 2343 384 2370 alteri
400 2343 473 2370 illum
496 2343 571 2370 cedat
584 2364 592 2376 ,
620 2351 679 2370 cum
702 2344 816 2370 maxime
837 2348 924 2372 tantus

137 2393 208 2416 esset
223 2389 320 2415 honor.
338 2388 428 2423 Itaque
449 2388 582 2422 Joannes,
606 2389 657 2415 nisi
683 2389 803 2416 Christus
832 2389 925 2418 fuisset

139 2435 217 2467 Deus,
232 2441 375 2469 numquam
400 2434 452 2462 hoc
474 2434 653 2461 testimonium
679 2434 841 2468 protulisset.
858 2434 923 2461 Nam

137 2480 159 2506 si
175 2480 247 2507 hunc
261 2480 402 2513 horrerent,
417 2485 508 2515 utpote
524 2485 643 2507 naturam
661 2489 736 2508 suam
756 2481 834 2516 longe
847 2489 926 2508 exsu-

140 2530 291 2560 perantem,
316 2526 350 2553 ab
365 2533 393 2553 se
406 2527 522 2561 repulit:
535 2532 607 2554 certe
618 2535 670 2554 non
681 2527 725 2554 alii
739 2532 841 2554 natura:
855 2527 924 2555 infc-

137 2572 202 2599 riori
227 2572 303 2599 illum
330 2572 475 2600 tribuisset.
506 2572 605 2600 Medius
623 2578 706 2600 autem
729 2579 837 2601 vestrum
856 2579 924 2608 stat,

138 2626 211 2652 quem
233 2626 277 2645 vos
299 2618 409 2645 nescitis.
423 2618 479 2645 Hoc
496 2618 571 2650 dixit,
585 2620 644 2653 quia
658 2619 713 2652 ille,
737 2624 763 2646 ut
780 2628 827 2655 par
849 2625 906 2648 erat
918 2641 925 2652 ,

138 2664 213 2698 quasi
231 2670 301 2690 unus
311 2670 326 2691 e
341 2663 417 2691 turba
430 2664 527 2698 populo
547 2663 753 2698 admiscebatur,
778 2670 868 2700 utpote
882 2666 926 2700 qui

140 2710 238 2744 ubique
253 2713 281 2736 et
295 2709 379 2737 fastus
402 2714 428 2736 et
453 2717 558 2745 pompa“.
581 2715 763 2746 contemptum
792 2711 926 2738 edoceret.

140 2755 326 2789 Cognitionem
357 2759 447 2782 autem
472 2754 516 2782 hic
535 2755 599 2782 dicit
622 2756 766 2790 perfectam
787 2756 907 2783 no.itiam
920 2777 926 2789 ,

139 2808 236 2835 nempe
252 2800 315 2835 quis
327 2805 418 2834 esset,
439 2799 508 2827 unde
531 2800 659 2827 venisset.
677 2800 743 2827 Illud
764 2809 826 2828 vero
838 2822 844 2833 ,
867 2801 929 2829 Pott

139 2855 176 2873 mc
187 2853 310 2874 venturus
331 2852 379 2880 est,
397 2854 467 2881 saepe
480 2847 586 2882 posuit,
601 2853 632 2874 ac
646 2847 667 2874 si
682 2847 783 2874 diceret
796 2856 802 2874 :
827 2847 864 2875 Ne
879 2856 927 2883 pu-

669 132 701 159 IN
719 129 883 159 J0.-\NNEM.
905 126 1017 155 IIOMIL.
1042 129 1107 157 XVI.
1128 133 1152 159 aI
1183 133 1240 160 XV.

1715 131 1765 160 I06

981 188 1041 216 tetis
1057 194 1137 216 totum
1150 191 1175 218 in
1191 192 1346 226 baptismate
1367 200 1428 220 meo
1444 191 1544 228 perﬁci.
1560 190 1586 219 Si
1609 191 1659 218 hoc
1675 193 1762 225 perle-

978 239 1049 261 ctum
1065 240 1146 269 esset,
1161 245 1213 264 non
1236 237 1302 265 alius
1315 243 1375 273 post
1387 246 1430 266 me
1441 238 1554 271 veniret,
1569 236 1680 264 alterum
1695 235 1762 262 a‘Ia-
1776 246 1786 291 ί

977 285 1070 313 turus:
1097 282 1143 309 sed
1164 282 1215 310 hoc
1227 283 1259 310 ad
1282 284 1346 311 illud
1369 289 1410 312 est
1434 285 1592 319 prmparatio
1625 281 1759 317 qumdatn.

977 327 1074 355 Nostra
1100 333 1161 356 sunt
1175 329 1267 357 umbra
1280 335 1306 357 et
1319 331 1422 366 imago;
1443 331 1521 358 alium
1537 330 1629 358 venire
1642 332 1760 364 oportet,

976 374 1020 409 qui
1033 375 1170 402 veritatem
1195 375 1296 403 afferat.
1313 377 1404 410 Itaque
1425 377 1487 404 illud
1501 398 1508 409 ,
1533 376 1596 403 Post
1612 384 1650 403 me
1668 375 1760 405 venirt,

976 421 1032 456 ejus
1047 421 1203 456 dignitatem
1219 423 1332 450 maxime
1347 422 1472 450 ostendit.
1486 422 1552 449 Nam
1568 422 1590 449 si
1606 421 1657 448 hoc
1671 420 1757 456 perfe-

975 471 1046 494 ctum
1060 472 1140 501 esset,
1154 476 1205 495 non
1221 468 1367 496 secundum
1383 473 1555 504 quaereretur,
1578 467 1641 494 Ante
1657 475 1696 494 me
1710 467 1752 502 [a-

976 519 1031 542 ctus
1051 520 1101 548 eal;
1125 516 1175 543 hoc
1197 521 1234 544 est
1252 537 1259 549 ,
1288 524 1331 544 me
1352 516 1533 543 honorabilior
1550 519 1576 542 et
1586 515 1681 541 clarior
1708 517 1758 539 est.

976 560 1077 588 Deinde
1097 569 1130 588 ne
1145 566 1270 596 putarent
1290 561 1495 597 pratcellcntiam
1517 567 1550 586 ex
1563 558 1760 593 comparatione

976 605 1097 640 indicari,
1118 611 1146 634 ut
1162 607 1260 634 nullam
1286 614 1345 634 esse
1370 605 1596 641 comparationem
1623 603 1758 634 declaret,

975 651 1066 687 adjicit
1080 662 1087 679 :
1100 651 1179 688 Cujus
1193 661 1242 679 non
1257 661 1311 679 sum
1325 652 1416 687 dignus
1430 650 1524 678 solvere
1543 648 1676 684 corrigiam
1685 656 1695 680 ;
1710 646 1761 674 hoc

975 702 1035 730 est,
1049 698 1105 726 Non
1121 699 1205 726 solum
1218 703 1279 726 ante
1295 707 1336 725 mc
1352 698 1435 725 factus
1457 701 1517 730 est,
1536 695 1582 722 sed
1598 695 1633 722 ita
1648 700 1690 721 res
1706 697 1759 724 est,

976 748 1005 771 ut
1021 751 1055 772 ne
1067 744 1173 779 quidem
1185 745 1254 772 inter
1275 745 1380 772 ultimos
1394 744 1452 778 ejus
1478 742 1589 770 famulos
1612 738 1760 773 computari

975 798 1096 823 merear;
1120 791 1329 818 calceamcntum
1345 791 1442 825 quippe
1461 789 1583 820 solvere,
1609 790 1757 813 extremum

976 834 1152 862 ministerium
1169 840 1220 863 est.
1250 835 1324 870 Quod
1348 836 1370 863 si
1392 835 1507 862 Joannes
1530 840 1582 860 non
1597 835 1639 858 est
1664 830 1760 864 dignus

975 880 1019 914 qui
1035 880 1174 915 corrigiam
1186 881 1283 914 solvat,
1300 881 1416 908 Joannes
1427 887 1480 915 quo
1492 878 1580 905 nullus
1591 876 1675 911 major
1690 875 1760 901 intt'r

975 929 1051 953 natos
1066 926 1204 953 mulierum
1228 926 1313 962 (Luc.
1327 927 1352 953 7.
1367 926 1410 953 28.
1432 926 1525 952 Matth.
1550 923 1593 951 11.
1617 921 1669 957 tl)
1685 929 1692 947 :
1707 926 1760 954 quo

974 980 1023 999 nos
1039 973 1086 1007 ipsi
1099 973 1156 999 loco
1167 972 1315 1006 ponemus?
1328 971 1354 999 Si
1366 972 1386 998 is
1394 971 1436 1007 qui
1445 969 1503 998 orbi
1517 970 1637 1005 thualis,
1652 968 1705 996 imo
1714 967 1759 993 illo

973 1019 1058 1053 major
1070 1023 1126 1045 erat
1140 1019 1146 1034 ‘
1160 1018 1169 1054 (
1183 1018 1304 1051 Quarum,
1320 1017 1419 1052 inquit,
1444 1016 1534 1051 dignus
1549 1024 1600 1043 non
1617 1020 1670 1042 erat
1684 1023 1756 1041 mutt-

973 1064 1020 1090 dus
1039 1062 1135 1099 [Ηυὺν.
1155 1064 1197 1090 II.
1213 1062 1258 1100 58]
1271 1062 1290 1097 ),
1316 1070 1345 1090 se
1361 1062 1495 1097 indignum
1509 1069 1567 1089 esse
1582 1061 1618 1087 ait
1631 1061 1674 1095 qui
1691 1060 1760 1086 inter

974 1109 1082 1137 ultimos
1102 1109 1160 1145 ejus
1180 1109 1315 1137 ministros
1329 1113 1517 1143 computetur:
1534 1107 1596 1143 quid
1614 1114 1663 1135 nos
1685 1106 1758 1134 dice-

973 1162 1043 1188 mus,
1059 1156 1102 1190 qui
1115 1155 1189 1182 malis
1205 1155 1352 1182 innumeris
1365 1155 1452 1181 onusti
1474 1161 1581 1185 sumus,
1597 1153 1641 1188 qui
1657 1156 1758 1180 tantum

974 1201 1103 1228 distamus
1122 1209 1137 1229 a
1164 1201 1273 1229 Joannis
1292 1201 1391 1228 virtute
1406 1221 1413 1234 ,
1437 1205 1564 1235 quantum
1584 1203 1654 1226 terra
1678 1197 1758 1225 distat

974 1254 988 1274 a
1001 1247 1090 1274 caelo?

1010 1294 1036 1321 4.
1063 1293 1110 1320 llic
1124 1300 1188 1328 ergo
1198 1300 1227 1320 se
1238 1293 1373 1328 indignum
1391 1299 1449 1319 esse
1464 1292 1499 1319 ait
1513 1291 1558 1327 qui
1572 1291 1658 1319 solvat
1671 1291 1755 1318 corri-

973 1340 1042 1374 giam
1055 1340 1236 1367 calceamenti.
1250 1339 1351 1367 Inimici
1367 1345 1454 1367 autem
1469 1339 1587 1366 veritatis
1608 1339 1634 1365 in
1659 1343 1757 1366 tantam

974 1391 1152 1421 prorumpunt
1171 1387 1320 1419 insaniant,
1338 1391 1367 1413 ut
1382 1386 1471 1413 dicant
1486 1393 1514 1413 se
1528 1393 1606 1413 nosse
1620 1385 1693 1412 illum
1706 1406 1713 1417 ,
1729 1388 1757 1412 ιιι

974 1432 1030 1467 ipse
1042 1439 1071 1459 se
1083 1432 1164 1459 novit.
1179 1432 1234 1465 Qua
1252 1432 1366 1459 amentia
1384 1431 1446 1466 quid
1460 1431 1600 1458 deterius?
1614 1438 1665 1466 qua
1680 1438 1756 1458 arro-

973 1478 1061 1513 gantia
1073 1478 1134 1512 quid
1149 1477 1298 1505 furiosius?
1320 1477 1392 1505 Bene
1405 1477 1471 1505 dixit
1491 1478 1599 1512 sapiens
1626 1476 1731 1512 qttidam
1750 1485 1756 1504 :

974 1522 1133 1557 Principium
1144 1523 1267 1557 superbiat
1290 1531 1339 1549 nou
1361 1530 1433 1549 nosse
1455 1522 1591 1549 Dominum
1605 1521 1697 1556 (Etcli.
1713 1521 1755 1548 I0.

973 1568 1035 1605 14).
1050 1569 1107 1596 Non
1121 1569 1241 1604 dcjectus
1256 1576 1304 1596 nec
1316 1569 1439 1596 diabolus
1453 1567 1562 1595 cIl‘ectus
1585 1568 1678 1595 fuisset
1700 1567 1755 1594 dia<

972 1616 1050 1643 holus
1061 1615 1114 1648 ille,
1129 1616 1173 1651 qui
1186 1620 1247 1643 ante
1261 1615 1382 1642 diabolus
1403 1622 1455 1642 non
1469 1618 1535 1646 erat,
1554 1614 1603 1641 nisi
1615 1613 1666 1641 hoc
1687 1621 1758 1640 inor-

971 1663 1006 1690 bo
1020 1668 1113 1697 eaptus
1125 1662 1228 1690 fuisset.
1243 1662 1299 1689 lloc
1309 1662 1381 1689 illum
1395 1669 1409 1688 a
1424 1661 1533 1697 pristina
1545 1659 1639 1687 ﬁducia
1649 1659 1756 1694 dejorit,

973 1709 1023 1736 hoc
1036 1709 1061 1735 in
1072 1708 1220 1744 gehennam
1246 1707 1362 1739 demisit,
1391 1707 1441 1734 hoc
1464 1706 1512 1741 ipsi
1541 1710 1619 1741 caput
1640 1705 1756 1733 omnium

972 1755 1103 1782 malorum
1119 1753 1178 1781 fuit.
1194 1753 1250 1780 Iloe
1260 1754 1357 1789 quippe
1368 1753 1459 1780 vitium
1481 1759 1587 1779 onmem
1610 1751 1691 1778 animi
1706 1750 1758 1777 vir-

973 1805 1054 1828 tutem
1069 1799 1221 1834 labefactat,
1245 1800 1443 1835 eleemosyuam
1467 1805 1573 1833 nempe,
1597 1797 1755 1828 oratioricm,

970 1847 1111 1882 jejunium,
1123 1845 1225 1881 quidvis
1238 1845 1320 1873 aliud.
1336 1845 1470 1872 Excelsum
1491 1844 1518 1871 itt
1545 1843 1696 1876 hominibus,
1718 1842 1757 1869 in-

972 1894 1039 1929 quit,
1051 1893 1179 1928 imput'um
1191 1896 1227 1920 est
1240 1892 1309 1927 apud
1324 1891 1470 1917 Dominum.

1009 1938 1135 1973 Superbia
1149 1938 1217 1965 omni
1231 1938 1289 1964 vitio
1312 1937 1392 1972 pejor.
1414 1935 1498 1963 Homo
1520 1944 1641 1971 arrogans
1662 1935 1752 1961 acriter

973 1985 1142 2020 retlarguitur.
1156 1983 1249 2011 —Nou
1265 1983 1403 2011 fornicatio
1415 1984 1494 2018 igitur
1505 2003 1513 2016 ,
1531 1990 1582 2009 non
1598 1981 1757 2009 adulterium

974 2035 1074 2059 tantum
1089 2031 1222 2058 hominem
1241 2029 1353 2065 polluit,
1377 2029 1424 2057 sed
1440 2030 1518 2056 etiam
1532 2033 1558 2056 et
1576 2028 1660 2056 multo
1675 2028 1757 2062 magis

973 2077 1106 2112 superbia.
1124 2076 1230 2110 Quare?
1245 2076 1374 2109 Quoniam
1397 2075 1537 2102 fornicatio
1552 2074 1614 2101 licet
1626 2074 1702 2101 venia
1718 2075 1757 2100 in-

973 2125 1052 2160 digna
1075 2124 1108 2151 sit
1120 2144 1128 2156 ,
1143 2129 1229 2158 potest
1252 2129 1339 2150 tamen
1354 2123 1413 2158 quis
1430 2121 1670 2156 concupiscentiam
1687 2127 1757 2155 pra:-

975 2169 1084 2197 tendere
1100 2178 1107 2197 :
1121 2168 1272 2204 arrogantia
1286 2175 1348 2195 vero
1362 2167 1460 2195 nullatn
1477 2166 1554 2194 habet
1571 2173 1690 2197 causam,
1705 2173 1757 2192 non

973 2218 1132 2248 obtentum,
1157 2223 1209 2250 quo
1233 2215 1272 2242 vel
1293 2215 1377 2243 venite
1397 2215 1518 2242 umbram
1539 2217 1694 2241 mereatur:
1713 2213 1758 2240 sed

975 2263 1042 2290 nihil
1054 2262 1126 2290 aliud
1140 2266 1182 2290 est
1194 2269 1272 2297 quam
1288 2263 1384 2289 mentis
1396 2260 1501 2288 eversio
1512 2280 1519 2293 ,
1535 2259 1642 2287 morbus
1656 2259 1759 2294 gravis-

975 2308 1058 2336 simus
1072 2316 1104 2336 ex
1120 2316 1170 2334 una
1183 2307 1333 2342 insipientia
1353 2311 1437 2334 orttts.
1454 2306 1524 2333 Nihil
1536 2306 1608 2332 enim
1632 2304 1759 2338 insipien-

975 2354 1028 2381 tius
1042 2358 1182 2389 at-rngaute
1204 2353 1311 2381 homine
1322 2375 1330 2387 ,
1344 2354 1395 2381 etsi
1412 2353 1630 2388 opulentissimus
1644 2352 1695 2385 sit,
1709 2351 1760 2378 etsi

976 2404 1085 2426 externa
1101 2399 1144 2426 illa
1157 2399 1285 2433 sapientia
1299 2398 1440 2426 admodum
1455 2399 1607 2430 instructus,
1624 2401 1761 2432 quantum-

976 2446 1016 2473 vis
1031 2451 1133 2480 potens,
1157 2445 1261 2473 etiamsi
1282 2452 1312 2472 ea
1328 2445 1415 2472 omnia
1437 2452 1498 2479 quae
1512 2443 1663 2471 hominibus
1682 2450 1761 2477 expc-

978 2490 1055 2518 tenda
1069 2490 1192 2518 videntur
1205 2490 1334 2518 obtineat.
1348 2489 1413 2517 Nam
1427 2489 1449 2516 si
1463 2489 1485 2515 is
1497 2490 1542 2524 qui
1553 2489 1588 2516 de
1602 2489 1671 2516 veris
1685 2488 1760 2515 bonis

976 2536 1104 2571 saperbit,
1117 2536 1206 2563 infelix
1216 2543 1247 2563 ac
1259 2536 1349 2568 miser,
1362 2534 1480 2561 omnium
1494 2533 1598 2561 illorum
1611 2533 1761 2560 mercedem

977 2584 1098 2615 amittat;
1113 2583 1157 2618 qui
1171 2583 1204 2610 de
1219 2581 1251 2609 iis
1270 2590 1328 2617 qua:
1351 2581 1415 2608 nihil
1430 2585 1491 2608 sunt
1511 2579 1655 2613 extollitur,
1670 2579 1715 2615 qui
1729 2587 1760 2606 es

979 2630 1070 2656 umbra
1083 2633 1110 2656 et
1132 2629 1193 2655 finiti
1208 2628 1282 2662 IIore,
1299 2628 1324 2655 id
1337 2629 1408 2655 enim
1427 2631 1466 2654 est
1482 2627 1567 2653 inanis
1587 2626 1669 2661 gloria
1680 2646 1688 2659 ,
1702 2633 1762 2653 sese

980 2676 1068 2708 inflat,
1084 2675 1216 2710 quomodo
1229 2683 1282 2702 non
1303 2675 1420 2702 euntium
1445 2674 1560 2701 maxime
1574 2672 1702 2700 ridiculus
1714 2673 1746 2700 sit
1756 2693 1763 2704 .

980 2731 1040 2751 cum
1057 2723 1168 2758 idipsum
1189 2727 1249 2757 agat
1272 2721 1341 2757 quod
1364 2728 1463 2756 pauper
1482 2725 1510 2748 et
1537 2718 1693 2753 mendicus,
1718 2719 1763 2754 qui

1013 2792 1021 2807 ι
1039 2794 1095 2819 Qua:
1107 2790 1167 2814 intra
1179 2788 1340 2819 parentheses
1356 2787 1519 2819 includuntur,
1529 2786 1602 2819 aliter
1611 2785 1731 2819 habentur
1740 2786 1763 2819 in

981 2816 1064 2845 Morel.
1076 2839 1083 2848 ,
1107 2816 1196 2850 nempe
1209 2826 1215 2842 :
1230 2817 1318 2843 Paulus
1337 2817 1409 2848 enim,
1420 2818 1453 2850 de
1471 2817 1544 2848 justi!
1561 2817 1657 2849 loquens
1670 2834 1678 2847 ,
1696 2816 1764 2845 dicit,

988 2856 1109 2881 «Quorum
1121 2848 1206 2881 digitus
1222 2855 1266 2873 non
1283 2852 1334 2874 erat
1351 2848 1460 2874 mundus.
1479 2857 1491 2870 ι
