2040 3113
271 118 320 146 107

270 185 377 213 semper
400 176 557 210 famelicus,
572 175 595 202 si
616 175 698 202 semel
723 173 812 200 laetum
827 173 959 200 somnium
981 175 1061 200 noctu

274 224 388 256 viderit,
404 223 464 250 ideo
476 220 629 257 glorietur?
641 219 733 247 Infelix
751 224 778 246 et
789 220 870 247 miser
879 240 886 253 ,
896 219 959 247 dum
972 219 1059 246 anima

273 273 317 296 tua
331 267 489 302 gravissimo
499 265 594 294 morbo
605 265 796 301 corrumpitur,
810 270 929 293 extrema
943 273 1058 301 pauper-

270 318 324 340 tate
339 313 478 344 laborans,
498 311 582 338 altum
607 311 699 347 sapis,
723 311 794 346 quod
818 316 858 338 tot
879 311 977 338 talenta
1001 310 1059 339 auri

271 358 379 389 habeas,
392 360 457 392 quot
474 363 616 385 servorum
631 356 753 384 turbamt
770 356 866 384 Verum
880 356 938 384 hzcc
950 364 1002 384 non
1016 361 1059 384 tua

268 408 340 431 sunt.
352 403 380 430 Si
391 402 455 430 mihi
469 410 521 431 non
534 403 633 436 credis,
645 403 758 431 aliorum
772 403 883 430 divitum
894 403 1059 438 experientia

267 449 295 477 id
308 448 407 476 edisee.
419 448 466 476 Sin
489 448 524 476 ita
545 448 636 476 ebrius
651 456 690 482 es,
705 453 735 476 ut
754 448 906 484 hujusmodi
930 449 1059 483 exemplis

268 503 323 523 non
338 495 484 523 instituaris
495 516 502 528 ,
518 496 656 531 paululum
675 499 800 530 exspecta
812 516 820 527 ,
835 499 863 522 et
875 495 1059 530 experimento

270 546 315 570 tuo
330 541 445 572 edisces,
457 541 523 569 nihil
537 542 598 568 hinc
609 541 655 568 tibi
668 541 788 568 utilitatis
800 540 939 574 accedere,
953 540 1059 576 quando

268 587 384 614 animam
399 585 506 620 efﬂans,
522 594 571 614 nec
583 586 657 614 horae
675 594 725 614 nec
736 586 864 614 momenti
879 587 957 614 unius
971 586 1058 614 domi-

268 640 319 659 nus
330 653 338 666 ,
353 632 411 660 hzec
425 632 523 659 invitus
534 632 710 667 praesentibus
724 631 857 666 relinques
869 652 876 664 ,
890 632 975 667 iisque
987 639 1059 667 smpe

266 678 363 712 quibus
378 677 474 705 nolles.
490 677 579 704 Multis
592 677 662 704 enim
677 684 727 704 nec
741 676 775 704 de
795 677 826 704 iis
839 676 982 712 disponere
997 684 1058 712 per-

267 724 378 751 missum
395 723 456 756 fuit,
472 722 519 750 sed
546 727 655 757 repente
680 722 846 757 migrarunt,
867 722 929 750 dum
955 722 987 750 iis
1005 721 1057 749 frui

266 771 408 804 optarent,
425 775 474 795 nec
488 775 644 796 concessum
659 768 712 795 illis
727 773 783 802 est,
797 767 843 795 sed
864 768 989 796 abstracti
1003 789 1010 802 ,
1026 776 1057 796 ac

267 823 314 850 per
328 815 379 843 vim
393 814 498 841 abducti
511 835 518 847 ,
534 814 593 841 aliis
603 834 610 846 ,
623 814 718 848 quibus
743 813 852 841 minime
867 814 991 841 volebant
1001 835 1008 848 ,
1023 822 1056 842 ea

265 861 439 895 reliquerunt.
450 859 525 893 Quod
542 867 575 887 ne
595 859 671 887 nobis
693 859 811 891 accidat,
829 858 890 886 hinc
903 859 958 894 jam
970 880 978 893 ,
991 859 1054 887 dum

266 914 314 941 per
323 906 502 934 valetudinem
515 906 586 938 licet,
598 905 735 932 mittamus
745 905 772 932 in
783 905 916 932 civitatem
927 909 1055 932 nostram.

266 952 314 979 lllo
327 952 397 979 enim
411 955 511 978 tantum
527 951 606 978 modo
622 950 664 977 his
680 949 731 977 frui
745 949 909 984 poterimus,
924 949 990 977 alias
1003 950 1052 977 ini-

652 116 681 144 S.
701 115 839 144 JOANNIS
857 112 1091 143 CHRYSOSTOMI
1111 112 1268 141 ARCIIIEP.
1289 113 1555 143 CONSTANTINOP.

1856 119 1906 147 {GI

1116 171 1187 198 nime
1202 179 1208 197 :
1222 171 1262 199 sic
1283 172 1308 199 in
1333 172 1495 200 tutissimum
1519 173 1607 201 locum
1633 175 1819 205 recondemus.
1837 177 1905 205 Nihil

1114 218 1201 250 enim,
1230 218 1296 245 nihil
1321 219 1412 254 utique
1438 224 1525 255 potest
1551 228 1581 247 ea
1609 221 1688 249 istinc
1708 223 1829 256 auferre,
1853 231 1905 252 non

1113 270 1184 291 mors
1194 284 1201 296 ,
1216 272 1268 291 non
1287 269 1444 292 testamenta
1455 286 1462 299 ,
1488 273 1540 293 non
1555 266 1734 295 hereditatum
1753 270 1906 304 successio,

1112 316 1166 336 non
1181 310 1363 345 sycophantiae
1377 311 1418 339 vel
1441 311 1545 340 insidia:
1559 321 1566 345 ;
1581 313 1626 341 scd
1641 314 1685 349 qui
1700 313 1762 342 hinc
1787 315 1908 344 abscedit

1112 354 1195 382 multa
1210 363 1300 383 secum
1325 355 1429 390 ferens,
1446 357 1478 385 iis
1491 363 1617 393 perpetuo
1632 359 1744 387 fruetur.
1758 361 1824 394 Quis
1843 369 1908 397 ergo

1112 402 1151 429 sic
1163 402 1247 430 miser
1260 407 1317 436 est,
1331 404 1375 438 qni
1397 405 1462 432 nolit
1483 413 1544 432 cum
1565 407 1685 440 pecuniis
1699 408 1755 435 suis
1775 413 1905 436 aeternum

1111 446 1248 475 deliciari?
1265 446 1467 478 Transferamus
1490 458 1554 486 ergo
1575 450 1683 480 divitias
1704 457 1811 481 nostras
1824 475 1832 487 ,
1853 455 1907 483 illic

1112 494 1288 530 deponamus.
1313 494 1370 524 Non
1392 497 1469 526 nobis
1491 506 1557 534 opus
1579 499 1631 528 erit
1656 501 1756 534 asinis,
1778 503 1906 537 camelis,

1111 540 1249 574 curribus,
1274 549 1327 569 non
1352 543 1464 572 navibus
1487 544 1520 571 ad
1544 545 1601 573 haec
1624 547 1819 575 lrunsvchenda
1836 558 1842 575 :
1859 549 1908 577 hac

1111 585 1267 614 difﬁcultate
1280 595 1329 616 nos
1341 589 1438 624 eripuit
1456 588 1542 624 Deus;
1564 590 1611 618 sed
1625 599 1693 626 opus
1709 597 1809 622 tantum
1824 594 1907 622 habe-

1110 638 1170 658 mus
1184 632 1345 667 pauperibus
1358 654 1364 666 ,
1380 634 1482 662 claudis
1495 655 1502 669 ,
1517 634 1611 670 caecis,
1635 637 1759 666 inﬁrmis.
1788 640 1832 667 llis
1847 641 1906 668 talis

1110 678 1286 712 comportatio
1298 678 1456 708 demandata
1467 685 1508 708 est
1521 690 1527 708 :
1543 682 1569 709 hi
1581 683 1708 717 pecunias
1723 687 1906 714 transmittunt

1110 722 1137 750 in
1148 725 1259 758 emtum;
1275 725 1302 753 lii
1316 726 1407 754 talium
1425 735 1595 762 posscsmres
1608 738 1688 764 opum
1703 731 1729 758 in
1742 737 1904 760 atternorum

1110 768 1286 799 hereditatem
1308 772 1440 801 bonorum
1462 775 1630 809 perducunt;
1649 785 1728 812 quam
1750 787 1798 806 nos
1812 787 1906 808 omnes

1109 817 1215 851 assequi
1231 818 1366 853 contingat
1381 820 1465 854 gratia
1480 826 1507 848 et
1521 821 1684 856 benignitate
1701 823 1805 852 Domini
1819 827 1903 854 nostri

1109 860 1173 889 Jesu
1193 861 1308 896 Christi,
1334 872 1383 899 per
1399 873 1479 901 quem
1503 871 1530 894 et
1554 875 1614 894 cum
1628 876 1681 903 quo
1706 869 1777 897 Patri
1798 871 1882 906 gloria
1895 892 1903 904 ,

1107 913 1160 934 una
1181 915 1241 935 eum
1255 909 1355 944 Spiritu
1372 916 1478 945 sancto,
1495 921 1565 941 nunc
1585 919 1613 942 et
1631 923 1739 951 semper
1750 938 1758 951 ,
1775 923 1801 945 et
1815 918 1842 945 in
1855 926 1907 946 sa:-

1109 951 1168 979 cula
1183 954 1352 982 saeculorum.
1368 957 1463 984 Amen.

926 1055 1099 1088 HOMILIA
1121 1057 1222 1091 XVII.

269 1131 314 1158 28.
336 1130 396 1157 11αϊ
410 1130 480 1165 facta
496 1135 554 1157 sunt
567 1130 592 1156 in
606 1129 746 1156 Betlmnia'
763 1134 832 1156 trans
845 1128 984 1156 Iordanem
994 1150 1002 1162 ,
1018 1129 1060 1156 ubi

301 1182 356 1203 erat
370 1175 483 1202 Joannes
499 1176 638 1211 buplizans.
660 1175 706 1203 29.
722 1175 809 1202 Altera
831 1179 916 1201 autem
939 1174 981 1201 die
994 1175 1059 1201 videt

304 1221 393 1248 Jesum
405 1222 542 1248 uenientem
554 1221 587 1248 ad
599 1230 635 1252 se,
648 1227 671 1248 et
682 1221 717 1248 ait
729 1228 738 1248 :
752 1220 818 1248 Ecce
832 1228 912 1256 agnus
927 1219 990 1253 Dei,
1005 1228 1060 1248 ecce

301 1269 344 1304 qui
359 1268 423 1295 tollit
439 1273 541 1303 peccata
554 1267 652 1295 nmndi.

306 1315 332 1342 1.
353 1314 475 1349 Magnum
498 1314 596 1341 bonum
620 1313 714 1341 liducia
738 1318 765 1341 et
783 1312 908 1348 loquendi
932 1313 1057 1346 libertas,

270 1360 412 1394 omniaque
433 1359 531 1386 Citriin
551 1358 712 1386 confessioni
739 1362 919 1393 postponere;
942 1357 977 1385 ita
1003 1364 1059 1384 ma-

268 1412 349 1439 gnum
364 1409 391 1432 et
403 1404 535 1436 mirabile,
550 1408 578 1431 ut
593 1404 676 1431 Filius
688 1403 734 1431 Dei
750 1403 902 1438 unigenitus
918 1403 996 1430 talem
1008 1403 1058 1430 ho-

271 1450 370 1478 minem
384 1457 474 1477 coram
494 1449 572 1477 Patre
597 1449 723 1484 prmdicct
739 1458 746 1476 :
761 1450 811 1477 etsi
825 1457 877 1477 non
898 1449 1007 1485 mqnalis
1020 1450 1056 1478 sit

269 1503 381 1523 merces.
398 1496 436 1523 Tu
450 1495 521 1523 enim
536 1495 673 1523 conﬁteris
687 1495 712 1522 in
731 1500 819 1528 terra;
836 1495 879 1523 ille
894 1503 958 1523 vero
972 1496 1057 1523 conli-

268 1546 337 1569 tctttr
349 1541 375 1568 in
390 1542 462 1569 cm’lis
476 1550 482 1567 :
494 1546 521 1569 tu
535 1541 686 1569 hominibus
699 1541 892 1576 prmsentihus;
908 1541 952 1569 ille
967 1548 1057 1568 coram

268 1588 346 1615 i‘atrc
365 1592 392 1615 et
413 1587 514 1622 angelis
535 1587 669 1614 omnibus.
692 1586 765 1614 Talis
778 1591 836 1614 erat
850 1586 967 1614 Joannes
983 1594 990 1613 :
1005 1594 1058 1614 non

268 1633 474 1667 multitudinem,
490 1641 542 1661 non
557 1634 683 1668 gloriam,
700 1641 752 1660 non
768 1633 838 1660 aliud
852 1633 958 1668 quidvis
973 1633 1059 1668 respi-

267 1679 368 1711 ciebat;
384 1678 431 1706 sed
447 1679 504 1705 haec
517 1679 606 1706 omnia
629 1678 767 1711 calcabat,
782 1682 810 1705 et
825 1685 885 1705 cum
900 1685 930 1705 ea
945 1685 996 1713 qua
1010 1685 1058 1712 par

267 1729 324 1751 erat
334 1723 458 1751 libertate
472 1731 531 1758 qua:
540 1724 637 1751 Christi
653 1729 728 1750 erant
743 1723 868 1750 omnibus
883 1723 1056 1758 przedicabal.

268 1769 328 1796 Ideo
342 1770 428 1796 locum
442 1768 538 1796 indicat
553 1769 728 1804 evangelista,
745 1772 773 1796 ut
787 1769 947 1796 vocalissimi
960 1776 1058 1803 prteco-

267 1816 308 1842 nis
326 1815 448 1842 ﬁduciam
464 1815 628 1842 ostenderet.
650 1814 707 1841 Non
719 1814 807 1847 domi,
830 1822 881 1841 non
898 1814 923 1841 in
941 1815 1055 1849 angulo,

271 1869 323 1888 non
351 1861 376 1888 in
401 1860 509 1888 deserto
531 1861 552 1892 ’,
579 1860 624 1886 sed
638 1859 670 1887 ad
683 1859 826 1887 Jordanem
843 1860 867 1887 in
883 1860 971 1887 medio
988 1860 1057 1886 mul-

267 1907 397 1939 titndinis,
411 1906 640 1942 przescntibusqne
657 1906 780 1933 omnibus
791 1906 835 1940 qui
848 1906 883 1933 ab
897 1906 954 1941 ipso
969 1905 1057 1940 bapti-

266 1953 394 1979 zabantur
409 1952 540 1985 (aderant
551 1952 622 1979 enim
641 1951 725 1979 Judaei
737 1952 757 1986 ),
772 1951 920 1978 mirabilem
937 1951 1007 1978 illam
1023 1951 1057 1980 de

266 1997 374 2025 Christo
384 1992 540 2034 praedicavit
555 1997 751 2025 confessionem
767 1997 936 2030 sublimibus,
953 1998 1056 2032 magnis

264 2044 420 2079 arcanisque
435 2043 539 2078 plenam
555 2043 723 2078 dogmatibus
733 2064 739 2075 ,
755 2043 825 2078 quod
843 2051 896 2070 non
911 2048 982 2070 esset
999 2043 1056 2078 ipse

264 2091 360 2127 dignus
373 2090 416 2125 qui
430 2090 571 2125 corrigiam
583 2090 758 2117 calceamenti
773 2089 830 2124 cjns
843 2090 968 2116 solveret.
984 2090 1056 2122 Quo-

264 2137 344 2164 modo
359 2141 447 2164 autem
469 2136 494 2163 id
508 2136 579 2170 agit?
596 2136 641 2163 llis
656 2143 752 2170 nempe
766 2135 855 2162 verbis
868 2145 874 2162 :
890 2135 951 2162 "a'c
965 2136 990 2162 in
1008 2135 1055 2162 Be-

265 2183 353 2209 thania
366 2185 433 2217 facta
448 2187 516 2208 sunt.
539 2183 709 2209 Acenraliora
726 2186 815 2208 autem
831 2182 991 2216 exemplaria
1006 2181 1054 2208 lla-

265 2229 344 2260 bcnt,
361 2227 392 2254 In
418 2227 570 2254 Bel/tabam.
596 2227 661 2254 Nam
684 2227 812 2254 Bethania
837 2235 888 2253 non
913 2232 954 2253 est
983 2232 1055 2254 trans

263 2274 418 2307 Jordnncm,
431 2280 517 2308 neque
531 2274 555 2300 in
571 2273 688 2304 deserto,
698 2273 744 2300 sed
757 2281 837 2308 prope
848 2273 1052 2308 Jcrosolymam.

264 2320 333 2346 Lora
359 2324 447 2346 autem
478 2319 528 2345 alia
553 2319 633 2346 etiam
657 2318 691 2346 de
722 2326 801 2346 causa
823 2318 963 2353 signiﬁcat.
987 2319 1052 2346 Cum

262 2366 333 2392 enim
348 2373 392 2392 res
406 2372 457 2391 non
471 2365 593 2399 antiquas
603 2385 609 2397 ,
631 2364 678 2391 sed
693 2373 752 2399 qnze
768 2365 846 2398 paulo
860 2369 920 2392 ante
935 2366 1053 2400 contige-

262 2416 341 2444 rant,
357 2415 512 2437 narraturns
527 2414 616 2442 esset,
631 2410 690 2437 illos
705 2410 748 2444 qui
764 2410 875 2437 aderant
891 2415 917 2437 et
933 2410 1054 2438 viderant

261 2456 391 2483 dictorum
416 2459 498 2482 testes
522 2454 653 2488 advocat,
668 2462 754 2489 exque
780 2455 845 2482 locis
872 2456 1052 2482 testimonium

261 2503 366 2536 accipit.
384 2501 450 2529 Cum
466 2500 537 2528 enim
561 2501 655 2528 ﬁderet
678 2509 708 2528 se
730 2500 794 2528 nihil
811 2501 913 2528 veritati
938 2502 1051 2534 addere,

260 2550 306 2577 sed
320 2557 349 2577 ea
363 2556 422 2584 ane
434 2552 507 2583 gesta
522 2548 627 2575 fuerant
636 2555 699 2575 vere
710 2551 735 2574 et
750 2548 905 2582 simpliciter
915 2556 1050 2581 enarrare,

260 2603 273 2622 a
290 2596 348 2623 loco
363 2594 545 2621 testimonium
568 2594 680 2628 accipit,
697 2600 756 2628 qua:
772 2602 823 2621 non
847 2594 922 2626 levis,
939 2598 967 2621 nt
980 2594 1050 2626 dixi,

292 2681 300 2696 ι
319 2680 398 2711 Aliqui
420 2679 507 2710 legunt
518 2696 525 2708 ,
543 2678 568 2704 in
594 2679 724 2704 Bel/tubam
738 2686 748 2705 :
768 2680 803 2705 sic
819 2680 842 2704 in
859 2680 1051 2705 accuratiorilms

260 2709 447 2742 exi-uipliiribus
458 2710 557 2741 legitur,
570 2711 646 2742 inquit
663 2711 723 2742 infra
740 2711 935 2742 Chrysostonms,
949 2712 989 2742 qui
1008 2711 1050 2735 ad-

259 2742 293 2766 dit
310 2742 449 2766 Bethaniam
467 2748 514 2773 non
532 2741 741 2766 traus'Jordancm
760 2741 815 2766 esSe.
827 2760 833 2771 ,
851 2742 894 2766 sed
912 2741 987 2773 prope
1008 2745 1049 2765 Je-

259 2772 411 2803 i‘OaOIylllﬂm.
435 2772 532 2801 Quidam
551 2776 633 2803 putant
651 2773 720 2797 aliam
743 2773 782 2797 hic
799 2773 936 2797 Bethaniam
957 2772 1048 2798 inemo-

258 2803 378 2834 rari,qn:e
394 2803 423 2826 sit
437 2807 502 2827 trans
512 2803 646 2827 Jortiani-m.

291 2835 300 2849 '
319 2834 388 2862 lllud,
402 2841 446 2858 non
458 2842 481 2860 »ιι
501 2837 601 2863 (male,
616 2835 686 2859 [ιρι-ει
699 2835 721 2858 in
735 2833 851 2866 llurimis.

1113 1130 1199 1159 futura
1219 1137 1277 1160 erat
1297 1134 1416 1162 veritatis
1436 1123 1639 1166 demonstratio.
1658 1138 1745 1167 Altera
1764 1146 1846 1169 autent
1865 1143 1907 1170 die

1111 1176 1172 1203 vidit
1181 1177 1293 1206 Joannes
1307 1178 1395 1207 Ictum
1405 1183 1540 1210 venientem
1551 1184 1585 1210 ad
1594 1193 1634 1218 se,
1649 1189 1672 1212 et
1683 1187 1719 1213 ait
1730 1195 1740 1214 :
1751 1186 1816 1215 Ecce
1824 1197 1905 1224 agnus

1112 1221 1176 1254 Dei,
1191 1223 1234 1257 qui
1249 1223 1324 1270 tollit,
1335 1231 1436 1260 peccata
1455 1229 1552 1255 mundi.
1567 1229 1765 1260 Distrihnerunt
1786 1221 1905 1270 tempora

1113 1268 1283 1303 evangelista!
1297 1279 1302 1296 :
1316 1268 1455 1300 Mallhaeus
1475 1279 1593 1309 tempora
1609 1283 1668 1311 qua:
1687 1277 1797 1306 Joannis
1816 1268 1906 1315 Bapti-

1113 1318 1162 1342 sta:
1180 1315 1284 1343 vincula
1306 1324 1501 1351 prmccsserunt
1526 1320 1643 1349 breviter
1656 1327 1856 1360 transcurrens,
1871 1327 1905 1354 ad

1115 1362 1254 1396 sequentia
1270 1368 1415 1398 properat;
1435 1364 1553 1394 Joannes
1568 1372 1656 1395 autem
1672 1371 1835 1406 evangelista
1850 1380 1903 1400 non

1115 1407 1195 1434 modo
1217 1407 1275 1436 haec
1300 1417 1352 1436 non
1376 1410 1493 1439 breviter
1518 1415 1714 1448 przctereurrit,
1737 1417 1784 1444 sed
1812 1417 1838 1444 in
1863 1418 1904 1446 his

1114 1453 1228 1481 maxime
1244 1453 1410 1483 immoratur.
1426 1457 1482 1490 Ille,
1498 1464 1638 1495 postquam
1651 1462 1723 1489 venit
1735 1462 1813 1491 Jesus
1827 1471 1843 1491 e
1855 1463 1904 1492 de-

1111 1506 1193 1534 serto,
1209 1501 1374 1530 intermediis
1384 1503 1506 1538 0miSsiS;
1519 1506 1593 1533 verbi
1608 1508 1704 1542 gratia,
1717 1517 1776 1543 qua:
1787 1509 1904 1538 Joannes

1110 1546 1234 1581 loquutus
1248 1553 1305 1581 est,
1319 1556 1379 1584 qua:
1403 1550 1538 1578 mittentes
1561 1551 1646 1580 Judaei
1668 1553 1806 1587 dixerunt;
1821 1560 1902 1584 caete-

1111 1591 1202 1627 risque
1217 1594 1305 1622 missis
1318 1595 1453 1629 omnibus,
1469 1597 1558 1624 statim
1574 1599 1679 1626 transiit
1692 1600 1725 1627 ad
1742 1608 1877 1629 carcerem
1890 1610 1898 1629 :

1110 1636 1174 1664 Cum
1208 1639 1336 1673 audisset,
1366 1640 1466 1676 inquit,
1488 1642 1579 1675 Jews,
1603 1643 1673 1678 quod
1696 1645 1807 1673 traditus
1833 1651 1903 1675 essu

1110 1683 1236 1717 Joannes,
1250 1686 1350 1713 secessit
1365 1686 1422 1715 inde
1435 1687 1445 1723 (
1459 1687 1551 1715 Matth.
1571 1689 1614 1716 Η.
1633 1690 1693 1724 l5).
1710 1690 1828 1719 Joannes
1839 1700 1902 1721 vero

1111 1738 1164 1757 nou
1179 1731 1232 1764 sic,
1248 1731 1294 1759 sed
1309 1733 1499 1767 profectionem
1515 1735 1540 1762 in
1554 1735 1690 1764 desertum
1704 1739 1795 1771 tacuit,
1811 1743 1902 1774 utpote

1109 1776 1260 1804 aMalthreo
1283 1783 1425 1813 narratam;
1440 1787 1472 1807 ea
1493 1788 1556 1808 vero
1578 1789 1637 1816 qure
1659 1787 1720 1818 post
1743 1783 1900 1813 descensum

1110 1828 1142 1848 ex
1163 1827 1253 1849 monte
1265 1829 1339 1858 gesta
1364 1830 1426 1852 sunt
1447 1827 1580 1858 narravit,
1594 1832 1621 1854 et
1643 1828 1725 1855 multa
1742 1834 1902 1864 prmtercur—

1110 1875 1172 1895 reus
1184 1868 1275 1904 adjicit
1289 1877 1295 1894 :
1311 1869 1434 1897 Nondum
1449 1872 1513 1898 enim
1531 1873 1621 1900 missus
1645 1874 1727 1909 fuerat
1749 1875 1862 1903 Joannes
1876 1877 1901 1904 in

1109 1922 1234 1942 carcerem
1249 1915 1338 1950 (Joan.
1360 1917 1386 1944 5.
1401 1917 1457 1953 24).
1473 1918 1504 1946 Et
1519 1927 1584 1952 cur,
1602 1919 1723 1955 inquies,
1741 1929 1811 1950 nunc
1823 1922 1901 1951 Jesus

1109 1959 1182 1986 venit
1195 1960 1228 1987 ad
1239 1960 1368 1989 Joannem
1379 1970 1430 1990 non
1443 1965 1535 1998 semel,
1550 1965 1596 1992 sed
1612 1966 1669 1993 bis?
1684 1966 1749 1995 Nam
1763 1968 1900 1996 Matthaeus

1109 2006 1215 2040 quidem
1231 2009 1384 2036 necessario
1405 2009 1478 2036 illmn
1498 2010 1531 2037 ad
1555 2011 1685 2046 baptisma
1702 2014 1806 2041 Venisse
1821 2015 1898 2048 dicit;

1109 2052 1134 2079 id
1145 2053 1214 2088 quod
1229 2055 1371 2082 ostendens
1385 2056 1461 2083 Jesns
1475 2057 1580 2091 adjicit:
1593 2057 1638 2085 Sic
1653 2058 1721 2086 decet
1735 2068 1779 2086 nos
1794 2060 1897 2095 implere

1108 2107 1206 2126 omnem
1217 2100 1343 2134 justitiam
1359 2102 1465 2136 (illati/1.
1477 2104 1502 2130 3.
1516 2104 1547 2131 15
1563 2103 1583 2138 ).
1594 2104 1711 2132 Joannes
1726 2112 1789 2133 vero
1804 2107 1899 2134 iterum

1109 2145 1213 2172 venisse
1223 2146 1296 2173 illum
1307 2147 1372 2174 dicit
1384 2153 1442 2182 pest
1454 2149 1603 2183 baptisma;
1619 2150 1644 2177 id
1656 2151 1724 2185 quod
1735 2152 1821 2186 palam
1839 2153 1900 2180 facit

1109 2191 1150 2219 his
1175 2193 1261 2220 verbis
1278 2202 1284 2219 :
1299 2193 1353 2229 Ego
1381 2195 1432 2220 vidi
1456 2195 1581 2229 Spiritum
1612 2197 1801 2225 descendenlem
1827 2199 1901 2231 quasi

1108 2237 1249 2264 columbum
1260 2259 1267 2271 ,
1283 2244 1306 2265 et
1320 2245 1458 2266 manentem
1473 2249 1548 2275 super
1561 2250 1616 2268 eum
1631 2242 1720 2276 (Joau.
1733 2243 1758 2270 1.
1774 2243 1830 2278 3'2).
1847 2245 1900 2271 Cur

1107 2289 1170 2317 ergo
1181 2283 1252 2310 venit
1266 2284 1297 2310 ad
1308 2283 1453 2312 Joannem?
1467 2285 1524 2313 Non
1536 2286 1615 2314 modo
1630 2287 1700 2314 enim
1718 2288 1785 2314 venit
1795 2289 1859 2321 ,scd
1873 2294 1900 2316 et

1107 2327 1179 2354 iiillll]
1195 2328 1269 2355 adiit.
1284 2329 1347 2356 Cum
1365 2331 1457 2357 veniret
1468 2352 1475 2364 ,
1493 2332 1594 2366 inquit,
1617 2333 1652 2358 ad
1666 2342 1731 2365 emn,
1750 2334 1810 2360 vidit
1825 2343 1894 2361 eum.

1105 2374 1159 2401 Cur
1174 2382 1237 2410 ergo
1249 2377 1340 2403 venit?
1356 2377 1422 2411 Quia
1441 2377 1485 2404 ille
1499 2377 1584 2411 ipsmn
1597 2385 1657 2406 cum
1673 2379 1762 2406 mulus
1777 2380 1898 2414 baptiza-

1106 2420 1152 2452 vit,
1167 2421 1201 2446 ita
1217 2425 1244 2448 ut
1260 2429 1338 2448 nemo
1354 2423 1533 2456 suspicaretur
1549 2423 1634 2458 ipsum
1645 2424 1739 2451 eadem
1755 2424 1788 2452 de
1802 2433 1894 2459 causa,

1106 2473 1155 2499 qua
1169 2466 1212 2492 alii
1226 2487 1233 2498 ,
1249 2466 1281 2493 ad
1296 2467 1424 2494 Joannem
1448 2469 1594 2496 accessisse
1605 2489 1611 2500 ,
1629 2475 1654 2496 ut
1671 2470 1773 2497 scilicet
1787 2476 1895 2505 peccata

1105 2512 1285 2544 conﬁteretur,
1298 2517 1324 2540 et
1335 2513 1360 2540 in
1375 2514 1556 2548 paenitentiam
1569 2514 1720 2543 ablueretur
1734 2517 1759 2543 in
1776 2517 1895 2544 ﬂumine.
1916 2512 1924 2533 ‘-

1096 2556 1165 2583 ‘ldeo
1179 2558 1290 2590 accedit,
1308 2559 1373 2585 dans
1395 2557 1488 2587 Joanni
1510 2561 1608 2592 locum,
1624 2566 1650 2588 ut
1665 2561 1744 2588 talem
1758 2569 1893 2590 amoveret

1104 2603 1293 2637 suspicionem.
1315 2604 1380 2631 Nam
1402 2613 1463 2632 cum
1488 2605 1571 2637 dicit,
1592 2606 1655 2633 Ecce
1676 2615 1757 2642 agnus
1774 2606 1838 2641 Dei,
1853 2609 1896 2642 qni

1104 2649 1168 2675 tollit
1185 2654 1313 2683 percolunt
1328 2651 1432 2683 mundi,
1451 2656 1532 2678 totam
1554 2651 1624 2678 illam
1641 2652 1749 2686 depellit
1765 2653 1897 2688 suspicio-

1104 2702 1174 2721 nem.
1198 2695 1247 2727 Qui
1275 2696 1345 2722 cnim
1371 2696 1405 2723 ita
1432 2705 1512 2731 purus
1529 2702 1586 2728 est,
1611 2702 1638 2724 ut
1658 2698 1770 2725 aliorum
1788 2704 1896 2733 peccata

1103 2739 1187 2773 possit
1201 2739 1311 2766 abluere
1321 2761 1327 2771 ,
1346 2741 1367 2766 is
1380 2761 1387 2772 ,
1402 2747 1429 2768 ut
1446 2742 1531 2776 palam
1545 2746 1596 2773 est,
1615 2750 1666 2769 non
1681 2747 1709 2769 ut
1722 2748 1830 2778 peccata
1847 2751 1896 2771 sua

1102 2785 1260 2812 conﬁteatur
1274 2786 1391 2819 accedit,
1415 2787 1461 2814 sed
1487 2791 1513 2814 ut
1536 2787 1694 2815 admirando
1718 2789 1753 2815 illi
1779 2790 1899 2823 pra-coni.

1104 2830 1272 2858 occasionum
1293 2831 1430 2868 pnebcat,
1451 2837 1480 2861 ut
1505 2833 1621 2861 secunda
1638 2834 1803 2869 repetitaque
1829 2840 1894 2863 Voce
