2040 3113
169 102 219 130 Ιῧο

168 167 226 195 qua:
240 158 313 194 prius
326 157 396 193 dicta
420 156 526 183 fuerant
542 156 567 182 in
590 155 752 182 audientium
768 153 864 181 animis
879 153 957 180 altius

167 206 400 240 imprimerentur,
415 203 521 238 aliaque
544 209 648 229 rursum
679 200 869 235 adjicerentur.
893 199 959 227 Illuo

167 257 273 283 autem,
291 250 355 277 Ecce
363 262 376 282 ,-
394 249 494 276 dictum
514 253 573 279 est.
597 248 658 282 qttia
682 246 757 273 multi
772 253 843 282 sepe
855 253 888 273 ex
904 245 957 280 jam

167 298 244 325 dictis
256 300 284 325 et
303 304 318 324 a
338 296 422 323 multo
443 299 562 329 tempore
584 293 741 328 quaerebant
754 300 826 319 eum.
844 291 959 326 Ideoque

168 349 326 379 pra-sentem
346 343 418 369 illum
433 340 550 369 ostendit
571 347 603 368 ac
616 340 699 372 dicit,
716 339 798 371 Ecce;
813 337 958 365 ostendens

167 391 241 418 illuni
258 390 346 425 ipsum
361 395 421 416 esse
436 388 479 422 qui
502 388 557 421 jam
572 386 634 413 olim
657 385 836 421 quaerebatur.
859 384 907 411 llic
920 387 961 410 est

167 442 262 470 agnus.
279 436 384 470 Agnum
398 438 487 460 autem
502 437 598 465 vocat,
619 432 646 459 in
670 435 788 458 mentem
805 430 957 457 Judazorunt

167 487 297 509 revocans
322 479 488 515 prophetiam
513 477 588 505 Isaiae
601 498 608 510 ,
627 484 731 504 necnon
746 476 868 503 umbram
883 474 956 502 illatn

167 527 266 562 Moysis
290 529 409 560 tempore
421 545 428 557 ,
443 528 472 551 ut
491 531 538 558 per
551 523 662 559 figuram
691 522 751 549 illos
763 521 847 555 magis
862 520 894 547 ad
908 527 955 547 ve-

167 573 273 600 ritatem
287 571 444 599 adduceret.
456 570 505 597 Ille
520 569 627 605 quidem
646 576 730 603 agnus
753 567 851 595 nullius
868 573 960 601 pecca-

167 622 224 644 tum
238 617 361 651 aecepit;
375 615 419 643 hic
434 619 523 642 autem
540 615 621 642 totius
634 614 706 641 orbis
721 618 851 640 terrarum
867 618 961 646 peceao

168 670 202 691 ta.
229 663 430 691 Periclitantem
451 662 550 696 quippe
575 659 704 687 mundum
727 659 780 685 cito
799 658 833 685 ab
849 658 888 685 ira
912 656 959 684 Dei

167 709 275 743 eripuit.
291 708 336 735 50.
359 707 410 734 llic
430 711 466 734 est
487 706 518 733 de
531 713 581 740 qua
596 704 667 738 dixi,
687 703 737 737 Qui
752 707 808 738 post
821 710 861 729 me
875 701 939 729 venit
951 721 958 734 ,

166 759 227 781 ante
244 761 285 781 me
298 754 380 788 factus
395 756 443 779 est.

201 801 231 828 2.
250 798 345 826 Viden'
364 796 447 824 etiam
476 794 522 821 hic
549 800 604 828 quo
632 795 714 827 pacto
740 797 834 818 vocem
868 789 952 822 illam,

170 847 250 878 Ante,
263 840 480 878 interpretatur?
504 839 570 866 Nam
584 845 646 865 cum
663 838 778 865 dixisset
799 843 910 871 agnum,
927 839 954 862 et

167 888 253 922 ipsum
266 887 358 914 tollere
371 890 508 921 peccatum
521 885 624 918 mundi,
641 890 704 912 tunc
719 884 755 910 ait
767 904 774 917 ,
789 883 853 910 Ante
864 890 903 909 me
917 883 957 917 fa-

166 938 221 960 ctm
231 938 286 965 est;
300 932 443 960 ostendens
453 931 529 965 illud,
544 932 618 964 Ante,
633 930 671 958 sic
686 928 871 964 explicandum
887 935 957 961 esse,

166 978 237 1013 quod
261 978 334 1006 tollat
357 981 465 1012 peccata
481 976 583 1009 mundi,
604 975 674 1011 quod
690 975 804 1009 baptizet
819 974 844 1000 in
859 973 959 1008 Spiritu

165 1027 269 1050 sancto.
283 1022 418 1050 Adventus
430 1022 529 1057 quippe
540 1028 614 1048 meus
626 1020 689 1047 nihil
704 1020 762 1055 plus
776 1019 866 1046 habuit
879 1026 957 1053 quam

165 1068 238 1104 quod
258 1076 424 1096 communem
445 1067 518 1095 orbis
532 1065 729 1094 benefactorem
741 1063 957 1099 prmdicaverim,

164 1121 192 1142 et
206 1115 275 1150 quod
289 1115 447 1150 baptismum
468 1121 543 1149 aqua:
566 1112 794 1143 ministraverim;
815 1111 894 1145 hujus
909 1117 958 1137 att-

165 1165 220 1188 tem
235 1160 364 1188 adventus
379 1167 447 1195 opus
459 1159 520 1187 illud
531 1163 581 1192 est,
591 1166 705 1194 purgare
720 1158 840 1184 homines
852 1163 957 1189 omnes,

165 1206 296 1234 I’aracleti
307 1206 490 1241 operationem
506 1205 606 1240 largiri.
619 1204 667 1231 Hic
680 1203 744 1230 Ante
758 1211 798 1230 me
812 1203 893 1237 [actus
902 1206 959 1234 est;

164 1254 190 1281 id
204 1259 253 1286 est,
269 1261 312 1280 me
324 1252 421 1280 clarior
435 1251 566 1287 apparuit,
582 1251 647 1283 Qtu‘a
662 1250 731 1285 prior
752 1258 790 1276 tne
812 1253 874 1276 erat.
892 1248 958 1276 Eru-

163 1298 273 1325 bescant
298 1299 313 1324 ii
340 1298 383 1332 qui
400 1297 472 1324 Pauli
497 1296 663 1323 Samosateni
685 1295 805 1323 insanum
839 1301 957 1321 errorem

163 1352 306 1378 suscrpere
321 1344 369 1379 (ιι),
380 1343 423 1379 qui
436 1348 487 1370 tam
505 1347 624 1378 apertam
639 1345 792 1376 oppugnant
806 1340 956 1368 veritatem.

163 1392 208 1419 51.
226 1391 257 1418 Ει
267 1400 312 1427 ego
328 1391 464 1418 nesciebant
477 1399 542 1417 eum.
559 1389 624 1416 Vide
634 1396 687 1424 quo
701 1392 777 1422 pacto
790 1394 895 1414 omnetn
907 1386 958 1413 ltoc

163 1437 317 1464 testimonio
331 1435 435 1463 auferat
457 1435 646 1469 suspicionem,
664 1432 809 1460 ostendens
824 1431 888 1458 illud
904 1439 956 1459 non

162 1484 321 1510 cxhumana
333 1482 415 1517 gratia
430 1486 457 1508 et
479 1481 605 1513 amicitia,
630 1479 677 1507 sed
697 1487 729 1507 ex
745 1478 833 1505 divina
858 1478 958 1504 revela-

163 1528 236 1556 tione
250 1527 391 1563 proﬁcisci.
409 1527 464 1562 Ego
475 1527 616 1554 nesciebant
631 1533 696 1557 eum,
711 1524 805 1559 inquit.
818 1522 957 1556 Quomodo

161 1583 227 1610 ergo
245 1575 296 1602 iide
306 1574 401 1609 dignus
415 1572 491 1600 testis
506 1571 610 1599 fueris?
633 1570 767 1606 quomodo
788 1570 853 1596 alios
876 1569 957 1596 doce-

161 1622 215 1653 bis,
232 1621 253 1648 si
269 1621 323 1655 ipse
336 1620 461 1654 ignores?
477 1618 534 1645 Non
559 1617 636 1648 dixit,
652 1617 710 1644 Non
724 1616 784 1643 novi
796 1615 881 1648 illum,
898 1614 955 1646 sed,

162 1666 312 1694 Nesciebam
324 1674 399 1698 eum;
416 1665 451 1692 ita
474 1669 502 1692 ut
517 1664 579 1691 hinc
602 1663 718 1690 maxime
732 1661 785 1689 Iide
799 1661 894 1696 dignus
909 1668 956 1696 ap-

161 1718 264 1748 pareat.
279 1712 338 1746 Quo
363 1717 439 1746 pacto
453 1711 523 1738 enim
539 1711 564 1737 in
579 1709 636 1744 ejus
650 1709 774 1744 gratiam,
790 1715 868 1743 qttem
883 1707 957 1741 igno-

161 1759 257 1790 rabat,
274 1758 397 1793 loqttntus
414 1756 509 1783 fuerit?
530 1755 583 1782 Sed
596 1759 622 1782 ut
634 1753 807 1788 munifestctur
821 1753 846 1779 in
862 1752 954 1785 Israel,

160 1804 219 1830 ideo
240 1804 294 1830 veni
307 1802 436 1837 baptizatus
459 1802 484 1828 in
504 1809 579 1836 aqua.
594 1799 650 1827 Non
665 1807 728 1834 ergo
741 1799 785 1826 ille
799 1798 957 1833 baptismate

161 1857 231 1883 opus
244 1848 373 1881 habebat;
402 1848 494 1882 neque
515 1846 566 1873 alia
586 1846 620 1873 de
640 1852 718 1873 causa
740 1844 874 1871 lavacrum
892 1843 955 1870 illud

161 1899 287 1930 paratttm
300 1893 394 1925 fuerat,
413 1899 490 1928 quam
512 1896 542 1919 ut
556 1890 679 1918 omnibus
701 1889 734 1916 ad
757 1888 853 1916 Christi
877 1887 955 1914 ﬁdem

161 1941 233 1968 viam
247 1944 388 1967 sterneret.
403 1938 461 1966 Non
474 1938 544 1966 enim
560 1937 637 1970 dixit,
653 1935 689 1964 Ut
707 1935 855 1970 baptizatos
877 1942 956 1969 puros

162 1986 284 2019 reddam,
298 1992 394 2020 neque,
405 1984 570 2019 Baptizatum
592 1982 663 2015 veni,
679 1985 708 2008 tit
720 1989 734 2007 a
751 1980 867 2015 peccatis
888 1979 955 2006 libe-

163 2039 241 2064 rem;
265 2031 323 2064 sed,
353 2030 388 2058 Ut
413 2029 584 2064 manifestetur
607 2028 634 2055 iu
658 2027 750 2054 Israel.
775 2026 842 2060 Quid
866 2025 955 2058 enim,

161 2083 254 2111 quaeso
265 2075 276 2103 ?
286 2084 318 2103 an
335 2076 393 2103 sitte
413 2074 571 2109 baptismate
593 2080 644 2100 non
659 2073 756 2100 licebat
772 2071 916 2106 praedicare
930 2075 958 2098 et

162 2123 289 2158 populum
301 2121 452 2149 attrahere?
465 2121 560 2148 Verum
574 2127 627 2147 non
644 2119 669 2146 id
687 2119 721 2146 ita
738 2118 815 2158 facile
831 2117 889 2144 ﬁeri
906 2126 954 2152 po-

163 2168 264 2194 terat‘.
280 2166 370 2201 Neque
385 2166 456 2193 enim
475 2165 510 2192 ita
522 2165 720 2193 concurrissent
735 2155 838 2195 omnes,
852 2163 874 2189 si
889 2170 956 2196 prte-

163 2213 262 2241 dimtio
280 2213 338 2240 sine
365 2211 522 2246 baptismate
547 2210 657 2242 fuisset;
683 2216 732 2236 nec
759 2208 957 2243 comparatione

162 2259 231 2286 facta
242 2259 300 2293 ejus
312 2257 539 2292 praeeminentiam
551 2255 732 2283 edidicisscnt.
745 2252 879 2289 Siquidem
890 2252 956 2279 mul-

163 2306 249 2334 titudo
263 2306 363 2338 exibat,
379 2312 432 2331 non
447 2307 475 2330 ut
487 2311 545 2338 qua:
564 2302 670 2329 dicebat
685 2301 788 2328 audiret
805 2309 811 2326 :
830 2299 876 2326 sed
890 2299 956 2325 cur?

162 2352 198 2380 Ut
223 2352 381 2378 conﬁtentes
407 2353 514 2385 peccata
540 2348 749 2383 baptizarentur.
777 2345 956 2373 Adrenientes

161 2402 250 2424 autem
262 2404 320 2431 qme
335 2395 368 2422 ad
381 2395 517 2422 Christum
529 2393 686 2428 spectabant
701 2391 874 2423 docebantur,
891 2397 955 2417 nec-

161 2451 215 2470 non
238 2442 361 2477 baptismi
385 2439 572 2468 ditl‘erentiam.
600 2438 649 2466 Hic
671 2438 741 2465 enim
767 2441 824 2464 erat
845 2435 956 2463 Judaico

162 2489 350 2524 praestantior;
374 2487 486 2521 ideoque
508 2492 601 2512 omnes
622 2483 817 2512 occurrebant:
839 2487 955 2508 attamen

160 2535 205 2562 hic
218 2534 366 2569 baptismus
381 2531 553 2567 imperfectus
564 2535 629 2558 erat.
654 2529 794 2564 Quomodo
813 2528 892 2563 igitur
912 2535 957 2554 co-

159 2579 275 2616 gnovisti
303 2578 384 2606 eum?
411 2577 462 2604 Per
483 2576 641 2604 desceIISnm
665 2575 788 2609 Spiritus,
802 2573 896 2608 inquit.
917 2571 956 2600 Ne

159 2626 220 2662 quis
231 2630 321 2652 autem
338 2624 400 2651 hinc
415 2623 560 2655 existimet,
577 2621 652 2649 illum
675 2621 775 2656 Spiritu
799 2620 915 2655 eguisse,
928 2623 956 2646 ut

159 2679 210 2699 nos
223 2678 345 2707 egemus,
360 2669 422 2696 audi
435 2668 567 2704 quomodo
583 2667 650 2695 hanc
661 2674 766 2703 quoque
778 2666 955 2702 suspicionem

189 2727 226 2758 (ιι)
243 2724 344 2758 Dteebat
357 2717 828 2758 t‘anlussmnosatenusiiiiltunt‘atillam
844 2718 956 2750 hypoga-

157 2751 200 2784 sin‘
214 2751 332 2782 habuisse
348 2756 478 2782 antequam
495 2758 526 2775 ex
539 2751 607 2774 Maria
625 2753 775 2784 meretur.

189 2791 197 2805 ί
216 2789 243 2814 In
260 2786 410 2820 quibusdam
425 2784 525 2820 legitur",
538 2790 568 2809 an
577 2784 629 2809 sine
641 2783 812 2815 baptimtatc...
834 2785 857 2808 et
874 2787 951 2814 parat-

156 2820 206 2847 Ium
220 2815 275 2847 tam'
286 2817 361 2852 facile
377 2815 499 2842 attrahere
510 2815 521 2840 ?
533 2821 694 2847 nequaquam.

329 2864 466 2896 PATBOL.
489 2866 547 2897 Gn.
569 2865 648 2898 LIX.

735 95 767 123 ΙΝ
786 95 941 124 JOANNEM
960 93 1072 122 IIOMIL.
1094 94 1173 123 XVII.
1195 95 1230 123 al.
1252 95 1320 123 XVI.

1756 97 1806 126 110

1013 157 1144 186 amoveat,
1158 154 1303 182 ostendens
1315 154 1428 190 Spiritus
1440 154 1598 182 descensum
1612 153 1644 181 ad
1661 155 1806 189 prtedicatt-

1013 199 1075 226 dum
1090 199 1224 228 Christum
1237 201 1405 228 solummodo
1419 200 1511 229 fuisse.
1527 201 1593 228 Cutn
1604 201 1714 229 dixisset
1724 203 1806 235 enim,

1013 245 1047 273 Et
1062 255 1106 281 ego
1121 255 1171 274 non
1183 248 1360 282 cognoscebant
1372 257 1439 281 eum,
1453 247 1606 284 subiunxit:
1620 248 1672 275 Sed
1687 248 1730 284 qtti
1742 249 1805 275 misit

1013 300 1052 319 me
1063 292 1192 327 baptizare
1203 294 1229 320 in
1244 301 1320 328 aqua,
1331 293 1375 321 ille
1389 294 1450 321 nti/ti
1464 295 1528 321 dixit
1550 302 1560 321 .'
1583 294 1667 330 Super
1680 303 1752 330 quem
1772 296 1805 321 ιιὶι

1013 337 1080 364 deris
1093 338 1219 372 Spiritum
1230 339 1426 371 descendenlettt,
1448 345 1470 366 et
1491 345 1632 367 manentem
1644 349 1719 374 super
1730 348 1785 367 eum
1798 361 1805 373 ,

1013 382 1056 409 ille
1070 388 1106 409 est
1117 383 1279 418 quibuptizat
1302 385 1327 411 in
1355 384 1455 419 Spiritu
1477 391 1574 412 sancto.
1589 386 1685 413 Vitlen‘
1707 386 1740 413 ad
1758 386 1807 413 hoc

1012 429 1118 457 venisse
1131 429 1258 463 Spiritutn
1272 435 1404 462 sanctum,
1427 435 1455 457 ut
1468 429 1603 458 Christum
1630 431 1806 458 ostenderet?

1013 474 1078 502 Erat
1101 475 1199 510 quippe
1222 476 1301 503 etiam
1327 475 1437 504 Joannis
1461 477 1639 504 testimoniutn
1655 477 1806 512 suspicione

1013 528 1134 548 vacuum.
1151 521 1186 549 Ut
1200 527 1290 549 autem
1312 522 1376 549 illud
1392 522 1442 549 [ide
1469 521 1574 556 dignius
1601 522 1739 549 exhiberet
1750 543 1758 556 ,
1770 522 1805 549 ad

1014 566 1097 593 Deum
1112 567 1217 595 reduxit
1239 573 1265 594 et
1288 567 1320 595 ad
1340 568 1466 604 Spiritum
1488 572 1618 594 sanctum.
1643 567 1709 600 Quia
1733 568 1804 596 enim

1011 612 1127 641 Joannes
1152 621 1208 641 rem
1235 618 1343 647 tantam,
1369 619 1421 641 tant
1444 614 1625 641 admirandam
1642 615 1804 649 przrdicavit.

1012 666 1071 693 qua:
1087 663 1176 694 posset
1188 659 1321 687 auditores
1335 668 1428 687 omnes
1457 660 1482 686 in
1502 664 1638 694 stuporem
1654 659 1803 694 conjicere;

1012 712 1107 740 nempe
1116 706 1185 740 quod
1200 706 1255 741 ipse
1269 706 1342 733 solus
1355 706 1427 733 orbis
1441 710 1548 741 peccata
1572 705 1660 732 omnia
1680 705 1784 732 tolleret
1795 726 1803 737 ,

1011 754 1038 778 et
1051 750 1121 785 quod
1134 751 1196 777 doni
1212 751 1366 786 magnitudo
1376 751 1408 779 ad
1421 756 1519 778 tantam
1529 751 1740 786 redemptionem
1750 751 1806 777 suf-

1013 796 1104 824 ﬁceret
1121 803 1128 823 :
1145 796 1213 824 hane
1232 797 1339 824 detnum
1358 797 1516 824 sententiam
1536 797 1633 823 ﬁrmat.
1654 795 1804 823 Conﬁrma-

1012 846 1055 868 tur
1067 846 1156 868 autem
1173 849 1205 869 ex
1221 849 1253 869 eo
1267 841 1337 876 quod
1350 843 1384 869 sit
1398 842 1482 869 Filius
1498 842 1554 872 Dei,
1575 841 1644 876 quod
1660 850 1710 869 non
1729 846 1805 876 egeat

1011 886 1180 921 baptismate,
1197 891 1224 914 ct
1238 886 1308 922 qttod
1323 886 1382 914 ideo
1396 892 1498 913 tantum
1512 886 1626 921 Spiritus
1647 887 1785 914 descendit
1797 908 1804 918 ,

1011 937 1040 959 ut
1056 932 1126 960 illum
1140 933 1328 960 manifestaret.
1344 932 1400 959 Non
1421 933 1490 960 enim
1505 940 1587 967 penes
1605 932 1733 960 Joannem
1748 937 1805 960 erat

1011 978 1138 1013 Spiritum
1156 979 1228 1012 dare,
1254 978 1324 1013 quod
1342 978 1477 1005 declarant
1495 978 1511 1005 ii
1524 978 1568 1013 qtti
1589 978 1622 1005 ab
1637 978 1695 1012 ipso
1718 977 1804 1012 bapti-

1010 1032 1097 1051 smtttn
1109 1030 1277 1060 acceperant,
1287 1025 1405 1052 dicentes
1419 1033 1425 1050 :
1438 1024 1490 1051 Sed
1501 1031 1579 1059 neque
1587 1024 1609 1050 si
1619 1023 1732 1064 Spiritus
1743 1031 1803 1050 stot-

1010 1075 1066 1096 cttts
1079 1074 1116 1096 est
1128 1070 1269 1097 audivimus
1279 1070 1288 1105 (
1298 1070 1354 1096 Act.
1371 1069 1414 1097 I9.
1429 1069 1446 1096 2
1456 1070 1477 1106 ).

1046 1115 1160 1143 Christus
1185 1116 1332 1152 baptisnmle
1357 1116 1466 1144 Joannis
1484 1125 1533 1144 non
1557 1116 1654 1151 egebat,
1669 1116 1712 1143 sed
1726 1115 1802 1143 Chri-

1010 1166 1048 1188 sto
1072 1160 1210 1197 Baptisma.
1245 1162 1329 1195 Quare
1353 1161 1466 1189 Joannes
1493 1162 1524 1190 Β,
1549 1163 1689 1197 frequenter
1715 1161 1802 1194 dicat,

1010 1206 1148 1233 nesciebant
1173 1216 1238 1234 ettnt.
1258 1223 1292 1227 —
1321 1207 1378 1235 Non
1405 1215 1467 1243 ergo
1499 1208 1656 1242 baptismate
1681 1207 1803 1234 Christus

1011 1251 1115 1286 egebat,
1130 1260 1182 1279 non
1199 1252 1253 1285 illo,
1275 1260 1326 1279 non
1342 1253 1410 1286 alio;
1437 1253 1483 1280 sed
1499 1253 1586 1288 potius
1609 1253 1738 1287 baptisma
1753 1260 1802 1286 ρο⁴

1011 1298 1092 1325 tentia
1121 1297 1228 1325 Christi.
1250 1298 1315 1325 Nam
1341 1299 1477 1326 residuutn
1503 1303 1582 1334 caput
1604 1303 1662 1326 erat
1683 1299 1801 1326 onmium

1010 1344 1151 1378 bonorum,
1179 1350 1207 1372 ut
1231 1346 1333 1373 scilicet
1356 1346 1503 1380 baptizatus
1524 1346 1623 1380 Spiritu
1647 1352 1740 1373 sancto
1763 1346 1803 1373 di-

1010 1395 1144 1424 gnaretur.
1160 1391 1215 1418 IIoe
1233 1391 1346 1426 Spiritus
1362 1391 1460 1418 donum
1479 1391 1580 1419 addidit
1591 1392 1634 1419 ille
1647 1399 1706 1418 cum
1720 1391 1802 1419 adve-

1010 1437 1056 1462 nit.
1070 1435 1113 1463 52.
1131 1435 1165 1463 Et
1179 1437 1346 1463 testimonium
1362 1437 1484 1471 perhibuit
1497 1437 1609 1464 Joannes
1620 1438 1705 1464 dicens
1723 1445 1732 1464 :
1747 1436 1803 1464 Vidi

1010 1480 1136 1516 Spiritum
1157 1482 1345 1508 descendentem
1361 1483 1424 1508 sicut
1444 1482 1598 1516 columbam,
1620 1487 1643 1510 et
1661 1487 1802 1510 manentem

1009 1535 1085 1561 super
1095 1535 1160 1554 eum.
1178 1528 1221 1555 35.
1235 1528 1267 1554 Et
1288 1528 1341 1563 ligo
1358 1528 1495 1555 nesciebant
1515 1537 1569 1555 eum
1590 1529 1656 1555 :scd
1673 1530 1717 1564 qui
1735 1529 1802 1556 misit

1009 1581 1048 1600 nte
1062 1573 1190 1608 baptizare
1203 1574 1228 1600 in
1247 1582 1322 1609 aqua,
1338 1574 1381 1600 ille
1397 1575 1459 1600 nti/ti
1473 1574 1537 1600 dixit
1549 1582 1557 1600 :
1570 1574 1656 1609 Super
1677 1583 1749 1610 quem
1763 1576 1801 1601 υἱ-

1009 1619 1075 1646 deris
1091 1619 1215 1654 Spiritum
1227 1619 1425 1652 descendentem,
1445 1623 1616 1646 etntancntem
1638 1628 1714 1654 super
1733 1628 1799 1651 eum,

1009 1665 1048 1691 hic
1063 1664 1151 1700 estqui
1164 1665 1273 1699 baptizat
1289 1665 1314 1690 in
1329 1664 1529 1699 Spiritusattclo.
1547 1664 1590 1691 5-1.
1604 1663 1636 1690 Et
1651 1673 1694 1699 ego
1704 1665 1766 1697 vidi,
1777 1671 1801 1691 et

978 1707 984 1715 ”
1009 1710 1176 1736 testimonium
1189 1709 1314 1744 per/tibiti,
1328 1709 1387 1742 quia
1398 1709 1440 1735 hic
1453 1714 1488 1735 est
1504 1708 1585 1735 Filius
1598 1707 1654 1735 Dei.
1668 1709 1802 1744 Frequen-

1010 1761 1050 1783 ter
1065 1757 1116 1783 hoc
1131 1756 1212 1783 utitur
1225 1755 1306 1788 dicto,
1324 1755 1473 1782 Nesciebam
1485 1763 1556 1788 eum;
1573 1750 1621 1783 nec
1635 1755 1693 1783 sine
1705 1763 1782 1783 causa
1793 1777 1800 1787 ,

1009 1801 1056 1828 sed
1070 1802 1129 1836 quia
1143 1805 1271 1836 cognatus
1284 1800 1341 1835 ejus
1356 1806 1413 1828 erat
1425 1801 1433 1817 ¹
1445 1800 1591 1828 secundum
1605 1809 1721 1829 carnem.
1737 1801 1802 1828 Ecce

1010 1847 1130 1878 Elisabet,
1157 1847 1252 1881 inquit,
1276 1852 1382 1881 regnata
1403 1851 1455 1880 tua,
1478 1851 1500 1874 et
1519 1847 1574 1882 ipsa
1589 1847 1700 1882 concepit
1720 1847 1802 1881 [ilium

1010 1891 1091 1925 (Luc.
1107 1893 1131 1918 1.
1152 1892 1216 1926 56).
1240 1892 1278 1918 Ne
1293 1891 1427 1919 videretur
1452 1899 1515 1927 ergo
1535 1892 1699 1927 cognationis
1717 1892 1801 1926 gratia

1009 1938 1090 1973 loqui,
1109 1938 1261 1972 frequenter
1274 1938 1348 1971 dicit,
1368 1937 1517 1964 Nesciebant
1531 1945 1597 1964 ettm.
1622 1938 1660 1964 Ac
1684 1945 1745 1964 vere
1765 1937 1800 1964 ita

1009 1991 1051 2011 res
1079 1991 1108 2011 se
1134 1983 1249 2011 habuit:
1268 1991 1328 2010 nam
1353 1988 1409 2010 toto
1436 1983 1496 2010 rita:
1522 1987 1641 2018 tetnporc
1655 1982 1680 2011 in
1695 1982 1803 2010 deserto

1010 2030 1165 2057 versabatur
1177 2034 1250 2057 extra
1265 2034 1402 2064 paternam
1418 2029 1536 2056 domutn.
1549 2029 1604 2056 Cur
1617 2036 1690 2064 ergo,
1705 2029 1727 2056 si
1740 2034 1802 2056 ante

1009 2076 1124 2110 Spiritus
1150 2076 1308 2103 descensum
1335 2083 1388 2103 non
1414 2080 1526 2103 noverat
1552 2083 1623 2106 eum.
1644 2080 1671 2102 ct
1691 2075 1712 2102 si
1727 2074 1801 2102 illtnn

1010 2128 1072 2149 tunc
1086 2123 1198 2157 primum
1211 2122 1294 2154 novit,
1310 2126 1372 2149 ante
1385 2121 1545 2156 baptismum
1569 2120 1726 2156 prohibebat
1739 2128 1800 2147 eum

1008 2168 1109 2200 dicens,
1122 2167 1177 2203 Ego
1188 2177 1203 2194 a
1215 2173 1238 2194 te
1253 2167 1328 2194 debeo
1347 2167 1471 2202 baptizari
1486 2165 1598 2201 (Matth.
1614 2167 1640 2194 5.
1657 2166 1690 2193 14
1703 2165 1732 2201 )?
1747 2165 1802 2193 lloe

1009 2215 1079 2241 enim
1096 2215 1200 2249 signum
1214 2218 1272 2241 erat
1285 2214 1421 2241 Christum
1437 2213 1486 2240 sibi
1501 2212 1584 2247 probe
1600 2216 1692 2239 uotum
1709 2210 1801 2238 fuisse.

1010 2261 1108 2288 Verum
1123 2269 1176 2288 non
1191 2260 1236 2288 diu
1248 2265 1324 2292 ante;
1341 2265 1368 2287 et
1382 2260 1442 2294 jure
1455 2259 1573 2294 quidetn.
1588 2258 1654 2286 Nam
1673 2258 1800 2285 miracula

1009 2307 1068 2339 illa,
1093 2314 1151 2341 quae
1172 2305 1233 2332 dum
1257 2313 1323 2340 puer
1342 2309 1412 2332 esset
1428 2303 1507 2332 Jesus
1522 2304 1589 2331 facta
1609 2308 1669 2331 sunt
1681 2325 1688 2338 ,
1705 2311 1802 2338 nempe

1009 2353 1078 2380 circa
1103 2359 1193 2386 magos
1217 2356 1244 2379 et
1268 2351 1379 2384 similia,
1402 2351 1486 2378 multo
1497 2355 1559 2378 ante
1571 2355 1690 2385 tempore
1714 2349 1801 2377 conti—

1008 2403 1110 2434 gerant,
1128 2399 1185 2433 ipso
1198 2406 1301 2432 quoque
1312 2397 1415 2424 Joanne
1431 2396 1518 2424 adhuc
1537 2396 1637 2423 infante
1653 2405 1660 2423 :
1675 2403 1723 2430 per
1734 2395 1802 2422 mul-

1010 2450 1064 2472 tum
1090 2450 1176 2474 autem
1202 2443 1264 2470 illud
1290 2443 1359 2478 quod
1381 2442 1478 2470 abhinc
1500 2442 1650 2470 intercessit
1678 2447 1800 2476 tempus,

1009 2490 1131 2518 otnnibtts
1159 2492 1217 2516 erat
1237 2489 1353 2523 ignotus.
1368 2486 1434 2514 Nam
1461 2487 1482 2514 si
1509 2492 1587 2514 notus
1614 2486 1724 2518 fuisset,
1748 2494 1800 2512 non

1009 2536 1128 2563 tlicturus
1147 2538 1215 2568 erat,
1242 2533 1274 2560 Ut
1297 2533 1471 2568 ntanifesletttr
1496 2533 1522 2558 in
1546 2530 1639 2565 Israel,
1664 2531 1720 2557 ideo
1747 2531 1801 2556 veni

1008 2581 1144 2615 baptizare.

1044 2628 1070 2654 5.
1102 2627 1168 2654 llinc
1187 2626 1273 2661 palam
1294 2629 1335 2652 est
1358 2625 1433 2660 signa
1449 2623 1490 2650 illa
1513 2630 1572 2658 qua:
1602 2629 1616 2649 a
1643 2620 1750 2648 Christo
1773 2621 1798 2647 in

1009 2673 1121 2709 pueritia
1147 2673 1213 2700 facta
1240 2671 1371 2703 feruntur,
1396 2670 1459 2697 falsa
1475 2673 1502 2696 et
1517 2675 1531 2695 a
1554 2666 1710 2703 quibusdam
1737 2673 1801 2693 con-

1041 2760 1050 2777 ι
1066 2759 1148 2790 Savil.,
1161 2763 1186 2784 et
1202 2758 1276 2785 Codd.
1293 2757 1355 2787 705,
1373 2756 1434 2787 706,
1452 2757 1491 2790 sic
1502 2754 1656 2790 habeats?"
1677 2752 1800 2790 «nesciet

1009 2783 1171 2848 bam—euntis
1180 2783 1239 2822 ⁷ρῖρη
1255 2791 1286 2815 de
1310 2783 1398 2814 causa.
1415 2783 1438 2811 ei
1459 2787 1491 2812 nd
1508 2785 1567 2817 quid
1582 2785 1595 2810 ε’
1610 2787 1728 2816 cognatus
1749 2783 1802 2817 ejus

1010 2828 1054 2849 era
1065 2840 1073 2848 .

1595 2866 1616 2898 Ἰ
