2040 3113
229 125 278 152 111

232 182 292 208 ﬁcta
318 189 379 209 esse
395 179 523 218 (a).Nam
538 178 560 205 si
580 185 595 203 a
623 181 705 210 puero
729 169 855 199 miracula
878 165 1015 218 edidisset,

231 229 348 256 Joannes
373 210 429 254 min'
447 225 520 252 illum
538 221 724 258 ignoravisset,
751 224 800 244 nec
823 214 923 248 reliqua
951 210 1018 238 mul-

231 275 316 302 titudo
340 281 407 310 opus
425 271 560 300 habuisset
581 267 690 295 doctore
713 263 759 299 qtti
783 261 857 289 illum
880 258 1018 286 indicaret.

233 320 308 347 Nunc
322 305 409 346 auicm
426 318 482 352 ipse
494 316 541 349 ait,
555 321 584 342 se
597 313 657 347 idco
672 311 787 341 venisse,
801 307 834 335 Ut
844 305 1021 340 nianifestnre-

234 372 274 392 tur
283 367 308 392 in
323 364 423 396 Israel,-
437 368 516 398 atque
530 348 590 389 ideo
601 366 706 388 rursum
717 356 832 388 dicebat,
846 351 899 388 Ego
914 359 930 398 ξι
943 355 966 376 te
976 348 1021 375 de-

235 413 279 439 beo
289 410 421 446 baptizari.
436 396 547 441 Dcittde,
570 410 662 442 utpote
679 404 723 439 qui
738 401 837 430 clarius
852 396 1021 446 edidicisset,

236 439 328 485 turbis.
344 457 428 496 ipspm
452 439 608 490 prmdicavit
621 452 712 479 dicens
729 447 797 476 :Hic
805 450 856 473 erat
865 451 937 495 quem
947 439 1000 496 dif‘i

235 503 298 531 l’ost
314 511 352 530 me
371 485 435 530 tienit
450 501 486 528 vir
498 501 541 537 qui
555 504 613 526 ante
623 506 660 525 me
671 499 753 534 factus
768 498 819 525 est;
835 489 960 537 quoniam
975 485 1026 519 Qui

236 550 303 577 misit
317 557 355 576 me
369 548 496 583 baptizare
515 547 541 573 in
553 553 629 580 aqua,
643 543 755 577 ideoque
766 546 811 567 me
822 536 904 568 misit,
921 533 954 561 Ut
968 540 1025 583 nta-

236 596 397 629 uifestaretur
411 595 438 621 in
451 593 542 626 Israel,
570 591 627 626 ipse
640 590 676 617 illi
691 593 753 615 ante
765 586 925 613 descensum
941 579 1026 614 Spiri-

230 647 280 670 ‘tus
293 643 379 677 ipsum
392 640 529 668 revelavit.
546 636 723 672 Quamobrem
735 638 876 666 antequam
890 626 1028 677 adveniret

233 688 360 715 dicebat:
379 686 440 713 Post
467 693 505 712 me
527 671 602 715 venit,
626 682 668 717 qui
683 685 741 707 ante
759 686 798 705 me
811 679 893 713 factus
907 677 953 701 est.
969 671 1027 699 Non

238 741 303 769 ergo
319 736 427 761 noverat
446 731 520 758 illum
533 734 673 764 antequam
689 725 792 754 veniret
812 723 845 750 ad
863 721 1007 750 Jordanem
1019 737 1027 751 ,
1058 754 1062 757 .

239 767 386 813 omnesque
405 777 569 812 baptizaret:
587 774 633 802 sed
647 772 754 808 quando
774 767 948 804 baptizandus
959 768 1028 796 erat,

241 831 305 853 tunc
316 825 390 851 illum
402 822 525 858 cognovit
541 831 548 848 :
563 821 620 855 ipso
644 819 722 847 Patre
741 817 813 845 illum
837 813 972 858 prophetae
987 817 1030 837 re-

241 870 356 902 velante,
368 873 394 896 et
404 857 502 903 Spiritu
514 868 598 902 ipsutn
609 866 672 892 dum
682 863 860 898 baptizaretur
873 857 1031 887 ostendente

243 915 352 948 Judzeis,
368 921 481 949 quorum
494 919 574 940 causa
589 911 703 946 Spiritus
717 906 864 935 descendit.
878 903 983 931 Etenim
999 907 1032 928 ne

239 960 354 988 Joannis
367 958 546 987 testimonium
570 958 785 985 contemneretur
807 950 930 982 dicentis,
956 947 1032 974 Prior

246 1015 285 1033 me
299 1011 362 1039 erat,
378 1010 414 1038 et,
429 1005 456 1032 In
471 1004 571 1038 Spiritu
592 1002 724 1037 baptizat,
746 1005 783 1032 ct,
798 995 930 1025 Judicabit
941 993 1032 1020 orbem

245 1052 341 1087 (Joan.
357 1052 383 1078 l.
399 1051 442 1077 50.
459 1050 502 1077 55.
523 1054 546 1076 et
560 1049 585 1076 5.
598 1046 661 1083 l7);
674 1046 752 1073 Pater
765 1043 861 1072 Filium
873 1039 1031 1087 praedicans,

247 1105 339 1124 vocem
365 1094 610 1130 emittit:Spiritus
631 1091 749 1123 advenit,
771 1096 865 1116 vocem
887 1087 913 1114 iu
935 1083 1035 1113 Christi

244 1148 325 1178 caput
335 1141 502 1178 pct‘lt‘altcns.
519 1141 584 1175 Quia
599 1139 670 1166 enim
682 1137 726 1164 ille
741 1134 906 1170 baptizabat,
926 1131 970 1158 hic
985 1130 1036 1157 ba-

245 1177 402 1223 ptizabatur,
418 1194 451 1214 tte
470 1186 529 1221 quis
543 1193 574 1212 ex
601 1183 777 1219 praesentibus
801 1179 864 1208 illttd
880 1178 914 1205 de
933 1177 1037 1204 Joanne

246 1221 346 1260 dictum
365 1239 424 1259 esse
448 1235 561 1266 putaret,
591 1229 663 1256 vertit
676 1227 791 1262 Spiritus
811 1225 854 1260 qui
868 1223 937 1250 hanc
952 1221 1038 1256 suspi-

245 1280 351 1306 cionem
364 1282 510 1306 amoveret.
527 1276 617 1311 itaque
630 1282 690 1302 cum
704 1273 777 1306 dicit,
800 1270 949 1299 Nesciebam
969 1276 1036 1301 eum,

247 1325 281 1352 de
292 1324 426 1360 praeterito
438 1323 463 1350 id
477 1321 675 1357 intelligendum
688 1324 729 1347 est
746 1324 875 1353 tempore,
886 1323 939 1343 non
950 1318 1038 1341 autem

249 1371 282 1398 de
297 1379 330 1398 eo
344 1370 414 1406 quod
427 1370 560 1404 baptismo
582 1368 730 1403 proximum
750 1369 818 1393 erat.
840 1363 906 1391 Nam
926 1368 979 1396 quo
995 1367 1041 1394 pa-

250 1422 293 1444 cto
305 1404 484 1452 prohibuisset
497 1422 558 1442 eum
571 1413 673 1446 dicens,
687 1412 764 1446 Egoa
776 1415 799 1437 te
811 1409 887 1436 debeo
899 1404 1041 1442 baptizari?

250 1461 383 1497 quomodo
405 1463 476 1487 tanta
500 1459 624 1494 loquutus
641 1456 751 1484 luisset?
763 1455 817 1483 Cur
833 1461 907 1488 ergo,
923 1451 1039 1486 inquies,

251 1515 303 1534 nou
318 1506 489 1534 crediderunt
504 1504 608 1532 Judrei?
631 1509 716 1538 neque
740 1501 812 1528 enim
831 1499 904 1527 soltts
925 1497 1042 1525 Joannes

249 1552 386 1580 Christum
400 1550 504 1578 viderat
519 1550 544 1576 in
559 1548 689 1576 columbae
700 1546 800 1582 specie.
811 1544 876 1579 Quia
888 1542 993 1570 etiamsi
1004 1541 1042 1568 illi

251 1597 389 1629 viderant,
416 1600 443 1622 at
466 1603 509 1622 res
534 1592 685 1629 huiusmodi
710 1599 764 1619 non
783 1589 920 1624 corporeis
941 1591 1041 1615 tantum

251 1644 336 1671 oculis
358 1650 426 1677 opus
452 1641 561 1674 habent,
589 1639 636 1667 sed
663 1639 750 1673 potius
773 1635 880 1668 mentis,
905 1641 939 1661 ne
957 1633 1044 1660 inanis

254 1689 393 1724 phantasia
407 1695 466 1715 esse
481 1690 629 1722 putaretur.
643 1684 708 1711 Nam
725 1683 747 1710 si
769 1681 895 1709 miracula
919 1679 1044 1707 edentem

254 1736 386 1766 ridentes,
401 1734 422 1761 si
440 1733 562 1760 manibus
573 1734 723 1766 tangentem
739 1735 850 1763 corpora
872 1731 1004 1760 mgrorum
1018 1727 1046 1751 et

255 1785 433 1810 tnortuorutn,
448 1781 475 1805 ct
489 1779 526 1804 sic
537 1777 569 1804 ad
583 1777 663 1803 vitam
674 1779 700 1802 et
710 1774 850 1801 sanitatem
861 1771 1044 1802 reducentem,

254 1831 327 1854 tanta
350 1825 440 1852 livoris
453 1823 581 1852 ebrietate
595 1822 664 1856 capti
680 1824 774 1852 erant,
800 1823 829 1846 ut
854 1816 986 1845 contraria
1013 1815 1045 1843 iis

255 1880 315 1907 qua:
332 1871 491 1899 videbantur
505 1869 655 1905 proferrent
670 1877 676 1894 :
692 1865 825 1902 quomodo
840 1873 871 1892 ex
888 1863 945 1891 solo
959 1862 1046 1898 Spiri-

257 1925 298 1945 tus
311 1918 426 1945 adventtt
440 1916 652 1944 incredulitatem
662 1911 842 1949 abiecissent?
856 1909 967 1945 Quidam
983 1916 1047 1937 vero

256 1964 357 1995 dicunt,
372 1969 425 1990 non
441 1969 535 1989 omnes
553 1960 660 1992 vidisse,
685 1958 731 1987 sed
746 1957 876 1986 Joannem
893 1960 994 1983 tantum
1021 1958 1048 1982 et

256 2017 302 2037 eos
313 2009 357 2045 qui
371 2009 467 2037 melius
480 2007 567 2035 allecti
576 2010 660 2035 erant.
677 2006 751 2033 Licet
765 2004 836 2032 enim
854 2010 933 2030 sensu
949 1999 1048 2036 pracdi-

257 2056 290 2083 tis
304 2055 389 2083 oculis
401 2054 516 2090 Spiritus
529 2052 619 2088 specie
631 2050 762 2079 columba:
775 2047 942 2076 descendens
961 2045 1047 2073 videri

257 2105 365 2136 posset;
386 2107 438 2127 non
462 2105 571 2126 necesse
592 2101 680 2124 tamen
704 2100 761 2123 erat
775 2101 832 2122 rem
846 2101 906 2121 esse
925 2091 1049 2119 omnibus

257 2146 433 2175 manifestam.
450 2145 514 2172 Nam
528 2149 555 2172 et
575 2142 717 2170 Zacharias
732 2140 813 2168 multa
827 2137 947 2166 sensibili
959 2136 1049 2172 specie
1067 2150 1070 2154 -

257 2193 332 2226 vidit,
349 2199 453 2220 necnon
472 2190 565 2217 Daniel
580 2193 606 2217 et
621 2187 757 2220 Ezechiel,
774 2193 805 2212 ac
819 2185 878 2212 sine
898 2183 952 2210 ullo
966 2181 1049 2209 visio-

258 2240 298 2266 nis
311 2241 435 2266 consorte
449 2245 456 2264 :
478 2235 582 2271 Moyses
595 2240 702 2269 quoqtte
715 2231 798 2259 multa
813 2229 888 2263 vidit,
915 2232 942 2256 et
963 2227 1050 2262 qualia

258 2285 346 2312 nullus
354 2284 421 2310 alius
429 2282 539 2310 viderat.
550 2278 800 2314 Transﬁgurationis
810 2283 915 2312 quoque
926 2274 952 2303 in
961 2278 1051 2301 monte

259 2331 362 2357 visione
377 2337 430 2356 non
443 2334 536 2355 omnes
550 2325 673 2360 discipuli
688 2323 787 2358 dignati
803 2326 880 2354 sunt;
894 2323 947 2348 imo
963 2328 996 2348 tte
1009 2328 1052 2347 rc-

258 2374 451 2403 surrectionem
464 2372 570 2408 quidem
585 2378 679 2398 omnes
691 2369 829 2397 viderunt:
843 2367 869 2395 id
880 2366 950 2403 quod
961 2371 1052 2401 aperte

259 2420 375 2448 declarat
397 2419 482 2447 Lucas
494 2419 585 2446 dicens
595 2439 602 2449 .
618 2416 742 2445 Ostendit
764 2415 881 2450 seipsutn
913 2413 1026 2441 Testibus
1038 2422 1053 2439 rt

261 2466 315 2493 Duo
327 2465 513 2500 prceordinutis.
529 2465 561 2491 Et
571 2472 616 2499 ego
629 2463 680 2490 vidi
691 2467 715 2489 et
738 2461 904 2489 testimonium
927 2460 1050 2495 per/tibui,

260 2513 318 2546 quia
332 2512 372 2538 Itic
387 2516 423 2538 εει
437 2510 519 2537 Filius
533 2509 579 2537 Dei
591 2509 661 2545 (Act.
678 2508 721 2536 10.
738 2508 768 2535 All
780 2507 799 2542 ).
811 2507 858 2534 Ubi
873 2505 1051 2533 testimonium

261 2557 404 2593 perhibuit,
417 2563 478 2584 esse
490 2555 586 2582 Filium
612 2554 677 2582 Dei?
703 2554 806 2588 Agnttm
831 2551 938 2587 quidem
965 2551 1051 2585 ipsum

260 2602 414 2639 appellavit,
426 2606 453 2629 et
473 2601 544 2636 quod
559 2600 660 2635 Spiritu
682 2598 863 2634 baptizaturus
880 2600 952 2624 esset
968 2595 1050 2627 dixit;

261 2650 358 2678 Filium
370 2652 456 2675 autem
473 2647 518 2675 Dei
530 2653 669 2682 nusquam.
682 2645 760 2680 Atqui
773 2648 830 2679 post
844 2643 973 2678 baptisma
988 2641 1053 2668 nihil

256 2696 348 2730 ipsum
369 2693 468 2721 dixisse
496 2691 615 2720 scribunt
635 2691 723 2718 cancri
747 2689 938 2724 cvangelistae:
960 2694 1053 2714 verum

255 2740 351 2768 anissis
372 2740 404 2767 iis
421 2747 478 2774 qum
500 2739 600 2766 interea
629 2738 693 2764 facta
722 2736 836 2767 fuerant,
851 2732 978 2761 miracula
994 2737 1054 2766 post

261 2791 368 2821 captum
381 2785 509 2813 Joannem
525 2792 539 2811 a
553 2783 658 2811 Christo
672 2782 742 2810 edita
757 2785 875 2807 narrant.
899 2777 976 2806 Unde
991 2784 1055 2804 con-

293 2832 330 2862 (a)
347 2831 443 2860 Quidam
460 2829 704 2855 comminiscchantur
723 2826 844 2853 Christum
862 2830 965 2855 [uertun
983 2822 1054 2846 mira-

262 2862 315 2888 cula
332 2863 472 2894 patravisse.

603 121 631 148 S.
652 115 789 147 JOANNIS
808 107 1043 142 CHRYSOSTOMI
1063 105 1221 134 AliClilEP.
1242 103 1507 132 CONSTANTINOP.

1811 100 1862 128 “2

1072 163 1172 198 jcctare
1196 169 1337 197 possumus
1357 165 1384 188 et
1405 160 1461 187 haec
1474 159 1562 188 etalia
1578 158 1655 192 longe
1670 158 1745 193 plura
1760 157 1864 184 silentio

1072 209 1152 237 missa
1165 208 1260 240 fuisse;
1283 206 1352 242 qttod
1367 206 1410 233 hic
1433 206 1491 240 ipse
1505 204 1667 239 evangelista
1692 204 1719 231 in
1742 204 1793 230 ﬁne
1807 204 1864 231 libri

1074 253 1242 289 signiﬁcavit.
1265 252 1380 279 Tantum
1397 253 1467 279 enim
1483 250 1567 278 abfuit
1586 253 1615 277 ut
1629 257 1754 284 magnum
1768 248 1867 284 aliquid

1074 300 1108 328 de
1127 300 1172 327 illo
1186 298 1378 333 conﬁngerent,
1402 302 1431 325 ut
1444 297 1525 325 etiam
1539 303 1599 331 qua:
1614 295 1743 330 probrosa
1755 301 1815 322 esse
1831 295 1869 322 vi-

1075 345 1214 377 debantur,
1230 351 1324 371 omnes
1335 350 1387 370 lino
1400 349 1533 370 consensu
1551 344 1674 368 accurate
1687 344 1868 373 recenserent,

1076 397 1126 417 nec
1136 388 1285 424 quempiam
1299 388 1405 415 illorum
1424 387 1486 422 quid
1505 386 1592 414 simile
1609 386 1724 413 tacuisse
1738 385 1865 420 reperias.

1077 434 1201 462 Miracula
1215 441 1281 461 vero
1295 433 1346 460 alia
1360 433 1420 460 aliis
1439 431 1610 460 narrantibus
1634 431 1792 463 omiserunt,
1820 430 1871 456 alia

1077 480 1156 508 simul
1169 487 1262 507 omnes
1277 483 1424 506 tacuerunt.
1449 478 1511 505 Hatc
1530 481 1618 504 autem
1633 483 1686 503 non
1710 475 1769 503 sine
1793 482 1872 502 causa

1077 527 1173 561 loquor
1185 546 1191 558 ,
1210 525 1257 553 sed
1279 525 1311 552 ad
1329 523 1544 552 contundendam
1571 522 1709 558 gentilium
1731 521 1872 555 impuden-

1080 574 1153 599 tiam.
1169 572 1224 599 lloc
1232 571 1328 607 quippe
1339 571 1404 598 satis
1415 574 1455 598 est
1469 570 1502 597 ad
1514 568 1752 597 demonstrandum
1767 567 1872 594 illoruttt

1079 619 1134 645 veri
1149 618 1275 651 studium,
1299 623 1326 645 et
1341 616 1508 652 probandum
1525 616 1597 651 ipsos
1617 614 1682 642 nihil
1703 614 1736 641 ad
1760 613 1873 648 gratiam

1079 664 1189 692 dixisse.
1202 664 1257 691 lloc
1274 668 1432 698 argumento
1446 666 1474 690 et
1484 662 1543 689 aliis
1559 661 1664 692 muniti,
1678 659 1799 694 poteritis
1813 665 1873 685 cum

1082 711 1133 738 illis
1147 711 1282 746 congredi.
1294 710 1393 738 Verum
1406 708 1536 737 attendite
1549 716 1557 736 :
1573 714 1634 735 nam
1646 705 1790 734 absurdum
1805 708 1876 731 esset

1081 757 1215 784 medicum
1229 761 1282 784 tam
1294 761 1403 784 strenue
1413 763 1462 790 pro
1471 759 1528 782 arte
1538 761 1585 781 sua
1597 759 1725 788 pugnare,
1734 750 1875 778 coﬁarium

1082 803 1156 835 item,
1183 807 1323 834 textorem,
1344 806 1510 835 caeterosque
1533 805 1628 826 omnes
1651 796 1784 828 artiﬁces;
1801 795 1878 822 Chri-

1083 848 1199 876 stianum
1212 855 1285 880 vero,
1301 854 1383 882 seque
1402 846 1481 873 talem
1502 844 1688 880 proliteutem,
1707 849 1741 870 ne
1765 841 1875 868 verbum

1083 894 1190 928 quidem
1202 900 1280 928 posse
1295 892 1327 920 ad
1339 900 1414 920 suam
1427 890 1553 918 tuendam
1564 889 1643 917 ﬁdem
1654 887 1784 923 proferre.
1799 886 1878 921 Atqui

1085 940 1130 967 illa
1146 939 1274 974 neglecta,
1290 938 1408 974 pecunia),
1419 935 1588 964 solummodo
1604 935 1729 962 damnum
1744 932 1878 964 referunt;

1087 984 1144 1012 haec
1159 992 1223 1011 vero
1236 984 1258 1011 si
1277 984 1454 1018 negligantur,
1480 982 1563 1016 ipsam
1579 979 1657 1007 nobis
1673 979 1681 995 ¹
1697 978 1813 1005 animatn
1834 984 1880 1011 pe-

1087 1030 1196 1057 rimunt.
1221 1030 1346 1057 Attamen
1373 1029 1409 1056 ita
1433 1029 1532 1055 misere
1558 1025 1645 1053 allecti
1662 1031 1772 1056 sumus,
1787 1028 1816 1050 ut
1830 1023 1881 1050 illis

1088 1081 1169 1104 totam
1197 1084 1287 1104 curam
1311 1075 1515 1110 impendamus;
1542 1071 1693 1100 necessaria
1715 1077 1798 1102 vero,
1821 1076 1881 1104 qua:

1089 1122 1166 1149 nobis
1178 1121 1270 1149 salutis
1281 1128 1361 1148 causa
1372 1124 1444 1152 sunt,
1468 1123 1498 1146 ut
1515 1118 1615 1146 nullius
1637 1116 1714 1152 previi
1727 1120 1883 1143 contemna-

1090 1174 1159 1194 mus.

1126 1212 1151 1240 4.
1169 1212 1195 1239 Id
1211 1219 1274 1238 vero
1290 1219 1342 1238 non
1356 1211 1418 1238 sinit
1431 1209 1543 1246 gentiles
1562 1215 1680 1237 errorem
1699 1214 1776 1234 suum
1792 1207 1826 1234 ita
1843 1204 1883 1232 t'a-

1091 1259 1142 1286 cile
1158 1258 1279 1286 irridere.
1296 1258 1361 1285 Cum
1374 1257 1445 1284 enim
1461 1256 1511 1291 ipsi
1525 1255 1664 1284 mendacio
1676 1254 1730 1282 nixi
1745 1253 1812 1281 nihil
1831 1261 1884 1280 non

1091 1308 1188 1339 agant,
1204 1308 1232 1330 ut
1245 1303 1397 1338 dogmatum
1414 1309 1522 1330 suorum
1538 1300 1727 1336 turpitudittem
1742 1299 1885 1333 obtegant,

1092 1357 1142 1376 nos
1152 1354 1239 1376 atttctn
1251 1349 1370 1376 veritatis
1382 1348 1497 1375 cultores
1511 1354 1544 1374 ne
1557 1353 1588 1374 os
1602 1346 1708 1381 quidem
1722 1345 1826 1380 aperire
1839 1351 1886 1370 va-

1093 1395 1195 1422 leamus
1205 1416 1212 1428 ,
1227 1394 1361 1430 quomodo
1377 1401 1428 1421 non
1452 1393 1513 1420 inde
1532 1392 1665 1428 dogmatis
1680 1390 1886 1418 imbecillitatem

1093 1445 1205 1476 arguant
1219 1445 1246 1467 et
1265 1440 1409 1467 damnent?
1428 1437 1562 1474 quomodo
1577 1445 1630 1464 non
1649 1435 1780 1464 fallaciam
1802 1435 1888 1462 stulti-

1095 1486 1210 1521 tiamque
1226 1491 1315 1513 nostra
1328 1493 1388 1513 esse
1403 1484 1590 1519 suspicentur?
1605 1482 1740 1518 quomodo
1761 1490 1813 1509 non
1829 1481 1888 1508 hia-

1095 1531 1274 1566 spltemabunt
1288 1531 1423 1558 Christum
1440 1535 1468 1557 ut
1482 1530 1590 1565 planum
1605 1533 1631 1556 et
1646 1528 1828 1562 deceptorcm,
1845 1526 1888 1561 qui

1096 1576 1240 1603 mttltorutn
1261 1576 1372 1603 stultitia
1391 1575 1423 1602 ad
1444 1575 1563 1602 fraudem
1583 1581 1646 1601 usus
1660 1573 1712 1600 sit?
1733 1571 1889 1606 Huiusmodi

1096 1629 1160 1650 vero
1175 1621 1349 1656 blasphemia
1363 1628 1411 1648 nos
1424 1621 1448 1647 itt
1462 1627 1541 1647 causa
1554 1627 1654 1651 sumus,
1667 1618 1712 1653 qui
1725 1617 1890 1645 uoluerimus

1096 1667 1246 1695 ediscendis
1257 1675 1303 1702 pro
1315 1667 1412 1694 tuenda
1422 1666 1550 1701 religione
1561 1664 1723 1700 argumentis
1733 1662 1889 1698 advigilare;

1098 1713 1146 1741 sed
1166 1713 1209 1740 his
1224 1712 1385 1747 contemptis
1399 1712 1472 1739 velut
1492 1710 1634 1746 superﬂuis
1646 1730 1653 1743 ,
1678 1713 1783 1736 terrena
1803 1707 1890 1736 solum

1098 1766 1232 1788 curemus.
1248 1759 1280 1787 Et
1293 1758 1399 1794 quidem
1419 1758 1563 1789 saltatoris,
1579 1761 1624 1784 aut
1640 1755 1755 1790 aurigze,
1771 1758 1815 1781 attt
1831 1761 1891 1781 cum

1099 1806 1163 1834 feris
1175 1806 1315 1842 pugnantis
1328 1812 1420 1833 amore
1432 1808 1525 1839 captus
1535 1803 1677 1839 quispiam,
1692 1801 1758 1828 nihil
1771 1808 1822 1827 non
1837 1807 1892 1826 mo-

1100 1858 1153 1887 vet,
1168 1853 1235 1880 nihil
1250 1860 1301 1880 non
1316 1852 1380 1887 agit,
1395 1856 1423 1879 ut
1439 1850 1465 1878 in
1480 1849 1669 1878 certaminibus
1684 1855 1737 1875 non
1752 1846 1892 1874 inferiores

1100 1899 1232 1932 evadant;
1248 1899 1308 1926 illos
1321 1898 1464 1926 admodum
1479 1896 1597 1929 laudant,
1611 1900 1637 1923 et
1647 1894 1775 1922 adversus
1788 1893 1892 1926 vitupe-

1100 1951 1191 1974 rantes
1214 1945 1397 1973 defensionem
1430 1946 1541 1978 parant,
1569 1940 1791 1974 adversariosque
1822 1937 1894 1965 mille

1101 1991 1229 2020 conviciis
1242 1994 1354 2018 onerant
1367 1999 1374 2017 :
1389 1997 1448 2017 cum
1461 1995 1525 2016 vero
1538 1987 1571 2015 de
1584 1986 1784 2015 Cltristianismo
1795 1991 1895 2019 propuv

1101 2037 1207 2074 gnando
1221 2037 1318 2072 agitur,
1341 2042 1434 2063 omnes
1455 2038 1534 2069 caput
1554 2033 1698 2064 inclinant,
1723 2033 1893 2065 t0rpescunt,

1102 2084 1230 2115 oscilant,
1251 2090 1282 2110 ac
1298 2090 1358 2110 cum
1374 2083 1428 2109 risu
1442 2079 1545 2115 excepti
1563 2077 1700 2107 recedunt.
1714 2076 1817 2110 Quanta
1839 2075 1896 2102 lure

1103 2129 1282 2164 indignatione
1298 2135 1350 2155 non
1362 2127 1441 2162 digna
1457 2125 1570 2158 fuerint,
1583 2131 1644 2151 cum
1656 2122 1778 2150 Christus
1791 2129 1805 2147 ιι
1821 2121 1896 2148 vobis

1103 2176 1230 2203 saltatore
1245 2173 1354 2201 inferior
1368 2171 1497 2199 habetur?
1511 2168 1724 2205 quandoquidem
1737 2167 1771 2194 de
1790 2167 1896 2194 illorum

1103 2221 1184 2257 gestis
1197 2220 1269 2247 mille
1282 2219 1379 2254 paratis
1391 2217 1568 2249 defensiones,
1582 2215 1640 2242 licet
1653 2213 1701 2248 ipsi
1713 2213 1832 2240 omnium
1842 2216 1897 2237 ων.

1104 2267 1204 2303 pissimi
1219 2266 1287 2298 sint;
1302 2264 1345 2292 ubi
1360 2268 1448 2291 autem
1461 2262 1496 2290 de
1509 2261 1607 2289 Christi
1622 2259 1766 2291 miraculis,
1783 2265 1842 2293 qua:
1859 2262 1898 2283 to-

1105 2317 1160 2341 tttm
1180 2314 1346 2339 attraxerunt
1367 2310 1470 2342 orhetn,
1493 2307 1588 2342 agitur,
1602 2314 1635 2334 ne
1654 2304 1771 2340 cogitare
1790 2302 1897 2338 quidem

1105 2365 1151 2388 aut
1164 2366 1257 2386 curare
1271 2357 1407 2393 quidpiam
1422 2353 1558 2382 videmini.
1573 2352 1714 2380 Credimus
1733 2351 1759 2377 in
1780 2349 1896 2380 Patrem,

1105 2412 1132 2433 et
1152 2405 1247 2433 Filium
1269 2409 1296 2431 ct
1318 2403 1444 2438 Spiritum
1465 2405 1585 2428 sanctum
1598 2419 1605 2432 ,
1627 2397 1652 2424 in
1674 2394 1898 2424 resurrectionem

1105 2459 1258 2486 corporum,
1275 2450 1301 2476 in
1315 2449 1395 2475 vitam
1407 2451 1543 2474 arternam.
1555 2445 1583 2472 Si
1594 2443 1652 2478 quis
1663 2449 1726 2477 ergo
1737 2441 1845 2469 Gra'cus
1858 2440 1898 2466 in-

1107 2496 1296 2531 ter-rogaverit,
1320 2494 1384 2528 Quis
1403 2497 1443 2520 est
1464 2492 1507 2518 hic
1525 2489 1620 2517 Pater?
1639 2489 1699 2523 quis
1718 2486 1820 2514 Filius?
1841 2485 1901 2520 quis

1106 2530 1220 2578 Spiritus
1235 2539 1361 2568 sanctus?
1380 2543 1408 2566 et
1426 2536 1561 2572 quomodo
1580 2541 1627 2561 vos
1640 2555 1647 2567 ,
1668 2533 1712 2568 qui
1738 2536 1791 2559 tres
1812 2530 1900 2557 dicitis

1107 2576 1182 2621 deos,
1199 2595 1248 2615 nos
1262 2585 1393 2613 accusatis
1407 2583 1477 2619 qttod
1491 2582 1602 2609 deorum
1616 2578 1837 2612 multiplicitatem
1852 2576 1900 2602 ad-

1107 2633 1260 2662 mittantus?
1270 2631 1331 2667 quid
1342 2629 1452 2658 dicetis?
1465 2627 1527 2664 quid
1541 2624 1756 2661 respondebitis?
1766 2622 1902 2658 quomodo

1109 2681 1176 2708 hanc
1189 2678 1365 2714 objectionem
1382 2674 1538 2710 depelletis?
1552 2672 1619 2706 Quid
1634 2678 1697 2698 vero
1711 2670 1749 2702 si,
1769 2668 1846 2696 vobis
1862 2672 1901 2694 ta-

1108 2725 1245 2757 centibus,
1267 2724 1346 2751 aliam
1361 2725 1485 2750 moveant
1498 2719 1672 2756 quaestionem
1690 2726 1695 2743 :
1713 2716 1838 2749 Qumnant
1862 2719 1902 2740 est

1109 2771 1152 2798 illa
1176 2768 1353 2797 resurrectio?
1376 2774 1438 2795 num
1461 2766 1487 2793 in
1511 2765 1560 2792 hoc
1578 2769 1690 2797 corpore
1711 2758 1901 2795 rcsurgetnnsi

1142 2850 1151 2865 ¹
1169 2848 1221 2878 Alii,
1236 2847 1308 2872 vobis.
