2040 3113
235 207 297 226 num
312 199 339 226 iu
353 197 428 226 alio!
443 196 467 225 si
481 196 508 224 in
521 195 572 223 hoc
582 215 590 229 ,
605 202 665 230 quae
679 195 824 222 necessitas
846 198 876 221 ut
894 192 1024 220 dissolva-

236 245 297 272 tur?
306 244 369 281 quid
382 244 415 272 ad
428 243 484 271 haec
498 241 713 278 respondebitis?
725 240 790 276 quid
804 248 867 268 vero
879 240 902 267 si
916 239 967 267 hoc
978 239 1027 266 ob-

230 290 307 326 jiciat
322 299 329 317 :
346 290 399 317 Cur
414 297 466 317 non
481 288 610 324 superiori
632 291 751 322 tempore
763 285 872 314 advenit
884 284 1025 313 Christus?

236 344 268 364 an
281 343 351 364 nunc
364 336 482 363 humano
492 335 583 370 generi
599 333 738 369 providere
748 333 834 360 visum
848 332 884 359 illi
898 335 949 364 est,
960 336 987 359 et
998 332 1024 359 in

235 382 369 418 prmlerito
381 382 453 409 omni
466 387 585 416 tetnpore
595 381 620 407 id
632 379 766 414 neglexit?
778 379 840 413 quid
854 379 876 406 si
886 378 936 406 alia
947 377 1024 413 plura

234 427 386 456 examinet?
405 426 495 461 Neque
509 426 579 454 enim
593 425 701 460 expedit
715 429 744 451 ut
757 424 853 451 multas
867 423 933 450 alias
948 430 1023 457 quaa-

234 475 334 501 stiones
345 473 515 508 adjicientes,
534 472 691 498 solutionem
706 470 807 497 illarum
824 474 972 502 taceamus,
988 475 1023 496 ne

234 521 291 548 hmc
305 519 509 555 simplicioribus
520 521 644 546 noceant.
659 516 727 544 Nam
741 523 800 551 quat
814 515 944 548 diximus,
960 518 1022 542 sunt

232 567 266 594 ad
281 565 466 595 excutiendum
481 571 604 592 Somnum
618 567 734 590 vestrum
747 562 822 589 satis.
837 561 904 595 Quid
920 568 983 596 ergo
998 560 1021 588 si

233 612 291 639 hmo
305 615 502 646 percontentnr,
518 617 566 637 vos
578 613 667 636 autem
680 616 714 636 ne
732 607 824 635 audire
842 606 948 642 quidem
964 607 1021 634 hmc

232 659 312 686 verba
326 658 451 693 possitis?
465 665 513 688 an.
527 663 628 691 qumso,
649 655 773 689 exiguum
791 661 840 681 nos
854 658 943 681 manet
956 661 1020 688 sup-

233 704 349 739 plicium,
363 703 407 738 qui
419 702 573 730 sedentibus
584 702 609 728 in
622 700 739 729 tenebris
750 704 823 727 tanta
831 699 930 727 erroris
939 706 1018 726 causa

232 750 331 777 simus?
348 749 445 776 Vellem
456 768 464 780 ,
483 748 506 775 si
526 755 573 781 per
587 747 669 773 otium
683 751 801 773 vestrum
821 745 926 777 liceret,
943 751 1019 772 exse-

230 794 324 822 crandi
337 794 473 830 cujusdam
488 793 573 821 Grreci
590 791 739 827 philos0phi
757 791 852 818 librum
866 795 956 818 contra
970 797 1019 817 nos

232 842 359 876 scriptum
375 841 426 867 huc
439 839 543 872 afferre,
559 845 663 866 necnon
675 838 784 865 alterius
796 837 874 871 longe
887 836 1020 871 antiquio-

229 888 284 920 ris,
303 892 332 914 ut
350 887 388 914 sic
408 894 455 913 vos
468 885 611 913 excitarem
621 905 628 915 .
644 887 671 911 et
685 888 785 910 tantam
799 886 915 909 vestram
928 881 1017 917 segni-

230 933 292 960 tiem
305 937 467 960 excuterem.
481 930 546 958 Nam
561 930 583 957 si
598 929 650 963 illi,
667 934 696 956 ut
710 936 758 956 nos
771 929 966 964 impugnarent,
981 927 1016 954 ita

228 979 417 1014 advigilarunt,
430 986 480 1013 qua
493 977 594 1005 erimus
606 977 677 1012 digni
694 976 770 1002 venia
780 996 787 1008 ,
803 975 825 1002 si
839 975 909 1002 illata
924 978 1016 1001 contra

229 1034 278 1053 nos
292 1026 342 1053 tela
357 1025 511 1060 propulsare
532 1023 700 1051 nesciamus?
721 1022 778 1056 Qua
798 1021 831 1049 de
849 1028 929 1048 causa
952 1027 1014 1054 pro-

226 1071 298 1098 ducti
312 1071 421 1099 sumus?
436 1070 492 1098 Non
505 1069 581 1097 audis
595 1068 745 1103 apostolum
755 1067 888 1094 dicentem
900 1075 907 1094 :
925 1065 1016 1092 Parati

225 1123 303 1145 estote
320 1118 353 1144 ad
371 1117 540 1153 defensione»:
554 1116 622 1143 omni
643 1115 710 1142 vobis
730 1115 852 1141 rationem
871 1112 1014 1148 exposcenti

223 1168 280 1200 ejus
294 1173 350 1199 qua:
362 1164 389 1191 in
403 1163 470 1190 vobis
483 1167 518 1190 est
531 1163 584 1198 spei
597 1163 606 1195 (
616 1163 640 1189 l.
658 1161 715 1188 Pet.
730 1161 756 1188 5.
772 1159 831 1195 15).
845 1159 942 1187 Paulus
952 1167 1015 1194 quo-

223 1218 276 1245 que
290 1210 384 1237 eadem
397 1210 479 1236 utitur
491 1206 683 1235 admonitione:
693 1206 798 1233 Verbum
810 1206 903 1233 Christi
914 1205 1014 1232 inhabi-

222 1259 256 1281 tet
270 1255 296 1282 in
309 1254 376 1281 vobis
389 1253 546 1280 abundanter
559 1251 635 1289 (Col.
651 1252 677 1279 5.
693 1251 754 1285 16).
770 1250 821 1278 Sed
834 1250 896 1285 quid
909 1250 941 1277 ad
956 1249 1013 1277 haec

220 1301 313 1329 dicunt
323 1300 444 1328 homines
455 1300 521 1327 fucis
531 1297 760 1334 insipientiores‘?
770 1297 911 1325 Benedicta
923 1295 1010 1324 omnis

253 1360 262 1376 ⁸
279 1359 317 1384 sic
332 1363 417 1383 omnes
433 1362 496 1387 pene
507 1358 560 1379 uss.
577 1353 646 1379 savil.
666 1358 747 1378 autem
764 1355 790 1377 et
804 1351 897 1383 Morel,
910 1351 1011 1377 Codices

220 1411 371 1419 κρ--η

764 135 797 165 IN
814 134 968 165 JOANNEM
987 133 1101 164 HOIIL.
1116 136 1208 168 XVIII.
1223 140 1259 169 al.
1279 140 1359 171 XVII.

1820 149 1872 178 IN

1077 196 1166 224 anima
1185 199 1311 233 simplex;
1329 204 1372 233 et,
1393 200 1444 234 Qui
1462 201 1575 231 ambulat
1587 203 1743 239 simpliciter,
1757 205 1871 234 antbulat

1077 243 1232 276 conﬁdenter
1248 245 1257 279 (
1268 243 1346 272 Prov.
1369 246 1412 274 {0.
1432 247 1478 282 9).
1499 246 1555 276 Hoc
1574 249 1671 284 quippe
1689 256 1730 278 est
1748 250 1867 278 omnium

1076 295 1155 315 causa
1177 289 1322 322 malorum,
1342 291 1413 326 quod
1433 292 1628 328 Scripturarum
1646 295 1804 323 testimoniis
1815 303 1867 331 op-

1077 338 1189 368 portune
1202 335 1239 362 uti
1255 336 1329 363 multi
1345 338 1474 365 nesciant.
1488 339 1578 374 Neque
1590 340 1662 368 enim
1678 339 1722 367 hic
1735 341 1865 376 insipien-

1077 383 1128 406 tem
1140 380 1271 415 intelligit,
1287 389 1371 416 neque
1385 382 1504 417 ignarum
1517 385 1561 419 qui
1573 385 1638 412 nihil
1649 387 1726 419 sciat,
1740 386 1787 414 sed
1801 393 1864 414 eum

1075 427 1119 461 qui
1133 435 1182 454 nec
1193 426 1339 463 improbus,
1351 436 1401 456 nec
1411 434 1532 457 versutus
1543 431 1588 464 sit,
1599 430 1646 458 sed
1658 431 1784 466 prudens.
1796 431 1863 459 Nam

1074 473 1096 499 si
1113 479 1156 500 res
1169 472 1203 500 ita
1218 478 1289 501 esset
1301 474 1324 507 ί,
1345 473 1440 501 frustra
1457 475 1589 502 diceretur
1603 484 1610 502 :
1624 475 1712 504 Estote
1728 477 1868 511 prudente;

1072 519 1137 544 sicut
1150 523 1290 552 serpentes,
1310 524 1333 546 et
1346 520 1471 555 simplices
1484 521 1548 547 sicut
1560 521 1680 549 columba
1693 521 1802 558 (Matth.
1816 523 1861 550 {0.

1074 562 1137 597 16).
1153 563 1205 591 Sed
1221 564 1282 599 quid
1298 565 1354 592 haec
1368 565 1436 592 ultra
1452 573 1652 600 persequamur,
1666 567 1700 594 ad
1719 567 1785 595 nihil
1797 575 1869 604 prom

1072 608 1179 636 futura?
1197 609 1299 637 Prmter
1318 618 1349 638 ea
1368 611 1439 638 enim
1459 619 1518 646 qum
1539 611 1592 646 jam
1611 611 1680 639 dicta
1709 617 1788 646 sunt,
1810 613 1862 641 alia

1072 663 1176 690 quoque
1195 655 1227 683 ad
1246 663 1333 684 mores
1346 661 1372 684 et
1388 657 1448 684 vita:
1463 657 1609 684 institutum
1628 658 1773 692 spectantia
1792 659 1861 687 male

1070 707 1198 735 geruntur
1209 709 1222 728 a
1236 702 1323 730 nobis.
1337 701 1435 730 Verum
1448 702 1564 738 undique
1577 703 1684 735 miseri,
1698 703 1813 739 undique
1825 705 1867 732 ri-

1071 747 1150 775 diculi
1163 755 1271 781 sumus;
1287 755 1317 776 ac
1330 756 1437 783 semper
1448 749 1530 783 parati
1543 749 1575 776 ad
1587 750 1654 776 alios
1665 750 1858 785 coarguendos,

1070 802 1166 830 segnes
1179 802 1271 822 sumus
1283 795 1320 823 ad
1331 803 1361 822 ea
1376 796 1532 832 corrigenda
1550 804 1609 832 quae
1627 796 1653 823 in
1673 797 1749 823 nobis
1768 796 1861 824 redar-

1069 845 1195 875 guuntur.
1209 841 1402 874 Quamobrem,
1418 841 1542 875 obsecro,
1556 842 1633 868 nobis
1647 841 1752 869 tandem
1770 845 1859 869 atton-

1069 885 1173 918 dentes,
1187 894 1222 913 ne
1234 886 1260 913 in
1275 887 1482 921 reprehensione
1496 887 1604 922 gradum
1619 888 1754 914 sistamus.
1767 887 1859 922 Neque

1069 932 1140 958 enim
1162 931 1212 958 hoc
1231 936 1272 958 est
1290 932 1322 959 ad
1344 932 1425 958 Deunt
1447 932 1603 967 placandum
1619 932 1762 965 satis;sed
1777 933 1858 960 etiam

1067 977 1195 1011 optimam
1216 977 1241 1004 in
1261 978 1384 1005 omnibus
1406 979 1578 1006 mutationem
1603 979 1729 1006 exhibere
1752 978 1859 1006 studea-

1067 1030 1136 1056 mus,
1153 1027 1182 1050 ut
1194 1023 1226 1050 ad
1244 1023 1353 1058 gloriam
1368 1018 1414 1051 Dei
1434 1024 1513 1051 vitam
1528 1028 1651 1059 agentes,
1666 1028 1692 1051 et
1706 1024 1754 1058 ipsi
1770 1023 1858 1051 futura

1066 1069 1149 1103 gloria
1162 1068 1297 1101 fruamur;
1314 1077 1392 1104 quam
1407 1078 1455 1097 nos
1469 1077 1563 1097 omnes
1575 1069 1681 1104 assequi
1702 1069 1855 1104 contingat,

1065 1113 1149 1148 gratia
1161 1119 1189 1141 et
1200 1114 1361 1148 benignitate
1376 1115 1477 1142 Domini
1492 1116 1576 1142 nostri
1593 1114 1655 1142 ,ιι-ευ
1674 1114 1771 1142 Christi
1785 1135 1792 1146 ,
1813 1114 1855 1141 cui

1065 1159 1148 1195 gloria
1163 1163 1189 1187 et
1204 1160 1343 1195 imperium
1357 1160 1382 1187 in
1398 1161 1495 1188 saecula
1508 1161 1677 1188 smculorum.
1694 1161 1789 1188 Amen.

1066 1280 1112 1307 705
1128 1284 1154 1306 et
1168 1282 1215 1308 706
1230 1283 1317 1312 secuti,
1330 1282 1417 1313 legunt
1432 1282 1563 1313 segniores,
1576 1289 1629 1313 pro,
1642 1282 1822 1313 insipientior-es.

1098 1313 1106 1328 ι
1125 1313 1218 1343 Morel.,
1230 1313 1314 1342 habet,
1331 1313 1377 1338 nisi
1389 1320 1427 1338 res
1442 1313 1476 1338 ita
1491 1321 1516 1339 se
1532 1314 1639 1339 haberet.
1653 1313 1723 1338 Snvll.
1735 1317 1816 1337 autem
1828 1317 1854 1339 et

1064 1348 1116 1368 Mss.
1128 1343 1221 1368 habent
1235 1347 1262 1369 ut
1279 1345 1302 1369 in
1320 1348 1398 1375 textu,
1411 1348 1435 1369 et
1452 1345 1484 1370 ita
1501 1344 1561 1376 legit
1577 1345 1662 1370 Franc.
1675 1344 1798 1369 Aretiuus.

374 1404 1852 1417 —_————%———_—'—-—-—————

892 1439 1062 1472 HOMILIA
1084 1442 1202 1474 XVIII.

217 1524 264 1552 55.
285 1523 372 1550 Altera
385 1521 425 1549 die
435 1521 526 1548 iterum
544 1519 624 1547 stabat
638 1518 767 1549 Joannes,
790 1521 814 1543 et
827 1524 857 1544 ex
878 1514 1009 1549 discipulis

256 1571 310 1604 ejus
323 1569 383 1596 duo.
394 1568 438 1596 56.
451 1567 484 1594 Ει
493 1566 629 1601 respiciens
636 1564 724 1592 Iesum
737 1562 916 1593 ambulantem,
931 1561 1009 1587 dicit:

258 1617 323 1643 Ecce
332 1624 412 1651 agnus
426 1614 482 1641 Dei.
494 1614 539 1641 57.
557 1613 589 1640 Et
599 1611 734 1639 audierunt
747 1617 803 1637 eum
823 1609 873 1635 duo
888 1607 1006 1642 discipuli

257 1662 411 1696 loquentem,
422 1664 445 1686 et
458 1658 553 1693 sequuti
568 1662 625 1685 sunt
636 1655 734 1684 Iesum.

255 1708 282 1734 L
303 1706 412 1741 Propter
432 1705 562 1740 segnitiem
585 1707 681 1730 natura:
700 1702 817 1729 humana:
829 1700 915 1728 eadem
928 1698 1009 1726 moni-

219 1758 246 1781 ta
256 1753 348 1788 swpius
368 1751 504 1787 repetenda
522 1754 591 1777 sunt.
611 1749 662 1776 Cur
682 1748 795 1775 Joannes
816 1746 894 1782 Bnpt.
920 1745 1008 1773 eadem

217 1800 275 1834 ipsa
296 1798 420 1825 multoties
438 1794 716 1829 loquatur.—Segnis
740 1793 818 1828 plane
839 1797 881 1820 est
911 1791 1007 1818 huma-

218 1854 253 1873 na
282 1850 384 1876 natura,
410 1847 437 1871 et
461 1843 494 1870 ad
517 1841 662 1877 perniciem
691 1847 772 1875 prona
787 1860 795 1873 ,
822 1846 874 1866 non
897 1846 929 1866 ex
952 1838 1008 1872 ipsa

219 1897 321 1919 natura:
345 1889 514 1920 conditione,
531 1887 578 1915 sed
592 1895 624 1914 ex
645 1885 790 1913 voluntatis
806 1885 908 1920 ignavia
923 1893 930 1911 :
944 1891 1009 1919 qua-

218 1941 329 1972 propter
347 1935 429 1963 multa
449 1941 516 1970 opus
540 1933 622 1961 habet
640 1932 798 1960 monitione.
825 1931 887 1958 Ideo
910 1930 1008 1958 Paulus

219 1981 434 2017 Philippensibus
456 1979 576 2007 scribens
599 1978 706 2006 dicebat
728 1985 735 2004 :
760 1976 857 2003 Eadem
888 1975 1006 2008 scribere,

218 2028 281 2054 mihi
292 2027 392 2062 quidem
402 2034 452 2053 non
463 2033 551 2061 grave,
565 2024 633 2051 vobis
643 2029 725 2051 autent
738 2027 817 2050 tutum
831 2023 840 2058 (
853 2022 968 2057 Philipp.
980 2021 1007 2048 5.

219 2074 258 2108 1).
275 2073 340 2100 Nam
353 2077 423 2099 terra
443 2071 547 2106 quidem
561 2070 642 2098 semel
657 2073 780 2104 suscepto
791 2067 903 2100 semine,
919 2066 1007 2094 statim

221 2119 322 2147 fructus
336 2118 436 2153 profert
449 2137 457 2151 ,
470 2124 558 2151 neque
572 2116 653 2143 altera
665 2119 723 2149 eget
738 2114 842 2141 satione
859 2122 865 2140 :
882 2114 906 2140 in
918 2113 1007 2140 anima

218 2169 307 2192 autem
324 2168 413 2191 nostra
429 2171 482 2190 non
500 2163 534 2189 ita
556 2169 598 2189 res
612 2169 641 2188 se
657 2161 736 2188 habet
750 2169 757 2193 ;
771 2160 817 2187 sed
837 2159 953 2194 optabile
968 2162 1008 2186 est

218 2216 248 2238 ut
269 2216 408 2246 postquam
431 2209 585 2243 frequenter
602 2207 703 2242 jactum
727 2210 768 2234 est
782 2213 892 2237 semen,
908 2209 935 2232 et
950 2209 1009 2239 post

218 2264 342 2292 magnam
358 2254 503 2283 exhibitam
519 2254 681 2288 diligentiam
694 2273 700 2285 ,
716 2252 799 2279 semel
813 2251 907 2279 saltem
924 2251 1008 2286 possit

218 2305 332 2330 fructum
346 2302 477 2336 excipere.
493 2300 582 2327 Primo
604 2299 710 2334 quidem
724 2306 784 2333 quin
807 2297 932 2324 dicuntur
955 2304 1006 2323 non

218 2349 296 2376 facile
308 2348 494 2382 imprimuntur
504 2346 530 2372 in
544 2345 678 2377 animum,
695 2343 765 2379 quod
780 2343 861 2370 multa
873 2342 1007 2370 substrata

217 2395 253 2422 sit
282 2394 410 2424 durities.
436 2391 583 2419 innumeris
607 2389 692 2424 spinis
726 2389 879 2416 obstruatur
898 2388 1005 2421 anima,

218 2441 370 2475 multosque
385 2438 553 2466 insidiatores
576 2436 672 2463 habeat
685 2435 728 2470 qui
751 2442 842 2461 semen
864 2434 1006 2468 abripiant.

218 2486 320 2514 Deinde
335 2490 472 2521 postquam
490 2484 600 2511 inﬁxum
616 2489 708 2510 semen
728 2481 831 2508 radices
843 2481 946 2515 egerit,
961 2487 1008 2508 ea-

217 2532 279 2560 dem
295 2535 336 2560 est
353 2538 421 2566 opus
434 2530 569 2564 diligentia
584 2549 592 2561 ,
613 2532 642 2555 ut
662 2528 695 2555 ad
711 2527 827 2562 vigorem
851 2526 1007 2561 perveniant

218 2577 319 2605 semina
332 2597 339 2609 ,
354 2577 490 2610 illaesaque
503 2578 645 2607 maneant,
664 2579 750 2608 neque
765 2572 895 2599 Imdanlur
906 2572 940 2599 ab
957 2571 1007 2599 ali-

218 2630 282 2658 quo.
294 2622 322 2649 In
337 2621 484 2649 seminibus
501 2620 571 2647 enim
584 2627 645 2646 cum
664 2619 735 2653 spica
752 2617 869 2653 perfecta
882 2617 1008 2645 virtutem

217 2675 293 2696 suam
309 2667 428 2700 accepit,
450 2670 544 2692 aestum
558 2669 720 2698 caaterasque
734 2669 823 2698 pestes
836 2663 983 2690 contemnit
997 2671 1004 2689 ε

218 2714 245 2741 in
266 2713 435 2748 dogmatibus
453 2719 516 2738 vero
539 2718 591 2738 non
607 2710 666 2743 sic;
690 2710 735 2737 sed
757 2714 895 2745 postquam
920 2713 1004 2736 totum

218 2765 284 2793 opus
300 2758 449 2792 impensum
462 2759 504 2784 est
514 2776 522 2788 ,
537 2756 727 2790 superveniens
742 2755 827 2782 hiems
842 2762 873 2782 ac
900 2759 1004 2789 tempe-

220 2808 285 2838 stas,
299 2803 456 2832 diflicultate
471 2804 683 2838 praeoccupante,
695 2805 721 2829 et
731 2800 905 2829 fraudulentis
921 2800 1006 2828 homi-

1063 1516 1141 1544 nibus
1155 1517 1350 1552 iosidiantibus,
1363 1519 1546 1554 ingruentibus
1555 1519 1636 1547 rariis
1649 1518 1851 1552 tentationibus,

1063 1569 1147 1593 totum
1160 1565 1344 1593 labefactatur.
1359 1565 1422 1593 Haec
1435 1573 1516 1601 porro
1530 1572 1583 1592 non
1602 1565 1660 1592 sine
1672 1571 1752 1592 causa
1771 1572 1785 1591 a
1801 1571 1852 1592 no-

1061 1612 1102 1640 bis
1117 1611 1187 1640 dicta
1202 1616 1286 1645 sunt;
1309 1611 1356 1640 sed
1370 1616 1398 1639 ut
1417 1611 1480 1639 dum
1500 1611 1576 1639 audis
1601 1610 1731 1639 Joannem
1756 1609 1850 1638 eadem

1061 1659 1119 1694 ipsa
1135 1664 1299 1695 repetentem
1310 1679 1317 1691 ,
1335 1666 1368 1687 ne
1382 1659 1456 1694 quasi
1472 1665 1600 1693 nugacem
1616 1657 1727 1685 damnes
1740 1677 1748 1690 ,
1766 1664 1852 1692 nequo

1062 1705 1167 1733 inanem
1187 1711 1365 1732 onerosumve
1383 1704 1531 1732 existimes.
1548 1703 1680 1731 Valuisset
1693 1704 1790 1738 quippe
1809 1709 1852 1729 sc-

1061 1752 1115 1780 mel
1128 1752 1251 1787 loquutus
1272 1750 1357 1778 audiri
1371 1760 1377 1779 :
1392 1750 1454 1785 quia
1474 1757 1540 1777 vero
1560 1756 1613 1777 non
1627 1748 1702 1776 multi
1718 1747 1851 1782 erantqui

1061 1797 1139 1826 dictis
1153 1798 1242 1825 statim
1258 1797 1429 1825 attenderem
1444 1795 1480 1823 ob
1494 1794 1703 1823 somnolentiam
1716 1815 1724 1828 ,
1739 1794 1851 1829 repetita

1061 1851 1126 1871 voce
1142 1843 1202 1871 illos
1216 1842 1403 1878 expergefaoit.
1425 1841 1483 1869 Jam
1497 1841 1540 1869 hic
1554 1839 1683 1869 attende:
1697 1839 1783 1872 dixit,
1801 1838 1852 1872 Qui

1061 1895 1117 1927 post
1130 1898 1169 1917 me
1181 1890 1256 1923 venit,
1272 1894 1331 1916 ante
1343 1897 1382 1916 me
1396 1889 1478 1923 factus
1491 1892 1547 1920 est;
1563 1892 1599 1920 et,
1617 1886 1678 1914 Non
1691 1895 1746 1913 sum
1759 1885 1851 1921 dignus

1060 1937 1155 1964 solvere
1170 1935 1304 1971 corrigiam
1319 1935 1481 1962 calceamcnti
1490 1933 1566 1968 ejus;
1581 1938 1606 1960 et
1618 1953 1626 1966 ,
1641 1931 1700 1967 Ipse
1713 1939 1756 1958 vos
1770 1931 1852 1966 bapti-

1060 1982 1127 2009 zabit
1140 1982 1166 2009 in
1185 1981 1284 2016 Spiritu
1296 1985 1383 2007 sancto
1396 1984 1418 2007 et
1428 1979 1481 2015 igni
1492 1978 1597 2014 (Matth.
1613 1978 1640 2005 5.
1657 1977 1711 2011 II),
1729 1975 1851 2011 quodque

1061 2028 1156 2056 viderit
1179 2027 1306 2062 Spiritum
1330 2025 1535 2053 descendentem
1554 2022 1781 2051 sicutcolumbatn
1797 2042 1803 2053 ,
1822 2027 1850 2048 et

1060 2078 1211 2106 manentem
1226 2080 1307 2106 super
1320 2078 1400 2104 eum;
1418 2075 1445 2098 et
1468 2070 1623 2098 testificatus
1642 2073 1684 2096 est
1702 2067 1771 2103 quod
1791 2067 1848 2101 ipse

1061 2123 1131 2147 esset
1144 2119 1226 2146 Filius
1245 2118 1312 2145 Dei:
1334 2124 1412 2144 nemo
1433 2116 1563 2146 attendit,
1580 2114 1851 2148 nemointerrogavit

1060 2166 1102 2193 vel
1115 2165 1189 2197 dixit,
1205 2164 1259 2191 Cur
1271 2163 1328 2191 lucc
1342 2162 1469 2198 loqueris,
1483 2169 1533 2196 qua
1547 2161 1579 2189 de
1594 2167 1672 2188 causa
1683 2164 1710 2187 et
1722 2160 1824 2187 ratione
1839 2158 1852 2185 τ

1062 2211 1133 2239 Dixit
1153 2217 1257 2238 rursum
1269 2230 1276 2243 ,
1292 2208 1358 2236 Ecce
1373 2201 1453 2243 agrius
1476 2207 1523 2234 Dei
1538 2227 1545 2239 ,
1569 2207 1610 2240 qui
1633 2206 1698 2233 tollit
1721 2209 1850 2240 peceatum

1061 2257 1158 2283 mutuli.
1175 2256 1265 2290 Neque
1287 2255 1325 2282 sic
1345 2255 1448 2281 illorum
1463 2253 1591 2288 ignaviam
1608 2251 1701 2287 tetigit.
1717 2250 1779 2278 Ideo
1802 2258 1849 2277 ea-

1060 2302 1120 2330 dcnt
1136 2302 1193 2336 ipsa
1214 2304 1335 2335 repetere
1355 2299 1458 2334 cogitur
1472 2319 1479 2331 ,
1502 2305 1534 2325 ac
1552 2298 1574 2325 si
1591 2301 1687 2325 terram
1707 2295 1848 2331 quamdam

1061 2355 1182 2383 asperam
1197 2350 1223 2373 et
1243 2346 1337 2372 duram
1358 2344 1532 2372 renovatione
1545 2342 1678 2371 emolliret
1692 2362 1700 2375 ,
1723 2346 1750 2369 et
1768 2340 1850 2368 verbo

1061 2394 1135 2429 quasi
1149 2397 1237 2421 aratro
1248 2392 1385 2419 subactam
1396 2394 1512 2417 mentem
1530 2389 1668 2421 excitaret,
1680 2392 1708 2414 ut
1721 2386 1850 2422 profundo

1060 2442 1161 2469 semina
1173 2440 1283 2475 iaceret.
1303 2438 1364 2466 Ideo
1379 2444 1431 2464 non
1452 2436 1530 2471 longo
1543 2435 1624 2462 utitur
1635 2439 1758 2461 sermone
1768 2453 1776 2465 ,
1789 2431 1850 2467 quia

1061 2495 1144 2515 unum
1158 2490 1259 2513 tantum
1280 2484 1407 2517 curabat,
1425 2487 1453 2510 ut
1473 2482 1532 2510 illos
1541 2488 1601 2509 cum
1614 2481 1721 2508 Christo
1737 2478 1850 2513 conjuna

1060 2537 1143 2570 geret.
1157 2532 1261 2561 Sciebat
1286 2531 1358 2558 enim
1373 2529 1449 2562 illos,
1465 2529 1487 2556 si
1501 2528 1553 2555 hoc
1569 2526 1654 2555 semel
1668 2524 1848 2559 suscepissent

1061 2569 1087 2607 et
1101 2579 1339 2613 obtemperassent,
1356 2582 1409 2602 non
1423 2574 1492 2601 ultra
1504 2572 1655 2601 testimonio
1665 2577 1732 2605 opus
1746 2569 1848 2597 habitu-

1061 2633 1125 2653 ros:
1139 2629 1168 2652 ut
1186 2623 1266 2651 etiam
1282 2621 1380 2650 evenit.
1396 2620 1460 2647 Nam
1476 2620 1498 2646 si
1512 2617 1670 2646 Samaritani
1683 2637 1691 2649 ,
1708 2620 1847 2650 postquam

1062 2672 1135 2699 illum
1158 2670 1318 2701 audierant,
1335 2666 1440 2695 mulieri
1463 2665 1553 2692 dicunt
1569 2673 1576 2690 :
1593 2663 1651 2690 Non
1668 2662 1724 2697 jam
1749 2664 1853 2696 propter

1062 2723 1131 2745 luant
1144 2715 1266 2751 loquelam
1289 2713 1413 2741 credimus
1425 2721 1434 2739 :
1449 2711 1497 2746 ipsi
1519 2710 1583 2737 enim
1599 2709 1722 2740 novimus,
1737 2707 1797 2742 quia
1810 2706 1849 2732 hic

1063 2770 1099 2793 est
1110 2763 1228 2792 Saluator
1240 2760 1327 2788 ntundi
1341 2759 1454 2787 Christus
1465 2757 1553 2793 (Joau.
1568 2756 1593 2784 4.
1609 2755 1666 2790 42);
1678 2754 1762 2781 multo
1770 2753 1849 2780 citius

1063 2809 1185 2846 discipuli
1206 2807 1275 2843 capti
1299 2806 1409 2834 fuissent
1428 2825 1434 2839 ,
1452 2809 1480 2832 ut
1498 2810 1589 2831 revera
1607 2802 1675 2838 rapti
1698 2805 1768 2828 sunt.
1785 2800 1849 2828 Cum
