2040 3113
196 165 248 194 115

193 225 296 260 Ξλεγεν,
315 224 342 250 '0
356 223 453 250 ὀπίσω
466 231 526 257 μου
541 223 714 257 ἐρχόμενος,
735 220 906 256 ἔμπροσθέν
926 227 983 252 μου

192 268 305 304 γέγονε,
320 268 379 298 καὶ.
391 268 431 294 ὅτι
445 268 504 293 Οὐκ
513 267 572 300 εἰμὶ
592 265 695 299 ίκίινὸς
708 265 801 292 λῦσαι
812 265 865 291 τὸν
877 262 984 299 Ιμάντα

192 313 246 341 τοῦ
255 311 448 346 ὑποδήματος
457 310 561 341 αὐτοῦ.
570 310 664 336 οὐδένα
674 307 755 336 εἶλεν·
765 309 808 336 ὅτε
820 309 848 336 δὲ
859 308 923 344 περὶ
933 307 983 342 τῆς

193 356 347 391 οἰκονομίας
361 354 494 390 διελέχθη,
508 353 553 380 καὶ
569 354 614 380 ἐπὶ
629 353 659 380 τὺ
675 353 865 388 ταπεινότερον
880 352 925 379 τὸν
942 351 985 378 λόο

192 409 241 435 γον
254 401 341 436 ἤγαγε
353 406 378 432 ι,
392 399 452 426 τότε
466 397 650 433 ἠκολούθησαν
668 399 692 424 οἰ
712 397 840 433 μαθηταί.
854 397 891 423 Οὑ
906 395 985 422 τοῦτο

192 445 221 472 δέ
245 445 326 479 μόνον
351 444 408 470 ἔστι
431 442 559 475 κατιδεῖν,
576 441 632 468 ἀλλ’
655 441 696 468 ὅτι
719 442 766 467 καὶ
781 441 830 475 οὐχ
849 441 935 472 οὕτως
959 440 982 466 οἰ

193 488 289 521 πολλοὶ,
301 487 495 524 προσάγονται,
511 486 575 512 ὅταν
591 494 617 511 τι
637 486 707 520 μέγα
729 486 776 511 καὶ
793 484 894 520 ὑψηλὸν
921 484 985 519 περὶ

192 532 261 559 Θεοῦ
278 531 400 566 λέγηται,
416 530 453 562 ὼς
465 530 528 556 ὅταν
540 529 657 565 χρηστὸν
672 529 717 555 καὶ
732 528 923 564 φιλάνθρωπον
939 528 985 553 καὶ

193 577 233 608 εἰς
257 576 306 612 τήν
331 574 385 602 τῶν
410 574 564 601 ἀκουόντων
584 572 735 608 ἀνθρώπων
753 572 890 607 σωτηρίαν
905 569 982 608 ἧκον.

194 621 334 648 Ἤκουσαν
352 617 417 653 γοῦν
437 619 477 645 ὃτι
493 618 566 652 αἴρει
585 617 633 652 τὴν
650 616 787 652 ἁμαρτίαν
804 615 852 642 τοῦ
870 616 984 651 κόσμου,

193 664 239 691 καὶ
259 663 362 695 εὐθέως
383 662 546 698 ἐπέδραμον.
567 662 600 688 Εἰ
618 661 672 696 γὰρ
689 660 761 687 ἔστιν
784 659 985 687 ἀπολούσασθαι

192 709 227 734 τὰ
243 708 413 742 ἐγκλήματα,
433 706 505 737 τίνος
521 706 624 737 ἕνεκεν,
643 705 736 740 φησὶν,
759 703 984 739 ἀναϐαλλόμεθα;

193 752 326 788 πάρεστιν
337 752 351 778 6
364 750 449 786 χωρὶς
462 749 551 776 πόνων
562 748 753 784 ἐλευθερώσων
768 748 854 783 ἡμᾶς·
870 747 928 779 πῶς
940 746 986 774 οὖν

193 797 244 823 οὐκ
254 795 370 830 ἐσχάτης
380 795 473 827 ἀνοίας
483 792 676 829 ὑπερτίθεσθαι
689 792 738 829 τὴν
749 792 868 828 δωρεάνς
878 791 987 819 Ἀκουέ-

193 850 284 868 τωσαν
295 842 320 867 οἰ
340 840 550 875 κατηχούμενοι,
566 838 614 865 καὶ
629 837 697 874 πρὸς
716 837 833 872 ἐσχάτας
849 836 986 868 ἀναπνοὰς

193 885 243 919 τὴν
256 884 358 911 οίκείαν
370 882 582 918 ἀναϐαλλόμενοι
596 881 743 917 σωτηρίαν.
757 881 842 908 Πάλιν
854 881 986 916 εἱστήκει,

195 928 289 962 φησιν,
301 928 315 954 6
332 926 457 962 Ἰωάννης
468 927 515 953 καὶ
527 925 614 959 λέγει’
629 925 685 952 Ἴδε
697 926 713 952 ὁ
724 924 818 960 ἀμνὸς
836 924 890 951 τοῦ
901 924 985 952 Θεοῦ.

194 972 280 999 οὐδὲν
299 973 313 998 6
332 971 451 1007 Χριστὸς
471 970 641 1004 διαλέγεται,
664 968 732 996 άλλά
759 968 847 995 πάντα
871 969 984 1000 ἐκεῖνος.

196 1017 272 1053 [103]
286 1016 363 1043 Οὕτω
383 1016 428 1042 καὶ
445 1015 491 1041 ἐπὶ
505 1014 552 1041 τοῦ
569 1013 686 1050 νυμφίου
705 1013 818 1048 γίνεται.
834 1014 890 1040 Οὐκ
907 1013 987 1045 αὑτός

195 1069 223 1087 τι
240 1060 312 1094 λέγει
336 1059 403 1095 πρὸς
417 1059 466 1094 τὴν
485 1058 595 1093 νύμφην
616 1058 700 1090 τέως,
723 1057 790 1084 ἀλλά
806 1058 923 1093 πάρεστι
939 1057 987 1093 μὲν

196 1106 272 1140 σιγῇ,
285 1104 374 1139 ἕτεροι
387 1103 415 1130 δὲ
432 1103 513 1129 αὐτὸν
526 1102 635 1138 δηλοῦσι
647 1101 694 1128 καὶ
707 1101 756 1137 τὴν
771 1100 890 1137 νύμφην,
903 1101 988 1136 ἐγχει-

198 1149 303 1183 ρίζουσι
316 1147 344 1174 δὲ
367 1147 456 1183 ἕτεροι
467 1154 473 1161 ·
490 1146 559 1181 αὕτη
581 1146 609 1172 δὲ
627 1145 751 1180 φαίνεται
770 1145 860 1180 μόνον,
877 1145 923 1172 καί
937 1145 988 1171 οὐκ

196 1192 242 1225 ἀφ’
258 1191 354 1218 ἑαυτοῦ
367 1190 470 1225 ταύτην
486 1190 579 1216 ἄπεισι
598 1188 699 1221 λαϐὼν,
715 1189 772 1215 ἀλλ’
790 1188 883 1224 ἐτέρου
900 1196 988 1224 παραο

194 1235 286 1267 δόντος
302 1234 396 1270 αὑτήν.
410 1233 494 1261 ὀταν
519 1232 547 1259 δὲ
570 1232 640 1267 λάϐῃ
666 1232 876 1267 παραδοθεῖσαν,
901 1231 988 1264 οὕτως

196 1278 282 1313 αὐτὴν
299 1277 461 1312 διατίθησιν,
479 1276 516 1307 ὡς
537 1275 636 1311 μηκέτι
652 1275 806 1310 μεμνῆσθαι
819 1275 873 1301 τῶν
888 1283 987 1309 κατεγ-

196 1321 368 1357 γυησαντων.
382 1320 466 1347 Τοῦτο
478 1319 525 1346 καὶ
538 1319 584 1346 ἐπὶ
596 1319 643 1346 τοῦ
658 1319 775 1355 Χριστοῦ
788 1320 909 1353 γέγονεν.
921 1317 989 1345 Ἦλ-

197 1366 244 1393 θεν
257 1366 444 1401 ἁρμοσάμενος
457 1365 506 1400 τὴν
525 1363 686 1399 Ἐκκλησίαν
697 1372 703 1378 ·
718 1363 794 1389 οὐδὲν
808 1363 888 1395 αὐτὸς
901 1361 987 1396 εἶπεν,

197 1409 265 1437 άλλά
281 1409 446 1445 παρεγένετο
464 1408 558 1442 μόνον’
571 1408 585 1434 6
598 1406 627 1433 δὲ
645 1407 721 1441 φίλος
739 1406 821 1432 αὑτοῦ
833 1407 847 1432 6
864 1406 990 1441 Ἰωάννης

196 1454 246 1489 τὴν
259 1453 348 1485 δεξιάψ
361 1452 473 1487 ἐνέθηκε
487 1453 536 1487 τῆς
550 1451 668 1486 νύμφης,
678 1451 722 1477 διὰ
735 1450 790 1477 τῶν
802 1450 888 1484 λόγων
902 1451 990 1485 ἐγχει-

199 1498 278 1533 ρίσας
293 1496 366 1531 αὐτῷ
380 1496 428 1528 τὰς
443 1495 531 1530 ψυχας
545 1494 599 1521 τῶν
616 1494 777 1530 ἀνθρώπων.
794 1493 893 1521 Λαϐὼν
909 1493 990 1525 αὺτὺς

197 1541 302 1573 λοιπὸν,
316 1541 402 1572 οὓτως
417 1540 515 1570 αὐτοὺς
537 1538 671 1573 διέθηκεν,
687 1538 724 1569 ὡς
743 1537 841 1572 μηκέτι
858 1537 926 1573 πρὸς
945 1537 989 1564 τὸν

198 1585 393 1620 έγχειρίσαντα
414 1583 550 1610 ἀπελθεῖν.

237 1629 311 1664 β’.οὐ
320 1627 400 1654 τοῦτο
411 1627 438 1654 δέ
448 1627 527 1662 μόνον
534 1626 630 1659 ἢάλλά
641 1626 687 1653 καὶ
695 1625 738 1652 ἓτε
743 1634 788 1660 ρον
796 1625 868 1651 ἔστιν
875 1623 990 1651 ἐνταῦθα

199 1672 405 1708 παρατηρῆσαι.
434 1671 567 1706 Καθάπερ
581 1670 634 1706 γὰρ
652 1670 699 1696 ἐττί⁸
715 1670 769 1696 τῶν
787 1670 882 1705 γάμων
899 1670 948 1704 οὐχ
972 1670 988 1704 ἡ

200 1716 269 1751 κόρη
281 1715 348 1752 πρὸς
357 1715 402 1742 τὸν
411 1715 525 1750 νυμφίον
538 1715 657 1745 ἄπεισιν,
671 1710 811 1744 ἀλλὀὖτος
826 1713 892 1748 πρὸς
906 1712 990 1747 αὐτὴν

199 1761 351 1794 ἐπείγεται,
366 1759 417 1787 κᾶν
435 1759 566 1795 βασιλέως
580 1759 637 1790 υίὸς
651 1756 678 1794 ᾖ,
694 1758 746 1785 κᾶν
758 1758 853 1793 εὐτελῆ
869 1766 930 1784 τινα
945 1757 992 1784 καὶ

199 1802 427 1839 ἀπερῤιμμένην,
457 1802 509 1829 κᾶν
539 1801 716 1837 θεραπαινίδα
751 1800 991 1836 κατεγγυήσασθαι

201 1847 286 1883 μέλλῃ
296 1856 303 1863 ·
313 1846 384 1873 οὕτω
395 1846 441 1872 καὶ
453 1845 569 1872 ἐνταῦθα
581 1845 679 1879 συνέϐη
691 1851 713 1872 π.
729 1845 785 1872 Οὐκ
798 1845 836 1876 εἰς
850 1844 896 1871 τὸν
909 1845 989 1879 οὐρα·

200 1892 247 1918 νὺν
259 1891 357 1926 ἀνῆλθε
373 1889 589 1926 τῶνάνθρώπων
602 1891 618 1924 ὴ
637 1889 727 1924 φύσις,
748 1888 805 1915 ἀλλ’
825 1888 905 1920 αὐτὸς
924 1887 992 1923 πρὸς

200 1935 250 1970 τὴν
265 1935 501 1970 εὐκαταφρόνητον
518 1933 618 1968 ταύτην
636 1933 681 1959 καὶ
696 1932 792 1966 εὐτελῆ
804 1933 989 1967 παραγέγονε-

201 1979 250 2004 καὶ
267 1977 420 2013 γενομένων
433 1977 487 2004 τῶν
503 1977 599 2011 γάμων
613 1975 638 2009 δ,
654 1976 703 2002 οὐκ
717 1976 807 2002 είασεν
817 1975 934 2002 ἐνταῦθα
945 1974 992 2010 μέ-

200 2030 258 2048 νειν
273 2021 357 2058 αὐτὴν
373 2021 477 2053 λοιπὸν,
491 2020 559 2047 ἀλλὰ
578 2019 754 2055 παραλαϐὼν,
774 2019 841 2054 πρὸς
858 2019 902 2045 τὸν
918 2016 992 2045 οἷκον

200 2066 324 2101 ἀνήγαγε
337 2065 382 2091 τὸν
397 2064 538 2099 πατρικόν.
565 2064 598 2090 Τί
619 2064 718 2099 δήποτε
735 2063 764 2089 δὲ
786 2063 816 2089 οὐ
841 2062 900 2089 κατ’
925 2062 993 2089 ἰδίαν

200 2110 336 2146 λαμϐάνει
348 2109 411 2141 τοὺς
425 2108 547 2144 μαθητὰς
561 2109 624 2139 τοὺς
634 2107 741 2141 ἐαυτοῦ,
753 2107 800 2134 καὶ
812 2107 877 2142 περὶ
891 2107 992 2133 τούτων

201 2155 294 2187 αὐτοῖς
302 2154 454 2188 διαλέγεται
462 2155 475 2180 6
487 2153 624 2188 Ἰωάννης,
635 2153 682 2179 καὶ
696 2151 782 2183 οὕτως
796 2152 893 2183 αὐτοὺς
902 2151 992 2178 δίδωσι

204 2205 218 2219 ο
239 2199 278 2234 τῷ
300 2198 420 2235 Χριστῷ,
444 2197 512 2224 ἀλλά
536 2197 654 2233 δημοσίᾳ
677 2197 747 2232 μετά
768 2196 878 2223 πάντων
902 2196 993 2228 αὐτοῖς

202 2253 285 2280 φησιν
297 2252 303 2259 ·
331 2243 387 2270 Ἴδε
401 2245 417 2269 ό
435 2242 529 2277 ἀμνὸς
547 2241 601 2268 τοῦ
620 2241 713 2274 Θεοῦ;
733 2241 791 2268 Ἵνα
805 2241 842 2277 μὴ
862 2241 926 2278 δόξῃ
945 2249 992 2267 συ-

203 2289 304 2324 σκευῆς
317 2285 387 2314 εἶναι
401 2286 431 2313 τὸ
444 2286 533 2322 ἔργον.
548 2286 579 2312 Εἰ
597 2285 647 2320 μὲν
667 2285 721 2321 γὰρ
741 2285 807 2320 παρ’
831 2285 913 2312 αὐτοῦ
932 2285 992 2311 κατ’

204 2331 274 2358 ἰδίαν
288 2330 508 2367 παρακληθέντες
521 2329 655 2364 ἀπῄεσαν,
683 2329 729 2356 καὶ
754 2329 791 2361 ὡς
819 2329 899 2365 χάριν
919 2328 994 2364 αὑτῷ

203 2376 380 2411 παρέχοντες,
399 2374 500 2410 ταχέως
514 2373 547 2401 ἂν
564 2373 629 2405 ἴσως
644 2374 690 2400 καὶ
701 2373 878 2408 ἀπεπήδησαν
887 2382 893 2388 ·
907 2373 954 2400 νῦν
964 2374 993 2400 δὲ

201 2422 236 2447 ἑκ
250 2421 300 2456 τῆς
317 2420 409 2454 κοινῆς
425 2419 573 2454 γενομένης
591 2418 763 2449 διδασκαλίας
781 2418 993 2454 καταδεξάμενοι

202 2464 252 2499 τὴν
265 2463 454 2498 άκολούθησιν,
473 2463 578 2498 βέβαιοι
593 2462 685 2488 λοιπὸν
702 2462 796 2497 έμενον
813 2462 941 2498 μαθηταὶ,
956 2463 994 2494 ὡς

201 2509 233 2535 οὐ
246 2508 290 2535 διὰ
302 2508 352 2544 τὴν
372 2508 411 2539 είς
424 2507 469 2533 τὸν
483 2506 641 2533 διδάσκαλον
652 2506 732 2542 χάριν
751 2505 992 2542 ἀκολουθήσαντες,

203 2553 261 2580 ἀλλ’
275 2552 428 2587 εἰλικρινῶς
448 2552 494 2578 καὶ
508 2551 576 2587 πρὸς
597 2551 627 2577 τὸ
643 2550 736 2586 κέρδος
754 2550 872 2586 ὁρῶντες
888 2551 918 2577 τὸ
930 2551 993 2577 ἐαυ-

203 2595 268 2622 τῶν.
284 2594 317 2622 Οἱ
331 2595 380 2630 μὲν
395 2592 442 2622 οὗν
464 2595 600 2630 προφῆται
618 2594 664 2622 καὶ
686 2596 709 2621 οἰ
729 2595 872 2621 ἀπόστολοι
893 2595 992 2625 πάντες

203 2639 308 2666 ἀπόντα
316 2639 398 2666 αὑτὸν
410 2639 560 2674 ἐκήρυττον
574 2647 580 2653 ⁸
594 2639 618 2665 οἱ
634 2639 682 2673 μὲν
695 2639 747 2673 πρὸ
761 2639 811 2674 τῆς
824 2639 893 2665 κατά
905 2639 993 2674 σάρκα

205 2682 365 2718 παρουσίας,
382 2683 406 2709 οἱ
422 2682 450 2709 δέ
466 2682 535 2718 μετὰ
546 2682 596 2717 τὴν
610 2682 758 2718 ἀνάληψιν·
774 2680 850 2715 οὗτος
870 2683 899 2709 δέ
915 2684 993 2719 μόνος

205 2726 337 2761 παρόντα.
361 2726 408 2753 Διδ
429 2726 476 2752 καὶ
498 2725 573 2760 φίλον
591 2726 672 2753 αὑτὸν
693 2726 740 2752 τοῦ
759 2727 876 2762 νυμφίου
899 2728 990 2763 φησὶν,

203 2767 299 2803 ἐπειδὴ
314 2768 361 2794 καὶ
375 2769 402 2795 ἐν
419 2769 475 2799 τοῖς
489 2768 588 2804 γάμοις
613 2769 693 2804 μόνος
711 2769 792 2801 αὐτὸς
816 2770 991 2805 παρεγένετο.

237 2849 249 2884 _'
269 2848 558 2884 B_I_qrel._ﬁ7a7£,.8.ayil.
581 2851 615 2884 el‘
629 2850 773 2884 qqdd._705,
800 2851 845 2884 706
864 2854 992 2884 κατήγαγε.

203 2878 351 2912 mmmam
361 2879 577 2912 ἀνῇκο-ιμδίῆκον.
610 2878 890 2912 διιονειμὸ-έοναῡτοῡ.
920 2878 994 2909 'c's‘a;

205 2910 248 2943 vi].
265 2911 366 2943 γέγονεν.
390 2910 594 2943 ΜοτεΙζσυνὲϐη,
616 2913 681 2943 quod
698 2910 800 2943 idi‘psum
827 2919 873 2939 est.
908 2914 920 2934 τι
943 2916 992 2940 Alii

203 2941 252 2963 τῶν
264 2941 408 2971 πραγμάτων

205 2941 408 2995 πραγμάτων
453 2947 464 2960 ε
477 2941 550 2966 Salvi].
574 2941 720 2973 παρᾱιὸίδωσι
733 2941 794 2969 ἐιηη
806 2952 870 2970 sane
890 2946 993 2970 laudatis

703 163 736 190 IN
757 161 917 191 JOANNEM
939 159 1057 189 HOMIL.
1075 159 1168 188 XVI“.
1185 161 1220 188 al.
1241 160 1323 188 XV".

1037 217 1092 244 Καὶ
1106 217 1160 253 γὰρ
1175 218 1253 249 αὐτὸς
1266 219 1353 245 πάντα
1368 218 1477 253 ἐποίησε
1492 219 1539 245 καὶ
1559 218 1731 246 ἀπετέλεσεν·
1747 220 1828 252 αὐτὸς

1037 259 1075 294 τῷ
1089 261 1232 295 πράγματι
1248 261 1296 295 τὴν
1313 261 1398 296 ἀρχὴν
1416 262 1544 297 παρέσχε.
1557 261 1611 289 Καὶ
1622 261 1772 296 ἐμϐλέψας
1787 262 1828 295 τῷ

1043 301 1144 334 Ἰησοῦ
1172 302 1395 334 περιπατοῦντι,
1412 302 1513 337 λέγει·
1531 304 1592 330 Ἴδε
1617 305 1633 330 ὀ
1658 303 1753 338 ἀμνὸς
1774 304 1828 332 τοῦ

1037 343 1119 370 Θεοῦ.
1141 343 1226 369 Τοῦτο
1250 341 1319 373 εἷπε,
1347 343 1452 375 δεικνὺς
1472 345 1512 371 ὅτι
1531 345 1560 372 οὐ
1577 346 1609 381 τῇ
1635 347 1709 381 φωνῇ
1735 346 1826 381 μόνον,

1035 384 1104 411 ἀλλά
1119 385 1166 411 καὶ
1180 385 1235 416 τοῖς
1250 384 1397 419 ὀφθαλμοῖς
1413 386 1562 422 ἐμαρτύρει
1573 395 1580 403 σ
1606 387 1654 413 καὶ
1675 387 1730 421 γὰρ
1745 388 1828 414 ἐθαύ-

1036 427 1105 461 μαζε
1121 427 1166 452 τὸν
1181 427 1298 462 Χριστὸν
1318 427 1420 462 χαίρων
1440 428 1487 454 καὶ
1508 429 1699 464 ἀγαλλόμενος,
1723 431 1777 456 Καὶ
1795 431 1826 457 οὺ

1035 469 1106 494 ποιεῖ
1128 467 1137 486 ἲ
1154 468 1198 494 τὸν
1213 468 1290 502 λόγον
1309 469 1511 503 παρακλητικὸν
1522 470 1600 501 τέως,
1614 471 1681 498 ἀλλά
1693 471 1828 507 θαυμάζει

1036 510 1115 544 μόνον
1132 511 1180 537 καὶ
1197 510 1377 546 ἐκπλήττεται
1389 511 1433 537 τὸν
1447 511 1568 546 παρόντα
1581 519 1588 527 ·
1604 513 1650 538 καὶ
1664 512 1712 547 τὴν
1725 513 1828 548 δωρεὰν

1035 550 1062 577 δέ
1081 551 1172 583 αὐτοῖς
1189 552 1272 578 πᾶσιν
1295 552 1337 585 ἐφ’
1358 552 1390 586 ἢν
1415 552 1581 586 παρεγένετο
1605 552 1688 587 δηλοῖ,
1716 555 1761 580 καὶ
1782 555 1828 581 τὸν

1035 592 1135 627 τρόπον
1152 592 1198 619 τοῦ
1215 592 1369 628 καθαρμοῦ.
1386 593 1414 620 '0
1425 593 1478 627 γὰρ
1490 593 1575 628 ἀμνὺς
1589 593 1731 628 ἀμφότερα
1743 594 1828 622 ταῦτα

1035 633 1171 668 ἐμφαίνει.
1189 635 1244 661 Καὶ
1256 635 1306 661 οὐκ
1322 632 1409 667 εἶπεν,
1431 635 1460 661 '0
1473 634 1635 670 ληψόμενος,
1656 635 1672 669 ἦ
1697 635 1726 661 '0
1744 636 1827 670 ἀρας·

1036 675 1108 707 ἀλλ’,
1130 675 1161 702 '0
1180 675 1272 709 αἴρων
1284 676 1338 709 τὰς
1351 675 1494 710 ἁμαρτίας
1506 676 1557 703 τοῦ
1573 677 1701 710 κόσμου,
1717 677 1754 708 ὡς
1763 678 1775 696 ⁸
1787 677 1830 704 ἀεὶ

1034 716 1114 743 τοῦτο
1128 716 1267 748 ποιοῦντος
1279 717 1373 744 αὐτοῦ.
1390 718 1427 744 Οὐ
1440 717 1495 753 γὰρ
1509 717 1570 743 τότε
1582 717 1662 752 μόνον
1677 717 1772 744 ἔλαϐεν
1785 718 1830 744 ὂτε

1036 757 1145 790 ἔπαθεν,
1163 758 1221 785 ἀλλ’
1237 759 1266 791 ἐξ
1279 758 1382 785 ἐκείνου
1398 759 1479 794 μέχρι
1489 759 1536 785 τοῦ
1550 759 1684 794 παρόντος
1696 760 1766 795 αἴρει
1781 760 1831 792 τὰς

1036 799 1184 835 ἁμαρτίας,
1196 799 1273 836 [106]
1282 801 1331 827 οὐκ
1341 801 1383 827 ἀεὶ
1397 800 1597 837 σταυρούμενος
1608 801 1683 836 (μίαν
1697 801 1751 837 γὰρ
1761 801 1830 838 ὑπὲρ

1036 842 1178 877 ἁμαρτιῶν
1200 843 1373 878 προσήνεγκε
1399 843 1523 878 θυσίαν),
1547 844 1605 871 ἀλλ’
1627 844 1670 871 ἀεὶ
1692 844 1830 879 καθαίρων

1036 885 1079 911 διέι
1095 885 1144 920 τῆς
1162 885 1226 916 μιᾶς
1248 885 1366 920 ἐκείνης.
1383 885 1488 921 ’Ὠσπερ
1512 883 1558 911 οὖν
1577 887 1643 920 ἡμῖν
1664 887 1679 912 6
1701 885 1787 919 Λόγος
1799 885 1831 911 τὸ

1036 925 1174 960 ἐξαίρετον
1190 925 1320 959 δείκνυσι,
1335 927 1383 952 καὶ
1401 927 1416 953 6
1433 926 1496 957 Υἱὸς
1509 927 1539 953 τὸ
1553 927 1751 962 ἐξηλλαγμένον
1763 926 1831 961 πρὸς

1036 968 1099 998 τοὺς
1113 967 1208 999 ἄλλους
1224 968 1352 1002 ἐμφαίνει
1364 976 1371 983 ·
1388 967 1459 994 οὓτω
1470 968 1516 994 καὶ
1531 970 1544 995 ό
1559 969 1655 1003 ἀμνὸς,
1675 969 1721 995 καὶ
1735 969 1750 994 6
1764 969 1831 1003 Χριι

1037 1009 1109 1040 στδς,
1126 1009 1174 1034 καὶ
1188 1009 1202 1034 ὁ
1215 1009 1368 1044 προφήτης.
1383 1010 1429 1036 καὶ
1443 1009 1472 1035 τὸ
1489 1009 1547 1044 φῶς
1561 1010 1592 1036 τὸ
1604 1010 1742 1046 ἀληθινὸν,
1760 1011 1806 1036 καὶ
1816 1010 1830 1036 6

1037 1049 1139 1085 ποιμὴν
1153 1051 1167 1076 6
1181 1050 1272 1081 καλὸς,
1288 1051 1335 1077 καὶ
1349 1050 1399 1077 ὅσα
1417 1051 1449 1078 ἂν
1466 1052 1509 1077 ἐπ’
1532 1052 1615 1078 αὑτοῦ
1633 1052 1745 1088 λέγηται
1762 1051 1831 1087 μετά

1036 1091 1087 1126 τῆς
1102 1092 1115 1111 h
1127 1090 1175 1118 τοῦ
1192 1091 1292 1127 ἄρθρου
1313 1091 1473 1128 προσθήκης
1485 1114 1492 1125 ,
1511 1093 1578 1120 πολὺ
1603 1093 1721 1120 δείκνυσι
1745 1093 1775 1120 τὸ
1790 1093 1830 1120 δι-

1037 1133 1198 1168 ωρισμένον.
1208 1133 1262 1159 Καὶ
1272 1132 1325 1168 γὰρ
1336 1134 1417 1168 ἀμνοὶ
1428 1132 1498 1169 ἦσαν
1510 1134 1611 1166 πολλοὶ,
1622 1135 1667 1161 καὶ
1682 1135 1829 1171 προφῆται,

1038 1174 1084 1202 καὶ
1098 1175 1214 1210 χριστοὶ,
1233 1175 1280 1201 κα)⁵
1305 1175 1356 1202 υἰοί
1369 1183 1375 1189 ·
1401 1175 1467 1202 ἀλλά
1488 1177 1598 1204 πάντων
1617 1177 1728 1204 ἐκείνων
1750 1177 1831 1203 αὑτὸν

1038 1216 1167 1251 ἀφίστησι
1185 1216 1274 1251 πολλῷ
1291 1216 1329 1250 τῷ
1344 1217 1428 1252 μέσῳ.
1441 1217 1496 1244 Καὶ
1511 1218 1569 1244 οὐδὲ
1583 1217 1621 1253 τῷ
1633 1217 1728 1253 ἄρθρῳ
1744 1218 1831 1252 τούτῳ

1037 1257 1204 1292 ἠσφαλίσατο
1215 1258 1303 1292 μόνον,
1314 1258 1382 1285 ἀλλὰ
1395 1259 1442 1285 καὶ
1456 1261 1488 1294 τῇ
1505 1259 1551 1286 τοῦ
1565 1259 1734 1293 Μονογενοῦς
1748 1267 1832 1294 προσ-

1039 1299 1120 1334 θήκῃ.
1142 1299 1224 1326 Οὐδὲν
1253 1299 1307 1334 γὰρ
1327 1300 1401 1335 αὐτῷ
1418 1301 1505 1327 κοινὸν
1525 1301 1594 1336 πρὸς
1608 1301 1657 1337 τὴν
1677 1301 1775 1328 κτίσιν.
1800 1301 1833 1327 Εἰ

1039 1340 1067 1366 δέ
1077 1348 1128 1366 τινι
1145 1339 1219 1375 παρά
1231 1341 1325 1376 καιρὸν
1336 1338 1405 1367 εἶναι
1419 1342 1502 1374 δοκεῖ,
1517 1343 1546 1369 τὸ
1561 1342 1620 1377 ὥρᾳ
1635 1342 1735 1378 δεκάτῃ
1746 1341 1832 1369 ταῦτα

1039 1381 1166 1415 λέγεσθαι
1189 1381 1251 1416 (καὶ
1272 1381 1326 1417 γὰρ
1346 1379 1422 1414 οὗτος
1440 1384 1454 1410 ὁ
1471 1384 1565 1418 καιρὸς
1585 1384 1646 1410 τότε
1663 1383 1712 1418 τῆς
1725 1383 1833 1418 ἡμέρας

1039 1421 1081 1460 ἦν·
1102 1424 1174 1458 Ὥρα
1189 1423 1243 1458 γὰρ
1259 1422 1297 1458 ἦν
1311 1424 1350 1457 ὡς
1360 1424 1480 1458 δεκάτη,
1496 1426 1578 1461 φησὶν
1590 1426 1608 1458 ).
1625 1425 1756 1459 ἐσφάλθαι
1769 1425 1834 1459 σφό-

1041 1465 1089 1501 δρα
1103 1466 1117 1492 ὸ
1132 1464 1252 1497 τοιοῦτός
1266 1474 1311 1500 μοι
1324 1466 1406 1493 δοκεῖ.
1433 1467 1495 1494 Ἐπί
1511 1467 1561 1502 μὲν
1581 1467 1635 1502 γὰρ
1657 1467 1711 1494 τῶν
1728 1467 1833 1494 πολλῶν

1040 1507 1085 1534 καὶ
1101 1508 1134 1542 τῇ
1149 1507 1231 1542 σαρκὶ
1244 1507 1434 1540 δουλευόντων,
1450 1509 1562 1539 εἰκότως
1576 1510 1589 1535 6
1604 1509 1673 1543 μετά
1686 1509 1735 1544 τὴν
1747 1509 1834 1536 ἑστία-

1041 1558 1082 1576 σιν
1108 1549 1203 1583 καιρὸς
1215 1549 1264 1575 οὐκ
1278 1549 1334 1575 ἐστι
1357 1549 1458 1585 σφόδρα
1474 1551 1626 1584 ἐπιτήδειος
1650 1551 1718 1586 πρός
1739 1560 1763 1577 τι
1779 1551 1833 1578 τῶν

1039 1590 1204 1624 ἀναγκαίων,
1221 1590 1264 1616 διὰ
1278 1590 1309 1616 τὸ
1324 1591 1374 1620 τὴν
1391 1590 1504 1625 καρδίαν
1518 1593 1573 1622 τοῖς
1598 1591 1692 1623 σιτίοις
1714 1592 1832 1628 βαρύνε-

1041 1631 1102 1658 σθαι
1114 1639 1120 1646 ”
1136 1631 1200 1657 ἔνθα
1211 1631 1239 1657 δὲ
1253 1631 1322 1666 ἀνὴρ
1336 1629 1370 1667 ἦν
1388 1632 1447 1658 οὐδὲ
1461 1633 1509 1667 τῆς
1525 1632 1618 1667 κοινῆς
1636 1633 1756 1668 μετέχων
1769 1643 1832 1669 τρο-

1041 1673 1104 1707 φῆς,
1120 1672 1247 1699 ἀλλὰκαὶ
1270 1671 1320 1706 τὴν
1346 1673 1465 1708 ἑσπέραν
1484 1674 1552 1708 μετὰ
1575 1674 1709 1709 τοσαύτης
1733 1674 1833 1709 διάγων

1041 1713 1157 1749 νήψεως,
1173 1714 1231 1748 μεθ’
1245 1714 1311 1749 ὅσης
1323 1714 1403 1748 ἡμεῖς
1418 1714 1469 1741 ὑπὸ
1484 1714 1533 1750 τὴν
1546 1715 1592 1747 ἕω,
1618 1716 1716 1750 μᾶλλον
1739 1716 1767 1742 δὲ
1788 1717 1834 1742 καὶ

1042 1755 1111 1790 μετὰ
1131 1754 1220 1790 πολλῷ
1245 1754 1366 1787 πλείονος
1385 1756 1442 1789 (ἐπὶ
1463 1756 1512 1790 μὲν
1531 1756 1585 1792 γὰρ
1604 1757 1682 1792 ήμιῖιν
1705 1757 1833 1789 πολλάκις

1040 1796 1089 1832 τῆς
1109 1796 1255 1831 ἐσπερινῆς
1269 1796 1371 1831 τροφῆς
1383 1797 1496 1831 λείψανα
1509 1798 1747 1832 ἐναπολειφθέντα,
1766 1808 1833 1833 φαν-

1040 1839 1115 1870 τάζει
1127 1838 1177 1872 τὴν
1186 1838 1286 1873 ψυχὴν,
1298 1839 1401 1869 ἐκεῖνος
1411 1838 1440 1864 δέ
1454 1839 1541 1866 οὐδενὶ
1555 1839 1564 1858 ¹
1579 1840 1683 1868 τούτων
1698 1841 1729 1867 τὸ
1743 1841 1834 1868 πλοῖον

1042 1879 1188 1914 ἐϐάρυνεν)
1202 1887 1207 1894 ο
1224 1879 1337 1910 εἰκότως
1354 1880 1400 1906 καὶ
1422 1880 1512 1915 δείλης
1526 1880 1605 1916 ὀψίας
1626 1882 1689 1917 περὶ
1706 1883 1833 1910 τοιούτων

1041 1920 1199 1955 ἐφθέγγετο.
1216 1919 1332 1947 Ἔπειτα
1348 1921 1394 1947 καὶ
1408 1921 1436 1947 ὲν
1452 1922 1548 1957 ἐρήμῳ
1561 1922 1678 1957 διέτριϐε
1697 1925 1772 1959 παρὰ
1789 1925 1834 1952 τὸν

1048 1962 1193 1998 Ἰορδάνην,
1205 1962 1269 1988 ἔνθα
1283 1963 1381 1994 πάντες
1397 1963 1466 1998 μετά
1477 1963 1574 1990 πολλοῦ
1588 1964 1635 1990 τοῦ
1648 1965 1750 2000 τρόμου
1766 1967 1834 2001 πρὸς

1041 2004 1072 2031 τὸ
1088 2004 1230 2039 βάπτισμα
1251 2005 1387 2039 ἀπήντων,
1405 2005 1457 2031 τῶν
1475 2004 1610 2040 βιωτικῶν
1627 2006 1713 2042 βραχὺ
1725 2009 1834 2043 φροντί-

1043 2047 1133 2078 ζοντες
1147 2046 1217 2072 τότε·
1237 2046 1297 2072 ἐπεὶ
1310 2047 1357 2072 καὶ
1371 2046 1410 2081 τῷ
1422 2046 1533 2081 Χριστῷ
1545 2048 1618 2082 τρεῖς
1632 2048 1738 2084 ἡμέρας
1749 2058 1833 2085 προσ-

1043 2087 1240 2123 εκαρτέρησαν,
1265 2087 1312 2113 καὶ
1328 2086 1399 2122 ἦσαν
1421 2087 1518 2114 ἄσιτοι.
1545 2088 1630 2114 Τοῦτο
1649 2089 1703 2124 γὰρ
1719 2090 1833 2125 σφοδροῦ

1043 2129 1162 2164 κήρυκος
1184 2128 1230 2154 καὶ
1251 2128 1397 2163 ἐπιμελοῦς
1409 2128 1543 2163 γεωργοῦ,
1568 2128 1603 2164 μὴ
1622 2130 1753 2166 πρότερον
1768 2132 1835 2157 ἀπο-

1037 2171 1149 2205 στῆναι,
1174 2170 1225 2201 ἕως
1246 2169 1279 2196 ἂν
1300 2169 1341 2205 ἴδῃ
1359 2170 1562 2205 κατασχεθέντα
1579 2170 1586 2195 i
1608 2171 1652 2197 τὸν
1668 2173 1835 2206 φυτευθέντα

1042 2211 1130 2245 λόγον.
1145 2210 1177 2237 Τί
1196 2211 1295 2245 δήποτε
1311 2211 1338 2237 δὲ
1351 2211 1381 2237 οὐ
1400 2211 1531 2246 περιῆλθε
1546 2212 1684 2247 πανταχοῦ
1696 2214 1745 2249 τῆς
1771 2215 1834 2240 Ἰου-

1041 2253 1119 2284 δαίας
1134 2252 1280 2288 κηρύσσων
1298 2252 1388 2285 αὐτὸν,
1413 2253 1469 2279 ἀλλ’
1487 2254 1607 2289 εἱστήκει
1627 2255 1702 2290 παρὰ
1721 2255 1767 2282 τδν
1785 2264 1835 2282 πο-

1042 2294 1141 2329 ταμὸν,
1155 2293 1309 2329 περιμένων
1324 2294 1412 2320 ἐλθεῖν
1428 2295 1509 2322 αὑτὸν
1524 2296 1570 2322 καὶ
1586 2296 1670 2328 δεῖξαι
1685 2297 1835 2332 παραγενό-

1045 2343 1142 2370 μενον;
1158 2335 1272 2362 ’Ὀτιδιά
1285 2335 1338 2361 τῶν
1353 2335 1441 2371 ἔργων
1454 2337 1542 2363 ἐκεῖνο
1558 2337 1684 2371 γενέσθαι
1699 2338 1833 2366 ἐϐούλετο·

1042 2377 1072 2404 τδ
1090 2377 1117 2403 δὲ
1132 2375 1360 2412 σπουδαζόμενον,
1376 2377 1513 2413 γνώριμον
1528 2379 1598 2411 τέως
1617 2382 1728 2416 ποιῆσαι
1744 2372 1843 2415 μόνον,1

1043 2418 1090 2445 καὶ
1105 2418 1197 2446 πεῖσαί
1211 2427 1287 2450 τινας
1303 2419 1417 2445 ἀκοῦσαι
1436 2419 1486 2455 τῆς
1502 2420 1611 2447 αἰωνίου
1633 2421 1716 2457 ζωῆς.
1738 2423 1793 2458 Τὴν
1807 2423 1836 2449 δὲ

1045 2459 1155 2495 μείζονα
1177 2460 1251 2495 αὐτῷ
1270 2460 1471 2496 καταλιμπάνει
1490 2463 1643 2497 μαρτυρίαν
1659 2463 1707 2499 τὴν
1723 2463 1767 2490 διὰ
1782 2464 1835 2490 τὼν

1042 2501 1142 2537 ἔργων,
1159 2501 1285 2537 καθάπερ
1302 2503 1348 2528 καί
1374 2502 1455 2535 αὐτός
1470 2512 1568 2538 φησιν’
1601 2504 1675 2538 Ἐγὼ
1698 2506 1734 2532 οὐ
1757 2506 1836 2539 παρὰ

1042 2543 1199 2578 ἀνθρώπου
1216 2543 1356 2577 λαμϐάνω
1369 2543 1427 2577 τὴν
1439 2545 1622 2578 μαρτιῳίαν
1638 2546 1674 2572 τὰ
1688 2547 1742 2580 γὰρ
1765 2546 1837 2581 5pm

1042 2584 1062 2611 ἂ
1073 2585 1165 2611 ἔδωκέ
1172 2593 1222 2619 μοι
1236 2586 1253 2611 ὁ
1265 2584 1376 2619 Πατὴρ,
1392 2586 1484 2612 ταῦτά
1494 2587 1559 2613 ἐστι
1579 2586 1614 2613 τὰ
1627 2588 1837 2621 μαρτυροῦντα

1043 2627 1109 2661 περὶ
1123 2627 1208 2661 ἐμοῦ.
1226 2627 1295 2662 Ὅρα
1310 2626 1375 2661 γοῦν
1399 2627 1456 2658 πῶς
1478 2628 1556 2654 τοῦτο
1578 2628 1770 2664 ἐνεργέστερον
1790 2628 1835 2665 ἦν.

1050 2668 1157 2703 Ἐπειδὴ
1170 2667 1222 2704 γὰρ
1237 2668 1334 2703 μικρὸν
1345 2668 1453 2694 ἐνέϐαλε
1466 2669 1749 2706 σπινθῆρα,ἀθρόωςή
1761 2671 1836 2707 πυρὰ

1044 2711 1112 2747 πρὸς
1125 2711 1155 2738 τὺ
1170 2711 1235 2745 ὕψος
1252 2711 1343 2746 ᾔρετο.
1364 2710 1396 2736 Οἱ
1411 2710 1464 2746 γὰρ
1481 2711 1533 2746 πρὸ
1547 2711 1641 2737 τούτου
1657 2713 1723 2747 μηδὲ
1750 2722 1835 2748 προσ-

1044 2753 1151 2788 έχοντες
1159 2754 1213 2784 τοῖς
1225 2752 1392 2788 λεγομένοις,
1402 2751 1514 2787 ὕστερον
1527 2752 1650 2787 λέγουσι·
1665 2754 1767 2781 Πάντα
1778 2755 1836 2782 ὅσα

1043 2793 1127 2821 εἶπεν
1147 2794 1297 2828 Ἰωάννης,
1313 2793 1411 2828 ἀληθῆ
1427 2793 1521 2821 ἐστιν.

1075 2914 1085 2934 ί
1103 2916 1188 2940 Morel.
1200 2917 1239 2940 καὶ
1251 2916 1306 2940 οὐδέ
1326 2916 1395 2940 ποιεῖ.
1412 2916 1486 2941 Savil.
1504 2916 1543 2940 καὶ
1558 2916 1584 2940 οὐ
1601 2917 1672 2941 ποιεῖ.
1708 2918 1720 2936 F
1733 2916 1834 2945 Quidam

1043 2947 1139 2970 ὡσανεί.
1173 2946 1186 2965 ¹²
1200 2947 1273 2971 Savil.
1286 2948 1370 2971 elcnd.
1385 2947 1430 2971 7υῦ
1440 2948 1478 2970 διὰ
1489 2950 1538 2975 τῆς.
1575 2949 1581 2965 1
1599 2948 1685 2972 Morel.
1699 2948 1734 2971 ἐπὶ
1748 2947 1832 2970 οὐδενί.

999 3001 1002 3004 ,
1046 2978 1070 3003 In
1083 2977 1187 3001 εἰκώ-εὶ
1199 2985 1253 3002 mss.
1270 2978 1307 3001 ἐπί
1318 2979 1398 3002 dcesL
1421 2981 1427 3007 3
1443 2979 1483 3002 Sic
1495 2977 1660 3002 Morc].Sa\i|.
1673 2977 1830 3008 κατασχόντα.
