2040 3113
106 179 150 208 “7
454 182 461 199 ,ν
610 175 642 204 IN
660 174 818 204 JOANNEM
836 172 953 204 HOMIL.
972 174 1065 204 XVIII.
1084 178 1120 207 al.
1135 180 1215 211 XVII.

103 235 168 264 enim
178 240 286 271 parvam
300 234 428 269 injecerat
440 233 594 266 scintillam,
610 238 721 269 repente
738 233 843 261 ﬂamma
857 233 884 260 in

102 282 177 309 altum
203 280 299 316 erupit.
323 280 388 308 Nam
403 280 447 315 qui
463 280 536 315 prius
552 280 663 307 Joannis
675 279 764 307 verbis
778 287 830 307 nou
843 283 885 306 at-

103 326 244 359 tendemnt,
256 326 363 353 demum
379 325 470 353 dicunt
488 335 494 353 :
510 325 601 352 Omnia
613 333 671 362 quas
684 325 796 352 Joannes
809 325 882 358 dixit,

103 381 154 400 vera
167 376 223 399 sunt
238 370 335 408 (Joan,
354 371 398 399 {0.
413 371 478 407 42).

133 419 158 446 5.
179 418 303 453 Alioquin
329 422 416 445 autem
434 418 456 445 si
477 417 667 445 circumeundo
691 417 740 445 ista
761 417 882 450 dixisset,

103 465 154 492 lucc
167 463 284 491 humano
298 463 388 491 studio
404 468 511 498 peracta
527 464 581 490 visa
609 463 732 495 fuissent,
746 470 777 489 ac
788 462 885 496 prde-

103 511 166 538 calio
186 509 312 544 deinceps
326 509 351 536 in
366 510 544 544 suspicionem
556 510 683 537 venisset.
700 509 734 536 Et
748 509 884 536 audierunt

103 565 152 585 eum
165 556 212 583 duo
227 557 347 592 discipuli
360 558 424 592 ejus,
446 562 469 584 et
483 558 581 593 sequuti
591 563 649 585 sunt
663 566 729 585 cum.
745 558 824 592 Atqui
840 558 883 585 alii

103 611 200 638 qttoque
219 608 295 630 erant
309 602 420 629 Joannis
432 603 566 638 discipuli,
580 612 671 631 verum
688 604 724 631 illi
738 611 790 631 non
804 604 884 631 modo

104 657 149 675 non
162 648 264 682 sequuti
284 653 364 679 sunt,
380 648 427 675 sed
443 649 522 676 etiam
540 650 587 684 ipsi
605 649 759 677 invidebant
783 659 789 676 :
813 650 885 677 (lice-

103 694 262 725 banteuim,
286 693 378 727 Ruhbi,
393 695 437 729 qui
462 699 514 721 crat
537 699 617 722 terum
637 701 707 722 trans
732 696 882 729 Iordanem,

103 739 139 764 cui
153 743 176 765 tu
185 739 352 765 testimonium
367 738 522 773 perhibuisti,
536 748 592 766 ecce
606 739 646 766 hic
657 740 777 775 baptizat,
794 745 816 766 et
829 748 884 767 ont-

103 793 141 811 nes
165 785 263 811 veniunt
287 785 322 811 ad
343 793 399 812 eum
415 784 494 820 (Joan
508 786 535 813 5.
551 785 606 821 26).
624 786 662 813 Ac
683 794 787 813 rursum
804 786 883 814 iidem

102 831 146 865 ipsi
157 831 305 858 incusantes
319 831 410 858 dicunt
422 840 427 857 :
445 832 529 864 Quare
543 841 587 858 nos
596 833 752 867 jejunamus,
769 838 792 860 et
806 834 883 860 disci-

102 877 150 911 puli
171 877 206 903 tui
218 885 267 903 nou
280 877 397 911 jejunmtt
414 877 518 912 (Matth.
535 879 561 906 9.
577 879 641 913 M)?
657 879 753 906 Verum
767 880 810 914 qui
825 880 884 907 aliis

102 926 172 948 erant
183 922 317 954 meliores,
332 931 384 950 non
398 923 433 950 ita
446 924 532 950 allecti
549 929 634 956 erant,
645 925 691 951 sed
701 925 790 952 statim
804 931 885 960 atque

101 967 245 999 audierunt,
259 968 364 1002 sequuti
374 972 444 995 sunt.
455 968 564 1004 Sequuti
573 974 635 1000 sunt
643 974 742 1003 autem,
753 978 804 998 non
813 971 883 1006 quod

101 1012 233 1047 pristinqu
245 1012 383 1040 doctorem
394 1019 561 1048 spernerent,
572 1015 617 1042 sed
625 1015 693 1050 quod
704 1016 753 1050 ipsi
768 1017 883 1044 maxime

100 1061 318 1092 obtemperarent;
329 1064 355 1086 et
364 1065 548 1094 argumentum
558 1064 615 1087 erat
626 1061 769 1088 maximum
781 1062 841 1089 illos
850 1069 882 1089 ex

101 1108 173 1130 recta:
184 1105 281 1131 mentis
291 1105 430 1132 ratiocinio
442 1106 466 1133 id
476 1107 571 1141 egisse.
585 1107 643 1134 Non
653 1108 722 1135 enim
732 1108 836 1135 hortatu
849 1109 882 1136 ad

101 1148 123 1175 id
131 1148 230 1176 adducti
243 1154 315 1183 sunt,
325 1151 395 1185 quod
402 1152 577 1186 suspiciosum
590 1153 691 1185 fuisset;
704 1154 749 1181 sed
759 1155 818 1189 quia
826 1159 883 1181 tan-

102 1198 149 1220 tum
164 1194 324 1228 prtedixerat
339 1196 424 1230 ipsum
445 1204 505 1224 e.~se
526 1197 721 1232 baptizaturum
740 1199 765 1226 in
781 1199 880 1234 Spiritu
907 1202 910 1203 ⁷

100 1245 194 1272 sancto,
208 1241 316 1274 sequuti
331 1245 394 1268 sunt
407 1249 478 1269 eum.
494 1242 551 1269 Non
562 1250 626 1278 ergo
646 1244 802 1278 magistrum
817 1245 881 1272 reli-

100 1289 219 1318 quarunt,
241 1285 290 1312 sed
314 1285 435 1313 ediscere
461 1288 599 1315 voluerunt
620 1289 684 1323 quid
700 1290 815 1324 amplius
839 1291 883 1317 ille

100 1329 189 1362 ferret,
213 1337 293 1363 quam
317 1330 442 1358 Joannes.
459 1332 491 1358 Et
510 1333 691 1361 animadverte
705 1336 881 1363 verecundam

99 1373 264 1409 diligentiam.
277 1375 336 1403 Non
349 1378 418 1404 enim
433 1379 519 1405 statim
530 1380 686 1408 accedentes
697 1381 787 1408 Iesum
802 1382 882 1410 inter-

100 1424 217 1453 rogaruut
230 1420 265 1448 de
282 1423 440 1449 necessariis
454 1425 608 1459 magnisque
621 1427 700 1453 rebus
715 1437 721 1454 :
737 1435 822 1462 neque
837 1436 881 1463 pa-

100 1464 144 1490 lam
155 1466 279 1494 omnibus
294 1468 480 1502 pr:rsentibus,
494 1475 521 1497 et
535 1471 714 1504 perfunctorie
726 1481 732 1499 :
748 1474 794 1500 sed
808 1482 882 1501 seor-

99 1510 142 1536 sim
152 1511 234 1545 ipsum
243 1513 344 1547 alloqui
359 1514 665 1544 studuerunt.St-iebmit
678 1519 748 1544 cnim
765 1519 882 1547 doctoris

98 1555 134 1581 sui
148 1556 224 1584 verba
245 1564 301 1584 non
323 1566 355 1585 ex
371 1559 500 1586 modestia
512 1581 518 1592 ,
534 1561 580 1588 sed
592 1569 622 1589 ex
639 1564 750 1590 veritate
762 1564 881 1598 proﬁsci-

99 1600 141 1626 sci.
156 1601 198 1628 ΑΟ.
224 1601 291 1628 Erat
315 1609 399 1630 autem
418 1604 533 1632 Andreas
557 1608 636 1641 frater
657 1608 769 1635 Simonis
791 1609 879 1643 Petri,

98 1653 156 1672 unus
173 1654 203 1673 ea:
225 1647 328 1675 duobus
342 1649 385 1682 qui
408 1650 540 1677 audierant
563 1660 579 1678 ιι
601 1652 709 1685 Joanne,
738 1659 760 1680 et
784 1657 882 1690 sequuti

97 1696 149 1717 sunt
161 1699 224 1718 eum.
240 1691 294 1719 Cur
310 1701 375 1728 ergo
385 1694 495 1723 alterius
508 1704 604 1725 nomen
617 1705 668 1725 non
684 1699 804 1734 profert?
818 1701 882 1734 Qui-

96 1737 149 1763 dam
165 1738 257 1766 dicunt
268 1747 332 1766 eum
346 1740 390 1774 qui
407 1740 457 1768 hoc
470 1743 588 1776 scripsit.
602 1744 686 1778 ipsum
700 1752 759 1772 esse
774 1746 818 1781 qui
839 1755 881 1774 se-

96 1789 185 1816 quutus
197 1789 254 1817 est;
270 1785 318 1812 alii
334 1791 426 1814 contra
438 1807 445 1820 ,
466 1789 527 1823 quia
546 1789 591 1817 ille
613 1798 665 1817 non
677 1799 708 1818 ex
729 1793 880 1828 conspicuis

94 1832 154 1861 erat,
171 1828 234 1856 nihil
248 1835 349 1864 praeter
369 1834 520 1860 necessaria
534 1834 583 1861 sibi
602 1835 743 1864 dicendum
758 1845 817 1865 esse
831 1847 881 1874 pu-

95 1877 168 1900 tasse.
192 1874 261 1907 Quid
298 1877 371 1903 enim
396 1878 520 1906 utilitatis
551 1888 583 1907 ex
614 1881 730 1909 indicato
752 1884 875 1918 nomine,

93 1918 192 1951 quando
205 1927 296 1955 neque
309 1923 476 1958 septuaginta
497 1924 551 1951 duo
566 1925 756 1961 discipulorum
771 1930 877 1956 nomina

92 1963 321 1997 proferuntuer
343 1969 413 2002 quod
437 1969 516 1996 etiam
536 1970 606 2004 apud
625 1972 733 1999 Paulum
753 1974 878 2002 observes

90 2009 216 2039 dicentem
232 2021 238 2038 :
258 2012 378 2040 Misimus
395 2022 451 2041 cum
476 2015 520 2042 illo
534 2018 638 2052 fratrem
659 2018 684 2045 in
709 2020 794 2047 multis
811 2028 878 2056 sa'pe

90 2055 233 2090 studiosum,
249 2058 327 2093 cujus
343 2060 399 2086 laus
409 2066 443 2086 est
456 2061 482 2087 in
502 2063 629 2097 evangelio
645 2063 683 2098 (2
697 2064 756 2092 Cor.
773 2067 799 2093 8.
819 2055 875 2102 IS).

89 2101 196 2129 Audreze
209 2107 302 2131 autem
320 2106 441 2133 meminit
455 2107 488 2134 ob
507 2108 585 2135 aliam
606 2117 723 2138 causam.
749 2101 875 2145 Quaenam

89 2145 151 2173 illa“?
166 2147 199 2175 Ut
213 2156 275 2175 cum
293 2150 423 2184 audieris,
442 2151 577 2180 Simonem
599 2155 642 2182 ubi
655 2163 714 2183 cum
731 2157 775 2185 illo
788 2159 877 2187 audis-

88 2197 134 2224 set,
153 2191 237 2220 Venite
251 2199 311 2228 post
325 2203 373 2228 me,
394 2202 417 2223 et
428 2197 519 2231 faciant
540 2207 581 2226 vos
596 2200 731 2234 piscatores
746 2203 876 2231 hominum

88 2236 194 2272 (Matth.
209 2240 238 2267 4.
256 2240 320 2274 l9),
349 2249 400 2268 non
414 2242 548 2272 dubitasse
572 2245 605 2273 de
628 2251 679 2274 tam
694 2248 875 2284 inexspectata

89 2285 269 2318 promissione,
289 2287 379 2314 discas
394 2289 500 2317 fratrem
517 2291 574 2326 ejus
589 2292 643 2327 jam
665 2300 726 2322 ante
741 2295 799 2322 [ίώιὶ
814 2297 875 2324 tun-

92 2328 210 2357 damenta
221 2331 333 2365 jceisse.
346 2333 390 2360 58.
407 2334 545 2363 Conversus
559 2343 641 2364 autent
652 2339 737 2373 Iesus,
751 2345 774 2368 et
789 2342 875 2370 videns

87 2381 124 2399 eos
134 2381 272 2410 sequentes,
292 2378 354 2405 dicit
368 2379 423 2406 eis:
440 2381 506 2413 Quid
521 2384 632 2417 quten‘tis
641 2385 654 2411 .9
666 2385 734 2413 Hinc
748 2387 875 2416 docemur

88 2419 163 2446 Deum
186 2421 264 2449 donis
279 2431 335 2450 non
353 2426 501 2459 prmvenire
518 2428 668 2456 voluntates
692 2436 811 2465 uestras;
826 2434 873 2461 sed

87 2465 126 2491 ubi
148 2474 196 2494 nos
211 2468 384 2503 incepimus,
409 2478 469 2498 cum
495 2474 657 2503 voluntatem
678 2479 870 2514 praemisimus,

86 2513 144 2537 tunc
163 2512 294 2545 plurimas
310 2514 356 2541 ille
382 2516 458 2543 nobis
482 2517 526 2544 dat
546 2520 639 2547 salutis
653 2523 807 2551 (ccasioncs
821 2512 870 2559 (a).

87 2554 148 2587 Quid
167 2559 303 2591 quaeritis?
319 2559 386 2593 Quid
401 2560 451 2589 hoc
464 2564 522 2590 est?
542 2565 586 2599 qui
607 2567 679 2593 novit
693 2568 772 2595 corda
787 2554 872 2598 homi-

88 2609 157 2635 num,
170 2605 213 2631 cui
230 2606 410 2639 cogitationes
424 2613 523 2636 nostra:
539 2616 638 2644 patent,
654 2612 696 2639 hic
709 2613 872 2650 interrogat?

86 2646 131 2674 Sed
146 2657 196 2676 unn
220 2655 249 2678 ut
269 2651 367 2685 discat,
383 2653 534 2689 (quomodo
554 2657 624 2684 enim
647 2659 672 2686 id
686 2659 737 2687 dici
754 2646 871 2696 possit?)

85 2693 127 2720 sed
139 2700 166 2721 ut
179 2704 226 2730 per
238 2697 478 2732 interrogationem
497 2702 558 2730 illos
573 2705 623 2731 sibi
638 2707 721 2740 magis
736 2708 869 2743 conciliet,

86 2739 262 2778 maioremque
274 2743 351 2771 indat
363 2745 497 2782 fiduciam,
511 2748 623 2785 illosque
635 2739 767 2788 colloquio
776 2739 871 2791 dignos

111 2859 144 2891 (tt)
160 2860 219 2888 Haec
231 2870 289 2889 mm
307 2866 409 2897 quadam
427 2871 575 2902 exceptione
591 2873 754 2907 intelligenda
770 2883 835 2904 sunt.

1677 198 1728 228 H8

940 238 1073 295 ostendat.
1092 240 1240 273 Verisimile
1258 246 1328 275 enim
1351 254 1392 278 est
1408 251 1477 286 illos,
1502 258 1593 290 utpote
1613 257 1727 295 ignotos,

939 283 1078 313 erubuisse
1093 292 1119 314 et
1131 287 1299 326 formidasse,
1313 295 1359 329 qui
1373 297 1433 325 talia
1448 283 1482 327 de
1497 283 1728 337 magisironalidis:

938 335 1009 356 sent.
1021 331 1083 359 llaec
1096 333 1184 369 itaque
1196 338 1284 366 omnia
1298 340 1416 376 abigens,
1433 331 1617 376 vereeuddiam
1632 358 1728 387 nempe

938 379 966 402 et
979 382 1096 412 metum.
1117 381 1261 418 interrogat
1283 385 1359 420 illos;
1382 396 1431 416 nce
1456 391 1520 419 sinit
1540 401 1600 421 eum
1621 379 1727 425 silent-io

938 422 1046 450 domum
1061 428 1210 459 pervenire.
1227 429 1336 459 Etiamsi
1358 441 1421 461 \‘ero
1442 443 1493 464 non
1519 438 1727 477 interrogasset,

938 469 1117 519 perstitissent
1139 473 1225 508 ipsum
1243 478 1390 512 sequendo,
1415 485 1441 508 ct
1468 482 1493 509 in
1518 469 1635 513 domum"
1644 469 1727 524 usque

938 519 998 540 cum
1023 514 1069 542 illo
1094 520 1287 551 pervenissent.
1310 523 1363 551 Cur
1381 533 1445 560 ergo
1472 527 1635 565 interrogat?
1652 514 1726 562 Utid

937 559 1007 593 quod
1030 561 1086 589 dixi
1099 563 1235 598 efﬁceret,
1261 573 1288 595 ut
1313 559 1501 601 erubescentes
1528 559 1727 606 illoslim~itan-

940 612 1032 643 tesque
1050 611 1176 646 ﬁrmaret,
1192 622 1223 641 ac
1245 615 1367 644 fiduciam
1380 618 1493 647 iuderet.
1514 621 1605 657 Neque
1626 629 1726 654 tantum

938 657 1084 690 sequendo,
1102 659 1148 686 Sed
1159 661 1238 687 etiam
1255 670 1302 697 per
1320 663 1554 700 interrogationem
1570 669 1640 697 illam
1655 671 1727 699 desi-

938 701 1043 730 derium
1065 712 1142 732 suum
1165 707 1352 737 exhibuerunt.
1376 711 1442 739 Cum
1463 715 1532 741 enim
1547 715 1613 743 nihil
1628 717 1662 745 ab
1683 719 1727 746 illo

938 747 1109 777 edidicisseut
1125 751 1164 778 vel
1178 753 1330 789 audissent,
1345 759 1500 793 magistrum
1517 765 1606 789 tamen
1621 769 1725 798 vocant,

937 800 997 820 sese
1011 794 1146 830 discipulis
1157 805 1374 835 annumeraiztes,
1388 808 1470 832 cteur
1481 813 1626 841 sequantur
1638 814 1728 837 osten-

936 839 1040 872 dentes,
1051 846 1079 868 ut
1090 850 1185 878 nempe
1194 846 1264 872 utilia
1276 848 1407 877 audirent.
1418 851 1616 887 Animadverte,
1624 865 1726 891 qureso,

938 886 1044 915 illorum
1070 890 1247 923 prudentiam.
1263 893 1321 921 Non
1336 895 1476 929 dixerunt,
1496 898 1618 927 Doctrina
1633 886 1686 929 Iaut
1699 911 1728 930 re

937 935 1059 969 quapiam
1072 939 1221 965 necessaria
1238 948 1286 967 nos
1299 941 1387 969 imbue
1400 952 1406 969 :
1421 944 1468 971 sed
1480 945 1542 979 quid
1555 946 1664 975 dicunt?
1679 948 1728 976 Ubi

936 981 1044 1007 manes?
1059 982 1123 1010 Nam
1139 984 1238 1018 quiete,
1254 990 1281 1013 ut
1299 986 1353 1022 jam
1369 987 1433 1021 dixi,
1450 989 1535 1024 ipsum
1551 992 1664 1028 alloqui,
1680 1002 1727 1021 au-

936 1024 994 1052 dire
1013 1031 1040 1053 et
1052 1027 1154 1056 discere
1169 1031 1319 1065 cupiebant.
1337 1032 1399 1061 Ideo
1413 1043 1461 1062 nec
1474 1024 1674 1070 differuntsnec
1687 1040 1727 1067 di-

936 1076 1008 1104 cunt,
1025 1072 1072 1099 Die
1085 1074 1201 1102 crastino
1216 1077 1362 1110 veniemus,
1375 1083 1402 1106 et
1417 1084 1443 1107 te
1457 1081 1561 1115 publice
1575 1083 1725 1118 loquentem

936 1117 1074 1145 audiemus
1094 1120 1162 1147 :sed
1178 1129 1301 1156 maguum
1324 1124 1447 1152 audiendi
1473 1127 1590 1155 studium
1611 1117 1670 1163 pne.
1696 1138 1726 1159 se

935 1161 1040 1196 fcrtmt,
1057 1164 1126 1198 qttod
1153 1173 1186 1192 ne
1205 1167 1311 1200 quidem
1328 1169 1443 1197 instante
1469 1171 1532 1199 liora
1555 1174 1681 1202 recedant
1695 1177 1724 1209 ¹;

937 1215 998 1235 nam
1009 1210 1050 1236 sol
1062 1210 1094 1237 ad
1108 1218 1232 1239 occasum
1248 1215 1374 1249 vergebat
1388 1224 1394 1242 :
1414 1216 1478 1244 Erat
1492 1219 1589 1253 quippe
1601 1220 1663 1247 hara
1674 1222 1724 1248 cir-

935 1255 997 1282 citer
1009 1256 1115 1289 decium,
1129 1257 1223 1291 inquit.
1238 1259 1301 1287 idco
1314 1260 1435 1289 Christus
1447 1263 1554 1291 domum
1571 1273 1622 1292 non
1637 1266 1724 1300 docet,

936 1309 989 1328 non
1002 1302 1099 1335 locum,
1115 1303 1161 1331 sed
1178 1309 1206 1331 ut
1220 1311 1364 1340 sequantur
1377 1309 1461 1343 magis
1474 1310 1565 1344 allicit,
1582 1312 1726 1340 ostendens

935 1355 965 1375 se
989 1348 1047 1375 illos
1069 1349 1094 1375 iu
1114 1357 1177 1377 suos
1191 1352 1335 1386 accepisse.
1349 1353 1464 1389 Ideoque
1485 1364 1536 1382 non
1556 1358 1618 1391 quid
1639 1358 1726 1386 simile

935 1392 1017 1420 dicit:
1030 1394 1247 1429 Internpcstivum
1262 1403 1333 1425 esset
1347 1407 1394 1426 vos
1404 1408 1475 1428 nunc
1487 1401 1595 1428 dounun
1611 1403 1723 1438 ingredi,

935 1440 1049 1467 audietis
1063 1449 1121 1468 cras
1136 1443 1206 1477 quod
1221 1444 1314 1472 voletis
1325 1465 1332 1478 ,
1356 1454 1427 1474 nunc
1440 1447 1547 1476 domum
1565 1449 1652 1483 abite;
1677 1451 1726 1478 sed

935 1485 1008 1519 quasi
1022 1486 1122 1514 amicos
1137 1495 1168 1514 ex
1183 1488 1307 1517 diuturna
1323 1493 1515 1520 consuetudine
1529 1494 1600 1529 ipsos
1615 1496 1726 1531 alloqui-

936 1536 987 1558 tur.
1003 1532 1056 1559 Cur
1069 1541 1131 1568 ergo
1145 1534 1207 1561 alibi
1222 1535 1284 1562 dicit
1299 1545 1305 1563 :
1319 1536 1402 1564 Filius
1417 1538 1525 1566 hominis
1538 1548 1586 1566 mm
1600 1541 1672 1568 habet
1683 1542 1725 1569 ulti

934 1582 1009 1611 caput
1019 1578 1118 1605 reclinet
1133 1578 1198 1614 (Luc
1212 1580 1238 1607 9.
1250 1581 1311 1615 58);
1326 1582 1367 1610 hic
1382 1591 1456 1617 vero,
1472 1585 1516 1612 59.
1541 1585 1633 1619 Venite,
1650 1591 1672 1614 et
1686 1588 1724 1615 Ii.

934 1623 989 1650 dcte
1008 1623 1049 1650 ubi
1065 1627 1198 1652 maneam?
1209 1626 1420 1662 Quouiamillud,
1435 1629 1494 1656 Non
1508 1631 1580 1658 habet
1594 1632 1636 1658 ubi
1648 1638 1725 1668 caput

934 1670 1047 1703 reclinet,
1072 1671 1201 1705 signiﬁcat
1218 1673 1289 1700 illiilli
1307 1675 1444 1709 proprium
1471 1676 1521 1703 sibi
1547 1677 1724 1706 diversorium

934 1724 987 1743 non
1002 1717 1137 1750 habuisse,
1160 1726 1212 1745 non
1227 1720 1297 1753 quod
1313 1721 1338 1747 in
1360 1721 1440 1748 domo
1457 1723 1580 1757 quapiam
1603 1732 1655 1752 non
1669 1733 1724 1753 ma-

934 1766 1010 1788 neret
1026 1771 1032 1788 :
1048 1762 1155 1790 idenim
1170 1764 1294 1797 parabola
1308 1765 1449 1800 signiﬁcat.
1466 1768 1631 1803 Evangelista
1645 1778 1724 1805 porro

933 1806 1006 1839 dicit.
1022 1807 1094 1841 ipsos
1107 1808 1150 1835 die
1164 1808 1208 1836 illa
1222 1817 1281 1836 cum
1298 1817 1331 1837 eo
1344 1812 1475 1840 mansisse
1494 1821 1500 1840 :
1516 1821 1565 1841 cur
1583 1819 1671 1843 autem
1687 1816 1723 1845 ita

933 1852 1029 1880 factum
1045 1853 1095 1885 sit,
1118 1862 1170 1881 non
1193 1855 1305 1887 addidit,
1327 1857 1396 1891 quod
1420 1858 1558 1886 manifesta
1579 1868 1622 1888 res
1639 1867 1722 1889 esset.

932 1898 1023 1933 Neque
1050 1899 1122 1926 enim
1147 1900 1198 1927 alia
1219 1901 1252 1928 de
1271 1909 1351 1929 causa
1377 1905 1481 1938 sequuti
1505 1910 1566 1932 sunt
1586 1914 1658 1940 eum,
1679 1908 1722 1935 vel

931 1944 1055 1972 Christus
1068 1945 1165 1972 accivit
1180 1954 1237 1979 eos,
1249 1955 1327 1982 quam
1343 1953 1372 1975 ut
1384 1948 1532 1977 doctrinam
1548 1952 1700 1987 acciperent
1713 1962 1720 1980 :

931 1997 1009 2024 quam
1020 1994 1072 2016 tam
1088 1991 1195 2025 copiose
1209 1996 1236 2018 et
1249 1999 1309 2018 eum
1322 1997 1395 2020 tanto
1404 1995 1492 2022 studio
1506 2004 1556 2023 una
1568 2002 1646 2025 nocte
1661 2005 1719 2032 per-

931 2040 1076 2071 ceperunt,
1093 2041 1123 2065 ut
1145 2045 1206 2066 mox
1222 2042 1333 2076 uterque
1346 2039 1380 2068 ad
1393 2039 1461 2071 alios
1476 2041 1644 2073 advocandus
1656 2052 1719 2082 pro-

930 2088 1035 2117 peraret
1047 2084 1068 2110 ’.

965 2129 991 2156 4.
1006 2129 1135 2157 Doctrina:
1148 2130 1242 2158 Christi
1255 2134 1340 2159 omnia
1355 2136 1540 2169 postponenda.
1556 2136 1612 2164 Cibi
1624 2138 1719 2165 animm

928 2175 972 2210 qui
986 2176 1044 2202 sint.
1068 2177 1162 2204 Contra
1185 2178 1293 2206 theatra.
1308 2195 1344 2200 --‹
1356 2181 1424 2209 Hinc
1446 2190 1494 2209 nos
1508 2191 1614 2218 quoque
1629 2185 1718 2212 disca—

930 2229 988 2248 mus
1002 2222 1091 2248 omnia
1108 2222 1207 2250 divina:
1220 2224 1349 2252 doctrina:
1371 2231 1531 2261 postponere
1541 2250 1548 2262 ,
1564 2229 1719 2264 nullumque

929 2271 1032 2300 tempus
1048 2276 1100 2294 non
1115 2274 1291 2302 opportunum
1314 2272 1465 2305 aestimare;
1482 2274 1528 2300 sed
1543 2275 1592 2302 etsi
1608 2275 1633 2301 in
1649 2275 1716 2303 alie-

928 2320 989 2338 uam
1009 2313 1118 2340 domum
1134 2314 1235 2349 ingredi
1250 2321 1389 2350 oporteat,
1406 2319 1510 2346 etiamsi
1535 2320 1653 2354 ignotum
1671 2322 1719 2348 ho—

927 2357 1012 2386 mines
1028 2366 1152 2393 proceres
1175 2362 1281 2396 iguotos
1294 2362 1370 2390 adire
1382 2384 1389 2396 ,
1410 2365 1516 2392 etiamsi
1532 2367 1717 2401 intempestive

926 2409 953 2431 et
965 2405 1059 2439 quovis
1075 2410 1194 2441 tempore
1204 2428 1211 2441 ,
1227 2416 1371 2444 numquam
1386 2410 1436 2438 hoc
1451 2414 1640 2442 commercium
1656 2423 1716 2443 esse

927 2449 1125 2484 negligendum.
1138 2452 1219 2480 Cibus
1230 2461 1293 2489 ergo
1303 2475 1311 2487 ,
1326 2455 1418 2483 balnea
1430 2477 1437 2489 ,
1452 2465 1536 2485 etenus
1545 2479 1552 2492 ,
1567 2460 1670 2494 aliaque
1683 2461 1716 2488 ad

926 2495 1007 2522 vitam
1027 2497 1185 2530 pertinentia
1199 2519 1206 2530 ,
1224 2506 1300 2526 suum
1316 2504 1421 2535 tempus
1443 2502 1577 2530 habeant:
1593 2505 1715 2533 doctrina

925 2548 990 2568 vero
1009 2549 1133 2576 superna:
1148 2542 1323 2578 philosophiae
1338 2547 1438 2573 nullam
1459 2547 1555 2575 habeat
1577 2549 1713 2576 deﬁnitam

926 2586 1017 2614 horam
1030 2609 1037 2620 ,
1052 2588 1098 2616 sed
1106 2596 1185 2617 omne
1199 2595 1302 2625 tempus
1315 2591 1364 2626 ipsi
1381 2594 1515 2628 proprium
1527 2599 1596 2623 esto.
1610 2595 1709 2630 Oppor-

957 2669 964 2684 ¹
982 2668 1034 2708 Ηίῖ
1037 2668 1112 2708 multa
1125 2670 1189 2694 addit
1198 2670 1239 2708 Fit,
1250 2670 1373 2707 Aretinus,
1386 2680 1440 2708 quae
1453 2675 1478 2698 in
1494 2674 1560 2708 nullo
1578 2676 1714 2708 exemplari

926 2698 1009 2736 timeo
1022 2699 1155 2736 habentur:
1170 2703 1318 2736 vertitenim
1331 2710 1342 2736 :_
1352 2698 1383 2728 :t’e
1392 2698 1475 2728 horam
1486 2698 1714 2736 qiiidém'itiiiiiitiii.‘

924 2729 986 2759 tes.[
999 2733 1025 2754 Et
1033 2730 1203 2763 attintadverle
1211 2732 1285 2756 animi
1295 2733 1417 2758 ardorem.
1432 2739 1451 2758 ο
1466 2729 1713 2763 ιιιέιηοὲἇῦξῖέἧῖἶίῶο

923 2766 977 2795 non
986 2760 1134 2800 stt’ﬁeltl‘iam,
1146 2761 1316 2800 odiligeutiam
1326 2781 1332 2793 ,
1344 2770 1359 2800 ρ
1369 2764 1393 2789 in
1401 2760 1541 2800 "mgistrunt
1551 2760 1713 2800 [idenrifiz't-

923 2790 985 2815 enim
994 2790 1041 2831 iam
1047 2790 1279 2831 soluethpuze'vero
1285 2790 1426 2831 clauduntur
1436 2790 1531 2823 {incidis
1541 2790 1661 2831 litigium
1669 2790 1714 2825 ai.

922 2820 1017 2858 stantia
1024 2820 1115 2848 Graecis
1125 2820 1197 2858 editis
1211 2827 1238 2858 et
1248 2826 1422 2858 mauuscriptis.

954 2854 964 2869 ί
979 2856 1048 2895 διιξω
1061 2855 1142 2880 Morel.
1150 2855 1281 2886 legendum
1294 2854 1375 2889 esset;
1384 2858 1417 2884 ad
1428 2857 1642 2891 aliorumjanuam
1653 2868 1711 2895 pro-

921 2887 1026 2914 peraret.
