2040 3113
299 162 349 192 119

297 227 367 253 tune,
388 220 488 254 inquit,
503 219 646 251 importune
666 226 745 253 argue
756 238 763 250 ,
777 217 879 244 obsecra
889 238 896 251 ,
920 217 1022 251 increpa
1034 215 1042 250 (
1053 216 1081 244 2.

298 265 363 293 Tim.
378 270 403 292 ι.
417 265 435 292 2
445 267 464 299 ).
478 265 607 299 Propheta
618 272 724 300 quoque
734 265 770 292 ait
782 273 790 290 t
806 263 839 291 In
852 263 905 298 tege
915 264 970 298 ejus
982 263 1084 289 medita-

300 311 362 338 bitur
373 311 414 337 die
425 319 454 337 ac
465 309 633 346 nocteU’sal.
648 312 672 337 l.
684 311 731 346 2):
749 310 854 346 Moyses
868 318 973 345 quoque
984 309 1084 337 Judatis

297 355 348 382 hoc
359 363 465 389 semper
476 355 563 383 facere
574 356 755 390 praecipiebat.
768 355 832 382 Nam
843 363 874 383 ea
888 363 946 389 qua:
957 355 990 382 ad
1003 354 1082 381 vitam

296 404 431 435 spectant,
445 400 538 428 balnea
553 401 612 428 dico
625 405 652 429 et
664 409 748 428 C(BIILB
759 422 766 434 ,
780 401 830 428 etsi
844 401 994 427 necessaria
1010 400 1064 426 sint
1075 419 1083 430 ,

297 445 318 472 si
334 444 498 480 frequentius
519 446 696 474 adhibeantur
708 467 715 479 ,
735 454 832 481 corpus
847 450 1011 473 extenuant:
1027 445 1086 472 ani-

297 498 346 517 ma:
361 495 449 518 autem
471 491 591 518 doctrina
613 496 711 526 quanto
732 492 816 527 magis
831 491 995 524 inculcatur,
1013 495 1086 517 tanto

297 535 434 564 forti0rem
445 537 532 564 reddit
543 539 668 565 animam.
681 538 756 565 Nunc
766 543 854 565 autem
866 538 942 572 nugis
956 538 1085 565 inutiliter

297 589 377 609 omne
392 586 497 618 tempus
511 583 694 610 consumimus
705 604 713 616 ,
737 591 859 610 auroram
873 604 881 616 ,
904 583 1062 610 matutinum
1075 602 1084 616 ,

298 627 452 660 meridiem,
467 636 604 663 vesperam
621 629 646 656 in
662 630 806 656 coastituto
819 629 877 656 loco
897 637 964 656 vane
979 629 1082 663 impen-

297 672 402 704 dimus;
418 672 505 700 divina
526 677 615 701 autem
637 672 758 708 dogmata
774 673 796 700 si
811 673 894 701 semel
918 678 963 700 attt
981 673 1022 700 bis
1039 680 1086 707 per

298 717 492 745 hebdomadam
515 719 670 751 audiamus,
697 718 888 753 torpescimus,
912 726 1082 746 nauseamus.

297 763 403 796 Quare?
417 762 483 796 Quia
507 764 597 791 animo
613 772 695 798 prave
709 764 797 792 affecti
811 771 914 792 sumus.
930 764 1084 799 Appetitum

298 807 468 842 studiumque
478 808 536 843 ejus
546 809 616 836 circa
631 810 704 836 istazc
714 817 794 837 omne
808 810 996 842 dissolvimus;
1013 810 1086 837 ideo-

298 859 350 887 que
364 853 528 887 spiritualcm
543 861 632 881 escam
653 862 704 881 non
721 855 881 889 appetimus.
897 854 1019 890 Magnum
1035 854 1086 882 hoc

299 902 396 932 praeter
409 897 458 925 alia
473 903 514 926 est
529 899 695 934 :rgritudinis
717 900 843 927 indicium
856 921 863 933 ,
878 908 939 928 cum
956 909 1007 928 non
1021 908 1084 928 esu-

300 944 399 976 rimus,
414 952 463 972 nec
475 945 596 978 sitimus,
611 946 659 974 sed
673 952 816 982 utrumque
830 947 908 975 nobis
919 947 1085 975 fastidiosum

299 994 349 1016 est.
363 989 390 1016 Si
405 994 492 1017 autem
516 991 584 1024 hnc,
609 999 670 1019 cum
693 992 719 1019 in
733 1000 847 1027 corpore
869 993 980 1027 accidit,
996 995 1086 1029 gravis

300 1033 385 1061 morbi
401 1034 526 1062 indicium
541 1039 568 1063 et
581 1044 659 1064 causa
673 1041 729 1070 est;
745 1038 829 1065 multo
845 1039 928 1073 magis
943 1039 969 1066 in
985 1040 1083 1066 anima.

299 1078 438 1112 Quomodo
458 1080 537 1115 igitur
558 1081 628 1108 illam
644 1082 745 1116 lapsam
760 1087 788 1110 et
808 1084 966 1112 dissolutam
982 1086 1086 1120 erigere

300 1125 468 1158 poterimus?
482 1126 578 1161 quibus
591 1128 734 1161 operibus?
749 1129 846 1164 quibus
858 1130 965 1157 verbis?
977 1130 1004 1158 Si
1019 1131 1086 1158 divi-

300 1177 349 1197 nos
361 1177 508 1204 sermones,
525 1172 708 1207 propheticos,
725 1175 897 1208 apostolicos,
915 1176 1087 1210 evangelicos

299 1215 419 1250 aliosque
431 1223 525 1244 omnes
540 1222 693 1246 tractemus.
708 1218 782 1246 Tunc
795 1220 866 1246 enim
880 1220 995 1247 sciemus
1008 1221 1086 1255 longe

299 1260 393 1288 melius
403 1269 462 1289 esse
473 1262 513 1289 his
525 1263 562 1289 uti
573 1263 650 1296 cibis,
662 1271 741 1298 qttam
754 1264 865 1298 impuris
875 1265 953 1297 aliis;
965 1265 1003 1292 sic
1015 1265 1085 1292 enim

299 1306 361 1333 licet
375 1307 575 1342 intempestivas
589 1316 671 1343 nugas
685 1314 712 1336 et
733 1309 963 1337 confabulationes
979 1318 1085 1338 vocare.

299 1352 366 1387 Qttid
377 1354 460 1387 enim,
471 1361 572 1389 quaeso,
587 1355 693 1386 melius,
705 1355 739 1382 de
751 1355 901 1382 forensibus
910 1376 917 1388 ,
930 1356 962 1383 de
975 1356 1087 1391 judicia-

300 1399 368 1426 libus
379 1420 386 1432 ,
403 1399 436 1427 de
451 1399 611 1428 militaribus
625 1401 705 1429 rebus
715 1422 722 1435 ,
739 1409 773 1429 an
786 1402 819 1428 de
833 1402 983 1430 caelestibus
996 1403 1085 1438 loqui,

298 1444 385 1479 deque
395 1445 426 1472 iis
437 1453 495 1479 quze
508 1451 566 1480 post
580 1445 647 1472 hanc
660 1447 741 1473 vitam
755 1447 899 1474 eveniunt?
909 1447 972 1482 quid
983 1448 1084 1480 utilius.

299 1489 334 1517 de
347 1490 434 1517 vicino
449 1496 474 1518 et
488 1491 545 1526 ejus
562 1492 675 1526 negotiis
689 1492 773 1528 loqui,
789 1501 820 1519 ac
831 1493 863 1520 de
874 1492 969 1520 alienis
980 1494 1087 1521 curiose

299 1536 453 1572 perquirere
463 1557 471 1570 ,
486 1545 518 1564 an
533 1537 567 1565 de
581 1538 682 1572 angelis
692 1560 700 1571 ,
722 1543 750 1565 et
771 1538 804 1565 de
820 1539 900 1566 rebus
915 1546 974 1574 qua:
988 1539 1021 1566 ad
1037 1547 1089 1566 no-

301 1585 384 1609 stram
396 1588 534 1611 vertuntur
550 1584 688 1612 utilitatem
701 1605 708 1617 ,
723 1585 802 1612 verba
818 1585 923 1612 facere?
938 1585 1003 1619 Qua:
1015 1586 1086 1613 enim

300 1628 378 1655 \icini
391 1628 426 1655 tui
441 1633 512 1661 sunt,
528 1637 580 1656 non
596 1634 656 1662 tua;
672 1638 731 1665 qua:
743 1630 774 1657 ad
786 1630 867 1657 caelos
883 1631 1027 1665 pertinent,
1043 1635 1087 1658 tua

300 1666 371 1700 sutit.
383 1674 435 1701 Sed
449 1674 526 1707 licet,
542 1676 659 1710 inquies,
675 1676 698 1702 ei
713 1676 756 1710 qui
768 1677 850 1703 semel
863 1676 919 1703 h:cc
931 1676 1015 1708 dixit,
1031 1684 1088 1704 om-

301 1719 343 1745 nia
359 1719 480 1753 implere.
493 1720 561 1753 Quid
576 1728 638 1747 vero
652 1720 686 1748 de
699 1720 730 1747 iis
741 1741 748 1752 ,
762 1728 821 1755 qute
833 1721 930 1748 frustra
945 1725 972 1748 ct
987 1726 1087 1749 temere

302 1764 459 1798 disptttatis,
480 1773 532 1791 non
549 1765 662 1799 idipsum
678 1765 799 1800 cogitatis
810 1786 817 1797 ,
833 1766 879 1792 scd
897 1770 978 1793 totam
994 1765 1019 1792 in
1037 1766 1087 1793 illis

299 1810 382 1836 vitam
404 1810 588 1845 impendentes
599 1831 607 1842 ,
630 1810 730 1837 uttllum
745 1810 934 1845 disputationis
949 1810 1028 1837 linem
1045 1812 1087 1838 in-

301 1855 417 1882 venitis?
434 1854 552 1882 Necdum
574 1855 634 1882 dico
649 1855 690 1883 Itis
706 1856 784 1890 longe
802 1855 934 1891 graviora.
960 1855 1025 1883 Nam
1045 1857 1089 1891 qui

686 161 714 189 S.
733 159 870 188 JOANNIS
887 158 1122 188 CIIRYSOSTOMI
1143 158 1298 186 ARCIHEI’.
1319 157 1580 186 CONSTANTINOP.

1878 159 1929 187 11ἷο

1138 215 1316 243 modestiores
1340 221 1417 247 sunt,
1435 216 1476 243 his
1497 216 1531 242 de
1546 217 1624 243 rebus
1649 221 1740 243 mutuo
1755 216 1926 249 fabulantur,

1137 260 1276 294 Segniores
1290 266 1379 288 autem
1395 262 1598 297 ignavioresque
1609 281 1618 294 ,
1635 263 1731 289 mimos
1741 282 1749 295 ,
1765 264 1926 295 saltatores,

1137 307 1241 341 aurigas
1254 307 1279 333 in
1297 314 1421 335 sermone
1434 315 1541 342 semper
1560 313 1684 342 versant,
1698 309 1817 335 auditum
1830 308 1925 336 detur-

1138 356 1248 385 pantes,
1272 353 1389 380 animam
1409 353 1617 387 labefactantes;
1639 359 1817 389 naturamque
1832 354 1925 389 hujus-

1138 397 1208 424 modi
1223 398 1420 425 narrationibus
1434 399 1596 434 prmcipitem
1609 404 1700 434 agunt,
1711 403 1738 426 et
1751 399 1778 426 in
1788 406 1867 426 omne
1879 399 1926 426 lla-

1137 442 1192 477 gitii
1206 450 1289 477 genus
1301 443 1420 470 animum
1435 444 1573 472 inducunt.
1588 443 1653 472 Nam
1668 445 1830 480 simulatque
1843 445 1925 471 salta-

1139 487 1204 515 toris
1223 496 1320 516 nomen
1335 489 1466 524 prolatum
1480 489 1550 523 fuit,
1566 490 1656 517 statim
1677 491 1704 517 in
1717 491 1807 517 anima
1828 491 1924 524 depin-

1137 534 1208 568 gitur
1220 535 1278 568 ejus
1294 535 1376 563 facies
1388 557 1395 569 ,
1411 544 1498 569 coma,
1515 537 1604 564 mollis
1619 537 1709 570 vestis,
1736 537 1834 572 illeque
1854 541 1925 565 totus

1139 580 1180 607 his
1194 581 1271 616 longe
1289 582 1404 610 mollior.
1420 583 1495 610 Alius
1514 591 1620 610 rursum
1639 583 1771 610 flammam
1786 583 1884 610 excitat
1898 587 1926 610 et

1138 625 1228 660 fovet,
1243 627 1306 654 dum
1322 629 1490 656 meretricem
1505 629 1530 655 in
1545 628 1788 656 contabulationem
1804 629 1924 662 inducit,

1138 671 1249 707 ejusque
1277 673 1369 704 verba,
1393 672 1528 705 habitum,
1550 674 1642 700 oculos
1668 673 1797 705 lascivos,
1819 673 1924 700 mollem

1138 722 1290 752 aspectum,
1315 719 1460 746 concinnos
1477 719 1643 754 capillorum,
1667 718 1768 746 fucatas
1790 718 1926 754 pietasque

1139 770 1230 798 genas.
1248 764 1342 791 Annon
1365 764 1428 800 quid
1450 764 1595 792 humanum
1619 764 1689 799 passi
1712 765 1778 792 estis
1790 764 1854 791 dum
1869 763 1926 791 haec

1138 809 1292 838 narrarem?
1313 810 1365 838 Sed
1385 818 1419 838 ne
1442 809 1539 845 pudeat
1568 810 1662 842 vobis,
1686 817 1720 838 ne
1738 809 1902 837 erubescatis
1918 818 1924 836 :

1138 861 1238 883 natura:
1252 863 1366 890 namque
1381 856 1526 883 necessitas
1537 855 1563 882 id
1577 856 1676 891 exigit,
1691 860 1719 882 et
1731 855 1771 882 sic
1782 855 1870 882 anima
1885 854 1926 881 af-

1139 901 1227 928 ficitur
1237 909 1285 936 pro
1297 901 1401 929 ratione
1411 909 1504 929 eorum
1519 908 1578 936 qua:
1591 904 1743 928 narrantur.
1758 899 1835 934 Quod
1849 900 1871 927 si
1883 907 1925 927 me

1138 947 1274 982 loquente,
1282 948 1304 975 si
1317 948 1341 975 in
1351 947 1461 975 ecclesia
1472 951 1585 979 stantes,
1593 947 1615 974 si
1625 947 1660 974 ab
1670 947 1721 974 illis
1729 947 1824 974 semoti
1835 946 1926 978 rebus,

1140 992 1238 1027 aliquid
1253 993 1397 1020 humanum
1411 992 1549 1020 audientes
1563 992 1682 1028 patimini
1695 1012 1703 1025 ,
1717 992 1804 1027 cogita
1817 999 1870 1027 quo
1884 992 1926 1019 af-

1139 1035 1209 1065 fectu
1225 1038 1278 1065 sint
1291 1037 1308 1064 ii
1324 1037 1369 1072 qui
1382 1038 1409 1064 in
1426 1038 1530 1064 theatro
1553 1037 1647 1064 sedent
1658 1057 1664 1069 ,
1681 1037 1788 1065 licentia
1810 1037 1928 1064 fruentes

1139 1083 1232 1116 multa,
1247 1087 1322 1111 extra
1336 1083 1406 1110 lutnc
1417 1083 1556 1110 honestum
1571 1082 1802 1118 venerandumque
1816 1090 1927 1110 conses-

1139 1136 1208 1161 sum,
1222 1136 1282 1155 cutn
1299 1128 1461 1163 impudentia
1477 1135 1570 1163 magna
1584 1127 1626 1154 illa
1643 1126 1763 1155 videntes
1773 1132 1801 1156 et
1811 1127 1922 1154 audien—

1140 1178 1190 1201 tes.
1208 1174 1240 1201 Et
1260 1181 1308 1201 cur
1319 1195 1326 1207 ,
1350 1173 1420 1201 dicet
1441 1173 1554 1201 fortasse
1575 1173 1705 1208 quispiam
1720 1181 1753 1200 ex
1769 1173 1800 1200 iis
1812 1173 1857 1208 qui
1872 1181 1926 1200 non

1139 1219 1268 1247 adhibent
1279 1220 1396 1246 animum
1408 1239 1415 1251 ,
1429 1219 1452 1246 si
1475 1223 1576 1246 natura:
1598 1219 1744 1246 necessitas
1756 1219 1795 1246 sic
1809 1219 1927 1246 animam

1140 1264 1232 1297 afficit,
1246 1264 1288 1291 illa
1303 1265 1395 1291 relicta
1405 1284 1413 1297 ,
1429 1271 1478 1291 nos
1495 1264 1626 1291 accusas?
1640 1264 1706 1298 Quia
1722 1264 1779 1292 haec
1792 1264 1927 1292 audiendo

1140 1309 1268 1342 emolliri,
1283 1309 1347 1336 illud
1360 1317 1427 1343 optts
1440 1314 1481 1336 est
1494 1313 1596 1336 natura:
1608 1317 1615 1336 :
1633 1309 1694 1336 talia
1709 1313 1798 1336 autem
1812 1309 1906 1336 audire
1918 1328 1926 1341 ,

1140 1362 1194 1382 non
1205 1359 1306 1382 naturae
1316 1359 1368 1388 est,
1379 1354 1425 1382 sed
1436 1354 1537 1382 arbitrii
1550 1359 1698 1389 peccatum.
1707 1354 1930 1389 Quandoquidem

1140 1408 1200 1428 cum
1211 1401 1294 1435 quise
1308 1400 1360 1435 igni
1372 1400 1525 1433 admoveat,
1540 1400 1580 1427 uri
1596 1407 1707 1427 necesse
1719 1404 1776 1432 est;
1790 1400 1815 1426 id
1831 1406 1928 1433 nempe

1142 1445 1199 1472 vult
1211 1446 1462 1473 naturminlirmitas
1475 1455 1482 1472 :
1496 1453 1587 1472 verum
1598 1453 1650 1472 non
1665 1449 1759 1472 natura
1773 1453 1822 1472 nos
1836 1444 1888 1480 igni
1903 1449 1931 1472 et

1142 1492 1238 1519 ustioni
1255 1491 1399 1519 admovet:
1416 1491 1441 1518 id
1456 1491 1526 1519 enim
1541 1498 1573 1518 ex
1591 1498 1716 1526 perversa
1729 1491 1816 1518 solum
1833 1491 1932 1518 volun-

1142 1542 1195 1566 tate
1211 1538 1318 1572 pendet.
1336 1537 1392 1565 lloc
1407 1538 1487 1572 igitur
1501 1537 1636 1565 admoveri
1653 1537 1713 1564 volo
1729 1541 1755 1565 et
1770 1537 1886 1573 corrigi,
1903 1542 1933 1565 ut

1141 1592 1175 1611 ne
1188 1589 1282 1618 sponte
1297 1591 1343 1611 vos
1358 1584 1506 1618 praecipites
1521 1583 1589 1611 detis
1601 1604 1608 1616 ,
1623 1591 1711 1618 neque
1723 1583 1756 1610 ad
1770 1583 1933 1618 profundum

1142 1630 1266 1664 nequitia:
1277 1636 1323 1656 vos
1335 1629 1486 1663 impcllatis,
1496 1629 1536 1656 vel
1549 1634 1643 1663 sponte
1649 1629 1762 1656 curratis
1772 1629 1804 1655 ad
1817 1635 1930 1663 rogum;

1143 1683 1176 1702 ne
1191 1675 1304 1702 flanimze
1323 1675 1429 1702 diabolo
1444 1679 1543 1709 parata:
1558 1682 1606 1702 nos
1627 1674 1758 1702 obnoxios
1773 1675 1931 1702 reddamus.

1144 1719 1250 1748 Utinam
1262 1727 1325 1747 vero
1338 1727 1386 1747 nos
1401 1727 1496 1747 omnes
1508 1719 1542 1746 ah
1556 1720 1606 1747 hac
1617 1724 1642 1747 et
1658 1720 1702 1747 illa
1716 1719 1822 1747 ﬂamma
1833 1720 1932 1754 erepti,

1143 1766 1169 1793 in
1191 1766 1277 1793 sinum
1294 1765 1409 1793 Abraltm
1425 1766 1602 1800 recipiamur,
1618 1766 1701 1800 gratia
1716 1771 1744 1794 et
1768 1766 1935 1801 benignitate

1143 1811 1247 1838 Domini
1261 1811 1343 1838 nostri
1362 1811 1425 1839 Jesu
1439 1811 1551 1845 CliriSli,
1565 1812 1672 1845 quicum
1687 1812 1757 1838 Patri
1772 1812 1876 1847 gloria,
1893 1812 1935 1839 si—

1144 1857 1253 1892 mulque
1264 1861 1356 1884 sancto
1366 1856 1486 1891 Spiritui,
1499 1857 1525 1883 in
1541 1856 1638 1884 stccula
1649 1856 1820 1883 saeculorum.
1833 1858 1931 1884 Amen.

980 1959 1153 1990 HOMILIA
1174 1960 1264 1990 XIX.

299 2034 344 2061 4|.
368 2032 466 2060 Invenit
489 2033 528 2060 hic
547 2033 644 2068 primus
667 2033 771 2068 fratrem
793 2041 866 2059 suum
890 2033 1035 2064 Simonem,
1061 2038 1085 2060 et

335 2079 395 2105 dirit
409 2079 431 2105 ei
445 2087 454 2106 :
467 2079 611 2105 Invenimus
626 2077 755 2109 Messium,
770 2078 836 2112 quod
844 2083 880 2105 est
893 2079 1083 2113 interpretatum

335 2125 449 2151 Christus
461 2131 470 2151 :
485 2124 528 2151 42.
542 2129 565 2150 et
578 2124 684 2150 adduxit
697 2123 771 2150 illum
783 2124 817 2150 ad
829 2123 928 2150 Iesum.

336 2213 361 2239 ί.
380 2212 486 2239 υιιίοηῐι
499 2211 573 2238 bona.
584 2225 621 2231 —
633 2211 701 2238 Deus
716 2211 790 2237 initio
798 2218 858 2237 cum
867 2211 928 2238 fecit
940 2211 1086 2243 hominem,

301 2266 353 2286 non
375 2258 482 2293 reliquit
505 2258 579 2284 illum
600 2258 685 2284 solum
699 2277 708 2290 ,
723 2257 770 2284 sed
789 2257 863 2284 dedit
883 2257 908 2285 ci
929 2257 1086 2291 adjutriccm

302 2303 440 2330 mulierem
453 2322 460 2334 ,
477 2307 504 2329 ιιι
518 2302 650 2330 habitaret
668 2310 727 2329 cum
743 2310 775 2329 eo
788 2311 794 2329 :
806 2310 865 2329 cum
879 2311 911 2329 ex
926 2303 976 2329 hoc
991 2307 1088 2330 contu-

302 2349 394 2376 bcrnio
409 2348 521 2375 multum
544 2347 610 2375 lucri
631 2355 799 2374 accessurum
819 2352 919 2374 nosset.
934 2348 1003 2380 Quid
1017 2349 1088 2375 enim

301 2396 322 2422 si
338 2402 402 2428 non,
419 2395 455 2422 uti
471 2402 517 2429 par
526 2398 594 2426 erat,
609 2394 659 2421 hoc
672 2393 800 2421 benelicio
812 2401 858 2420 usa
870 2395 903 2421 sit
914 2395 1027 2422 mulier?
1042 2396 1088 2422 At-

303 2445 390 2468 tamen
418 2440 440 2467 si
461 2440 499 2468 rci
522 2445 642 2467 naturam
668 2440 728 2474 quis
754 2439 948 2473 exploraverit,
965 2448 1087 2475 magnam

303 2487 449 2522 comperiet
463 2494 496 2514 ex
517 2486 566 2513 hoc
579 2485 755 2513 contubernio
773 2485 914 2512 utilitatem
935 2486 961 2512 in
977 2493 1024 2513 eos
1044 2486 1088 2521 qui

303 2537 392 2560 mente
403 2532 492 2559 valent
502 2531 659 2559 derivatam.
673 2531 763 2566 Neque
782 2531 807 2558 id
821 2531 854 2558 de
868 2532 923 2558 viro
945 2535 1044 2558 tantum
1062 2536 1090 2559 ct

303 2587 385 2606 uxore.
398 2578 507 2610 dicitur;
522 2578 568 2606 sed
582 2578 661 2605 etiam
675 2577 697 2605 si
714 2577 808 2604 fratres
823 2585 873 2604 una
887 2577 1019 2610 vixerint,
1032 2578 1088 2612 pari

303 2625 434 2652 beneflcio
452 2624 582 2652 fruentur.
607 2624 783 2657 Quamobrem
805 2624 931 2658 propheta
952 2623 1057 2651 dicebat
1081 2633 1087 2650 :

305 2671 388 2705 Quam
401 2671 492 2698 bonum
512 2674 534 2697 et
555 2677 628 2705 quam
647 2669 805 2704 jucundum,
825 2669 936 2695 habitare
953 2671 1042 2704 fratres
1063 2669 1090 2695 in

301 2726 378 2745 unum
392 2716 476 2753 (Paul.
491 2717 551 2745 132.
570 2716 614 2751 l)?
629 2716 778 2751 Paulusque
803 2714 895 2751 (Hebr.
909 2715 952 2743 10.
967 2714 1015 2751 25)
1031 2722 1088 2742 mo-

303 2767 349 2791 net
362 2772 394 2791 ne
407 2769 525 2790 nostrum
540 2768 638 2790 coetum
655 2762 819 2790 deseramus.
834 2761 890 2788 Hoc
904 2761 1000 2796 quippe
1011 2765 1052 2788 est
1062 2761 1089 2788 in

302 2816 355 2844 quo
365 2816 379 2836 a
395 2808 460 2836 feris
472 2808 628 2836 differimus.
644 2808 704 2834 Ideo
716 2807 797 2834 urbes
811 2807 991 2834 construimus
1001 2827 1008 2839 ,
1022 2807 1087 2840 fora,

302 2855 407 2889 domos,
420 2859 449 2883 ut
465 2864 515 2884 una
526 2855 629 2883 collecti
640 2855 733 2887 simus,
749 2861 801 2880 non
813 2852 962 2881 habitacuio
974 2857 1087 2885 tantum,

1143 2033 1190 2060 sed
1207 2037 1234 2060 et
1245 2033 1366 2060 caritatis
1384 2033 1501 2060 vinculo.
1517 2034 1583 2060 Cum
1606 2035 1677 2060 enim
1694 2038 1786 2061 natura
1807 2039 1899 2061 nostra
1920 2043 1936 2062 a

1142 2078 1287 2106 Conditore
1299 2079 1333 2105 ita
1348 2079 1415 2106 facta
1427 2079 1470 2110 sit,
1485 2084 1513 2106 ut
1523 2079 1582 2106 aliis
1597 2083 1684 2114 egeat,
1700 2087 1749 2107 nec
1764 2080 1813 2106 sibi
1829 2080 1879 2115 ipsi
1892 2088 1935 2108 sa-

1143 2126 1176 2150 tis
1188 2125 1222 2151 sit
1235 2132 1241 2150 :
1256 2132 1312 2152 rem
1326 2124 1364 2152 sic
1383 2129 1444 2159 apte
1456 2124 1623 2159 dispensavit
1642 2125 1711 2152 licus
1721 2146 1728 2156 ,
1743 2130 1772 2152 ut
1787 2125 1934 2160 indigentia

1142 2168 1293 2204 hujusmodi
1307 2177 1322 2196 a
1338 2174 1429 2197 mutuo
1443 2170 1577 2197 consortio
1591 2174 1620 2198 et
1633 2178 1646 2197 a
1666 2171 1842 2198 conventibus
1855 2172 1931 2206 juvc-

1143 2221 1194 2243 tur.
1208 2216 1321 2252 Ideoque
1335 2217 1432 2251 nuptiae
1445 2217 1594 2244 constitutae
1608 2221 1670 2244 sunt
1686 2217 1706 2249 ',
1728 2221 1757 2244 ut
1770 2217 1841 2252 quod
1855 2218 1934 2244 alteri

1142 2263 1228 2295 deest,
1239 2263 1272 2290 ab
1284 2263 1368 2290 altero
1378 2263 1542 2297 suppleatur,
1555 2263 1646 2297 sicque
1657 2268 1760 2295 natura,
1775 2271 1835 2298 quze
1849 2271 1935 2298 egena

1142 2313 1216 2341 erat,
1231 2308 1280 2335 sibi
1301 2308 1407 2335 tandem
1427 2308 1539 2340 sufﬁcit;
1554 2308 1588 2335 ita
1607 2313 1635 2335 ιη
1649 2308 1711 2335 licet
1728 2309 1851 2335 mortalis
1865 2309 1936 2336 facta

1142 2354 1189 2388 sit,
1203 2355 1372 2382 successione
1385 2361 1432 2382 ceu
1447 2354 1596 2381 diuturnam
1619 2354 1845 2382 immortalitatem
1874 2363 1935 2382 ser-

1142 2405 1194 2428 vet.
1205 2400 1328 2428 Poteram
1340 2401 1397 2428 lucc
1405 2401 1487 2427 fusius
1499 2401 1634 2435 prosequi,
1643 2400 1839 2434 ostendereque
1850 2408 1935 2434 quan-

1143 2450 1197 2472 tmn
1212 2453 1244 2473 ex
1258 2445 1351 2472 intima
1365 2449 1392 2472 ct
1410 2445 1513 2472 sincera
1526 2445 1713 2480 conjunctione
1728 2446 1795 2473 lucri
1809 2446 1934 2473 accedat.

1142 2491 1196 2519 Sed
1209 2491 1278 2518 aliud
1293 2492 1373 2518 instat
1386 2491 1562 2523 tractandum,
1574 2491 1650 2525 cujus
1664 2492 1745 2526 gratia
1758 2491 1816 2518 hate
1826 2499 1840 2517 a
1853 2492 1936 2520 nobis

1142 2538 1210 2565 dicta
1224 2543 1295 2566 sunt.
1309 2537 1428 2565 Andreas
1442 2545 1501 2564 cum
1514 2537 1582 2571 apud
1596 2537 1687 2565 Jcsum
1697 2538 1852 2570 mansisset,
1866 2539 1937 2565 mul-

1143 2588 1221 2618 taque
1238 2583 1383 2615 didicisset.
1402 2591 1454 2610 non
1469 2583 1624 2610 thesaurum
1638 2584 1663 2610 in
1678 2591 1707 2611 se
1719 2583 1874 2615 abscondit,
1887 2584 1936 2611 sed

1143 2629 1249 2657 festinat
1267 2635 1294 2656 et
1306 2629 1389 2655 currit
1406 2629 1439 2655 ad
1456 2628 1563 2655 fratrem
1574 2649 1582 2661 ,
1596 2629 1655 2662 ejus
1673 2629 1758 2662 ipsttm
1779 2633 1936 2656 consortem

1142 2675 1304 2702 redditurus.
1325 2673 1378 2700 Cur
1395 2681 1457 2700 vero
1473 2681 1525 2701 non
1542 2673 1657 2700 narravit
1678 2673 1797 2701 Joannes
1812 2673 1877 2708 quid
1891 2674 1936 2700 di-

1142 2719 1210 2746 xerit
1231 2719 1269 2747 eis
1288 2718 1428 2746 Christus?
1450 2723 1477 2745 et
1495 2718 1627 2746 undenam
1653 2719 1841 2753 cognoscimus
1862 2719 1937 2753 ipsos

1174 2796 1181 2812 ¹
1198 2795 1265 2823 Haec,
1279 2794 1379 2825 ideoque
1390 2794 1480 2825 nuptae
1492 2793 1624 2819 conuitium
1637 2796 1705 2825 sunt,
1722 2792 1814 2825 desunt
1826 2792 1936 2825 ingsavil.

1142 2829 1211 2851 textu
1222 2829 1247 2849 et
1257 2822 1398 2857 quihusdam
1410 2822 1590 2856 manuscriptis;
1600 2824 1642 2849 sed
1652 2823 1773 2848 habentur
1783 2823 1808 2848 iu
1820 2822 1884 2853 aliis,
1891 2829 1938 2847 nec

1141 2857 1253 2882 videntur
1264 2862 1452 2887 supervacanea.
