2040 3113
93 155 144 184 H9

91 218 272 261 nplraetrl'qg,
288 219 334 245 καὶ
349 219 532 261 μεσημϐρίαν,
555 222 600 248 καὶ
617 222 736 257 ἑσπέραν
752 223 779 249 δὲ
796 224 880 261 αὐτὴν

94 260 287 296 συνεδρεύομεν
302 260 374 295 είκῆ,
386 261 432 287 καὶ
441 261 539 293 τόπους
550 263 589 294 εἰς
599 263 676 290 τοῦτο
687 264 862 301 άπετάξαμεν
872 275 878 281 ·

90 301 142 328 τῶν
162 301 191 327 δὲ
211 301 291 327 θείων
307 301 450 336 δογμάτων
472 302 546 335 ἅπαξ
562 303 577 337 ἢ
597 304 638 336 δίς
663 305 713 339 τῆς
734 307 880 342 ἑϐδομάδος

91 341 245 373 ἀκούοντες,
263 343 424 378 ναυτιῶμεν,
441 343 575 379 διακορεῖς
589 346 728 380 γινόμεθα.
744 347 776 374 Τί
790 346 836 374 οὖν
851 349 880 375 τὸ

91 383 192 425 αἷτιονς
214 383 315 415 Κακῶς
335 383 494 419 διακείμεθα
517 386 566 421 τὴν
581 386 679 421 ψυχήν.
695 388 731 414 Τὸ
746 389 880 425 ἐπιθυμη-

91 423 164 465 τικὸν
175 425 262 459 αὐτῆς
278 424 308 451 τὸ
324 425 388 460 περὶ
401 425 486 451 ταῦτα
501 427 548 453 καὶ
560 428 700 462 ὀρεκτικὸν
715 423 880 465 ἐξελύσαμεν

91 464 172 492 ἅπαν.
183 466 233 492 Διά
249 465 396 506 τοῦτοοοὺκ
411 467 527 502 ἔρρωται
546 469 613 503 πρὸς
630 469 678 505 τὴν
694 471 742 505 τῆς
759 464 879 507 πνευμα-

90 507 167 542 τικῆς
185 508 289 543 τροφῆς
306 494 403 543 ὄρεξιν.
426 494 505 543 ’ἰνίέγα
528 510 556 536 δὲ
568 494 624 537 ’κσῖι

90 548 175 577 ἄλλων
204 550 360 585 ἀρρωστίας
383 551 543 586 τεκμήριον,
570 552 600 578 τὸ
624 554 661 588 μή
686 555 791 589 πεινῇν,
811 555 879 590 μηδὲ

90 591 179 626 mm,
189 591 258 617 ἀλλὰ
274 591 445 626 δυσαρέστως
459 594 528 627 πρδς
540 593 683 628 ἀμφότερα
704 595 785 630 ἔχειν.
801 596 831 622 El
850 597 878 623 δὲ

91 632 135 658 ἐπὶ
153 632 289 667 σωμάτων
305 632 384 659 τοῦτο
411 634 574 668 συμϐαῖνον,
591 636 741 670 νοσήματος
760 637 877 671 χαλεποΓ

90 674 237 708 τεκμήριον
259 675 306 701 καὶ
321 674 476 709 ἀρρωστίας
494 677 650 710 ποιητικόνο
673 677 763 712 πολλῷ
779 679 877 713 μᾶλλον

91 715 135 741 ὲπὶ
147 716 197 749 τῆς
211 714 311 749 ψυχῆς.
334 715 397 747 Πῶς
419 713 466 742 οὖν
488 717 573 751 αὐτὴν
588 719 815 746 άναπεπτωκυῖαν
831 721 878 747 καὶ

91 755 271 791 ἐκλελυμένην
294 756 450 792 ἀναρρῶσαι
470 757 655 794 δυνησόμεθα;
672 760 698 786 τί
722 760 876 794 ποιοῦντες,

90 797 170 832 φησὶ,
187 797 235 823 καὶ
259 797 286 823 τί
303 797 443 832 λέγοντες;
473 799 632 834 Ἀπτόμενοι
647 800 700 828 τῶν
724 801 810 835 λόγων
823 802 877 829 τῶν

90 838 179 870 θείων,
196 839 382 874 προφητικῶν,
393 840 589 872 ἁποστολικῶν,
607 841 810 876 εὐαγγελικῶν,
829 845 876 870 καὶ

89 880 142 906 τῶν
157 880 244 907 ἄλλων
267 881 403 908 ἁπάντων.
421 882 486 908 Τότε
503 883 556 918 γὰρ
569 883 708 918 εἰσόμεθα,
729 885 770 911 ὅτι
787 885 877 921 πολλῷ

90 921 193 956 βέλτιον
208 922 292 948 ταῦτα
311 923 456 954 σιτεῖσθαι,
471 923 487 958 ἢ
501 924 550 955 τὰς
563 925 735 960 ἀκαθάρτους
753 927 856 962 τροφάς
868 935 874 942 ·

88 962 159 990 οὕτω
172 963 226 998 γάρ
241 963 294 999 χρὴ
310 964 359 995 τὰς
378 965 510 1000 ἀκαίρους
527 965 661 1001 φλυαρίας
682 967 729 993 καὶ
751 968 877 1000 συνόδους

88 1004 189 1031 καλεῖν.
204 1004 237 1031 Τί
249 1005 303 1041 γὰρ
314 1005 434 1039 ἄμεινον,
452 1006 512 1032 είτέ
531 1014 586 1041 μοι,
599 1008 663 1043 περὶ
677 1008 731 1034 τῶν
746 1009 816 1035 κατὰ
827 1010 876 1045 τὴν

88 1045 207 1080 ἀγορὰν,
227 1047 293 1082 περὶ
307 1046 361 1073 τῶν
378 1047 405 1073 ὲν
419 1047 474 1079 τοῖς
489 1047 683 1083 δικαστηρίοις,
702 1050 766 1086 περὶ
780 1050 833 1077 τῶν
847 1053 876 1078 ὲν

87 1086 125 1121 τῷ
141 1087 314 1122 στρατοπέδῳ
328 1088 508 1122 διαλέγεσθαι,
528 1089 544 1124 ἢ
560 1091 624 1125 περὶ
637 1090 690 1116 τῶν
708 1091 738 1117 ὲν
754 1092 876 1127 οὐρανοῖς

89 1129 134 1155 καὶ
148 1129 211 1163 περί
227 1129 281 1155 τῶν
297 1129 365 1163 μετὰ
376 1130 423 1165 τὴν
440 1129 564 1156 ἐντεῦθεν
580 1131 754 1166 ἀποδημίαν;
771 1133 802 1159 Τί
814 1133 875 1168 βέλ-

87 1178 152 1201 τιον.
173 1170 298 1205 περὶτοῦ
312 1171 430 1205 γείτονος
450 1171 540 1198 λαλεῖν
556 1172 602 1199 καὶ
624 1173 678 1199 τῶν
694 1174 741 1200 τοῦ
756 1175 876 1208 γείτονος

88 1212 268 1246 πραγμάτων,
282 1213 329 1238 καὶ
342 1212 376 1238 τὰ
392 1212 519 1248 ἀλλότρια
540 1213 788 1249 πολυπραγμονεῖν,
808 1217 824 1251 ἢ
842 1217 876 1243 τά

87 1252 140 1279 τῶν
152 1252 275 1286 ἀγγέλων
289 1253 336 1279 καὶ
356 1253 390 1279 τὰ
404 1254 470 1289 ήμῖν
489 1255 582 1286 αὐτοῖς
596 1254 757 1290 διαφέροντα
772 1255 875 1293 ἀναζη-

86 1295 155 1326 τεῖνς
169 1294 209 1320 Τὰ
227 1295 277 1329 μὲν
289 1295 343 1330 γὰρ
359 1295 406 1321 τοῦ
422 1296 549 1329 γείτονος,
568 1297 599 1323 οὺ
612 1297 720 1329 πάντως
738 1297 772 1323 σά
782 1307 789 1313 ·
801 1297 835 1324 τὰ
848 1298 876 1324 δὲ

87 1335 140 1361 τῶν
153 1336 286 1370 οὐρανῶν,
305 1337 348 1362 σά.
370 1337 439 1363 Ἀλλ’
456 1337 554 1368 ἔνεστι,
571 1338 664 1372 φησὶν,
679 1338 752 1371 ἅπαξ
765 1339 875 1365 εἰπόντα

87 1376 180 1411 ταῦτα,
198 1377 342 1413 πληρῶσαι
359 1378 390 1405 τὸ
406 1380 469 1407 πᾶν.
488 1378 521 1405 Τί
542 1379 571 1406 δὲ
595 1380 659 1415 περὶ
669 1377 705 1406 ὧν
720 1380 874 1414 διαλέγεσθε

89 1418 175 1454 μάτην
196 1420 244 1445 καὶ
259 1420 331 1455 εἰκῆ,
349 1419 398 1446 οὐκ
414 1421 528 1446 ἐννοεῖτε
541 1420 629 1452 τοῦτο,
646 1420 713 1447 ἀλλὰ
726 1421 813 1447 πάντα
830 1421 875 1448 τὸν

88 1459 142 1494 βίον
166 1461 206 1492 εἰς
221 1460 303 1487 τοῦτο
326 1461 584 1493 καταναλίσκοντες,
608 1462 658 1497 τὴν
682 1462 810 1488 ὑπόθεσιν
826 1463 874 1498 τήν

87 1502 148 1538 περὶ
162 1501 266 1529 τούτων
285 1502 412 1529 οὐδέποτε
427 1503 666 1538 κατεδαπανήσατε
683 1509 695 1524 ι
709 1512 715 1536 ;
731 1504 784 1530 Καὶ
799 1503 874 1530 οὔπω

87 1542 154 1577 λέγω
170 1543 205 1570 τὰ
228 1543 320 1579 πολλῷ
338 1543 440 1570 τούτων
466 1544 664 1580 φορτικώτερα.
695 1545 727 1571 Οἱ
748 1545 797 1580 μὲν
821 1545 874 1581 γὰρ

88 1585 292 1619 ἐπιεικέστεροι,
311 1584 398 1612 ταῦτα
415 1584 482 1620 πρὺς
497 1585 627 1621 ἀλλήλους
646 1586 812 1620 διαλέγονται
825 1596 831 1602 ·
849 1588 873 1614 οἰ

86 1626 113 1653 δὲ
132 1626 315 1662 ῥαθυμότεροι
332 1628 378 1654 καὶ
395 1627 684 1664 μᾶλλον¹ήμελημένοι,
702 1629 802 1663 μίμους
827 1629 874 1655 καὶ

86 1667 219 1703 ὀρχηστὰς
243 1668 290 1694 καὶ
307 1668 430 1704 ἡνιῃους
455 1669 484 1696 ὲν
506 1671 562 1701 τοῖς
581 1669 671 1696 αὐτῶν
697 1671 873 1705 περιφέρουσι

87 1709 182 1743 λόγοις,
196 1710 245 1745 τὴν
259 1710 342 1745 ἀκοὴν
359 1710 529 1746 μολύνοντες,
545 1711 594 1747 τήν
604 1711 692 1747 ψυχὴν
703 1712 874 1747 διαφθείρον-

85 1759 138 1784 τες,
146 1753 196 1786 τὴν
206 1752 288 1786 φύσιν
295 1752 507 1787 ἐκϐακχεύοντες
515 1753 618 1785 τούτοις
629 1756 685 1785 τοῖς
696 1754 871 1790 διηγήμασιν,

85 1792 155 1820 ἅπαν
170 1793 271 1826 κακίας
288 1792 354 1826 εἶδος
373 1796 412 1827 εις
424 1795 474 1830 τὴν
498 1795 601 1822 ἑαυτῶν
617 1795 736 1822 διάνοιαν
750 1796 792 1822 διὰ
806 1795 873 1822 ταύ-

85 1842 132 1870 της
146 1835 302 1869 εἰσάγοντες
313 1836 361 1870 τῆς
371 1836 523 1868 διαλέξεως.
539 1837 614 1871 ’Ἅμα
629 1837 683 1872 γὰρ
695 1837 844 1872 ἐφθέγξατο
855 1838 872 1872 ἡ

139 1880 181 1906 Sic
191 1880 279 1912 SaViI.,
291 1881 474 1907 Morelxoﬁtwv
485 1882 552 1907 οὔπω
563 1883 603 1906 καὶ
614 1881 654 1906 νῦν
666 1883 747 1907 κατεδ.

603 158 637 185 IN
655 158 813 187 JOANNEM
829 159 945 188 HOMIL.
968 162 1037 190 XIX.
1059 163 1094 191 aI.
1116 163 1207 193 XVIII.

1668 170 1718 197 I20

931 226 1037 260 γλῶττα
1053 228 1100 255 τοῦ
1114 229 1276 264 ὀρχουμένου
1290 230 1320 256 τὸ
1331 229 1415 264 ὄνομα
1425 250 1431 261 ,
1449 230 1494 257 καί
1510 230 1609 261 εὐθέως
1624 231 1719 257 άνετύ-

930 276 1021 295 πωσεν
1034 270 1050 305 ή
1064 269 1136 305 ψυχὴ
1152 271 1200 305 τὴν
1211 270 1282 305 δῲιν.
1297 272 1347 306 τὴν
1362 272 1449 307 κόμην
1462 292 1469 303 ,
1483 272 1531 307 τὴν
1549 271 1650 306 ἐσθῆτα
1669 272 1717 306 τὴν

930 310 1044 346 ἁπαλὴν,
1073 311 1153 338 αὑτὸν
1175 313 1277 339 ἐκεῖνον
1299 313 1401 339 τούτων
1425 313 1617 348 μαλακώτερον
1641 313 1714 340 ὅντα.

930 351 992 377 ’Ἐτε
997 361 1042 386 ρος
1055 353 1135 380 πάλιν
1147 353 1279 389 ἑτέρωθεν
1290 354 1446 389 ἀνερρίπισε
1457 355 1504 389 τὴν
1515 356 1611 389 φλόγα,
1623 356 1716 389 γυναῖ-

929 402 965 420 κα
988 393 1062 430 [ΗΟ]
1075 395 1176 430 πόρνην
1188 397 1226 427 είς
1234 395 1281 431 τὴν
1288 395 1404 428 διάλεξιν
1416 396 1578 430 εἰσαγαγὼν,
1587 396 1716 432 κάκείνης

928 435 962 461 τὰ
982 436 1099 470 ῥήματα,
1115 436 1149 462 τὰ
1164 438 1301 471 σχήματα,
1317 437 1371 463 τῶν
1388 438 1517 472 ὀμμάτων
1534 437 1582 469 τὰς
1593 438 1716 474 διαστρο-

929 476 993 510 φὶς.
1011 478 1060 511 τῆς
1074 477 1161 512 ὂψεως
1171 479 1200 504 τὸ
1218 478 1310 512 ὑγρὸν,
1325 479 1380 504 τῶν
1394 478 1494 513 τριχῶν
1511 478 1559 510 τὰς
1581 479 1714 514 στρεϐλώο

930 525 995 548 σεις,
1012 518 1066 544 τῶν
1082 519 1201 553 παρειῶν
1216 519 1248 546 τά
1262 519 1449 554 ὲπιτρίμματα
1460 540 1467 549 ,
1482 519 1530 551 τὰς
1543 520 1713 555 ὑπογραφάς.

928 556 1002 593 Ἀρα
1016 560 1065 586 οὐκ
1089 560 1203 587 ἐπάθετε
1220 570 1246 587 τι
1265 562 1312 587 καὶ
1329 560 1395 595 ἐμοῦ
1417 560 1503 587 ταῦτα
1522 561 1713 596 διηγουμένους

936 600 1014 626 ’Λλλὰ
1031 601 1067 636 μὴ
1084 602 1255 638 αἰσχυνθῆτε,
1275 602 1341 637 μηδὲ
1356 602 1536 637 ἐρυθριάσητε
1548 611 1554 617 ·
1566 603 1582 636 ἡ
1600 603 1653 638 γάρ
1666 603 1716 636 τῆς

929 641 1035 675 φύσεως
1057 643 1164 680 ἀνάγκη
1182 644 1260 670 τοῦτο
1279 644 1405 674 ἀπαιτεῖ,
1422 644 1468 670 καὶ
1493 643 1563 670 οὕτω
1582 643 1715 678 διατίθησι

931 682 976 718 ’τὴν
1002 684 1101 720 ψυχὴν,
1126 685 1163 716 ὡς
1177 686 1210 712 ἂν
1232 687 1247 720 ἠ
1274 685 1328 711 τῶν
1344 684 1590 719 ἀπαγγελλομένων
1603 684 1716 718 δύναμις

928 724 987 761 ἔχῃ.
1005 726 1034 751 Ei
1046 726 1073 752 δὲ
1084 726 1150 761 ἐμοῦ
1164 726 1360 761 φθεγγομένου,
1373 727 1396 752 εἰ
1407 725 1434 752 δὲ
1447 726 1475 752 ἐν
1491 725 1621 761 ἐκκλησίᾳ
1634 725 1716 751 ἑστῶ-

927 773 982 797 τες,
1000 767 1023 792 εἰ
1048 767 1076 794 δὲ
1095 768 1205 794 ἐκείνων
1221 768 1369 803 ἀπέχοντες
1393 767 1507 794 ὲπάθετέ
1529 776 1555 793 τι
1578 767 1645 802 πρὸς
1666 767 1717 802 τὴν

928 806 1070 841 ἀκρόασιν-
1083 809 1208 843 ἐννόησον
1223 809 1282 840 πῶς
1298 809 1370 840 εἰκὸς
1386 808 1535 835 διακεῖσθαι
1550 809 1611 840 τοὺς
1624 810 1652 835 ἐν
1667 809 1716 835 αὑ-

928 847 966 882 τῷ
979 848 1016 882 τῷ
1030 849 1135 885 θεάτρῳ
1149 850 1334 885 καθημένους,
1349 851 1411 881 τοὺς
1428 850 1519 876 ἄδειαν
1532 849 1631 885 πολλὴν
1641 849 1716 884 ἕχον-

927 897 986 921 τας,
1000 890 1063 921 τοὺς
1077 891 1153 922 ὲκτὺς
1169 891 1217 918 τοῦ
1235 891 1333 926 σεμνοῦ
1347 891 1442 918 τούτου
1457 891 1504 917 καὶ
1519 891 1632 927 φρικτοῦ
1652 900 1715 918 συν-

928 930 1016 965 εδρίου
1026 952 1033 964 ,
1050 931 1111 963 τοὺς
1129 932 1197 966 μετὰ
1213 933 1312 968 πολλῆς
1327 933 1518 967 ἀναισχυντίας
1535 933 1581 959 καὶ
1595 933 1715 968 ὁρῶντας

927 972 1020 998 ἐκεῖνα
1035 973 1082 998 καὶ
1095 973 1254 1005 ἀκούοντας.
1264 973 1319 1000 Καὶ
1330 973 1474 1008 τίδήποτε.
1485 974 1595 1009 φήσειεν
1607 974 1638 1000 ἂν
1650 974 1715 1005 ἴσως

926 1021 968 1044 τις
977 1014 1029 1040 τῶν
1044 1015 1074 1041 οὺ
1088 1015 1282 1050 προσεχόντων,
1299 1016 1322 1042 εἰ
1339 1016 1388 1050 τῆς
1401 1015 1507 1050 φύσεως
1519 1017 1534 1051 ή
1549 1016 1656 1051 ἀνάγκη
1666 1016 1715 1052 τήν

926 1055 1015 1090 ψυχὴν
1035 1055 1104 1082 οὕτω
1127 1057 1291 1092 διατίθησιν,
1316 1058 1422 1092 ἐκείνην
1438 1058 1526 1091 ἀφεὶς,
1547 1059 1612 1092 ήμῖν
1632 1058 1714 1092 ἐγκα-

927 1096 981 1128 λεῖς
997 1097 1010 1116 δ
1022 1105 1029 1128 ;
1050 1098 1110 1124 "Ou
1124 1098 1154 1124 τὸ
1171 1098 1218 1132 μὲν
1227 1119 1235 1130 ,
1246 1098 1378 1125 ἀκούοντα
1390 1098 1501 1125 τοιαῦτα
1512 1099 1694 1132 μαλάττεσθαι
1705 1120 1712 1128 .

927 1139 974 1174 τῆς
988 1140 1096 1173 φύσεως
1121 1140 1200 1176 ἔργον
1213 1150 1219 1156 ·
1246 1141 1276 1168 τὸ
1290 1142 1318 1168 δὲ
1341 1142 1452 1169 τοιαῦτα
1472 1143 1589 1173 ἀκούειν,
1604 1144 1652 1169 οὐκ
1674 1143 1714 1170 ἔτι

927 1181 977 1215 τῆς
1001 1181 1124 1215 φύσεως,
1156 1182 1223 1209 ἀλλὰ
1251 1183 1300 1217 τῆς
1338 1183 1523 1218 προαιρέσεως
1551 1183 1712 1219 ἁμάρτημα.

933 1222 1009 1248 Ἐπεὶ
1021 1223 1066 1249 καὶ
1078 1223 1123 1249 τὸν
1136 1224 1280 1258 ὁμιλοῦντα
1297 1226 1374 1260 πυρὶ,
1386 1225 1588 1261 διαφθείρεσθαι
1601 1225 1649 1255 δεῖ.
1668 1227 1715 1253 καὶ

926 1263 1031 1298 τοῦτοὴ
1046 1264 1094 1298 τῆς
1112 1264 1218 1298 φύσεως
1234 1265 1360 1292 ἀσθένεια
1380 1266 1516 1300 βούλεται“
1538 1267 1594 1293 ἀλλ’
1609 1267 1658 1293 οὐκ
1675 1267 1714 1294 ἐτι

927 1306 974 1332 καὶ
988 1306 1054 1341 πρδς
1068 1305 1098 1332 τὸ
1112 1305 1167 1341 πῦρ
1177 1307 1250 1342 ήμᾶς
1262 1307 1309 1333 καὶ
1321 1307 1370 1342 τήν
1377 1308 1480 1334 ἐκεῖθεν
1493 1309 1554 1341 ἄγει
1567 1308 1714 1343 διαφθορὰν

925 1349 942 1383 ή
958 1348 1037 1382 φύσις
1048 1356 1054 1362 ·
1072 1348 1151 1374 τοῦτο
1175 1349 1230 1383 γὰρ
1248 1349 1298 1383 τῆς
1314 1349 1385 1376 κατά
1401 1349 1559 1385 προαίρεσιν
1580 1351 1662 1386 μόνης
1681 1350 1714 1377 ἂν

926 1391 968 1426 εἴη
985 1390 1160 1425 διαστροφῆς.
1180 1390 1264 1417 Τοῦτο
1281 1388 1327 1417 οὖν
1345 1391 1449 1418 ἀνελεῖν
1465 1391 1533 1424 ἀξιῶ
1547 1392 1592 1418 καὶ
1601 1391 1715 1427 διορθῶ-

927 1441 982 1463 σαι,
994 1431 1064 1459 ὦστε
1084 1433 1121 1468 μὴ
1132 1433 1242 1464 ἑκόντας
1260 1433 1371 1464 ἑαυτοὺς
1382 1433 1613 1469 κατακρημνίζειν
1623 1453 1629 1464 ,
1648 1433 1715 1468 μηδὲ

927 1474 995 1509 πρὸς
1006 1474 1039 1500 τὰ
1051 1474 1174 1509 βάραθρα
1193 1474 1242 1509 τῆς
1254 1474 1352 1505 κακίας
1364 1474 1454 1505 ὠθεῖν,
1472 1474 1538 1510 μηδὲ
1556 1475 1715 1509 αὐτομάτως

927 1515 1033 1550 τρέχειν
1057 1515 1103 1541 ἐπὶ
1118 1515 1167 1551 τὴν
1181 1515 1269 1551 πυράν
1280 1523 1286 1530 ·
1306 1515 1349 1542 ἵνα
1371 1516 1407 1551 μὴ
1426 1516 1473 1543 καὶ
1497 1518 1530 1552 τῇ
1547 1516 1584 1552 τῷ
1600 1516 1715 1552 διαϐόλῳ

928 1557 1169 1592 κατεσκευασμένῃ
1198 1557 1278 1590 φλογὶ
1303 1557 1519 1592 καταστήσωμεν
1548 1557 1714 1590 ὑπευθύνους

927 1598 1049 1629 ἑαυτούς.
1062 1598 1168 1625 Γένοιτο
1182 1598 1209 1624 δὲ
1225 1598 1328 1629 πάντας
1343 1599 1428 1633 ἡμᾶς,
1445 1599 1492 1624 καὶ
1505 1598 1606 1634 ταύτης
1621 1599 1714 1625 κάκεί-

927 1648 975 1675 νης
990 1639 1206 1673 ἀπαλλαγέντας,
1223 1638 1291 1674 πρὸς
1307 1639 1405 1670 αὐτοὺς
1424 1638 1470 1665 τοῦ
1492 1639 1615 1674 Ἀϐραὰμ
1627 1641 1716 1676 χωρῆο

929 1690 973 1707 σαι
989 1681 1052 1712 τοὺς
1064 1681 1191 1713 κόλπους,
1202 1681 1292 1716 χάριτι
1305 1681 1351 1707 καὶ
1360 1681 1547 1716 φιλανθρωπίᾳ
1556 1681 1602 1707 τοῦ
1613 1682 1715 1716 Κυρίου

926 1724 1006 1758 ἡμῶν
1024 1723 1111 1758 Ἰησοῦ
1127 1722 1256 1758 Χριστοῦ,
1272 1721 1331 1758 μεθ’
1344 1720 1374 1749 οὗ
1386 1723 1425 1757 τῷ
1436 1723 1521 1758 Πατρὶ
1536 1723 1552 1757 ἡ
1571 1722 1644 1756 δόξα,
1659 1723 1717 1758 ἅμα

926 1764 965 1799 τῲ
979 1763 1050 1799 ἁγίῳ
1076 1763 1227 1799 Πνεύματι,
1254 1765 1292 1794 εἰς
1310 1764 1374 1795 τοὺς
1397 1763 1499 1796 αἰῶνας
1525 1764 1578 1791 τῶν
1599 1765 1714 1792 αἰώνων.

933 1806 1029 1841 Ἀμήν.

958 1884 971 1903 ιτ
983 1882 1085 1912 Quidam
1093 1882 1149 1913 ἡμῖν
1158 1882 1274 1912 ἐγκαλοῇς.
1286 1878 1288 1880 ’

1470 1934 1706 1944 -_——————

803 1962 925 1990 OMIAIA
942 1963 994 1989 I8’.

83 2008 226 2041 Εὑρίσκει
246 2008 322 2035 οὕτω
344 2008 458 2042 πρῶτος
483 2009 537 2035 τὸν
559 2008 694 2042 ἀδελφὸν
715 2008 769 2034 τὸν
793 2008 872 2034 ἴδιον

115 2044 255 2077 Σίμωνα,
288 2044 338 2070 καί
358 2043 439 2078 ,λέγει
469 2043 566 2076 αὐτῷ·
588 2053 597 2068 ι
620 2042 797 2076 Εὑρήκαμεν
818 2043 873 2069 τὸν

116 2079 267 2110 Μεσσίαν,
284 2088 293 2103 ι
310 2078 326 2104 ὅ
341 2078 405 2104 ἐστι
419 2079 714 2112 μεθερμηνευόμενον
726 2078 853 2111 Χριστός
863 2085 870 2092 ·

115 2113 166 2139 καὶ
181 2113 294 2147 ἤγαγεν
309 2113 403 2139 αὐτὸν
416 2113 490 2147 πρὸς
507 2113 560 2139 τὸν
576 2113 707 2146 Ἰησοῦν.

114 2173 150 2201 α’.
160 2174 189 2200 '0
202 2174 268 2205 Θεὸς
280 2173 355 2209 παρά
369 2173 416 2208 τὴν
430 2173 517 2209 ἀρχὴν
528 2175 644 2210 ποιήσας
660 2174 704 2200 τὸν
717 2174 870 2209 ἄνθρωπον,

81 2215 131 2242 οὐκ
147 2215 255 2249 ἀφῆκεν
270 2213 339 2241 εἶναι
355 2215 449 2249 μόνον,
477 2216 534 2242 ἀλλ’
559 2215 658 2242 ἔδωκεν
683 2215 758 2251 αὐτῷ
775 2215 871 2250 βοηθὸν

79 2255 130 2291 τὴν
144 2258 273 2290 γυναῖκα,
291 2256 337 2283 καὶ
354 2258 487 2283 συνοικεῖν
503 2257 645 2292 εποίησεν.
662 2256 739 2289 εἰδὼς
755 2257 808 2283 ἀπὸ
822 2257 872 2291 τῆς

80 2298 230 2331 συσκηνίας
242 2298 345 2333 ταύτης
359 2297 424 2324 πολὺ
441 2298 470 2324 τὸ
483 2299 576 2333 κέρδος
586 2299 724 2333 ἐσόμενον.
739 2298 770 2324 Τί
782 2299 835 2334 γὰρ
846 2300 871 2325 εί

81 2339 118 2374 μὴ
130 2339 200 2373 πρὸς
213 2339 243 2365 τὸ
252 2339 310 2365 δέον
320 2340 452 2374 ἐχρήσατο
464 2341 496 2374 τῇ
508 2340 652 2375 εὐεργεσίᾳ
662 2339 748 2376 ταύτῃ
761 2341 870 2375 ήγυνή;

78 2380 151 2407 Ἀλλ’
164 2380 240 2415 ὅμως
253 2381 278 2406 εἰ
290 2380 337 2406 τοῦ
349 2381 509 2416 πράγματος
524 2381 606 2407 αὐτοῦ
617 2381 666 2416 τὴν
680 2381 760 2415 φύσιν
773 2390 814 2412 τις
825 2389 873 2408 κα-

76 2421 208 2456 ταμάθοι,
224 2420 324 2457 πολλὴν
339 2421 392 2448 ἀπὸ
406 2422 454 2457 τῆς
469 2423 650 2457 συνοικήσεως
663 2422 764 2457 ταύτης
777 2422 871 2457 ὄψεται

76 2462 127 2498 τὴν
143 2462 281 2496 ὠφέλειαν
294 2463 340 2488 ἐπὶ
361 2462 415 2488 τῶν
431 2462 492 2489 νοῦν
512 2463 628 2498 ἑχόντων
646 2464 802 2499 γινομένην.
815 2464 872 2490 Οὐκ

78 2504 123 2530 ἐπὶ
141 2503 273 2537 γυναικὸς
292 2503 320 2529 δὲ
335 2503 413 2538 μόνον
428 2505 474 2530 καὶ
490 2504 594 2540 ἀνδρὸς,
611 2504 679 2531 ἀλλά
697 2505 748 2531 κᾶν
763 2505 872 2540 ἀδελφοὶ

76 2544 157 2571 τοῦτο
171 2545 280 2576 ποιῶσι,
298 2546 346 2572 καὶ
365 2546 442 2571 αὐτοὶ
460 2545 508 2580 τῆς
526 2547 686 2581 εὐεργεσίας
703 2546 869 2573 ἀπολαύσον-

75 2594 131 2614 ται,
148 2587 196 2612 Διὸ
208 2586 258 2613 καὶ
270 2587 283 2612 ό
297 2587 444 2622 Προφήτης
457 2587 533 2621 ἔλεγε
543 2595 551 2602 ·
570 2588 600 2614 Τί
618 2588 714 2614 καλὸν
733 2588 751 2621 ἢ
763 2587 792 2614 τί
808 2596 872 2621 τερ-

76 2628 163 2658 πτὸν.
177 2628 248 2655 ἀλλ’
262 2629 281 2662 ἣ
298 2628 331 2655 τὸ
344 2629 491 2656 κατοικεῖν
501 2629 653 2664 ἀδελφοὺς
666 2629 715 2656 ὲπί
727 2629 761 2656 τὸ
778 2630 852 2656 αὐτό
861 2638 871 2661 ;

76 2668 156 2695 Καὶό
176 2668 253 2705 [HI]
283 2669 388 2701 Παῦλος
411 2670 526 2706 παρῄνει
544 2670 581 2706 μὴ
607 2671 799 2705 ἐγκαταλιπεῖν
821 2671 871 2706 τὴν

74 2709 288 2748 ἐπισυναγωγὴν
311 2711 359 2747 τὴν
383 2712 498 2739 ἑαυτῶν.
509 2713 564 2739 Καὶ
586 2713 640 2748 γάρ
664 2713 742 2740 τοῦτό
759 2714 832 2740 ἐστιν
850 2709 872 2747 ᾧ

72 2750 129 2778 τῶν
144 2752 249 2788 θηρίων
264 2753 458 2789 διεστήκαμεν.
477 2754 526 2780 Διά
540 2754 620 2781 τοῦτο
633 2755 680 2781 καί
699 2755 790 2787 πόλεις
803 2756 872 2782 eau-

74 2793 189 2828 μάμεθα
200 2815 207 2826 ,
221 2795 270 2821 καὶ
288 2795 392 2830 ἀγορὰς
415 2795 462 2822 καὶ
485 2795 583 2827 οἰκίας,
604 2797 648 2823 ἵνα
666 2796 733 2831 ὁμοῦ
750 2797 797 2823 καὶ
812 2797 870 2832 μετ’

72 2835 199 2871 ἀλλήλων
215 2834 303 2873 ὦμεν,
319 2838 350 2864 οὐ
364 2838 434 2864 κατὰ
445 2837 495 2873 τὴν
509 2839 615 2874 οἴκησιν
631 2839 720 2874 μόνον,
741 2838 808 2865 ἀλλὰ
822 2839 869 2865 καὶ

71 2879 146 2905 κατὰ
159 2879 206 2906 τὸν
216 2882 266 2916 τῆς
284 2880 395 2915 ἀγάπης
412 2880 569 2916 σύνδεσμον.
587 2881 696 2916 Ἐπειδὴ
712 2881 765 2917 γάρ
775 2881 869 2916 ἐνδεής

69 2919 139 2953 ἡμῖν
157 2921 174 2955 ή
189 2921 271 2956 φύσις
284 2921 361 2956 παρά
371 2921 417 2948 τοῦ
430 2922 609 2958 πεποιηκότος
623 2923 740 2957 ἐγένετο,
759 2924 804 2949 καὶ
820 2923 870 2950 οὐκ

71 2962 217 2998 αὐτάρκης
240 2964 317 2990 ὲστίν
338 2964 437 2999 ἑαυτῇ,
459 2965 648 3000 συμφερόντως
663 2965 835 3001 ῲκονόμησεν
857 2967 871 2991 ὁ

923 2007 990 2038 Θεὸς
1004 2006 1054 2042 τὴν
1075 2006 1202 2034 ἐντεῦθεν
1217 2007 1321 2034 ἔνδειαν
1337 2007 1429 2034 λοιπὸν
1454 2007 1486 2034 ἐκ
1508 2008 1558 2042 τῆς
1573 2007 1642 2033 κατὰ
1666 2008 1716 2043 τὴν

924 2048 1033 2074 σύνοδον
1049 2048 1115 2082 παρ’
1135 2048 1256 2083 ἀλλήλων
1279 2048 1424 2083 γινομένης
1446 2048 1578 2082 ὡφελείας
1603 2049 1715 2082 διορθωη

923 2088 1012 2124 θῆναι.
1031 2088 1080 2114 Διὰ
1097 2089 1175 2116 τοῦτο
1189 2089 1277 2124 γάμος
1291 2090 1472 2123 οἰκονομεῖται
1487 2094 1512 2119 ιι,
1529 2088 1598 2115 ὥστε
1616 2089 1645 2115 τὸ
1660 2089 1714 2116 λεῖ-

923 2139 973 2157 πον
994 2131 1079 2165 ὲτέρῳ
1096 2130 1161 2165 παρ’
1183 2131 1276 2166 ἐτέρου
1297 2130 1484 2166 πληροῦσθαι,
1504 2131 1550 2156 καὶ
1572 2130 1619 2166 τὴν
1638 2131 1714 2166 ἐνδεῆ

922 2171 1046 2202 γενέσθαι
1063 2171 1150 2203 οὕτως
1165 2172 1299 2206 αὐτάρκη,
1313 2172 1350 2203 ὡς
1361 2171 1445 2206 αὐτὴν
1459 2171 1530 2207 ἔχειν
1546 2172 1593 2198 καί¹
1615 2171 1715 2207 θνητὴν

923 2212 1083 2248 γενομένην,
1101 2214 1133 2248 τῇ
1159 2213 1268 2248 διαδοχῇ
1288 2213 1368 2248 μέχρι
1384 2212 1481 2238 πολλοῦ
1497 2212 1547 2248 τὴν
1567 2212 1715 2239 ἀθανασίαν

922 2255 1069 2290 διατηρεῖν.
1087 2254 1141 2281 Καὶ
1154 2252 1187 2289 ἦν
1203 2254 1252 2289 μὲν
1274 2254 1440 2289 μακρότερον
1460 2253 1614 2285 ἐπεξελθεῖν
1628 2254 1715 2290 τούτῳ

922 2295 960 2330 τῷ
970 2296 1051 2330 λόγῳ,
1067 2295 1208 2322 δεικνύντα
1223 2295 1272 2322 ὅσα
1287 2295 1340 2322 ἀπὸ
1353 2295 1403 2330 τῆς
1417 2295 1484 2330 πρὸς
1508 2295 1640 2330 ἀλλήλους
1652 2304 1714 2321 συν-

923 2337 983 2364 όδου
991 2338 1040 2372 τῆς
1052 2337 1167 2372 γνησίας
1181 2337 1228 2364 καὶ
1242 2337 1404 2373 εἰλικρινοῦς
1414 2337 1447 2364 τὰ
1460 2337 1542 2372 κέρδη
1554 2338 1609 2368 τοῖς
1624 2346 1714 2372 συνερ-

923 2380 1046 2414 χομένοις
1059 2379 1163 2413 γίνεται
1175 2388 1181 2394 ·
1197 2379 1253 2406 ἀλλ’
1264 2379 1356 2414 ἕτερόν
1367 2380 1425 2410 ἐστι
1439 2379 1469 2405 τὺ
1479 2380 1640 2412 κατεπεῖγον
1655 2379 1713 2410 νῦν,

922 2419 952 2447 οὗ
965 2421 997 2456 δὴ
1009 2421 1054 2447 καὶ
1065 2421 1158 2447 ἕνεκεν
1168 2422 1234 2456 ἡμῖν
1246 2421 1331 2447 ταῦτα
1342 2421 1459 2456 εἴρηται.
1478 2421 1508 2447 '0
1519 2420 1573 2456 γάρ
1590 2421 1724 2456 Ἀνδρέας

925 2462 1019 2497 μείνας
1036 2462 1111 2497 παρὰ
1123 2462 1161 2498 τῷ
1183 2462 1281 2497 Ἰησοῦ,
1298 2463 1343 2488 καί
1362 2461 1455 2497 μαθὼν
1472 2462 1542 2497 άπερ
1556 2461 1666 2497 ἔμαθεν,
1683 2463 1712 2488 οὖ

923 2504 1040 2539 κατέσχε
1064 2505 1129 2539 παρ’
1152 2504 1241 2539 ἑαυτῷ
1264 2505 1309 2530 τὸν
1325 2503 1477 2540 θησαυρὸν,
1498 2504 1555 2530 ἀλλ’
1574 2503 1713 2536 ἐπείγεται

923 2544 970 2571 καὶ
992 2545 1083 2580 τρέχει
1106 2545 1211 2580 ταχέως
1227 2546 1303 2580 παρὰ
1332 2546 1378 2572 τὸν
1406 2545 1529 2579 ἀδελφὺν.
1553 2544 1713 2579 μεταδώσων

923 2585 997 2620 αὐτῷ
1009 2586 1063 2612 τῶν
1080 2586 1190 2620 ἀγαθῶν
1204 2583 1240 2613 ὧν
1255 2587 1360 2621 εἰλήφει
1376 2587 1400 2613 b.
1419 2587 1497 2618 Τίνος
1512 2586 1539 2612 δὲ
1556 2585 1647 2611 ἕνεκεν
1663 2585 1713 2611 οὐκ

924 2625 1000 2653 εἶπεν
1012 2628 1026 2653 ὁ
1044 2628 1169 2663 Ἰωάννης
1181 2648 1188 2660 ,
1203 2628 1264 2655 τίνα
1279 2629 1351 2655 ἐστὶν
1366 2628 1383 2655 ἃ
1396 2627 1518 2662 διελέχθη
1533 2626 1600 2661 πρδς
1614 2625 1712 2656 αὐτοὺς

923 2669 937 2695 ὁ
950 2669 1085 2704 Χριστός;
1108 2670 1190 2697 πόθεν
1211 2670 1239 2696 δὲ
1262 2670 1308 2696 καὶ
1328 2669 1406 2704 δῆλόν
1423 2669 1496 2694 ἐστιν
1512 2668 1552 2694 ὅτι
1572 2667 1615 2693 διὰ
1635 2665 1712 2692 τοῦτο

924 2709 1034 2745 ἔμειναν
1051 2712 1116 2746 παρ’
1136 2711 1227 2746 αὐτῴ;
1250 2710 1407 2745 ’Λπεδείχθη
1423 2710 1472 2744 μὲν
1486 2709 1550 2743 ἡμῖν
1570 2707 1647 2734 τοῦτο
1666 2708 1712 2733 καὶ

923 2751 1019 2786 πρώην
1032 2761 1037 2766 -
1055 2750 1142 2784 ἔξεστι
1153 2752 1180 2778 δὲ
1193 2753 1239 2779 καὶ
1252 2754 1284 2778 ὲκ
1292 2751 1345 2778 τῶν
1356 2751 1475 2786 τήμερον
1486 2749 1712 2783 ἀναγνωσθέντων

925 2793 1029 2827 μαθεῖν.
1047 2794 1118 2829 Ὅρα
1134 2795 1188 2831 γάρ
1202 2795 1227 2821 τί
1239 2802 1320 2829 φησιν
1331 2790 1406 2823 οὗτος
1427 2791 1495 2828 πρὸς
1511 2791 1555 2817 τὸν
1579 2790 1690 2825 ἀδελφόν
1703 2798 1709 2803 ·

920 2834 1098 2870 Εὑρήκαμεν
1106 2836 1158 2863 τὸν
1166 2837 1315 2869 Μεσσίαν,
1327 2836 1362 2870 ὃς
1372 2836 1563 2871 ἑρμηνεύεται
1573 2834 1709 2869 Χριστός.

954 2910 966 2924 ⁸
985 2909 1012 2933 In
1040 2910 1115 2934 SaVII.
1140 2912 1166 2934 et
1186 2909 1327 2941 quibusdam
1348 2916 1404 2933 mss.
1419 2909 1530 2941 δῖος,δή
1552 2908 1711 2941 τοῦτουγάμος

924 2940 1091 2970 οἰκονομεῖται,
1102 2939 1201 2964 όεςιιηὶῖ
1233 2939 1300 2964 bAIii
1315 2941 1456 2970 μετειλήφει.
1469 2940 1544 2964 I‘aulo
1556 2942 1610 2968 pml
1622 2939 1706 2962 Mnml.

924 2971 1033 3001 Χριστος
1056 2972 1259 2999 ἀκο)ονθήοαντα;
1269 2971 1352 2998 εὐθέως
1365 2972 1402 2993 καὶ
1417 2971 1536 3000 μείναντας
1547 2970 1601 3000 παρ’
1614 2970 1687 2999 αὑτῳ.
