2040 3113
93 161 140 189 ηπ
591 155 625 183 ΙΝ
643 154 798 183 JOANNEM
818 153 932 181 HOMIL.
954 153 1023 181 XIX.
1043 155 1078 182 al.
1101 155 1191 183 XVIII.

90 218 151 246 ideo
161 215 231 252 apud
240 215 314 244 illum
326 213 486 242 mansisse"!
498 212 525 240 Id
538 219 622 247 nuper
635 220 649 238 ιι
658 211 734 238 nobis
744 214 881 238 ostensum

89 269 153 291 est:
169 263 284 297 licetque
298 261 379 289 etiam
398 267 431 287 ex
451 259 483 286 iis
501 265 560 293 qum
583 257 661 285 hodie
682 257 751 284 lecta
775 259 836 283 sunt
858 255 884 282 id

89 309 223 337 ediscere.
238 306 427 334 Animadverte
443 304 515 332 enim
529 303 592 338 quid
615 303 658 330 hic
670 302 743 329 fratri
757 309 806 329 suo
814 301 885 328 dixe-

88 355 125 383 rit
137 364 144 382 :
164 354 308 381 Invenimus
322 352 450 383 Messium,
464 350 532 386 quod
546 350 736 384 interpretatum
763 352 799 375 est
812 347 885 375 Citri-

89 405 153 428 stus.
171 399 264 427 Viden'
277 406 330 434 quo
342 402 420 433 pacto
431 404 489 432 quae
507 396 580 423 brevi
603 400 723 430 tempore
736 393 863 421 didicerat
875 414 883 425 ,

91 445 154 473 hinc
162 444 304 472 ostendat?
318 443 384 471 Natu
395 447 422 470 et
432 442 549 477 Magistri
564 441 687 468 virtutem
697 439 825 471 declarat,
839 438 884 473 qui

91 492 142 519 hoc
151 492 215 526 ipsis
227 490 354 522 suaserit,
366 493 393 516 et
403 489 520 524 ipsorum
529 487 646 515 studium
655 486 882 521 diligentiamque,

90 539 135 574 qui
147 538 203 564 bzrc
211 537 267 572 jatn
279 544 293 563 a
308 535 438 570 principio
450 537 584 561 curarent.
598 533 653 559 lloc
664 532 762 566 quippe
773 531 882 558 verbum

91 589 131 612 est
145 585 243 610 anima:
263 582 406 609 adventum
424 581 482 616 ejus
503 587 606 607 summe
625 578 799 606 desiderantis
812 576 885 605 etde

92 630 158 657 ca-lo
169 634 313 657 venturum
326 627 504 662 exspectantis
517 647 524 660 ,
541 626 689 661 gaudioquc
704 625 862 652 exsultantis
876 645 882 656 ,

92 679 232 711 postquam
256 673 398 709 apparuit,
420 676 500 706 atque
523 670 673 698 festinantis
700 673 800 696 tantam
826 676 882 696 rem

92 721 195 749 ceteris
214 720 350 747 nuntiare.
367 719 422 746 lloe
448 718 571 745 fraterna:
593 721 651 744 erat
672 716 863 744 benevolentia:
875 736 882 749 ,

92 767 183 795 antica:
197 766 365 801 cognationis
375 785 381 797 ,
398 764 495 792 sinceri
510 763 620 790 allectus
630 783 637 795 ,
655 762 680 790 in
704 761 884 797 Spiritualibus

91 820 198 840 manmn
213 817 306 839 nnttuo
321 810 466 846 porrigere.
488 809 557 836 Audi
571 813 660 835 autem
683 808 756 834 illum
769 815 828 834 cum
843 814 885 833 ar-

92 859 163 886 ticuli
177 857 316 885 additione
333 857 496 892 loquentem.
511 854 568 882 Non
584 855 655 882 enim
668 853 824 888 simpliciter
840 853 883 880 di~

91 905 127 932 xit
142 925 149 934 .
169 903 294 931 Messiam
307 923 315 935 ,
335 902 382 929 sed
395 921 401 933 ,
421 900 544 928 Messium
568 900 652 927 illutn.
675 898 719 926 Sic
743 898 885 933 quemdam

91 950 228 977 Christum
242 947 442 983 exspectabant,
457 946 501 980 qui
516 945 581 972 nihil
597 952 740 972 commune
749 951 810 971 cum
826 942 885 970 aliis

92 995 214 1022 habt-ret.
228 993 418 1021 Animadverte
430 996 517 1019 autetn
531 1012 538 1024 ,
554 991 595 1018 vel
608 998 621 1017 a
636 990 767 1025 principio
777 1011 784 1022 ,
802 991 883 1016 mori-

91 1048 182 1076 gerum
198 1039 359 1074 facilemque
371 1038 441 1065 Petri
452 1037 580 1064 animum.
595 1036 690 1064 Statim
702 1035 818 1069 nihilque
832 1042 886 1061 mo-

92 1093 163 1114 ratus
178 1086 308 1113 accurrit.
332 1085 444 1112 Adduxit
467 1092 538 1117 eum,
554 1083 655 1118 inquit,
669 1082 703 1110 ad
717 1081 815 1109 Iesum.
831 1081 884 1109 Sed

94 1141 170 1160 nemo
185 1132 342 1159 facilitatem
358 1130 415 1165 ejus
428 1130 551 1160 damnet,
566 1128 635 1164 quod
651 1129 708 1156 sine
723 1128 806 1154 multo
820 1135 884 1155 exa-

93 1180 161 1206 mine
181 1178 295 1205 verbum
311 1177 452 1211 acceperit.
468 1175 617 1203 Verisimile
635 1175 704 1201 enim
718 1178 759 1201 est
774 1173 883 1200 fratrem

94 1223 148 1251 haec
168 1223 219 1258 ipsi
232 1226 359 1249 accurate
369 1226 395 1249 et
408 1220 526 1255 pluribus
538 1226 678 1251 narrasse;
693 1227 784 1246 verum
801 1226 884 1246 evan-

93 1271 192 1306 gelista:
213 1269 314 1303 ubique
335 1267 418 1295 multa
438 1266 597 1301 compendio
616 1270 744 1297 narrant,
760 1264 884 1291 brevitati

93 1315 240 1343 studentes.
257 1312 380 1347 AliOquin
396 1316 494 1343 autem,
510 1318 562 1337 non
579 1310 712 1337 dicitcum
725 1308 814 1336 statim
827 1316 885 1335 cre-

93 1362 207 1394 didisse;
222 1360 271 1388 sed
282 1381 290 1394 ,
306 1359 420 1386 Adduxit
431 1366 487 1385 eum
501 1356 535 1384 ad
549 1356 638 1384 Jesum
649 1377 656 1389 ,
673 1355 721 1390 ipsi
739 1354 884 1382 traditurus

92 1415 150 1435 cum
163 1427 170 1439 ,
187 1411 217 1434 ut
233 1406 323 1434 omnia
336 1405 370 1432 ab
393 1404 439 1431 illo
453 1403 584 1431 edisceret
601 1412 607 1429 :
624 1409 684 1429 nam
699 1401 768 1428 alius
778 1407 885 1436 quoque

93 1452 239 1487 discipulus
253 1451 363 1484 aderat,
379 1454 405 1477 et
426 1449 458 1477 ad
475 1449 531 1476 lucc
549 1447 736 1475 concurrebat.
761 1446 836 1480 Quod
861 1445 883 1473 si

92 1499 207 1526 Joannes
222 1498 340 1532 Baptista
356 1503 414 1523 cum
430 1496 504 1526 dixit.
524 1496 614 1530 Agnus
626 1498 679 1526 cst,
701 1497 728 1520 et
742 1494 767 1520 in
780 1493 882 1527 Spiritu

94 1545 227 1579 baptizat,
244 1543 387 1571 clariorem
402 1542 452 1569 bac
473 1540 506 1568 de
527 1548 556 1568 re
576 1539 724 1567 doctrinam
744 1546 758 1565 a
776 1538 884 1565 Christo

93 1589 276 1626 excipiendam
288 1588 395 1623 reliquit
409 1596 415 1614 :
432 1587 515 1614 multo
524 1586 608 1620 magis
621 1585 740 1611 Andreas
748 1584 774 1611 id
785 1583 883 1617 effecit,

93 1636 135 1670 qui
150 1643 204 1662 non
219 1634 251 1661 ad
267 1638 351 1661 totum
369 1632 554 1667 explicandum
569 1629 692 1657 sufiicere
707 1629 865 1657 censebatur
875 1649 883 1662 ,

93 1682 138 1709 sed
152 1681 186 1708 ad
201 1681 287 1715 ipsum
302 1679 368 1706 lucis
381 1678 480 1705 fontem
496 1677 604 1705 deduxit
625 1677 743 1709 fratrem,
759 1675 793 1702 ita
808 1674 884 1702 festi-

93 1735 154 1755 num
169 1733 195 1754 et
208 1725 378 1761 gaudentem,
396 1728 424 1752 ut
439 1731 472 1751 ne
486 1723 616 1750 tantillum
627 1722 732 1757 quidem
745 1725 883 1748 cunctare-

93 1778 145 1800 tur.
161 1772 205 1800 55.
222 1771 334 1798 lntuitus
348 1776 431 1797 autem
445 1778 501 1797 eum
515 1768 590 1796 Iesus
603 1768 667 1795 dixit
681 1775 690 1794 :
704 1767 742 1794 Tu
755 1775 780 1794 es
796 1766 885 1794 Simon

93 1820 161 1854 ﬁlius
175 1818 268 1850 λοιπε,
284 1821 312 1844 tu
331 1815 456 1843 vocaberis
480 1815 577 1850 Cephas
590 1835 597 1846 ,
615 1813 683 1848 quod
707 1813 885 1846 interpretatur

94 1865 194 1892 Petrus.
212 1864 260 1892 llic
269 1864 324 1899 jam
346 1863 438 1897 incipit
451 1861 616 1890 divinitatem
638 1868 712 1888 suam
724 1859 823 1886 sensim
838 1865 883 1885 re-

92 1911 182 1938 velare
195 1918 229 1938 ex
243 1908 467 1945 przedictionibus.
484 1906 528 1935 Sic
543 1906 622 1933 etiatn
644 1913 704 1933 cum
722 1903 885 1932 Nathanacle

90 1957 165 1990 fecit,
180 1961 277 1984 etcum
291 1955 458 1983 Samaritana
478 1953 599 1980 muliere.

126 2003 155 2030 2.
177 2001 329 2036 Prophetize
343 2001 440 2035 quippe
461 2007 512 2026 non
536 1999 624 2025 minus
637 2004 716 2032 quam
732 1996 806 2031 signa
823 2002 883 2022 mo-

92 2052 174 2079 vent,
192 2053 242 2074 nec
263 2046 360 2073 fastum
384 2053 439 2080 pra:
462 2052 492 2072 se
513 2045 609 2071 ierunt.
624 2043 690 2070 Nam
712 2041 838 2069 miracula
852 2041 886 2069 ab

92 2093 283 2128 insipientibus
306 2091 400 2119 saltem
424 2090 599 2118 traducuntur
619 2088 668 2125 (In
683 2087 828 2119 Beelzebub,
843 2087 885 2114 di-

91 2139 206 2172 cebant,
232 2138 299 2173 cjicit
323 2136 449 2164 daentonia
469 2135 639 2172 [Matt/1.12.
665 2132 751 2169 M]):
766 2132 801 2160 de
823 2140 886 2167 pro-

94 2185 184 2221 phetia
195 2184 261 2211 nihil
271 2190 395 2218 umquam
409 2183 461 2209 tale
471 2181 570 2209 dictum
585 2184 635 2208 est.
651 2179 678 2206 In
689 2179 798 2207 Simone
809 2179 887 2214 igitur

93 2231 160 2258 etin
184 2229 347 2258 Nathanaele
370 2228 421 2256 hoc
434 2227 563 2255 doctrinae
577 2233 641 2253 usus
664 2230 705 2254 est
728 2225 830 2252 modo:
859 2224 884 2252 is

95 2276 201 2304 Andrea
215 2280 302 2302 autem
314 2279 341 2301 et
355 2273 477 2308 Philippo
491 2280 544 2300 non
565 2272 680 2307 idipsum
693 2270 765 2298 fecit.
780 2269 886 2304 Quare?

94 2323 162 2356 Quia
177 2321 215 2349 illi
229 2319 413 2348 testimonium
437 2318 548 2346 Joannis
571 2317 719 2344 habuerant
732 2323 784 2343 non
798 2314 886 2342 modi-

94 2377 153 2396 eam
169 2367 411 2403 praeparationem:
428 2364 565 2400 Philippus
587 2371 652 2391 vero
668 2370 727 2390 cum
750 2362 886 2389 adstantes

94 2414 210 2447 videret,
222 2413 274 2440 iide
288 2412 396 2447 dignum
409 2411 513 2445 accepit
525 2410 558 2438 ad
575 2410 654 2437 fidem
674 2408 886 2444 atnplectandam

92 2459 234 2487 indicium.
251 2457 291 2485 Tu
304 2466 330 2485 es
346 2457 436 2485 Simon
459 2456 527 2491 ﬁlius
550 2455 633 2488 Jonaa,
649 2459 676 2482 tu
693 2455 818 2482 vocaberis
839 2453 887 2481 Ce-

95 2506 171 2540 phas,
186 2503 255 2539 quod
269 2504 449 2537 interpretatur
471 2501 574 2529 Petrus.
590 2502 611 2528 A
626 2500 749 2535 praesenti
770 2499 886 2527 futurum

94 2549 226 2578 credibile
248 2548 348 2576 reddit.
367 2547 433 2575 Nam
455 2547 499 2582 qui
522 2551 624 2582 patrem
639 2545 697 2581 ejus
719 2545 886 2578 memoravit,

96 2596 154 2623 sine
165 2595 247 2623 dubio
259 2595 374 2622 futurum
388 2593 566 2628 praevidebat:
580 2591 716 2627 praedictio
727 2596 815 2619 autem
826 2598 886 2618 cum

97 2642 175 2671 laude
187 2641 330 2677 conjuncta
345 2645 396 2668 est.
413 2640 468 2667 Hoc
496 2646 576 2674 porro
599 2646 652 2666 non
674 2637 804 2665 adulantis
818 2640 886 2670 erat,

96 2689 144 2719 sed
169 2690 287 2716 laturum
313 2686 499 2723 pratdicentis;
533 2685 612 2720 idque
636 2683 699 2711 inde
722 2683 809 2719 pinam
835 2686 886 2710 est.

97 2735 286 2765 Animadverte
298 2739 388 2761 autem
402 2740 482 2768 quam
495 2730 668 2759 vehementer
682 2729 887 2761 Samaritanam,

95 2782 229 2818 prteterita
254 2779 389 2813 revelatis,
410 2775 599 2813 reprehendat.
621 2775 738 2811 Quinque
756 2774 822 2802 uiros
842 2773 889 2801 ha-

129 2848 137 2863 '
152 2850 178 2874 In
194 2848 278 2874 Morel.
292 2847 434 2881 legitur._.‘...
447 2843 506 2881 quid
518 2842 611 2881 dixerint
621 2843 656 2870 eis
667 2842 786 2874 Christus,
797 2845 823 2869 ut
833 2849 889 2869 eum

95 2885 189 2913 repente
200 2874 361 2911 sequeremur
372 2874 459 2909 illique
467 2875 585 2902 timerent
594 2874 607 2901 i‘

1681 158 1731 185 In

940 209 1024 242 buisti,
1041 209 1135 244 inquit,
1151 215 1174 237 et
1191 211 1212 238 is
1229 218 1301 245 quem
1316 218 1381 238 nunc
1401 211 1486 244 habes,
1501 219 1551 239 non
1565 211 1603 238 vir
1621 215 1679 238 tuus
1693 217 1730 238 est

941 254 1028 290 (Joan.
1048 255 1074 282 4.
1090 255 1146 290 18).
1161 255 1206 283 Sic
1218 261 1243 283 ct
1260 256 1337 284 Pater
1359 257 1416 292 ejus
1440 258 1521 284 multa
1535 257 1568 285 de
1590 257 1729 293 prophetia

938 300 1017 328 verba
1033 300 1095 327 facit
1110 305 1203 328 contra
1223 301 1355 329 idolorum
1371 303 1482 330 cultum.
1498 303 1654 330 Annunticnt
1673 311 1730 338 quas

938 346 1006 372 vobis
1017 351 1121 373 uentura
1143 351 1221 378 sunt;
1243 352 1269 373 ct
1291 355 1407 381 rursum,
1424 347 1578 375 Annuntiavi
1597 354 1621 375 et
1645 349 1730 376 salvos

938 392 996 427 feci,
1011 397 1034 418 et
1056 400 1107 418 non
1121 397 1174 418 erat
1189 392 1214 418 in
1228 392 1295 419 vobis
1308 392 1406 420 alienus
1422 393 1432 428 (
1447 392 1511 421 lsai.
1527 394 1571 421 47.
1589 394 1631 421 I3.
1646 399 1668 421 et
1683 394 1727 422 45.

941 438 1000 473 ίΞ);
1014 442 1041 465 et
1054 438 1079 465 in
1096 443 1150 465 tota
1162 438 1301 473 prophetia
1317 438 1367 466 hoc
1378 440 1462 473 ipsum
1477 444 1581 469 tractat.
1592 441 1648 468 Hoc
1658 441 1728 468 enim

938 484 1053 511 maxime
1062 491 1128 518 opus
1138 484 1184 511 Dei
1196 483 1324 518 est,quod
1340 491 1392 511 non
1410 485 1512 518 possint
1522 484 1657 512 daemones
1671 486 1731 513 imi-

939 530 999 562 tari,
1009 529 1113 557 etiamsi
1127 529 1271 557 admodum
1286 529 1460 557 contendant.
1474 529 1540 557 Nam
1555 530 1580 556 in
1595 530 1729 558 miraculis

938 579 1027 610 potest
1038 575 1159 610 quredam
1181 576 1285 610 species
1301 576 1445 610 decipere:
1462 575 1549 602 futura
1571 584 1634 603 vero
1649 585 1729 603 aecn-

938 625 995 649 rate
1009 622 1165 656 praedicere,
1192 623 1270 649 unius
1287 622 1447 649 immortalis
1473 626 1574 649 naturze
1589 626 1639 649 est.
1655 622 1728 655 Quod

938 668 959 695 si
975 667 1000 695 id
1014 668 1150 695 daemones
1164 668 1307 703 aliquando
1321 669 1439 700 fecerint,
1450 668 1604 702 insipientes
1616 667 1730 695 fallendo

938 713 1079 741 fecerunt:
1095 713 1165 741 unde
1180 718 1208 740 et
1230 705 1461 741 vaticinia-corum
1477 720 1583 747 semper
1602 712 1667 740 falsa
1683 712 1730 740 de-

938 759 1151 794 prehenduntur.
1167 759 1261 786 Petrus
1276 767 1339 786 vero
1359 758 1423 786 nihil
1444 758 1476 785 ad
1493 758 1550 786 haec
1568 758 1729 793 respondet.“

939 803 1056 831 nondum
1077 804 1148 831 enim
1163 804 1298 839 quidpiam
1320 804 1391 831 clare
1415 807 1539 834 noverat,
1555 803 1600 830 sed
1624 803 1730 830 interim

938 848 1094 876 ediscebat:
1111 857 1198 883 neque
1221 849 1421 883 pra‘dictionem
1440 848 1511 875 illam
1527 848 1599 875 clare
1615 848 1730 875 videbat.

937 893 1028 929 Neque
1050 894 1121 921 enim
1147 894 1223 926 dixit,
1240 895 1294 929 Ego
1309 899 1335 922 te
1358 894 1552 929 cognominabo
1574 894 1690 927 Petrum,
1703 898 1732 921 et

938 947 1019 974 super
1035 940 1103 967 banc
1117 945 1217 975 petram
1232 940 1371 967 aedificabo
1389 940 1537 967 Ecclesium
1552 948 1656 968 meam:
1671 941 1730 974 sed,

940 984 977 1011 Tu
991 986 1117 1013 vocaberis
1129 978 1237 1021 Cap/ias.
1253 985 1318 1013 Illud
1332 986 1404 1012 enim
1422 986 1588 1013 auctoritatis
1602 991 1629 1014 et
1653 992 1727 1020 pote-

938 1031 1015 1058 statis
1031 1031 1140 1066 majoris
1154 1036 1222 1058 erat.
1235 1031 1358 1058 Christus
1374 1039 1439 1058 vero
1463 1038 1515 1058 non
1538 1031 1627 1059 statim
1647 1036 1675 1059 et
1696 1031 1731 1059 ab

938 1077 1013 1105 initio
1030 1083 1111 1105 totam
1137 1082 1295 1113 potestatem
1320 1077 1428 1104 exhibet
1448 1085 1537 1111 suam,
1553 1077 1599 1104 scd
1623 1078 1729 1105 interim

939 1123 1064 1151 humilius
1076 1124 1202 1158 loquitur.
1215 1124 1358 1159 Postquam
1374 1129 1462 1150 autem
1476 1123 1639 1151 divinitatem
1653 1131 1729 1151 suam

937 1169 1141 1203 demonstravit,
1157 1178 1218 1197 cum
1242 1169 1344 1205 majore
1364 1170 1417 1205 agit
1440 1171 1598 1198 auctoritate
1620 1170 1728 1198 dicens:

937 1214 1030 1242 Beatus
1044 1224 1071 1242 es
1092 1215 1192 1248 Simon,
1208 1216 1267 1250 quia
1290 1215 1370 1243 Pater
1396 1223 1464 1243 meus
1480 1216 1595 1243 reuelauit
1618 1216 1662 1242 tibi
1670 1223 1679 1248 ,'
1703 1220 1731 1244 et

938 1268 1042 1288 rursum
1054 1270 1061 1288 :
1080 1261 1112 1287 Et
1126 1269 1171 1296 ego
1186 1261 1244 1288 dico
1258 1261 1311 1294 tibi,
1327 1261 1368 1287 Tu
1382 1269 1407 1288 es
1423 1260 1524 1293 Petrus,
1540 1265 1563 1288 et
1577 1269 1652 1295 super
1665 1261 1730 1288 Itauc

938 1311 1034 1342 petram
1044 1307 1175 1342 tedi/icabo
1187 1307 1329 1334 Ecclesium
1340 1308 1436 1333 meam‘
1451 1306 1556 1342 (Matth.
1566 1308 1609 1335 16.
1618 1306 1727 1342 17.18).

937 1352 1014 1380 llunc
1033 1360 1096 1387 ergo
1111 1353 1150 1379 sic
1164 1353 1279 1385 vocavit,
1294 1351 1423 1380 Jacobnm
1445 1357 1534 1380 autem
1558 1356 1585 1380 et
1610 1352 1729 1385 fratrem,

937 1397 1006 1425 ﬁlios
1021 1398 1139 1425 tonitrui.
1156 1398 1265 1433 Quare?
1289 1402 1318 1425 ut
1333 1397 1454 1425 ostendat
1465 1405 1494 1425 se
1505 1397 1627 1425 eumdem
1643 1398 1729 1432 ipsum

937 1450 997 1470 esse
1018 1442 1063 1477 qui
1086 1448 1112 1470 et
1125 1442 1209 1470 Vetus
1237 1443 1438 1470 Testamentum
1465 1442 1550 1475 dedit,
1568 1447 1594 1470 et
1622 1443 1730 1469 nomina

937 1489 1059 1521 mutavit,
1074 1489 1118 1523 qui
1144 1488 1244 1516 Abram
1268 1487 1403 1515 Abraham
1429 1489 1543 1520 vocavit,
1558 1487 1650 1515 Sat-am
1665 1487 1730 1515 Sar-

937 1542 1004 1566 ram,
1021 1534 1104 1561 Jacob
1116 1533 1253 1561 lsraelem.
1277 1534 1366 1561 Multis
1378 1533 1458 1561 etiam
1483 1533 1517 1560 ab
1540 1537 1600 1560 ortu
1621 1534 1728 1560 nomina

939 1580 1074 1615 imposuit,
1087 1584 1116 1607 ut
1127 1579 1227 1612 lsaaeo,
1238 1579 1373 1612 Samsoni,
1385 1583 1411 1606 et
1425 1579 1484 1606 aliis
1498 1579 1532 1606 ab
1542 1578 1608 1607 Isaia
1623 1582 1650 1606 et
1659 1579 1728 1606 Osee

938 1625 1108 1658 memoratis;
1121 1624 1280 1660 quibusdam
1291 1625 1371 1652 etiam
1386 1632 1444 1652 eam
1459 1631 1538 1659 quam
1549 1631 1563 1650 a
1576 1623 1729 1659 parentibus

938 1675 1097 1705 acceperant
1109 1670 1315 1705 appellationem
1332 1669 1454 1701 mutavit,
1471 1673 1500 1696 ut
1515 1676 1594 1704 supra
1610 1669 1687 1696 dictis
1701 1673 1729 1696 et

937 1715 1000 1743 Jesu
1018 1715 1071 1742 filio
1084 1715 1167 1743 Nave.
1189 1715 1254 1742 Nam
1271 1715 1296 1742 id
1318 1715 1344 1742 in
1370 1722 1444 1742 more
1458 1719 1515 1741 erat
1530 1714 1598 1750 apud
1612 1718 1727 1748 veteres,

938 1766 967 1789 ut
979 1770 1012 1789 ex
1028 1762 1108 1789 rebus
1123 1762 1229 1789 nomina
1246 1761 1426 1797 imponerent,
1440 1760 1511 1796 quod
1525 1764 1553 1788 et
1568 1760 1639 1788 Elias
1653 1760 1727 1787 fecit.

938 1807 965 1834 Id
981 1815 1045 1835 vero
1057 1815 1110 1835 non
1124 1807 1181 1834 sine
1195 1813 1284 1840 causa,
1297 1806 1343 1833 sed
1356 1810 1384 1833 ut
1399 1806 1483 1840 ipsum
1497 1813 1593 1832 nomen
1607 1805 1728 1833 beneficii

938 1854 1020 1882 divini
1036 1853 1229 1881 monimentum
1246 1857 1328 1886 esset,
1346 1858 1373 1880 et
1394 1852 1522 1879 memoria
1541 1857 1666 1887 perpetua
1683 1859 1729 1886 per

938 1906 1091 1934 expressam
1107 1898 1259 1926 nominibus
1275 1898 1441 1932 prophetiam
1458 1897 1609 1924 auditorum
1632 1897 1729 1924 animis

939 1945 1066 1973 insideret
1080 1954 1086 1973 :
1100 1945 1139 1972 sic
1151 1945 1280 1972 Joannem
1295 1952 1309 1971 a
1325 1944 1455 1978 principio
1475 1945 1587 1971 vocavit.
1602 1943 1667 1971 Nam
1684 1945 1727 1980 qui

937 1999 952 2018 a
967 1998 1050 2027 puero
1065 1991 1161 2018 virtute
1178 1991 1242 2018 clari
1257 1991 1336 2017 futuri
1352 1995 1437 2021 erant,
1453 1990 1514 2018 inde
1525 1991 1630 2018 nomina
1642 1998 1730 2017 sumc-

938 2037 1002 2065 bant
1016 2046 1023 2065 :
1038 2037 1071 2065 iis
1081 2045 1145 2064 vero
1164 2037 1209 2072 qui
1230 2041 1321 2072 postea
1336 2036 1401 2063 clari
1428 2036 1507 2063 futuri
1529 2040 1615 2069 erant,
1638 2040 1728 2071 postea

939 2090 1035 2110 nomen
1050 2082 1247 2118 imponebatur.

973 2130 1001 2158 3.
1022 2129 1157 2157 Christiani
1168 2136 1257 2156 nomen
1268 2136 1342 2163 quam
1360 2127 1537 2155 venerandum.
1552 2127 1650 2162 Agendi
1663 2128 1728 2154 ratio

939 2180 1008 2202 tanta
1020 2175 1121 2202 nomine
1139 2174 1216 2210 digna
1229 2174 1428 2200 commendatur.
1447 2172 1572 2200 Pecunias
1593 2177 1666 2209 auget
1686 2173 1730 2208 qui

899 2219 907 2227 '
939 2220 1092 2256 pauperibus
1107 2219 1243 2246 distribuit.
1259 2233 1296 2239 —-
1311 2218 1363 2246 Sed
1376 2223 1437 2245 tunc
1452 2217 1557 2245 diversa
1572 2217 1668 2252 singuli
1682 2225 1730 2245 no-

940 2264 1010 2290 mina
1024 2262 1208 2297 accipiebant;
1232 2268 1301 2288 nunc
1321 2266 1409 2288 autem
1431 2268 1512 2288 unum
1534 2268 1627 2288 omnes
1648 2260 1729 2289 habe-

940 2317 1009 2341 mus,
1025 2309 1076 2336 illis
1089 2308 1212 2336 onmibus
1227 2308 1322 2342 majus,
1337 2307 1443 2342 quando
1453 2307 1596 2335 Christiani
1612 2308 1731 2343 appella-

940 2364 1000 2383 mur
1013 2361 1040 2382 et
1055 2354 1101 2381 filii
1115 2354 1173 2387 Dei,
1187 2358 1214 2381 et
1226 2353 1305 2380 amici
1319 2357 1345 2380 ct
1358 2360 1455 2388 corpus
1468 2361 1559 2380 unum.
1572 2353 1619 2380 Illa
1633 2354 1730 2389 quippe

939 2400 1082 2435 appellatio
1094 2399 1152 2435 plus
1167 2406 1246 2434 quam
1259 2399 1318 2425 alia:
1330 2405 1424 2426 omnes
1437 2405 1486 2426 nos
1498 2398 1608 2432 excitat,
1620 2399 1731 2434 diligen-

942 2448 1076 2482 tioresque
1090 2446 1123 2473 ad
1140 2446 1265 2472 virtutem
1292 2444 1472 2472 exercendam
1500 2445 1591 2472 etticit.
1614 2444 1653 2473 Ne
1667 2452 1731 2480 ergo

940 2493 1047 2528 indigna
1073 2491 1201 2520 faciamus
1224 2490 1290 2518 tanti
1314 2490 1428 2518 nominis
1450 2489 1563 2523 honore,
1584 2491 1731 2526 cogitantes

940 2539 1076 2574 dignitatis
1088 2537 1283 2568 excellentiam,
1293 2544 1344 2572 qua
1356 2535 1454 2563 Christi
1470 2536 1578 2564 nemine
1593 2543 1728 2563 vocamur.

940 2584 985 2612 Sic
999 2584 1070 2612 enim
1091 2590 1140 2610 nos
1154 2582 1252 2610 Paulus
1268 2581 1420 2616 appellavit.
1435 2580 1588 2616 Cogitemus
1608 2588 1733 2608 reverea-

941 2638 1054 2667 murqne
1068 2629 1184 2658 nominis
1197 2627 1416 2664 magnitudinem.
1445 2627 1473 2655 Si
1493 2627 1575 2659 enim,
1589 2626 1634 2661 qui
1656 2626 1732 2654 ducis

940 2679 1089 2714 cujuspiam
1107 2677 1219 2711 insignis
1230 2697 1238 2710 ,
1253 2675 1296 2702 vel
1314 2673 1452 2708 conspicui
1475 2673 1524 2701 viri
1544 2679 1604 2700 esse
1624 2672 1730 2704 dicitur,

941 2725 1024 2752 altum
1038 2723 1108 2758 sapit
1122 2730 1182 2750 cum
1197 2729 1226 2749 se
1240 2721 1312 2748 illius
1333 2719 1375 2747 vel
1397 2718 1468 2746 illius
1481 2725 1541 2747 esse
1560 2718 1668 2752 dicitur,
1682 2725 1731 2745 no~

941 2778 1057 2806 mcnque
1069 2769 1134 2797 illud
1148 2775 1245 2803 magno
1257 2766 1307 2794 sibi
1322 2765 1395 2793 ducit
1408 2771 1469 2793 esse
1489 2763 1596 2797 hutnori,
1617 2763 1733 2800 totisque

974 2840 982 2856 ι
1001 2837 1046 2863 Alii
1070 2837 1202 2862 habent....
1219 2843 1230 2858 ι
1241 2838 1273 2859 Tu
1288 2839 1315 2858 es
1331 2833 1420 2864 Simon,
1440 2835 1466 2858 tu
1482 2829 1601 2858 vocaberis
1622 2829 1731 2862 ceptus,

943 2871 1005 2903 quod
1015 2873 1049 2896 est
1060 2868 1241 2900 interpretatum
1253 2867 1336 2890 Petrus
1344 2871 1367 2889 ι.
