2040 3113
321 122 372 152 ηδ

319 180 420 208 viribus
442 180 546 212 nititur,
562 185 596 205 ne
611 185 658 212 per
682 178 814 212 ignaviam
828 186 903 205 suam
919 182 993 205 tanto
1007 178 1108 205 nomini

320 231 410 253 notam
426 225 542 252 infamim
557 228 665 255 tnurat;
691 231 739 250 nos
750 223 794 258 qui
808 231 861 250 non
875 231 889 250 a
901 223 968 251 duce
983 223 1024 250 vel
1039 223 1111 258 priu-

319 274 378 306 cipe
395 277 511 302 tcrreno,
530 277 582 296 non
595 269 629 296 ab
643 269 748 304 angelo,
763 269 805 296 vel
820 269 991 304 archangelo,
1009 269 1051 296 vel
1064 269 1113 296 Se-

319 316 440 350 raphino,
455 315 502 342 sed
518 315 551 341 ab
566 322 660 342 eorum
683 314 755 349 Rege
779 322 876 341 nomen
900 314 986 341 sortiti
1009 321 1109 346 sumus,

318 369 407 388 annon
425 361 542 387 anitnam
563 368 669 395 quoque
691 364 809 387 nostram
833 360 920 394 potius
934 366 1109 394 exponemus,

318 412 347 433 ut
362 414 395 433 ne
409 406 432 433 is
445 406 490 441 qui
506 413 554 433 nos
568 406 618 433 hoc
634 406 736 432 honore
756 405 854 438 affecit,
869 404 1031 432 contumelia
1054 403 1110 430 affi-

318 452 423 479 ciatur?
438 452 535 479 Annon
551 452 739 486 imperatorios
761 451 869 478 ordines
885 450 979 482 nostis,
994 453 1112 476 scutato-

318 506 389 531 rttm,
405 498 587 530 hastatorum,
602 498 647 532 qui
671 497 861 531 Imperatorem
886 496 996 531 stipant,
1011 500 1111 530 quanto

317 552 413 579 nempe
434 544 556 571 fruantur
572 543 693 585 honore?
709 543 744 570 lta
764 547 791 570 et
807 551 864 575 nos,
885 542 930 577 qui
952 542 1029 577 longe
1049 549 1111 576 pro-

318 590 472 625 pinquiores
487 590 551 624 Regi
573 594 664 616 nostro
683 596 788 621 sumus,
804 593 832 615 ct
852 593 924 615 tanto
939 587 1111 622 propinquio-

318 643 373 669 res,
386 639 486 670 quanto
507 635 679 670 propinquius
692 639 733 662 est
756 641 854 668 corpus
875 633 964 668 capiti,
978 632 1042 658 nihil
1057 640 1109 659 non

319 682 403 708 acturi
427 689 529 711 sumus,
544 686 572 707 ut
587 680 721 708 Christum
746 680 889 707 imitemur.
905 679 974 713 Quid
996 686 1060 713 ergo
1074 679 1110 705 ait

318 725 462 753 Christus?
490 725 584 759 Vulpes
606 727 691 760 foveas
706 725 808 758 habent,
825 729 848 751 et
867 724 980 751 volucre:
999 723 1054 750 cwli
1068 723 1109 750 ni-

319 771 375 802 dos,
391 770 474 798 Filius
492 776 576 797 autem
595 770 702 797 [laminis
728 778 779 796 non
794 769 867 796 habet
882 769 925 795 ubi
947 773 1021 803 caput
1037 776 1109 795 suum

318 817 420 843 reclinet
439 815 514 851 (Luc.
531 817 557 844 9.
574 817 629 851 58).
643 816 699 843 Hoc
714 816 735 843 si
752 824 766 843 a
788 816 862 842 vobis
878 816 1023 850 exigamus,
1042 814 1109 842 forte

317 871 397 897 grave
410 867 437 890 et
450 871 593 890 out-rosum
608 863 696 889 tuultis
710 862 843 890 videbitur
856 871 862 889 :
879 865 1041 896 quapropter
1055 865 1108 887 tam

317 913 468 936 accuratam
489 909 663 936 imitationem
680 916 732 935 non
748 915 901 942 exposcam,
919 911 947 934 ut
961 906 1109 934 infirmitati

318 959 415 981 vestra:
437 962 554 989 parcam.
577 955 650 989 Rogo
673 959 760 981 autem
777 962 810 981 ne
826 954 944 988 pecuniis
959 954 1038 980 nimis
1054 953 1110 980 ha:-

316 999 415 1032 reatis;
431 999 478 1026 sed
500 1004 527 1026 ut
541 1007 590 1034 ego
604 999 637 1026 ob
650 999 829 1026 infirmitatem
849 1003 964 1026 vestram
985 1004 1082 1026 tantam
1095 1006 1109 1025 a

317 1045 393 1072 vobis
407 1045 531 1072 virtutem
548 1053 600 1071 non
615 1045 692 1080 exigo
706 1053 712 1071 :
729 1046 767 1072 sic
787 1049 814 1072 et
827 1052 875 1072 vos
892 1045 976 1071 multo
989 1045 1073 1079 magis
1094 1051 1109 1071 a

316 1090 432 1124 nequitia
446 1089 586 1117 recedatis.
599 1089 656 1117 Non
671 1097 767 1117 accuso
776 1098 822 1117 eos
834 1090 879 1124 qui
891 1090 985 1117 dotnos
997 1089 1107 1122 habent,

315 1142 407 1170 agros,
423 1135 558 1170 pecunias,
576 1143 686 1168 servos;
712 1136 759 1163 sed
782 1136 842 1163 volo
860 1140 888 1163 ut
910 1136 981 1163 licite
996 1141 1022 1163 et
1046 1143 1107 1163 cum

315 1180 413 1208 decore
435 1181 478 1208 illa
494 1181 681 1216 possideatis‘.
702 1181 770 1215 Quid
793 1185 845 1214 est,
858 1189 919 1208 cttm
943 1181 1060 1208 decore?
1074 1181 1108 1209 Ut

314 1225 426 1259 domini,
442 1233 494 1254 non
520 1227 590 1254 servi
614 1227 720 1254 illorum
745 1227 814 1259 sitis,
831 1233 858 1254 ut
884 1234 915 1254 ea
939 1227 1107 1261 possidentis,

316 1279 370 1298 non
385 1272 429 1299 illa
444 1280 492 1299 vos
508 1273 680 1307 possideant;
695 1273 726 1299 iis
739 1273 861 1306 utamini,
877 1280 929 1300 non
946 1273 1103 1300 ahutamini.

315 1315 386 1351 Opes
399 1317 458 1344 ideo
471 1317 509 1344 sic
525 1322 663 1350 vocantur,
677 1322 706 1344 ut
733 1318 765 1344 iis
795 1318 820 1344 in
845 1325 928 1352 opera
956 1318 1106 1345 necessaria

316 1365 431 1391 utamur.
448 1369 500 1389 non
522 1367 550 1389 ut
565 1362 624 1389 illas
639 1363 831 1390 custodiamus.
846 1362 903 1390 Hoc
923 1363 1023 1398 quippe
1037 1364 1106 1391 servi

315 1412 366 1439 est,
390 1407 453 1435 illud
466 1408 532 1435 heri.
548 1408 697 1442 Custodire,
709 1409 778 1436 servi
793 1414 851 1441 est;
867 1409 1033 1444 impendere,
1049 1409 1106 1436 heri

315 1456 340 1478 et
353 1456 511 1487 potestatent
528 1453 660 1481 habentis.
677 1454 734 1480 Non
748 1454 808 1481 ideo
821 1454 957 1488 accepisti,
973 1458 1000 1481 ut
1014 1454 1040 1482 in
1055 1458 1108 1482 ter-

345 1519 353 1534 ¹
371 1518 419 1544 Alit
431 1519 525 1551 legunt,
537 1519 587 1544 illis
597 1519 707 1550 utamini,
721 1525 774 1551 pro,
786 1519 830 1545 illa
841 1519 993 1551 possidentia.

690 120 718 148 S.
738 120 876 148 JOANNIS
895 120 1129 149 CIIRYSOSTUMI
1149 121 1307 152 ARClllEP.
1328 126 1593 158 CONSTANTINOP.

1905 134 1959 163 ηδ

1164 187 1220 207 ram
1245 181 1382 216 defodias.
1398 187 1446 215 sed
1469 192 1498 214 ut
1518 188 1671 217 distribuas.
1688 190 1716 218 Si
1742 190 1822 218 vellet
1846 191 1916 220 Deus
1930 198 1959 222 ut

1165 226 1217 253 lllll‘
1245 235 1428 264 servarentur,
1445 240 1496 260 non
1520 233 1672 263 hominibus
1695 236 1828 270 dedisset,
1856 238 1903 265 sed
1931 240 1956 267 in

1167 277 1235 299 terra
1252 275 1354 302 occulta
1369 276 1526 306 dimisisset.
1543 279 1610 313 Quia
1634 286 1724 310 autem
1749 284 1804 310 vult
1825 284 1884 312 illas
1905 285 1956 312 im-

1165 318 1256 352 pendi,
1273 319 1332 346 ideo
1347 322 1468 355 permisit
1483 329 1510 351 ut
1525 325 1586 352 illas
1599 325 1770 360 haberemus,
1783 334 1811 356 ut
1825 330 1883 357 illas
1896 338 1956 358 mu-

1164 367 1208 389 tuo
1221 366 1487 395 contmunit'aremus.
1502 369 1547 396 Sin
1567 371 1637 404 apud
1653 379 1702 399 nos
1716 374 1888 407 retineamus,
1903 383 1956 403 non

1165 408 1232 436 ultra
1254 409 1354 438 domini
1380 412 1484 440 illarum
1509 422 1612 443 sumus.
1628 416 1655 444 Si
1670 422 1759 445 autem
1776 418 1835 446 illas
1858 427 1956 455 augere

1163 455 1246 487 velis,
1275 456 1388 492 ideoque
1418 466 1537 487 servas:
1561 461 1604 488 illa
1635 463 1754 497 profecto
1776 465 1876 499 optima
1905 467 1955 494 erit

1163 501 1259 535 agendi
1275 503 1352 536 ratio,
1365 505 1385 531 si
1401 505 1538 541 dispergas
1553 511 1579 535 et
1592 509 1709 544 undique
1719 510 1876 540 distributas.
1890 512 1954 541 Nul-

1163 545 1204 572 lus
1217 548 1288 574 enim
1313 555 1457 583 proventus
1472 553 1529 580 sine
1542 560 1666 589 sumptu,
1682 555 1761 583 nulla:
1777 556 1877 584 divitim
1899 558 1955 590 sine

1162 599 1278 626 expensa
1296 603 1303 620 :
1321 594 1345 621 id
1361 596 1431 630 qttod
1457 597 1482 624 in
1509 599 1589 625 rebus
1611 601 1784 628 srecularibus
1801 602 1891 629 videre
1904 608 1953 630 est.

1162 636 1206 664 Sic
1221 644 1363 672 mercator,
1376 641 1415 668 sic
1428 643 1542 677 agricola
1559 644 1638 677 facit;
1657 645 1699 672 hic
1711 647 1823 679 semina,
1842 647 1886 675 ille
1907 656 1954 683 pe-

1162 685 1255 712 cunias
1279 688 1400 722 spargit:
1416 688 1460 715 ille
1485 690 1592 725 navigat
1613 695 1640 718 et
1664 692 1792 726 pecunias
1814 693 1953 728 impendit,

1162 728 1206 757 hic
1222 739 1268 765 per
1283 737 1365 759 totum
1383 733 1486 762 laborat
1498 743 1608 769 annum,
1624 738 1699 769 serit,
1715 738 1823 766 excolit.
1845 739 1894 767 Hic
1908 748 1954 767 auo

1162 780 1215 802 tem
1231 776 1303 803 nullo
1316 785 1408 805 eorum
1425 784 1466 807 est
1481 788 1563 815 opus;
1582 789 1632 809 non
1647 783 1798 818 apparanda
1813 785 1888 811 navis
1903 789 1953 818 est,

1163 828 1214 847 non
1226 821 1355 856 jungendi
1371 824 1452 852 boves
1463 831 1536 859 suttl,
1551 834 1602 854 non
1613 828 1711 854 aranda
1726 834 1807 862 terra,
1821 837 1874 857 non
1885 831 1954 858 acris

1162 868 1334 901 intemperies
1351 869 1529 904 observanda,
1547 879 1598 898 non
1622 873 1724 907 grando
1748 874 1875 902 timenda.
1895 875 1953 903 Non

1162 911 1206 940 hic
1229 912 1325 941 ﬂuctus
1346 920 1418 948 sunt,
1437 924 1488 943 non
1505 918 1616 952 scopuli.
1645 919 1706 946 llaec
1730 921 1872 956 navigatio,
1898 922 1955 950 ha-c

1162 960 1300 991 sementis,
1316 959 1368 988 hoc
1384 969 1437 988 uno
1451 970 1519 997 opus
1534 963 1623 997 habet,
1640 970 1668 992 ut
1691 966 1829 994 facultates
1853 969 1955 1003 disper-

1162 1008 1276 1038 gantur;
1293 1010 1391 1033 czntera
1411 1006 1478 1034 'vero
1490 1010 1579 1036 omnia
1599 1011 1715 1045 agricola
1732 1012 1776 1039 ille
1789 1014 1907 1046 curabit,
1921 1014 1955 1042 de

1161 1057 1214 1084 quo
1228 1050 1265 1076 ait
1279 1050 1399 1079 Christus
1414 1061 1420 1079 :
1444 1052 1523 1080 Pater
1537 1063 1606 1082 meus
1618 1056 1732 1091 agrirola
1753 1063 1798 1084 ut.
1814 1057 1955 1092 Quomodo

1161 1096 1304 1124 absurdum
1323 1105 1375 1124 non
1391 1098 1481 1132 fuerit,
1499 1099 1543 1127 ubi
1563 1101 1621 1128 sine
1644 1101 1736 1129 labore
1746 1104 1834 1130 omnia
1848 1112 1955 1133 sumere

1161 1148 1313 1175 possumus,
1336 1144 1446 1177 supinos
1456 1149 1483 1171 et
1501 1146 1646 1174 oscitantes
1668 1155 1797 1181 manere;
1823 1149 1868 1176 ubi
1891 1157 1955 1178 vero

1161 1187 1236 1214 multi
1248 1188 1371 1221 sudores,
1387 1190 1503 1222 labores,
1520 1192 1725 1225 sollicitudines,
1738 1198 1764 1221 et
1787 1200 1879 1229 postea
1895 1203 1955 1231 spes

1161 1232 1272 1264 incerta,
1290 1234 1325 1260 ibi
1338 1242 1445 1262 omnem
1457 1236 1621 1271 diligentiam
1637 1239 1783 1267 adhibere?
1797 1240 1837 1269 Ne
1851 1250 1953 1277 qu:cso,

1160 1284 1193 1304 ne
1215 1285 1274 1304 cum
1297 1278 1331 1305 de
1346 1279 1433 1307 salute
1447 1286 1538 1308 uestra
1555 1283 1652 1317 agitur,
1678 1288 1817 1320 tantopere
1839 1287 1954 1321 desipia-

1160 1330 1240 1355 mus;
1265 1323 1311 1351 sed
1327 1325 1482 1353 ouerosiora
1508 1326 1551 1354 illa
1576 1329 1724 1363 mittentes,
1737 1331 1771 1358 ad
1795 1331 1915 1359 faciliora
1928 1337 1955 1360 et

1160 1369 1266 1396 utiliora
1281 1377 1430 1403 eurramtts,
1448 1376 1476 1399 ut
1496 1377 1523 1400 et
1544 1372 1631 1401 futura
1660 1383 1858 1410 consequamur
1873 1378 1952 1410 bona,

1159 1416 1243 1450 gratia
1256 1421 1282 1443 et
1296 1417 1476 1445 misericordia
1504 1419 1608 1446 Domini
1621 1422 1702 1448 nostri
1714 1421 1776 1449 Jesu
1786 1422 1899 1456 Christi,
1910 1424 1953 1458 qui

1161 1468 1221 1488 cum
1243 1461 1312 1488 Patri
1333 1463 1430 1497 gloria,
1447 1471 1498 1490 una
1514 1472 1575 1491 cum
1599 1465 1699 1500 Spiritu
1714 1472 1818 1502 sancto,
1835 1476 1907 1495 nunc
1928 1473 1954 1496 et

1163 1513 1280 1541 semper,
1296 1511 1323 1534 et
1338 1507 1365 1534 in
1380 1509 1477 1535 saecula
1491 1510 1662 1538 seculorum.
1677 1512 1775 1540 Amen.

1003 1623 1176 1654 HOMILIA
1197 1625 1270 1656 XX.

314 1691 356 1718 ιδ.
379 1690 411 1718 In
431 1692 567 1718 crastinum
586 1692 663 1718 voluit
677 1692 745 1720 exire
765 1693 792 1719 in
811 1691 955 1726 Galilaaam,
970 1698 992 1720 et
1005 1694 1099 1721 invenit

349 1736 508 1772 Philippum,
523 1742 546 1763 et
561 1738 621 1764 dicit
633 1737 673 1764 ei:
685 1739 795 1772 Sequere
814 1746 864 1765 me.
876 1739 921 1766 44.
945 1738 1008 1766 Erat
1022 1745 1105 1767 autem

349 1782 486 1817 Philippa“
498 1791 514 1808 ιι
524 1782 660 1810 Rctltsaida
674 1783 772 1811 civitate
783 1783 891 1811 Audi-etc
899 1789 921 1811 et
936 1784 1016 1812 Petri.

351 1849 378 1876 1.
396 1847 515 1876 Sollicite
524 1849 652 1884 quaerenti
661 1849 760 1884 aliquid
769 1857 889 1885 superest
899 1851 948 1888 (α),
964 1856 992 1879 ιιι
1005 1852 1031 1879 in
1046 1860 1106 1887 pro-

315 1894 407 1921 verbio
428 1893 513 1921 fertur
527 1893 616 1929 (Prov.
641 1894 684 1922 Η.
705 1893 762 1930 25).
778 1895 901 1923 Christus
918 1904 982 1924 vero
1004 1897 1104 1932 aliquid

314 1939 398 1975 magis
418 1940 594 1966 subindicavit
607 1940 708 1972 dicens,
725 1941 776 1974 Qui
789 1942 879 1977 quierit
892 1943 983 1970 invenit
998 1942 1104 1979 (Matth.

314 1985 341 2013 7.
355 1985 393 2021 8).
409 1985 484 2013 Unde
496 1978 588 2012 mirari
603 1986 674 2013 subit
692 1994 741 2013 cur
755 1987 892 2022 Philippus
913 1978 1046 2016 Christum
1059 1996 1104 2016 se-

313 2035 409 2066 quutus
417 2031 461 2059 sit.
472 2031 592 2059 Andreas
600 2033 697 2067 quippe
708 2033 790 2066 venit,
803 2040 863 2061 cum
873 2033 991 2062 audisset
1000 2042 1015 2062 a
1025 2035 1106 2062 Joan-

313 2082 358 2108 ne,
374 2075 469 2103 Petrus
482 2083 556 2108 vero,
568 2083 628 2103 cum
644 2077 761 2104 audisset
776 2077 810 2105 ab
824 2078 948 2106 Andrea:
964 2079 1007 2106 hic
1017 2084 1105 2107 autem

313 2125 373 2149 cum
388 2122 455 2150 nihil
467 2123 501 2150 ab
513 2123 567 2150 alio
587 2123 734 2156 didicisset,
751 2128 852 2151 tantum
865 2124 971 2152 dicente
986 2125 1103 2159 Christo,

315 2166 426 2201 Sequere
437 2175 485 2200 me,
500 2168 694 2202 obtemperavit
704 2169 802 2200 statim,
818 2177 868 2196 nec
880 2170 1004 2201 recessit,
1019 2171 1066 2198 sed
1079 2175 1106 2198 ct

314 2212 473 2246 prtedieator
480 2212 539 2239 aliis
550 2213 609 2240 fuit.
620 2214 769 2241 Accurrens
777 2215 847 2241 enim
859 2215 890 2242 ad
902 2214 1104 2249 Nathanaelem,

314 2257 368 2284 ait:
384 2257 463 2290 Quem
476 2258 575 2292 scripsit
598 2258 697 2293 Moyses
708 2259 735 2285 in
749 2259 804 2294 lege
822 2265 845 2286 et
859 2261 996 2295 prophetae,
1008 2262 1105 2289 inveni-

314 2311 370 2330 mus
382 2303 507 2337 (Joan.l.
522 2304 578 2338 45).
589 2303 682 2331 Viden'
691 2312 769 2339 quam
782 2305 912 2339 vigilaret,
926 2311 952 2334 et
961 2315 1039 2342 quam
1052 2308 1105 2335 fre-

316 2353 428 2383 quenter
441 2348 537 2384 Moysis
549 2349 646 2383 scripta
657 2349 838 2381 meditaretur,
851 2356 928 2386 atqtte
941 2357 1107 2387 exspectaret

314 2393 412 2421 Christi
425 2393 585 2420 adventum?
597 2393 662 2420 Nam
676 2394 749 2427 illud,
766 2393 923 2428 Invenimus,
938 2396 995 2431 ejus
1007 2402 1047 2424 est
1060 2398 1104 2431 qui

313 2445 421 2473 semper
433 2440 538 2474 quaarit.
552 2439 585 2466 1η
596 2444 732 2467 crastinum
745 2440 820 2467 exivit
831 2440 906 2468 Jesu:
920 2443 946 2469 in
961 2442 1104 2472 Galilatam.

344 2516 381 2547 (α)
397 2517 554 2551 Proverbtutn
566 2516 625 2551 illud
639 2517 674 2551 sic
685 2516 770 2542 Graece
784 2517 883 2551 legttutj,
898 2526 952 2545 κππι
966 2528 991 2551 ις.
1003 2529 1106 2551 mat-Am

314 2546 405 2581 lunt}.
419 2553 507 2581 ιφιπέν.
524 2546 592 2581 Περί),
604 2547 624 2572 si
646 2548 675 2571 ad
696 2550 797 2572 verbum
811 2546 936 2581 'explices,
960 2546 1104 2581 signﬁeant,

313 2578 382 2612 omni
399 2577 501 2612 curanti,
518 2577 567 2607 vel,
579 2581 691 2612 accurate
713 2580 831 2610 quaerenti
850 2577 940 2611 aliquid
956 2577 1105 2612 superﬂuum

314 2611 361 2633 est.
374 2608 420 2633 Sed
432 2608 478 2632 hoc
488 2614 562 2633 sensu
576 2615 621 2632 non
635 2609 666 2633 ita
677 2608 791 2634 consonat
803 2617 856 2635 eum
868 2608 1037 2637 sequentibus.
1050 2616 1105 2637 Nam

312 2638 585 2672 inquitChrysostcmus
595 2647 608 2672 _:
624 2638 735 2672 Christus
746 2639 836 2671 aliquid
852 2638 955 2672 amplius
970 2643 1105 2668 subindicat

314 2668 368 2704 cuin
380 2668 505 2704 αἰθὴρ(ζυὶ
521 2668 608 2704 quterit
619 2669 715 2695 invem't.
728 2668 877 2704 Quapropter
889 2668 977 2698 melius
988 2673 1106 2704 intelligi-

313 2701 353 2723 tur
365 2700 527 2736 proverbium,
541 2700 585 2736 μορ
597 2703 678 2736 pacto,
687 2700 869 2736 ompi‘s'ollieite
885 2704 1007 2736 quaerenti
1016 2700 1105 2736 aliquid

314 2734 428 2760 superest
433 2730 642 2762 quaerendum,'vel
648 2731 737 2762 aliquit!
745 2732 822 2756 deest.
831 2730 949 2758 Caeterum
956 2735 979 2758 iu
985 2730 1105 2759 Hebraioo

309 2771 387 2808 Tm
401 2760 597 2808 nini-:1qu
617 2773 642 2798 in
655 2773 722 2808 omni
736 2774 820 2800 labore
833 2775 877 2800 erit
892 2775 1104 2808 emolumentum;

319 2806 359 2830 vel
383 2807 444 2831 utin
455 2806 558 2838 Vulgata
570 2806 668 2838 legitur,
680 2807 705 2832 in
716 2808 779 2834 omni
790 2815 861 2840 opere
872 2809 917 2834 erit
928 2810 1082 2836 abundantia.

1160 1709 1308 1745 Antequam
1326 1710 1397 1738 enim
1413 1711 1461 1746 ipsi
1480 1711 1548 1739 ttllus
1568 1712 1693 1746 hzereret,
1710 1713 1844 1741 nemiuem
1866 1719 1953 1743 vorat.

1159 1754 1187 1782 Id
1202 1763 1265 1782 vero
1278 1763 1330 1784 non
1347 1757 1406 1784 sine
1427 1765 1506 1784 causa
1532 1757 1603 1790 fecit,
1629 1758 1677 1786 sed
1698 1766 1801 1786 summa
1824 1760 1954 1795 sapientia

1158 1804 1239 1835 atque
1262 1801 1411 1835 prudentia.
1434 1801 1501 1829 Nam
1521 1803 1543 1829 si
1569 1803 1674 1831 nemine
1697 1809 1793 1839 sponte
1807 1805 1954 1833 accedente

1159 1846 1232 1882 ipsos
1246 1848 1288 1874 ille
1302 1848 1466 1882 attraxisset,
1483 1848 1596 1877 fortasse
1610 1855 1701 1885 postea
1716 1851 1894 1878 resiliisseut:
1909 1852 1952 1879 ubi

1159 1897 1247 1919 autem
1264 1892 1328 1920 illud
1344 1893 1413 1921 ultro
1436 1894 1601 1929 delegerunt,
1618 1896 1688 1922 firmi
1702 1901 1792 1930 postea
1815 1905 1952 1925 mansere.

1159 1937 1309 1973 Philippum
1325 1944 1414 1967 autem
1428 1945 1506 1968 vocat
1520 1941 1570 1968 sibi
1583 1944 1666 1977 magis
1680 1946 1784 1976 notum,
1799 1947 1892 1978 utpote
1907 1944 1950 1977 qui

1159 1983 1186 2010 in
1209 1983 1319 2011 Calilaaa
1342 1991 1419 2012 natus
1439 1990 1465 2013 et
1485 1986 1613 2014 educatus
1625 1992 1705 2015 esset.
1721 1988 1874 2022 Assumptis
1889 1996 1954 2024 ergo

1158 2028 1306 2063 discipulis,
1329 2029 1363 2056 ad
1378 2031 1540 2065 reliquorum
1563 2037 1687 2059 venatum
1714 2032 1904 2067 proficiscitur,
1920 2041 1952 2061 ae

1159 2073 1310 2109 Philippum
1324 2080 1352 2102 et
1365 2074 1554 2104 Nathanaelem
1576 2076 1696 2104 attrahit.
1720 2078 1758 2105 De
1782 2079 1835 2105 hoc
1859 2083 1950 2106 autent

1159 2127 1212 2146 non
1227 2125 1279 2146 tam
1291 2120 1414 2148 mirabile
1426 2120 1485 2154 fuit,
1497 2122 1558 2157 quia
1569 2122 1632 2150 Jesu
1647 2123 1716 2150 fama
1731 2131 1778 2158 per
1792 2128 1874 2151 totam
1900 2124 1953 2160 Sy-

1158 2165 1224 2192 riam
1241 2166 1433 2200 pervolaverat;
1444 2167 1491 2194 sed
1503 2168 1599 2195 mirum
1608 2174 1665 2195 erat
1676 2169 1746 2203 quod
1759 2169 1855 2197 Petrus
1865 2174 1894 2196 et
1906 2169 1952 2197 Ja-

1158 2210 1241 2236 cobus
1255 2215 1282 2237 et
1297 2210 1435 2246 Philippus
1449 2213 1554 2247 sequuti
1569 2214 1633 2246 sint,
1649 2221 1701 2240 non
1715 2214 1796 2241 modo
1810 2214 1883 2249 quod
1891 2220 1952 2242 ante

1159 2255 1233 2290 signa
1248 2256 1419 2290 crediderint,
1431 2257 1477 2289 sed
1497 2258 1576 2285 etiam
1596 2259 1667 2294 quod
1682 2267 1713 2286 ex
1727 2260 1834 2287 Galilzna
1850 2267 1952 2293 essent,

1159 2300 1229 2327 unde
1242 2308 1292 2328 nec
1305 2301 1432 2337 propheta
1446 2303 1580 2337 prodibat,
1595 2312 1681 2339 neque
1694 2305 1792 2340 aliquid
1812 2305 1877 2332 boni
1896 2307 1953 2334 exi-

1160 2345 1220 2373 bat:
1233 2347 1329 2374 rustica
1342 2348 1439 2384 quippe
1447 2356 1513 2383 gens
1522 2353 1589 2381 erat,
1600 2350 1721 2384 agrestis,
1732 2358 1839 2384 aspera.
1853 2351 1951 2379 Verum

1159 2391 1222 2419 inde
1232 2391 1354 2420 Christus
1366 2395 1512 2428 potentiam
1525 2395 1641 2422 ostendit
1653 2403 1740 2430 suam,
1754 2396 1818 2424 dum
1832 2405 1866 2425 ex
1880 2403 1952 2425 terra

1158 2438 1262 2465 nullum
1278 2439 1380 2467 ferente
1394 2439 1520 2473 fructum,
1534 2442 1660 2469 selectam
1680 2443 1874 2477 discipulorum
1889 2451 1950 2478 par-

1159 2489 1211 2512 tem
1227 2485 1327 2512 eduxit.
1344 2486 1493 2514 Verisimile
1506 2487 1586 2522 igitur
1598 2494 1638 2515 est
1647 2488 1808 2524 Philippum,
1821 2490 1894 2525 quod
1904 2490 1952 2517 Pc-

1159 2536 1227 2558 trum
1243 2531 1353 2560 vidisset
1371 2536 1398 2560 et
1411 2532 1540 2560 Joannem
1561 2533 1688 2567 audisset,
1710 2541 1851 2569 sequutum
1873 2543 1951 2568 esse;

1157 2577 1286 2605 credibile
1295 2585 1401 2613 quoque
1412 2583 1451 2606 est
1461 2577 1559 2606 Christi
1570 2587 1661 2607 vocem
1674 2580 1772 2615 aliquid
1787 2581 1813 2608 in
1828 2581 1874 2608 illo
1886 2588 1952 2616 ope-

1158 2627 1241 2650 ratam
1254 2629 1331 2650 esse:
1346 2628 1456 2650 noverat
1470 2624 1540 2651 enim
1555 2624 1678 2652 Christus
1690 2627 1798 2660 quinam
1812 2626 1902 2654 idonei
1912 2626 1952 2654 fu-

1158 2669 1209 2695 turi
1232 2673 1331 2695 esseut.
1355 2668 1522 2704 Evangelista
1546 2675 1632 2698 autem
1657 2671 1713 2698 tunc
1734 2672 1822 2699 omnia
1837 2673 1949 2707 carptim

1158 2718 1274 2741 enarrat.
1289 2713 1363 2747 Quod
1377 2713 1499 2742 Christus
1516 2720 1644 2743 venturus
1658 2721 1739 2750 eSSet,
1755 2716 1806 2744 hoc
1820 2718 1864 2745 ille
1879 2719 1950 2745 scie-

1158 2759 1221 2786 bat:
1236 2759 1307 2788 auod
1322 2766 1386 2786 vero
1402 2759 1443 2786 hic
1456 2765 1527 2787 esset
1540 2760 1661 2789 Christus
1673 2761 1822 2797 ignorabat,
1838 2763 1864 2789 id
1880 2763 1948 2798 quod

1159 2805 1243 2840 ipsum
1255 2805 1296 2833 Vel
1307 2813 1321 2832 a
1338 2806 1415 2833 Petro
1429 2806 1470 2834 vel
1483 2813 1496 2832 a
1511 2805 1614 2834 Joanne
1632 2808 1765 2836 audivisse
1781 2813 1855 2843 puto.
1870 2809 1950 2836 Joan-
