2040 3113
151 162 202 193 liii
675 159 708 191 IN
727 159 882 191 JOANNEM
904 161 948 191 ΗΟ

1002 180 1016 190 ,.
1038 164 1096 193 xx.
1118 166 1153 193 at.
1177 165 1246 194 XIX.
1367 154 1373 161 '
1395 155 1410 177 δέ

151 229 199 252 nes
212 228 292 260 po‘rro
306 223 391 251 vicum
417 222 487 250 illius
513 222 646 255 nominat;
663 227 694 249 ἰιι
715 227 843 257 agnoscas
860 222 941 249 Delm'l

151 271 254 299 inIirma
275 269 364 297 mundi
378 269 500 304 elegisse.
513 268 557 296 l5.
572 266 672 295 Invenit
691 265 827 303 Philippus
843 266 943 300 Nodin-

151 316 217 348 Mel,
230 318 253 343 et
267 316 328 342 dicit
339 311 398 342 illi:
412 314 494 348 Quem
508 313 610 349 scripsit
621 312 722 349 Moyses
736 315 762 340 in
777 314 831 349 lege
845 319 868 340 et
883 321 944 348 pro-

151 361 242 397 phetat,
258 362 408 392 inuenimus,
419 360 508 388 Je‘sitnt
518 360 599 395 [ilium
609 358 703 396 Ioseph
717 368 732 386 a
747 359 867 386 Nazaret.
881 359 944 386 llzcc

150 407 215 436 dicit
228 413 256 434 ut
268 406 345 435 Iidem
358 406 537 441 prtedicationi
549 405 712 436 conciliaret,
725 413 756 432 ex
766 405 856 441 Moyse
867 412 943 431 nem-

152 463 184 490 pe
198 460 224 483 et
236 454 383 490 prophetis,
398 458 479 488 utque
490 453 637 480 attdilorcm
652 452 714 479 inde
727 451 943 479 venerabundum

151 501 284 528 redderet.
301 500 367 533 Quia
381 499 452 526 enim
467 498 613 526 Nathanacl
631 498 732 533 peritus
747 502 814 529 crat,
834 502 860 524 et
875 497 945 524 veri-

152 547 213 573 tatis
227 545 364 573 studiosus
379 549 506 577 sectator,
522 548 550 570 ut
562 543 641 571 etiam
655 543 777 570 Christus
789 542 944 570 testiﬁcatus

151 596 203 624 est,
217 592 327 626 ipsaque
338 598 381 618 res
391 590 583 625 comprobavit.
596 589 655 623 jure
671 589 743 616 illum
755 589 787 616 ad
803 589 909 624 Moysen
918 593 946 616 et

153 637 297 671 prephetas
309 636 392 669 misit,
406 642 432 663 ut
447 636 485 663 sic
497 635 669 670 praedicatum
691 635 765 662 illum
787 635 943 670 susciperet.

151 683 179 710 Si
203 688 292 710 autem
307 683 383 709 illum
399 683 480 709 lilium
495 681 592 716 Ioseph
607 681 732 716 appellat,
755 688 788 708 ne
807 681 922 708 turberis
937 689 943 708 :

152 729 240 757 adhuc
254 730 325 757 enim
340 728 449 764 Iosephi
464 728 533 755 ﬁlius
543 735 602 755 esse
612 726 824 755 existimabatur.
835 727 867 754 Et
876 726 945 754 unde

151 779 268 808 constat,
279 775 410 809 Philippe,
421 774 492 801 hunc
501 781 560 800 esse
572 780 650 808 quem
663 773 747 799 dicis?
757 773 830 808 quod
841 773 945 807 signum

152 821 202 848 das
218 820 312 848 nobis?
327 820 385 847 Non
405 819 504 846 sufﬁcit
527 820 598 846 enim
623 818 656 845 ita
674 818 854 853 pronuntiare.
869 817 946 851 Quod

152 867 260 902 signum
280 865 388 893 vidisti?
411 865 481 900 quod
497 864 671 892 miraculum?
684 863 741 891 Non
756 863 813 891 sine
829 863 946 898 periculo

153 913 235 940 tantis
250 912 328 939 rebus
345 916 444 939 temere
468 911 533 938 lides
556 910 679 938 habetur.
693 910 769 944 Quod
785 917 848 947 ergo
865 910 946 938 nth

152 960 358 996 argumentum?
386 959 457 986 Idem
480 959 578 994 ipsum,
602 958 696 993 inquit,
719 957 790 992 quod
814 957 945 984 Andreas.

152 1006 221 1033 Nam
241 1006 285 1033 ille
307 1013 367 1033 cum
391 1006 544 1032 thesaurum
559 1012 638 1039 quem
655 1003 946 1038 repererateuuntiare

153 1061 208 1080 non
224 1053 333 1083 valeret.
357 1059 444 1087 neque
465 1051 553 1078 verbis
568 1051 715 1083 declarare,
733 1049 840 1077 lratrem
866 1057 946 1084 quem

153 1098 254 1132 reperit
269 1097 315 1124 illo
330 1097 446 1124 adducit.
462 1096 506 1124 Sic
521 1101 547 1123 et
560 1096 621 1129 iste,
632 1094 818 1130 quomodoille
830 1094 949 1122 sitChri—

153 1151 222 1177 stus,
239 1150 266 1172 et
281 1144 414 1180 quomodo
430 1144 503 1171 illum
523 1144 659 1178 propheta:
672 1143 883 1178 pratuuntiarint,
894 1151 946 1170 non

153 1191 233 1223 dicit;
245 1191 291 1218 sed
300 1191 373 1218 ducit
387 1191 459 1218 illutn
473 1191 506 1218 ad
521 1190 719 1224 Iesnnt,sciens
733 1191 806 1218 illum
815 1198 867 1218 non
879 1190 948 1217 ultra

153 1238 336 1265 discessurum
347 1245 417 1269 esse,
431 1237 452 1264 si
468 1237 537 1264 illius
550 1237 628 1264 verba
640 1236 843 1271 doctrinamque
856 1241 947 1271 gusta-

154 1289 206 1311 ret.
220 1283 265 1311 46.
284 1283 317 1310 Et
333 1284 396 1310 dixit
411 1284 434 1310 ei
455 1283 603 1310 Nat/lanae!
615 1291 623 1309 :
637 1283 658 1308 Λ
674 1282 787 1309 Nazaret
802 1287 883 1317 potest
897 1282 948 1309 oli-

154 1331 216 1366 qnid
230 1331 289 1357 boni
300 1331 386 1358 exire?
400 1330 466 1357 Dicit
478 1330 502 1357 ei
517 1329 671 1365 Philippus:
690 1329 761 1361 Veni,
782 1335 804 1356 et
823 1329 887 1356 vide.
902 1329 948 1356 47.

160 1377 230 1404 Vidit
243 1377 320 1404 Iesus
333 1376 480 1404 Nat/zonae!
490 1378 627 1404 venientem
640 1377 673 1403 ad
685 1385 721 1409 se,
742 1381 766 1403 et
783 1377 843 1403 dicit
856 1376 888 1403 de
897 1385 926 1403 eo
939 1384 949 1403 :

155 1423 223 1450 Ecce
237 1431 292 1450 vere
305 1422 434 1456 Israelita,
450 1424 476 1450 in
490 1431 540 1458 quo
564 1423 638 1450 dolus
651 1431 701 1450 non
715 1428 761 1450 est.
776 1422 852 1456 Quod
864 1422 949 1450 dixis-

155 1476 206 1504 set,
221 1471 244 1497 A
256 1470 369 1498 Nazaret
379 1475 459 1506 potest
471 1470 569 1506 aliquid
577 1470 635 1497 boni
645 1470 734 1497 exire?
743 1470 803 1498 ideo
814 1470 949 1497 hominem

156 1517 247 1545 laudat
261 1522 289 1545 et
301 1518 421 1544 miratur.
437 1517 517 1552 Atqui
534 1516 695 1544 incusandus
717 1517 804 1552 potius
818 1522 885 1545 erat.
900 1517 950 1544 hli-

156 1565 240 1592 nime.
254 1564 346 1600 Nequc
360 1565 432 1591 enim
445 1563 525 1591 verba
545 1571 600 1591 non
613 1563 747 1591 credentis
762 1569 848 1595 erant,
864 1571 951 1598 neque

155 1611 345 1638 criminatione
357 1609 444 1645 digna,
462 1609 509 1637 sed
529 1609 618 1637 laude.
635 1610 774 1644 Quomodo
794 1615 822 1637 et
843 1617 894 1645 qua
909 1618 951 1637 ra-

157 1657 249 1684 tione?
262 1657 328 1691 Quia
349 1656 392 1684 hic
405 1657 490 1691 magis
502 1664 582 1692 quam
596 1656 734 1691 Philippus
749 1657 775 1683 in
790 1656 951 1691 propheticis

156 1707 279 1730 versatus
292 1706 360 1730 erat.
376 1703 505 1730 Audierat
517 1702 588 1730 enim
610 1710 641 1729 ex
656 1702 800 1737 Scriptnris
815 1702 950 1730 Christum

156 1756 189 1776 cx
207 1748 363 1776 Bethlehem
378 1749 506 1776 oriturum
523 1756 592 1779 esse,
608 1753 635 1775 et
648 1756 679 1776 ex
693 1749 750 1776 vico
762 1749 787 1775 in
801 1757 853 1784 quo
866 1749 952 1777 fuerat

157 1794 251 1821 David.
263 1794 300 1821 Ea
314 1795 479 1829 itaquel’ama
493 1794 560 1828 apttd
574 1793 680 1821 .Iudzcos
693 1795 839 1827 obtinebat,
850 1800 876 1822 et
889 1803 952 1830 pro-

159 1838 240 1874 pheta
252 1840 317 1866 olim
333 1839 526 1874 prmdicavcrat
539 1839 580 1866 his
597 1840 701 1866 verbis:
713 1840 746 1866 Et
764 1846 790 1867 tu
805 1840 952 1868 Betlzle/zem

158 1894 320 1921 nequaquam
337 1885 442 1911 minima
456 1894 481 1912 es
495 1885 520 1911 in
534 1885 689 1920 principibus
701 1885 789 1913 Iuda:
800 1895 831 1913 ex
850 1891 873 1914 te
886 1888 953 1914 enim

157 1933 222 1959 (πίει
235 1932 289 1958 duo:
302 1933 345 1967 qui
358 1936 427 1967 regat
443 1932 564 1966 populum
579 1940 660 1959 meum
674 1932 755 1960 Israel
769 1932 867 1967 (IIic/t.
882 1934 908 1961 5.
923 1934 952 1962 2.

160 1978 255 2005 Matth.
273 1978 299 2005 2.
311 1978 338 2006 6.
354 1977 434 2005 Ioan.
447 1979 472 2005 7.
488 1978 546 2013 42).
558 1978 623 2006 Cum
639 1979 854 2014 audissetergoa
869 1980 953 2008 Naza-

158 2031 200 2053 rct
215 2034 287 2059 esse,
303 2027 423 2053 turbatus
436 2031 476 2053 est
489 2032 516 2053 et
528 2026 666 2059 dubitavit,
681 2027 751 2062 qttod
767 2028 880 2063 Philippi
895 2037 954 2056 ver-

159 2073 191 2099 ht
205 2080 266 2100 cum
284 2072 438 2107 prophetica
453 2072 626 2106 pra-dictione
647 2081 698 2100 non
719 2081 867 2102 consonare
881 2075 953 2102 vide-

160 2124 210 2145 tet.
228 2119 416 2146 Animadverte
431 2123 519 2146 autent
534 2118 593 2152 ejus
605 2119 630 2145 in
646 2119 701 2153 ipsa
712 2119 877 2148 dubitatione
892 2128 954 2155 pru-

159 2165 279 2193 dentiam
296 2165 517 2200 tnodestiatnquc.
539 2165 595 2192 Non
617 2165 688 2192 enim
708 2166 796 2192 statim
822 2165 899 2198 dixit,
914 2166 954 2194 Mc

161 2213 242 2244 fallis,
254 2220 271 2239 ο
287 2212 418 2246 Philippe,
435 2217 461 2239 et
476 2211 613 2239 mentiris:
628 2219 680 2239 non
690 2212 782 2244 credo,
797 2221 848 2239 non
859 2213 952 2241 adibo:

159 2267 174 2285 a
192 2259 332 2293 prophetis
346 2258 426 2284 didici
442 2257 575 2285 Christum
598 2266 613 2284 ει
637 2258 789 2285 Bethlehem
814 2263 954 2285 venturum

160 2313 233 2337 esse,
247 2310 275 2332 et
285 2309 312 2330 tu
328 2304 404 2334 dicis.
421 2312 435 2330 a
450 2304 579 2331 Nazaret:
592 2312 657 2338 ergo
667 2312 719 2331 nun
735 2305 755 2331 is
770 2306 826 2339 ipse
842 2309 892 2332 est.
905 2304 956 2332 Vc-

163 2359 222 2378 rum
238 2351 303 2378 nihil
317 2350 403 2377 simile
416 2349 497 2382 dixit;
514 2349 560 2376 sed
575 2349 657 2384 quid?
678 2350 740 2376 Adit
753 2350 826 2376 illum
840 2355 867 2377 ct
881 2351 954 2385 ipse;

163 2404 194 2423 ac
210 2397 274 2423 dum
291 2404 343 2423 non
357 2395 474 2422 admittit
487 2403 548 2422 eum
563 2403 578 2422 a
590 2395 702 2423 Nazaret
716 2404 787 2428 esse.
802 2402 955 2423 accuratum

163 2443 363 2477 Scripturarum
380 2441 497 2468 studium
510 2441 637 2474 ostendit,
653 2445 680 2468 ct
695 2448 783 2468 mores
795 2449 859 2468 suos
880 2441 957 2469 lalla-

163 2490 213 2516 cia:
229 2497 282 2516 non
298 2488 446 2520 obnoxios;
462 2488 531 2523 quod
546 2492 634 2515 autem
650 2488 706 2515 hmc
720 2489 885 2516 nuntiantem
904 2496 955 2515 non

164 2539 283 2569 respuat,
299 2542 422 2569 magnum
438 2533 536 2561 Christi
560 2534 687 2561 adventus
703 2534 863 2561 desiderium
879 2533 957 2561 exhi-

163 2581 219 2608 bet.
234 2580 376 2615 Cogitabat
398 2579 468 2606 enim
483 2580 602 2614 potuisse
617 2579 766 2614 Philippum
782 2580 854 2606 circa
869 2579 956 2606 locum

163 2634 266 2654 errare.

199 2672 228 2699 Ξ.
249 2671 441 2699 Animadverte
463 2671 538 2703 item.
559 2677 638 2706 quam
659 2670 795 2697 moderate
816 2669 893 2697 ﬁdem
908 2669 956 2705 ipsi

166 2723 254 2754 neget,
270 2724 298 2746 σι
321 2719 478 2753 interroget.
493 2717 586 2752 Neque
607 2717 677 2744 enim
701 2716 778 2748 dixit,
801 2715 871 2742 Nihil
894 2715 956 2743 boni

167 2766 216 2792 lr-rt
231 2765 360 2795 Galilaaa;
375 2763 422 2791 sed
436 2763 588 2798 quomodo?
605 2763 626 2789 A
639 2762 751 2789 Nozaret
765 2766 844 2797 potest
861 2760 958 2795 aliquid

166 2811 223 2838 boni
237 2810 311 2838 esse?
323 2809 462 2844 Philippus
477 2816 582 2844 quoque
595 2807 737 2835 admodum
759 2806 876 2841 prudens
889 2811 957 2833 erat.

168 2857 256 2892 Neque
271 2857 344 2884 enim
358 2855 558 2884 contradicente
573 2855 628 2888 illo,
652 2855 802 2890 indignatur
827 2853 869 2881 vel
888 2859 959 2887 (egre

169 2904 235 2940 fert;
249 2904 297 2933 sed
313 2908 415 2939 prrstm
430 2908 528 2935 tamen.
543 2908 571 2930 ut
581 2904 666 2930 virum
683 2903 716 2930 ad
731 2901 864 2931 Christum
876 2900 960 2929 addu-

335 2950 470 2976 l'ATnOL.
493 2947 550 2977 Gn.
576 2945 654 2978 LIX.

1407 138 1421 177 '1
1739 165 1787 195 523

997 227 1050 255 cat,
1067 227 1094 251 et
1109 231 1122 250 a
1137 225 1267 260 principio
1281 226 1456 261 apostolicam
1472 227 1650 255 constantiam
1666 227 1784 256 exhibet.

997 265 1112 303 Ideoque
1122 270 1159 296 ait
1173 269 1313 300 Christus:
1328 271 1391 300 Ecce
1401 280 1456 300 vere
1469 272 1599 308 Israelita,
1610 275 1636 302 in
1648 283 1698 312 qua
1715 276 1788 303 dolia

996 321 1046 340 non
1060 319 1106 342 est.
1121 313 1212 350 Itaque
1223 320 1310 350 potest
1323 317 1441 345 Israelita
1455 320 1568 348 mendax
1583 328 1661 350 esse:
1675 322 1723 350 sed
1735 331 1788 350 nun

997 359 1041 387 hic
1053 360 1094 387 vir
1110 361 1183 393 talis;
1200 362 1258 396 ejus
1270 362 1368 398 quippe
1379 364 1508 398 judicium
1521 367 1620 395 nullam
1633 367 1712 396 habet
1725 377 1787 404 per-

996 411 1121 433 sonarum
1131 408 1325 442 acceptioncm;
1336 409 1399 436 nihil
1408 410 1440 437 ad
1449 412 1570 446 gratiam,
1581 413 1644 441 nihil
1654 415 1686 441 ad
1698 415 1786 443 odium

997 450 1124 485 loqu-Itur.
1136 453 1215 488 Atqui
1228 453 1312 481 Judaei
1325 462 1431 490 quoque
1442 456 1596 493 interrogati
1610 459 1653 487 ubi
1665 460 1789 488 Christus

997 503 1161 531 nasceretur,
1176 499 1311 534 dixerunt,
1329 500 1357 528 In
1372 501 1539 534 Bethlehcm.
1555 509 1582 532 ct
1594 504 1645 533 hoc
1666 508 1788 534 testimo-

998 543 1070 570 nium
1088 545 1270 578 protulerunt:
1284 546 1317 573 Et
1332 551 1360 573 tu
1373 547 1530 581 Bel/dolrem,
1546 557 1703 585 nequaquam
1715 552 1790 580 uiitti-

997 596 1039 614 ma
1050 597 1075 615 es
1088 589 1114 616 in
1127 591 1282 625 principibus
1290 591 1369 618 Juda.
1380 591 1477 620 Verum
1490 594 1527 621 illi
1541 595 1693 631 priusquam
1703 598 1789 632 ipsmu

998 634 1130 667 viderent,
1148 636 1204 663 haec
1219 637 1432 665 testiﬁcabantur
1450 647 1457 666 :
1481 640 1524 667 ubi
1550 645 1639 668 autem
1656 642 1788 672 viderunt.

998 687 1053 714 pne
1067 681 1167 708 invidia
1182 683 1365 710 testimonium
1380 685 1548 713 occultaruut
1565 686 1701 715 dicentes:
1717 687 1791 715 llum.-

998 731 1082 753 autem
1097 727 1219 755 nesciens
1233 729 1298 756 unde
1310 730 1341 757 sit
1356 730 1444 766 (Ioan.
1457 731 1483 758 9.
1499 731 1555 768 29).
1568 732 1716 761 Nathanael
1728 742 1791 762 vero

999 781 1052 800 non
1066 774 1119 806 sic;
1136 775 1181 801 sed
1197 783 1274 810 quam
1289 784 1303 803 a
1320 777 1450 812 principio
1468 778 1500 806 de
1514 779 1559 806 illo
1573 780 1725 814 opinionem
1743 781 1791 808 ha-

999 820 1067 853 buit,
1082 820 1150 848 hanc
1162 823 1287 853 servavit,
1302 830 1398 858 nempe
1411 824 1484 851 illum
1500 833 1513 851 a
1526 825 1640 854 Nazaret
1652 834 1704 854 non
1719 835 1791 856 esse.

998 866 1052 893 Cur
1064 874 1128 901 ergo
1144 867 1219 894 illum
1240 867 1406 896 Nazarcnum
1433 871 1571 906 propheta:
1587 873 1701 900 vocant?
1716 873 1791 907 Quod

999 913 1034 940 ibi
1057 913 1184 942 educatus
1206 915 1308 946 luisset,
1326 921 1353 943 et
1375 918 1527 945 mansisset.
1551 919 1608 946 Non
1623 919 1689 948 dicit
1703 925 1792 948 autem

998 959 1131 994 Christus,
1149 961 1204 988 Non
1219 969 1276 988 sum
1289 970 1319 989 ex
1333 962 1455 994 Nazaret,
1473 969 1502 991 ut
1517 964 1562 992 tibi
1576 963 1713 1001 Philippus
1723 974 1792 994 nun-

1000 1005 1084 1037 tiavit,
1100 1006 1147 1033 sed
1163 1014 1194 1034 ex
1210 1006 1379 1043 Bcthlehcm,
1393 1017 1427 1036 ne
1443 1011 1531 1037 statim
1546 1011 1739 1040 dubitationem
1751 1014 1795 1040 in-

997 1052 1102 1087 jiceret.
1120 1053 1159 1080 Ad
1175 1053 1242 1086 haec,
1269 1055 1374 1082 etiamsi
1397 1055 1421 1083 id
1438 1058 1627 1091 persuasisset,
1657 1066 1710 1086 non
1734 1060 1794 1088 ido~

1001 1105 1079 1125 neum
1097 1102 1185 1126 tamen
1201 1099 1267 1127 illud
1290 1099 1415 1128 indicium
1431 1107 1499 1134 erat,
1515 1103 1586 1137 quod
1601 1104 1657 1138 ipse
1671 1103 1793 1133 Christus

1000 1148 1081 1171 esset.
1099 1144 1166 1178 Quid
1181 1145 1249 1172 enim
1267 1147 1383 1180 vetabat,
1400 1155 1460 1175 cum
1474 1149 1557 1183 quiin
1573 1150 1728 1178 Bethlehcm
1743 1159 1792 1179 na-

1002 1194 1044 1217 tus
1055 1196 1126 1218 esset
1139 1199 1190 1218 non
1205 1199 1264 1219 esse
1278 1193 1422 1226 Christum,
1441 1199 1468 1222 ut
1483 1199 1537 1222 tam
1563 1196 1638 1223 multi
1655 1197 1707 1225 illic
1720 1199 1794 1225 nati?

1001 1236 1058 1263 Iloc
1068 1244 1131 1271 ergo
1143 1237 1233 1270 mittit,
1253 1238 1377 1273 quodque
1399 1240 1473 1266 illum
1489 1241 1572 1276 magis
1587 1241 1619 1268 ad
1632 1242 1794 1270 credendum

1002 1281 1109 1309 trahere
1124 1287 1236 1317 poterat,
1253 1283 1277 1310 id
1293 1286 1356 1319 agit,
1371 1285 1433 1312 dum
1449 1286 1606 1314 dcclaratse
1623 1287 1727 1315 illorum
1740 1289 1796 1317 col-

1002 1328 1092 1363 loquio
1106 1334 1265 1363 prtesentem
1278 1330 1367 1358 fuisse.
1385 1331 1450 1358 Cum
1467 1332 1577 1360 dixisset
1598 1341 1662 1368 ergo
1676 1334 1737 1362 ille:
1749 1335 1794 1362 48.

1004 1373 1078 1401 Unde
1092 1383 1131 1401 me
1144 1376 1229 1402 nosti?
1244 1377 1391 1411 respondit:
1401 1377 1555 1413 Priusqttmn
1565 1384 1592 1405 te
1606 1379 1743 1415 Philippus
1753 1389 1796 1407 vo-

1001 1425 1079 1454 caret,
1094 1429 1151 1448 cum
1165 1429 1230 1448 esses
1240 1422 1286 1448 sub
1297 1422 1359 1456 ficu,
1376 1423 1427 1449 vidi
1439 1428 1472 1450 le.
1495 1423 1561 1451 Vide
1575 1425 1638 1452 tnilti
1660 1426 1795 1453 hominem

1002 1472 1168 1495 constantem
1184 1473 1212 1495 et
1233 1468 1347 1495 lirmtnn.
1363 1468 1428 1496 Cum
1443 1469 1556 1497 dixisset
1573 1471 1643 1498 enim
1662 1470 1795 1503 Christus,

979 1531 981 1533 ν
1003 1509 1070 1539 Ecce
1087 1520 1143 1539 vere
1156 1512 1283 1545 Israelita,
1309 1521 1361 1540 non
1376 1513 1500 1542 laudibus
1522 1515 1658 1544 entollitus
1671 1522 1721 1550 est,
1743 1526 1796 1545 non

1003 1557 1131 1585 encomiis
1145 1563 1246 1593 raptus,
1261 1559 1308 1586 sed
1325 1564 1425 1593 perstat
1445 1560 1581 1595 inquirens
1602 1566 1630 1589 et
1647 1563 1796 1590 accuratius

1003 1605 1155 1639 explorans,
1172 1605 1280 1640 vultque
1301 1605 1403 1633 clarum
1430 1607 1564 1641 quidpiam
1587 1608 1716 1636 ediscere.
1739 1609 1797 1645 Ipse

1004 1651 1084 1686 igitur
1100 1657 1128 1678 ut
1142 1651 1222 1678 homo
1236 1651 1323 1679 adhuc
1336 1653 1474 1687 perquirit.
1489 1653 1566 1681 Jcsus
1579 1659 1668 1682 autem
1686 1660 1715 1683 ut
1729 1656 1798 1683 Deus

1004 1697 1157 1731 respondet,
1183 1697 1241 1724 Jam
1266 1702 1290 1725 te
1314 1703 1377 1725 ante
1394 1699 1462 1732 vidi;
1488 1708 1592 1727 morum
1617 1701 1716 1737 quippe
1740 1703 1798 1737 ejus

1003 1743 1165 1777 mquitatem,
1176 1748 1271 1774 nonut
1285 1744 1363 1771 homo
1374 1745 1417 1780 qui
1430 1745 1514 1780 ipsum
1522 1751 1651 1781 sequutus
1659 1753 1739 1780 esset,
1751 1748 1798 1776 scd

1001 1789 1056 1823 jam
1072 1789 1135 1815 olim
1154 1795 1182 1816 ut
1196 1789 1265 1817 Deus
1280 1795 1407 1818 noverat:
1423 1796 1459 1823 et,
1476 1792 1551 1820 Nunc
1563 1793 1617 1821 vidi
1632 1799 1657 1821 te
1674 1795 1723 1821 sub
1736 1795 1797 1828 licu,

1004 1842 1064 1862 cum
1091 1835 1180 1863 nullus
1195 1836 1230 1863 ibi
1242 1836 1357 1868 adesset,
1374 1837 1423 1864 nisi
1437 1837 1575 1873 Philippus
1594 1843 1621 1866 ct
1641 1839 1798 1874 Nathanacl,

1004 1881 1048 1916 qui
1065 1882 1175 1909 seorsim
1191 1882 1225 1909 ibi
1241 1882 1298 1909 lucc
1320 1883 1509 1918 loquebantur.
1532 1884 1593 1912 Ideo
1616 1885 1715 1913 dictutn
1738 1892 1797 1913 est:

1011 1927 1103 1955 Videris
1123 1928 1195 1955 illum
1214 1937 1230 1954 o
1251 1929 1335 1964 longe,
1356 1929 1420 1956 dixit
1432 1938 1441 1956 :
1455 1929 1521 1957 Ecce
1547 1938 1601 1958 rere
1616 1930 1735 1958 Israelita
1748 1940 1758 1958 :
1771 1937 1800 1959 ut

1005 1974 1164 2007 edisceret‘,
1173 1974 1252 2002 etiam
1266 1980 1408 2010 antequam
1420 1976 1556 2011 Philippus
1564 1977 1730 2011 adventaret,
1743 1978 1800 2005 lucc

1006 2022 1142 2056 loquututn
1161 2021 1297 2049 Christum
1318 2029 1388 2054 esse,
1405 2030 1438 2050 ne
1453 2028 1605 2057 suspectum
1619 2024 1798 2051 testimonium

1007 2068 1126 2096 haberet.
1144 2067 1258 2103 Ideoque
1280 2072 1306 2095 ct
1327 2073 1430 2103 tempus
1445 2069 1512 2096 dixit
1525 2073 1552 2097 et
1566 2070 1665 2102 locum,
1680 2074 1708 2097 et
1720 2070 1799 2098 arho-

1007 2123 1074 2142 rem.
1096 2114 1161 2141 Nam
1176 2115 1197 2141 si
1215 2119 1316 2141 tantum
1339 2114 1461 2145 dixisset.
1487 2115 1638 2151 Antequam
1664 2116 1800 2151 Philippus

1007 2162 1120 2194 veniret,
1136 2165 1161 2187 te
1180 2160 1309 2192 videram,
1326 2168 1368 2188 res
1383 2165 1505 2196 suspecta
1528 2161 1630 2194 luisset,
1647 2163 1721 2197 quasi
1744 2163 1801 2198 ipse

1008 2208 1124 2234 misisset
1137 2207 1300 2241 Philippum,
1313 2207 1432 2241 nihilque
1446 2207 1534 2242 magni
1546 2207 1662 2240 diceret;
1675 2216 1745 2236 nttnc
1754 2216 1801 2236 πυ-

1008 2258 1072 2285 tem,
1087 2257 1115 2280 et
1126 2253 1195 2287 quod
1214 2253 1300 2279 locum
1314 2252 1386 2279 dicat
1400 2253 1426 2279 in
1439 2260 1492 2287 quo
1505 2252 1662 2287 loquebatur
1669 2260 1729 2280 cum
1740 2253 1801 2280 Phi-

1008 2299 1091 2335 lippo,
1105 2298 1212 2333 etquod
1223 2297 1326 2328 arboris
1337 2298 1464 2332 speciem,
1477 2303 1504 2326 et
1515 2299 1584 2333 quod
1598 2299 1722 2334 colloquii
1732 2304 1802 2327 .tcm-

1010 2352 1068 2379 pus,
1085 2343 1150 2370 nihil
1174 2343 1248 2370 dubii
1268 2344 1338 2370 circa
1355 2351 1410 2371 rem
1437 2344 1639 2378 prrcnuntiatam
1664 2345 1801 2380 relinquit.

1009 2390 1101 2424 Neque
1112 2389 1172 2416 hinc
1183 2393 1297 2421 tantum,
1311 2388 1357 2416 sed
1369 2389 1422 2416 alio
1434 2397 1539 2424 quoque
1552 2390 1632 2416 modo
1644 2391 1728 2425 ipsum
1740 2398 1802 2418 eru-

1009 2435 1058 2466 dit.
1073 2435 1136 2461 dum
1152 2438 1284 2462 memorat
1294 2441 1324 2460 ca
1335 2442 1395 2469 qua:
1411 2434 1542 2466 dixerant,
1558 2443 1662 2470 nempe,
1679 2436 1699 2462 A
1712 2435 1803 2462 Naza-

1010 2486 1046 2507 ret
1059 2485 1138 2516 potest
1152 2479 1250 2514 aliquid
1271 2479 1329 2506 boni
1353 2480 1424 2506 esse?
1448 2488 1500 2515 qtto
1516 2480 1590 2508 illum
1616 2481 1667 2508 sibi
1688 2481 1803 2508 maxime

1010 2526 1177 2560 conciliavit;
1191 2531 1217 2554 et
1232 2526 1302 2561 quod
1317 2526 1389 2553 illum
1412 2526 1447 2553 ita
1462 2526 1613 2561 loquentem
1636 2535 1687 2554 non
1703 2528 1802 2562 impro-

1011 2572 1125 2604 baverit,
1138 2571 1184 2598 sed
1198 2571 1355 2605 laudarerit,
1373 2573 1536 2607 miratusque
1548 2572 1637 2600 fuerit.
1655 2573 1731 2601 Unde
1743 2573 1803 2600 hinc

1012 2618 1091 2645 etiam
1103 2625 1165 2644 vere
1176 2618 1310 2645 Christum
1323 2617 1398 2645 illum
1414 2625 1474 2645 esse
1486 2618 1621 2653 cognovit,
1642 2622 1696 2645 tum
1709 2626 1724 2645 a
1740 2625 1804 2653 pro-

1011 2664 1111 2700 phctia.
1129 2669 1184 2691 tum
1198 2664 1268 2699 quod
1289 2664 1346 2699 ejus
1371 2665 1529 2691 sententiam
1544 2668 1666 2692 accurate
1679 2664 1798 2699 explora-

1011 2715 1062 2742 ret.
1076 2719 1128 2744 quo
1142 2711 1301 2738 ostendebat
1316 2718 1345 2738 se
1361 2710 1405 2737 illa
1418 2710 1498 2737 etiam
1512 2718 1571 2745 qua:
1583 2710 1609 2738 in
1625 2715 1716 2738 mente
1728 2715 1801 2738 erant

1013 2758 1176 2792 intelligere:
1190 2757 1223 2785 ad
1240 2757 1297 2784 hate
1318 2757 1397 2783 etiam
1419 2756 1489 2791 quod
1504 2764 1535 2783 ea
1549 2763 1610 2792 qua:
1623 2756 1680 2791 ipse
1693 2756 1761 2791 apud
1775 2764 1805 2784 se

1012 2803 1136 2838 loquutus
1156 2807 1224 2836 erat,
1246 2810 1300 2830 non
1321 2807 1454 2838 argueret,
1476 2802 1529 2830 imo
1547 2802 1679 2830 laudaret.
1700 2801 1775 2836 Quod
1788 2809 1804 2829 ει

1045 2873 1053 2888 ¹
1072 2872 1140 2897 Saril.
1150 2872 1282 2902 legendum
1299 2876 1376 2903 putat,
1388 2874 1412 2898 tt!
1423 2871 1559 2903 C(lt'scercs;
1571 2871 1614 2897 scd
1627 2871 1742 2897 ediscere!
1755 2875 1802 2896 m9:

1014 2902 1060 2930 lius
1071 2903 1172 2936 quadrat
1184 2904 1211 2927 ad
1223 2903 1321 2928 seriem.
1370 2902 1373 2903 ⁷
1601 2936 1622 2966 ὃ
