2040 3113
250 170 302 197 127

250 227 372 261 Philippo
385 228 494 252 vocatus
507 222 610 254 fuisset,
623 220 648 247 id
661 220 743 251 dixit;
758 226 790 246 ea
798 224 863 244 vero
875 224 934 252 qua:
948 219 1039 261 mutuo

249 271 350 306 quuuti
373 270 477 297 fuerant
498 268 577 295 missa
599 265 741 299 fecit,cjus
762 262 933 291 conscientia:
957 260 1039 289 relin-

248 325 343 351 quens,
359 314 430 348 quod
443 313 526 341 nollet
539 320 599 340 eum
614 311 728 346 amplius
740 316 859 344 arguere.

267 362 294 389 5.
306 357 432 392 Exempla
442 354 749 391 Nallianaelcagnilione
759 355 857 382 Christi
865 353 1040 381 multandum

250 410 297 433 est.
314 403 466 439 Obsequium
484 402 524 429 illi
541 401 713 437 proauandum
734 405 771 427 est
790 399 831 426 cui
846 399 965 425 creditur.
981 397 1040 425 Non

249 441 329 477 verbis
342 449 385 476 sed
397 448 514 485 operibus
528 456 599 474 amor
612 447 752 474 exhibetur.
766 460 799 465 —
813 444 882 478 Quid
895 444 991 479 igitur!
1005 451 1039 470 an

249 497 335 524 solum
349 503 409 523 cum
422 495 561 530 Philippus
574 493 687 526 vocavit,
699 500 759 520 eum
769 491 851 518 vidit?
861 497 950 517 annon
961 489 1040 517 etiam

249 547 326 569 antea
349 542 466 569 insomni
491 541 537 568 illo
558 541 636 568 oculo
651 538 771 566 viderat?
786 537 895 565 Viderat
907 544 987 568 sane;
1002 535 1041 563 id-

249 595 302 622 que
315 595 394 615 nemo
407 586 554 614 diffiteatur
569 594 575 612 :
590 584 636 613 sed
651 585 694 612 hic
704 583 766 611 illud
778 588 880 610 tantum
892 582 961 617 quod
975 588 1042 616 opus

253 637 311 660 erat
322 632 464 660 dicentium
478 632 537 658 fuit.
551 631 620 664 Quid
633 637 696 665 ergo
715 629 778 657 ille?
793 629 858 662 Quia
871 629 976 663 signum
988 636 1041 655 non

250 677 360 704 dubium
376 677 548 711 pra‘scientize
561 675 620 710 ejus
632 678 784 710 acceperat,
797 673 830 700 ad
845 673 1041 700 confessionem

251 723 334 755 venit,
360 727 386 750 ct
409 731 455 757 per
478 722 676 750 cunctationem
701 720 828 755 priorem,
844 719 1041 746 accurationcm

251 776 326 795 suam
340 767 493 800 ostendens,
508 772 534 794 et
544 772 635 802 postea
650 773 697 801 per
711 773 871 793 consensum
884 764 1041 799 probitatem

251 821 326 839 suam
347 812 486 840 exhibens.
508 812 574 840 Nam
593 811 729 847 respondit
745 832 752 843 ,
770 811 914 846 inquit,-et
929 810 981 841 ait,
996 809 1040 836 49.

252 858 343 890 llubbi,
361 863 386 884 tu
399 867 424 885 es
439 857 522 884 Filius
539 857 603 889 Dei,
618 862 645 884 tu
664 865 689 883 es
705 856 760 883 Rea:
775 855 866 882 Israel.
882 854 975 882 Viden‘
985 854 1042 881 ani-

252 912 323 931 mam
337 904 434 939 gaudio
446 904 633 935 exsultantem,
643 906 669 930 et
680 901 769 929 verbis
782 901 872 929 Jcsum
886 900 1042 936 amplexan-

253 950 328 978 tem?
352 950 392 978 'I'u
412 958 454 984 es,
477 950 573 985 inquit,
587 949 631 976 ille
645 953 815 983 exspectatus
828 952 854 975 et
866 947 1040 975 desideratus.

252 995 347 1023 Viden’
363 999 524 1030 stupentem,
540 995 691 1026 mirantem,
705 993 892 1025 exsultantem,
904 992 1042 1020 salientem

253 1049 306 1076 pra:
321 1041 475 1076 voluptate?
489 1041 526 1068 Ita
541 1048 590 1068 nos
605 1047 710 1076 quoque
721 1039 837 1075 gaudere
847 1042 968 1073 oportet,
982 1039 1042 1072 qui-

252 1087 301 1114 bus
315 1087 374 1114 Filii
391 1087 437 1115 Dei
461 1086 576 1122 cognitio
597 1086 657 1113 data
680 1089 739 1117 est;
762 1084 896 1120 gaudere,
918 1084 1040 1119 inquam,

251 1140 303 1160 non
319 1138 408 1161 mente
423 1137 524 1160 tantum
539 1153 545 1164 ,
562 1132 610 1159 sed
625 1131 704 1159 rebus
719 1130 783 1166 ipsis
797 1129 921 1165 gaudium
935 1129 1040 1157 efferre.

252 1179 320 1212 Quid
345 1183 433 1206 autem
453 1177 624 1213 gaudentium
645 1177 705 1204 est?
719 1176 912 1210 Obtcmperare
925 1175 949 1202 ei
964 1182 1043 1210 quem

252 1224 334 1251 nosti.
359 1224 531 1254 Credentium
556 1227 644 1250 autem
665 1226 721 1255 est,
746 1229 777 1249 ea
795 1221 902 1253 facere,
916 1228 974 1256 qure
988 1220 1044 1255 ipse

252 1270 326 1297 velit.
343 1269 410 1297 Nam
423 1270 446 1297 si
469 1277 500 1296 ea
522 1268 614 1296 facturi
629 1275 738 1298 sumus.
754 1275 812 1302 quae
827 1267 911 1301 ipsum
925 1265 958 1293 ad
978 1266 1043 1293 iram

253 1319 415 1350 provocent,
431 1314 562 1342 undenam
576 1313 749 1341 ostendemus
766 1319 815 1340 nos
827 1312 962 1347 gaudere?
977 1311 1043 1339 Cum

252 1362 313 1396 quis
326 1361 397 1388 domi
408 1361 523 1388 amicum
537 1359 636 1394 excipit
647 1380 654 1392 ,
670 1366 722 1386 non
738 1358 832 1386 videtis
842 1357 974 1392 quomodo
983 1365 1043 1385 cum

255 1406 352 1441 gaudio
373 1406 463 1432 omnia
481 1404 580 1437 faciat,
599 1404 715 1438 undique
729 1403 960 1435 circumcursans,
981 1402 1043 1429 nulli

253 1453 291 1481 rei
307 1460 420 1488 parcens
432 1472 440 1484 ,
455 1451 558 1479 etiamsi
572 1458 640 1485 opus
654 1451 689 1477 sit
710 1449 848 1477 facultates
865 1455 959 1476 omnes
980 1455 1043 1483 pro-

254 1499 380 1530 fundere;
404 1498 483 1533 idque
508 1502 536 1524 ut
556 1497 643 1524 amico
665 1495 787 1531 placeat?
802 1495 877 1529 Quod
897 1495 918 1522 si
939 1494 1044 1522 vocanti

253 1552 305 1572 non
319 1544 526 1577 obtemperaret,
542 1549 627 1577 neque
642 1541 676 1569 ad
691 1541 749 1576 ejus
765 1541 889 1576 placitum
902 1540 990 1567 omnia
1005 1540 1044 1566 fa-

253 1594 335 1620 ceret.
359 1588 463 1616 etiamsi
486 1587 582 1615 millies
605 1587 707 1614 diceret
727 1594 757 1614 se
777 1586 811 1614 de
834 1585 916 1620 ipsius
930 1585 1045 1613 adventu

253 1634 352 1667 lactari,
375 1641 427 1661 nou
448 1633 539 1667 utique
559 1632 625 1660 fides
639 1632 662 1660 ei
680 1631 715 1659 ab
729 1631 833 1666 hospite
846 1631 1004 1663 haberetur;
1019 1634 1046 1658 et

254 1680 349 1708 merito
363 1686 437 1707 sane.
453 1679 517 1706 Illud
535 1678 606 1706 enim
625 1678 751 1713 operibus
764 1676 942 1704 exhibendum
963 1681 1044 1704 esset.

255 1725 345 1760 Itaque
368 1725 428 1759 quia
444 1723 565 1752 Christus
577 1723 610 1750 ad
626 1731 674 1751 nos
692 1723 761 1750 venit
772 1743 780 1755 ,
802 1723 972 1750 ostendamus
996 1729 1046 1750 nos

254 1771 388 1806 gaudere,
415 1769 534 1805 nihilque
557 1769 628 1805 quod
651 1769 684 1796 ad
709 1769 872 1796 iracundiam
899 1776 1045 1803 provocare

607 174 613 177 ‘
623 164 651 192 Ξ.
667 160 804 191 ιολΝΝιΞ
823 157 1058 188 CIIRYSOSTOMI
1073 158 1229 186 AltCllll-Jl‘.
1250 157 1514 186 CONSTANTINOP.

1835 159 1886 187 1‘28

1093 215 1177 250 possit
1191 214 1319 243 faciamus
1331 224 1338 248 ;
1358 222 1484 243 orncmus
1497 215 1606 242 domum
1623 214 1693 244 illam
1707 215 1731 243 in
1745 223 1824 251 quam
1838 218 1885 243 ad<

1092 261 1165 288 venit
1179 269 1186 288 :
1202 261 1253 288 hoc
1266 261 1438 296 gaudentium
1452 266 1494 288 cst
1508 270 1515 288 :
1531 268 1695 296 apponamus
1708 262 1733 288 in
1747 262 1886 296 prandium

1095 306 1120 332 id
1135 306 1206 341 quod
1227 307 1276 342 ipsi
1298 307 1414 333 maxime
1428 307 1514 341 placet
1531 315 1537 334 :
1555 306 1606 333 hoc
1620 306 1812 334 exsultantium
1833 312 1884 335 est.

1092 351 1232 386 Quodnam
1256 360 1320 380 vero
1341 351 1479 388 prandium
1501 351 1564 379 illud
1587 352 1645 380 est?
1668 352 1725 387 Ipse
1740 353 1796 379 ait:
1813 351 1886 380 Meus

1092 399 1161 426 tibus
1171 404 1217 433 est,
1231 404 1258 426 ut
1273 399 1365 434 faciant
1376 399 1529 426 voluntatem
1541 399 1596 433 ejus
1607 399 1650 434 qui
1664 399 1731 425 misit
1746 407 1785 425 me
1796 398 1886 433 (Joan.

1093 444 1120 471 4.
1135 444 1192 479 δι).
1213 444 1356 472 Pascamus
1376 444 1464 480 ipsum
1485 444 1647 471 esurientem
1659 465 1667 477 ,
1687 449 1777 479 potum
1793 444 1887 471 demus

1093 489 1212 522 sitienti;
1229 489 1251 517 si
1267 489 1309 517 vel
1324 497 1419 525 aquam
1435 489 1557 524 frigidam
1573 489 1680 516 dederis
1691 510 1699 522 ,
1714 489 1825 524 accipiet
1839 499 1845 516 :
1862 494 1887 517 te

1094 536 1192 570 quippe
1205 539 1293 568 amat;
1308 534 1387 562 amici
1401 541 1464 562 vero
1478 533 1546 561 dona
1557 554 1566 568 ,
1587 535 1757 569 quantumvis
1770 535 1864 570 exigua
1877 556 1885 568 ,

1094 581 1179 608 amico
1194 588 1287 616 magna
1303 581 1425 608 videntur
1438 588 1506 608 esse.
1523 580 1562 608 Tu
1578 588 1643 608 vero
1655 581 1741 609 solum
1755 589 1788 608 ne
1797 582 1887 616 segnis

1093 631 1169 660 esto;
1184 628 1287 654 etiamsi
1301 627 1369 655 duos
1389 626 1484 655 obolos
1496 627 1664 661 deposueris,
1680 635 1732 654 non
1752 628 1887 655 aversabi-

1096 677 1154 704 tur.
1173 671 1221 700 sed
1242 677 1375 708 tamquam
1390 679 1500 706 magnas
1514 680 1579 708 opes
1593 673 1713 708 accipiet.
1733 674 1799 701 Cum
1815 674 1886 701 enim

1094 717 1166 745 nullo
1186 717 1318 752 indigeat,
1342 725 1429 753 neque
1441 717 1498 745 hinc
1512 718 1561 752 ipsi
1577 720 1726 746 necessaria
1739 719 1809 751 sint,
1825 719 1887 754 jure

1095 771 1147 791 non
1170 771 1311 791 munerum
1335 763 1563 798 magnitudinem,
1586 764 1633 792 sed
1652 764 1739 792 dantis
1764 766 1886 800 proposi-

1095 815 1149 836 tum
1168 813 1280 844 spectat.
1295 809 1410 837 Tantum
1429 809 1540 837 ostende
1556 813 1582 837 te
1596 809 1783 838 adventantem
1800 811 1887 846 ipsum

1094 863 1194 888 amare,
1215 859 1241 883 te
1255 863 1286 883 ea
1301 855 1335 882 de
1349 862 1429 882 causa
1446 855 1580 882 nibil~non
1593 863 1687 890 agere,
1713 860 1739 884 te
1761 856 1794 884 de
1818 864 1887 891 prat-

1095 902 1181 930 sentia
1195 902 1253 937 ejus
1272 901 1399 937 gaudere.
1415 901 1481 929 Vide
1494 902 1628 936 quomodo
1651 902 1695 930 ille
1715 909 1777 937 erga
1802 907 1827 930 te
1851 903 1888 930 sit

1094 947 1214 975 affectus.
1235 947 1349 982 Propter
1362 952 1388 974 le
1403 947 1530 980 advenit,
1545 947 1661 974 animant
1678 955 1725 982 pro
1739 953 1765 976 te
1776 949 1864 983 posuit
1878 957 1886 975 :

1095 997 1122 1019 et
1137 997 1195 1027 post
1214 997 1285 1020 tanta
1304 992 1433 1020 beneficia
1446 1001 1480 1020 ne
1499 1000 1592 1028 rogare
1604 993 1711 1028 quidem
1727 999 1752 1021 te
1771 1000 1886 1022 recusat.

1097 1037 1149 1065 Pro
1159 1038 1258 1066 Christo
1269 1038 1351 1072 enim,
1367 1039 1462 1074 inquit,
1471 1039 1596 1074 legatione
1606 1040 1747 1076 fungimur,
1761 1045 1887 1077 tamquam

1096 1082 1150 1111 Deo
1169 1084 1313 1111 obsecrante
1327 1093 1372 1119 per
1386 1093 1432 1112 nos
1445 1084 1483 1121 (‘2.
1502 1085 1560 1112 Cor.
1576 1086 1602 1114 5.
1617 1085 1663 1122 20)
1691 1086 1788 1122 Ecquis
1800 1087 1834 1114 ita
1848 1087 1888 1115 fu-

1096 1129 1184 1157 riosus
1198 1135 1250 1163 est,
1272 1134 1301 1157 ut
1315 1129 1452 1158 dominum
1467 1137 1543 1158 suum
1560 1139 1612 1158 non
1626 1132 1715 1159 amet?
1726 1132 1780 1160 Iloc
1797 1137 1824 1160 et
1837 1141 1888 1168 ego

1095 1174 1156 1202 dico
1169 1196 1176 1207 ,
1191 1175 1300 1210 scioque
1313 1180 1435 1203 nostrum
1447 1175 1566 1210 singulos
1578 1184 1630 1204 non
1642 1177 1720 1204 aliter
1735 1178 1817 1205 verbo
1834 1178 1889 1205 sal-

1096 1224 1149 1248 tem
1164 1224 1190 1247 et
1203 1225 1292 1248 mente
1307 1227 1434 1248 sensuros
1444 1228 1514 1248 esse.
1528 1221 1581 1249 Sed
1597 1230 1650 1250 non
1666 1222 1754 1250 verb's
1765 1228 1864 1251 tantum
1877 1245 1887 1257 ,

1096 1266 1143 1294 sed
1159 1266 1238 1294 etiam
1254 1266 1380 1301 operibus
1398 1266 1454 1294 vult
1467 1266 1489 1294 is
1502 1267 1546 1302 qui
1561 1272 1666 1295 amatur
1677 1276 1796 1296 amorem
1809 1269 1886 1296 exhi-

1097 1313 1163 1341 beri.
1179 1313 1244 1340 Nam
1257 1314 1279 1340 si
1295 1313 1330 1340 ita
1344 1313 1451 1348 quidem
1465 1313 1615 1348 loquamur,
1633 1322 1719 1350 neque
1733 1321 1888 1350 pnestemns

1097 1358 1123 1385 id
1135 1358 1206 1393 quod
1224 1362 1345 1386 amantes
1369 1358 1471 1391 solent,
1492 1358 1603 1386 ridicula
1618 1366 1683 1387 sane
1697 1367 1741 1387 res
1762 1363 1818 1393 est,
1835 1368 1889 1388 nou

1096 1404 1165 1439 apud
1179 1404 1261 1432 Deum
1277 1409 1377 1431 tantum
1388 1425 1395 1437 ,
1410 1404 1457 1432 sed
1475 1405 1555 1432 etiam
1570 1404 1640 1440 apud
1662 1405 1793 1433 homines.
1814 1406 1887 1440 Quo-

1097 1449 1168 1477 niam
1184 1449 1263 1484 igitttr
1275 1449 1364 1477 verbis
1377 1453 1479 1476 tantum
1492 1449 1625 1483 conﬁteri,
1641 1455 1668 1478 et
1683 1451 1762 1478 rebus
1775 1457 1886 1479 contra-

1098 1495 1135 1522 ria
1155 1499 1299 1530 pratstare,
1315 1502 1366 1522 non
1384 1495 1476 1523 inutile
1491 1495 1570 1523 modo
1580 1516 1588 1528 ,
1601 1496 1649 1524 sed
1660 1497 1740 1524 etiam
1754 1498 1888 1532 pernicio-

1097 1548 1156 1568 sum
1172 1545 1230 1573 est;
1245 1548 1325 1576 rogo,
1342 1541 1538 1569 confessionem
1553 1549 1601 1577 per
1611 1550 1690 1577 opera
1704 1544 1888 1575 exhibeamus.

1098 1591 1126 1614 ut
1141 1587 1198 1622 ipse
1213 1594 1263 1615 nos
1277 1587 1434 1615 confiteatur
1448 1587 1496 1614 illo
1508 1587 1569 1621 die,
1584 1588 1691 1623 quando
1703 1589 1773 1623 apud
1785 1589 1890 1617 Patrem

1097 1633 1204 1667 quinam
1228 1633 1300 1668 digni
1321 1634 1374 1661 sint
1393 1633 1581 1661 confitebitur:
1598 1634 1624 1661 in
1638 1634 1744 1662 Christo
1758 1635 1821 1663 Jesu
1837 1636 1889 1663 l)o-

1098 1678 1171 1705 mino
1182 1682 1274 1705 nostro
1284 1698 1291 1711 ,
1307 1686 1354 1713 per
1367 1686 1446 1714 quem
1464 1683 1491 1706 et
1507 1686 1568 1706 cum
1583 1687 1636 1714 quo
1650 1680 1720 1707 Patri
1735 1681 1817 1715 gloria
1829 1702 1836 1711 .
1852 1683 1889 1708 si-

1098 1723 1206 1758 mulque
1215 1728 1308 1751 sancto
1321 1724 1441 1759 Spiritui,
1456 1732 1527 1752 nunc
1536 1730 1562 1752 ct
1576 1731 1682 1760 semper
1692 1747 1700 1759 ,
1716 1731 1743 1754 et
1758 1727 1782 1753 iu
1794 1728 1889 1755 szecula

1097 1770 1266 1797 saeculorum.
1281 1771 1375 1798 Amen.

930 1868 1103 1900 HOMILIA
1125 1869 1214 1900 XXI.

255 1947 300 1975 ιθ.
317 1946 457 1982 Respondit
470 1945 637 1979 Nathanael,
653 1950 676 1973 et
687 1946 747 1973 dicit
760 1945 782 1972 ei
795 1953 804 1972 :
818 1944 908 1978 Rabbi,
923 1949 949 1972 tu
960 1953 985 1972 es
1001 1945 1047 1972 Fi-

291 1994 338 2021 lius
357 1992 421 2026 Dei,
438 1998 464 2019 tu
484 2001 509 2020 es
523 1988 578 2020 Rex
596 1991 687 2019 Israel.
703 1991 748 2020 50.
761 1991 899 2026 Respondit
916 1990 992 2017 Iesus
1003 2010 1010 2024 ,
1024 1995 1047 2017 et

291 2039 356 2066 dixit
368 2040 391 2066 ei
401 2047 411 2066 :
427 2039 493 2073 Quia
503 2039 557 2066 disi
568 2038 621 2071 tibi,
640 2037 698 2065 Vidi
708 2041 732 2065 te
745 2037 790 2064 sub
803 2037 863 2071 ﬁcu,
879 2036 979 2064 credis?
993 2036 1046 2063 Ma-

289 2086 348 2120 jora
361 2085 400 2111 Itis
413 2084 516 2111 uidebis.

293 2130 319 2157 i.
336 2129 416 2157 Multa
437 2130 514 2157 nobis
530 2137 593 2157 cura
615 2136 681 2164 opus
703 2133 766 2162 est,
783 2128 888 2162 dilecti,
904 2129 1048 2164 multisque

256 2176 352 2210 vigiliis
362 2195 370 2206 .
385 2181 414 2202 ut
434 2183 570 2203 sacrarum
584 2175 780 2210 Scripturarum
792 2175 952 2210 profundum
965 2175 1048 2209 inspi-

256 2228 318 2248 cere
333 2220 476 2254 possimus.
498 2220 589 2255 Neque
603 2220 675 2246 cnim
698 2219 785 2254 supini
808 2219 850 2247 vel
874 2219 1049 2247 dormitantes

258 2272 401 2300 possumus
413 2265 471 2300 ejus
485 2272 564 2293 sensa
578 2265 724 2300 percipere,
741 2264 787 2292 sed
799 2271 865 2299 opus
875 2269 916 2292 est
925 2269 1049 2292 accurato

259 2310 394 2342 examine,
409 2310 579 2345 assiduisque
593 2309 727 2344 precibus,
744 2313 772 2336 ut
786 2309 828 2336 vel
843 2309 975 2336 tantillum
987 2316 1049 2344 pos-

259 2356 343 2382 simus
358 2355 384 2381 iu
396 2362 470 2382 sacra
487 2355 532 2382 illa
547 2355 672 2390 mysteria
690 2359 839 2389 penetrare.
855 2354 923 2382 Ecce
935 2362 1049 2390 namque

261 2400 341 2427 hodie
362 2407 414 2427 non
438 2400 503 2427 levis
519 2400 596 2427 nobis
615 2400 728 2434 quaestio
742 2400 912 2434 proponitur,
929 2399 975 2427 sed
991 2408 1050 2435 qua:

260 2447 343 2474 multa
367 2451 442 2482 egeat
467 2446 622 2481 diligentia,
649 2446 730 2473 multa
757 2446 957 2481 perquisitione.
983 2446 1048 2474 Cum

260 2491 408 2519 Nathanacl
424 2491 507 2524 dicit,
529 2491 569 2518 Tu
582 2500 607 2518 es
620 2491 704 2518 Filius
719 2491 786 2523 Dei;
807 2491 950 2526 respondet
970 2491 1048 2519 Chrio

260 2543 329 2571 stus,
353 2537 420 2571 Quia
441 2538 495 2564 dixi
508 2537 567 2570 tibi,
587 2537 645 2564 Vidi
656 2542 678 2564 Ie
689 2537 734 2564 sub
748 2538 799 2572 ﬁcu
812 2558 819 2570 ,
832 2538 933 2565 credis?
948 2537 1050 2574 Majora

261 2585 300 2611 his
310 2584 413 2612 uidebis.
428 2584 496 2618 Quid
509 2584 636 2618 qua-ritur
648 2585 716 2610 circa
733 2584 866 2618 praemissa
882 2585 980 2612 verba?
996 2585 1050 2612 Cur

263 2630 358 2658 Petrus
372 2635 431 2665 post
443 2634 514 2656 tanta
527 2629 653 2657 miracula
668 2630 675 2646 ⁸
690 2650 697 2663 ,
714 2634 772 2665 post
787 2635 885 2657 tantam
899 2635 1049 2665 susceptam

261 2676 420 2709 doctrinam,
445 2675 484 2702 sic
507 2675 657 2708 confessus,
674 2675 713 2702 Tu
732 2684 758 2702 es
780 2675 863 2702 Filius
878 2675 941 2708 Dei,
957 2676 1051 2703 beatus

260 2722 431 2756 pratdicatur,
455 2726 546 2756 utpote
570 2721 612 2748 cui
633 2721 711 2748 Pater
727 2721 783 2748 lure
803 2721 962 2749 revelaverit
975 2729 982 2754 ;
996 2721 1049 2748 Nu-

295 2802 302 2816 '
322 2801 350 2826 In
359 2801 441 2826 Morel.
456 2798 494 2825 hic
505 2801 539 2825 sic
549 2800 649 2825 effertur
661 2800 767 2825 locus...
779 2809 790 2822 ι
799 2799 918 2825 ridebis).
932 2799 1000 2825 Mulli
1007 2799 1051 2825 hoc

261 2831 349 2857 (Ἧι-ἱ.αὲ
371 2837 509 2862 responsum
528 2831 661 2861 audientes,
674 2831 788 2862 ancipites
811 2831 901 2855 luerent
923 2831 1050 2856 (tremes:

262 2862 322 2891 Quid
333 2868 392 2894 ergo
399 2863 409 2887 1’
423 2865 515 2892 Petrus,
527 2865 576 2893 post
589 2865 654 2886 tanta
662 2861 788 2890 mtrnrula,
798 2864 844 2886 cve.

1101 1944 1206 1972 thanacl
1223 1952 1286 1973 vero
1301 1945 1345 1981 qui
1369 1951 1431 1974 ante
1452 1946 1526 1981 signa
1538 1966 1545 1979 ,
1560 1951 1623 1974 ante
1635 1946 1783 1974 doctrinam
1795 1967 1804 1981 ,
1819 1947 1890 1974 idem

1100 1991 1185 2026 ipsunt
1199 1996 1241 2019 est
1253 1992 1387 2026 loquutus,
1404 1992 1469 2019 nihil
1481 1992 1534 2019 tale
1546 1991 1658 2026 audivit,
1673 1992 1720 2020 sed
1735 1992 1809 2027 quasi
1822 1993 1890 2019 nihil

1099 2041 1199 2064 tantum
1213 2037 1334 2071 dixisset,
1345 2042 1471 2072 quantum
1484 2044 1551 2072 opus
1564 2042 1631 2072 erat,
1644 2038 1677 2066 ad
1694 2039 1792 2073 majora
1807 2038 1890 2066 mitti-

1099 2082 1161 2109 tur?
1179 2082 1248 2116 Quid
1263 2083 1342 2117 igitur
1362 2083 1388 2110 in
1407 2090 1486 2110 causa
1502 2083 1566 2110 est?
1580 2083 1646 2117 Quia
1666 2083 1759 2111 eadem
1783 2083 1890 2118 quidem

1100 2128 1180 2155 verba
1195 2128 1297 2162 loquuti
1318 2132 1380 2155 sunt
1395 2128 1489 2156 Petrus
1503 2133 1530 2156 et
1552 2128 1697 2156 Natbanael
1708 2149 1716 2160 ,
1732 2137 1781 2156 nec
1802 2135 1890 2156 tamen

1100 2173 1194 2200 eodem
1208 2177 1318 2208 uterque
1330 2181 1421 2201 sensu.
1439 2173 1492 2201 Sed
1508 2174 1602 2202 Petrus
1621 2173 1729 2209 quidem
1752 2174 1891 2202 confessus

1101 2223 1143 2246 est
1152 2226 1214 2246 eum
1225 2218 1320 2246 Filium
1337 2219 1394 2253 Del,
1411 2225 1440 2248 ut
1453 2227 1544 2247 verum
1559 2219 1654 2252 Deum,
1671 2220 1816 2247 Nathanacl
1826 2227 1892 2247 vero

1101 2265 1250 2300 simplicem
1263 2265 1409 2293 hominem.
1424 2266 1456 2293 Et
1470 2265 1603 2293 undenam
1615 2266 1640 2293 id
1653 2266 1730 2294 nobis
1739 2266 1838 2301 liquet?
1851 2265 1892 2293 Ex

1101 2311 1282 2344 sequentibus.
1297 2311 1440 2346 Postquam
1455 2311 1521 2338 dixit
1532 2312 1616 2344 enim,
1633 2311 1672 2338 Tu
1684 2319 1710 2338 es
1725 2310 1809 2338 Filius
1823 2311 1870 2338 Dei
1881 2331 1889 2342 ,

1102 2356 1218 2388 addidit,
1242 2361 1269 2383 tu
1292 2366 1317 2384 es
1342 2356 1398 2384 lica:
1419 2356 1512 2384 Israel.
1535 2356 1620 2384 Filius
1637 2362 1726 2384 autem
1751 2357 1814 2389 Dei,
1837 2364 1891 2383 non

1102 2400 1206 2429 lsraelis
1221 2406 1322 2430 tantum
1334 2422 1341 2435 ,
1356 2402 1403 2430 sed
1416 2402 1496 2429 etiam
1512 2402 1584 2429 orbis
1598 2402 1679 2429 totius
1694 2402 1752 2430 llex
1771 2406 1823 2429 est.
1839 2401 1892 2429 Νε-

1101 2455 1154 2483 que
1167 2447 1227 2475 inde
1239 2448 1324 2475 solum
1338 2447 1363 2475 id
1378 2448 1464 2482 palam
1480 2452 1538 2480 est,
1553 2447 1600 2476 sed
1612 2448 1692 2475 etiam
1706 2456 1738 2475 ex
1754 2449 1893 2483 sequenti-

1102 2495 1161 2522 bus.
1177 2494 1256 2522 Petro
1270 2501 1385 2528 namque
1406 2493 1472 2520 nihil
1493 2494 1561 2521 ultra
1577 2494 1675 2529 adjecit
1691 2494 1823 2528 Christus,
1844 2494 1892 2522 sed

1102 2540 1178 2575 quasi
1203 2539 1269 2566 fides
1294 2540 1353 2574 ejus
1377 2539 1492 2574 perfecta
1515 2545 1605 2572 esset,
1626 2539 1771 2568 Ecclesium
1786 2539 1850 2567 dicit
1864 2548 1893 2568 se

1102 2591 1184 2619 super
1196 2585 1390 2612 confessionem
1406 2584 1463 2618 ejus
1477 2583 1670 2611 tcdificaturum
1682 2591 1752 2612 esse.
1770 2584 1818 2612 IIic
1829 2593 1894 2612 vero

1103 2630 1168 2657 nihil
1192 2629 1355 2663 hujusntodi,
1381 2629 1433 2656 imo
1457 2629 1620 2656 contrarium
1648 2629 1786 2657 observes.
1811 2630 1893 2662 Quasi

1103 2675 1175 2702 enim
1187 2674 1322 2702 confessio
1336 2674 1378 2701 illa
1395 2675 1498 2709 potiore
1511 2675 1551 2702 sui
1571 2679 1649 2709 parte
1669 2675 1813 2707 deﬁceret,
1830 2677 1894 2704 roli-

1103 2727 1155 2754 qua
1179 2719 1306 2747 subdidit.
1328 2720 1396 2754 Quid
1416 2721 1487 2747 enim
1503 2720 1558 2748 ait?
1573 2721 1617 2748 5|.
1633 2721 1731 2753 Amen,
1746 2729 1822 2749 mea
1838 2722 1895 2750 dico

1104 2765 1171 2792 vobis
1183 2773 1193 2792 :
1206 2766 1298 2792 amodo
1310 2766 1424 2793 videbitis
1438 2767 1528 2793 ctutum
1542 2771 1658 2802 apertum
1669 2787 1678 2800 ,
1692 2771 1716 2795 et
1730 2768 1834 2803 angelos
1848 2769 1894 2795 Ι)ιὶ

1104 2812 1265 2839 ascendentes
1287 2817 1309 2839 et
1325 2812 1499 2840 descendentes
1512 2821 1588 2848 super
1606 2812 1702 2840 Filium
1715 2813 1832 2841 hominis.
1849 2814 1892 2841 Υἱ-

1105 2858 1165 2885 den‘
1183 2857 1317 2892 quomodo
1338 2857 1411 2886 illum
1428 2858 1553 2894 paulatim
1572 2859 1605 2887 de
1619 2864 1689 2888 terra
1702 2859 1801 2896 erigat,
1816 2865 1843 2887 et
1861 2867 1894 2887 cu
