2040 3113
185 180 232 208 “9
677 174 709 202 ΙΝ
728 171 883 202 JUANNEM
906 170 1021 198 l|0.\|||..
1044 170 1112 196 XX].
1134 171 1169 197 al.
1191 170 1248 198 XX.
1766 173 1814 198 LW

181 237 312 268 dedu-at,
339 243 372 262 nc
397 235 483 268 ipsum
510 237 642 267 tamquam
665 230 810 264 simplicem
833 228 969 254 hominem

180 280 310 316 efﬁngat?
322 280 346 307 Is
358 280 427 307 enim
442 279 483 306 cui
497 277 583 313 angeli
598 276 728 307 serviunt,
741 282 820 308 super
833 280 910 308 quem
924 279 972 296 an-

181 329 232 364 geli
265 326 414 354 ascendunt
444 331 471 352 ct
498 323 684 354 descendunt.
717 329 769 356 quo
794 324 871 355 pacto
895 318 974 344 ιιεηιιο

183 374 281 402 fuerit?
294 374 355 401 Ideo
369 373 445 403 dixit,
460 371 561 407 Majora
572 371 610 397 Itis
621 368 730 400 videbis;
744 366 814 402 quod
826 365 972 399 explicans,

181 419 338 454 angelorum
362 416 537 444 ministerium
561 414 663 445 attulit;
688 421 720 440 ac
742 413 764 439 :~i
786 411 903 438 diceret:
921 409 975 436 Ma-

182 471 263 499 gnum
280 463 326 490 libi
342 462 391 489 hoc
405 461 510 488 videtur
521 481 527 492 ,
546 468 562 486 o
575 457 719 486 Nathanael
730 477 738 489 ,
762 456 875 490 ideoque
890 462 932 480 tne
948 457 976 480 ut

186 509 293 537 lsrarlis
316 508 414 542 Regem
437 505 577 533 confessus
596 512 625 531 cs
647 513 654 531 :
677 503 738 538 quid
753 510 816 535 ergo
830 501 902 527 dices
915 507 975 526 eunt

183 555 282 583 videris
301 555 408 589 angelos
419 560 499 587 super
518 559 560 579 me
578 550 750 578 asttendentes
766 553 793 576 et
813 545 977 575 desreudett-

183 603 241 631 tes?
257 601 299 629 ltis
312 601 350 628 illi
367 600 491 632 suadens,
503 605 530 625 ttt
541 605 570 626 se
583 597 736 632 angelorum
748 594 827 622 etiam
837 593 976 620 Dominum

184 648 354 676 conﬁteatur.
379 646 446 674 Nam
469 645 544 680 quasi
558 643 590 671 ad
611 643 754 678 genuinum
778 639 858 674 [tegis
878 638 976 669 lilium,

183 696 223 723 sic
242 693 439 722 descendebant
454 696 481 719 et
500 689 678 718 ascendebant
698 686 811 714 ministri
828 684 910 719 regii,
928 683 978 709 hoc

185 740 268 768 utodo
282 745 402 773 tempore
416 737 518 769 crucis,
536 736 580 763 illo
595 739 682 762 autem
699 734 724 760 itt
739 730 935 760 resurrectione
951 732 978 754 et

185 785 358 816 ascensione,
376 783 525 810 imo'antca
537 802 544 815 ,
561 780 668 816 quando
683 780 852 805 accesserunt
866 795 872 806 ,
889 778 915 800 et.
929 773 977 799 nti-

186 831 336 859 nistrabant
357 830 400 862 ei,
424 828 529 864 qttando
552 826 634 861 ipsius
657 824 758 852 natales
780 820 975 857 prtedicabant,

186 876 295 911 quando
307 875 474 906 clamabant,
489 872 576 900 Clario
589 873 614 898 in
627 870 731 898 ea'relsis
750 868 804 894 Deo
816 889 822 899 ,
839 871 861 893 et
875 867 899 892 iu
914 870 979 891 terra

188 931 240 957 pax
263 920 346 957 (Luc.
370 919 398 946 2.
421 916 618 954 14);‹ιιι;;ιιι10
642 915 674 942 ad
697 914 805 941 Mariam
830 914 977 943 vcnettntt,

188 968 297 1002 quando
311 967 344 994 ad
358 965 512 1000 Josephum.
529 962 604 997 Quod
619 969 690 996 saspe
712 960 827 991 fecerat,
852 966 921 985 nune
943 958 979 983 l'a-

187 1014 234 1040 cil.
251 1013 307 1040 Duo
331 1011 465 1047 pra-dicit,
481 1014 507 1037 et
524 1009 633 1036 alterius
647 1006 773 1034 indicittttt
789 1005 849 1036 dat,
866 1003 978 1030 alterum

188 1067 221 1087 ex
237 1060 286 1086 huc
302 1058 442 1086 centirtnat
465 1057 592 1084 futurum.
609 1054 649 1082 Ex
665 1061 745 1088 supra
762 1052 839 1078 dictis
862 1050 912 1077 alia
925 1049 979 1084 jam

187 1105 368 1132 demonstrata
385 1103 498 1134 fuerant.
513 1101 592 1136 quale
606 1099 669 1127 illud
693 1102 750 1126 erat
781 1102 842 1124 avtle
865 1095 979 1130 Philippi

188 1150 366 1181 vocationem,
387 1149 444 1175 l'idi
459 1153 482 1175 te
494 1147 540 1174 sub
554 1147 603 1181 ﬁcu
615 1154 624 1178 ;
638 1145 690 1172 alia
704 1149 831 1171 eventura
843 1146 919 1168 erant
929 1161 937 1173 ,
954 1144 980 1168 et

187 1205 219 1223 ex
238 1201 312 1231 parte
325 1198 469 1222 evenerant
482 1214 489 1226 ,
505 1193 659 1228 angelorum
675 1197 772 1224 neutpe
792 1189 936 1216 descensus
954 1192 982 1214 et

187 1249 316 1269 ascensus
331 1249 337 1272 ;
356 1241 379 1267 in
394 1247 483 1271 cruce,
501 1239 525 1265 in
539 1237 745 1267 resurrectione,
763 1235 788 1262 itt
802 1233 958 1261 ascensione
973 1241 979 1259 :

187 1288 230 1314 cui
246 1288 283 1314 rei
298 1295 328 1314 ex
346 1286 480 1321 pra-dictis
496 1285 573 1311 lidcnt
588 1283 659 1314 facit,
679 1283 758 1310 etiam
771 1286 832 1308 atttc
845 1285 979 1307 eventum.

187 1332 256 1360 Nam
278 1333 321 1367 qtti
338 1333 393 1366 jam
415 1331 440 1357 in
463 1329 604 1365 pra-teritis
622 1328 680 1364 ejus
703 1327 829 1354 virtutem
852 1323 980 1360 agnovit,

188 1379 276 1405 futura
299 1378 320 1404 si
346 1377 444 1405 audiat.
474 1375 575 1402 facilius
590 1373 711 1408 accipiet.
728 1372 795 1405 Quid
808 1379 871 1405 ergo
886 1369 982 1396 Nutha-

188 1424 272 1452 nael?
288 1424 355 1450 Nihil
372 1423 403 1451 ad
423 1423 471 1449 hoc
485 1420 630 1455 reSpondil.
645 1419 704 1447 Ideo
716 1418 839 1446 Christus
850 1417 891 1444 ltic
903 1416 981 1442 linetn

187 1469 295 1497 dicendi
310 1469 381 1500 facit,
397 1468 487 1495 sinsns
503 1466 577 1494 illnnt
591 1466 659 1492 dicta
680 1471 771 1492 secant
786 1468 919 1497 reputare,
932 1468 980 1488 nec

188 1515 283 1542 rolens
306 1513 394 1541 omnia
409 1514 497 1540 statim
519 1511 655 1540 cli'uadere
667 1531 675 1543 ,
695 1509 742 1536 sed
756 1509 829 1543 jacto
844 1508 870 1535 itt
887 1508 981 1534 bonam

189 1565 289 1588 teriam
302 1560 405 1587 semine
416 1579 423 1591 ,
435 1559 497 1586 sinit
510 1565 568 1585 eam
585 1557 683 1584 fructus
698 1563 745 1590 per
759 1554 841 1581 otium
854 1553 982 1588 prol'crt'c.

191 1607 220 1635 Id
235 1606 304 1641 quod
317 1605 378 1634 alibi
392 1605 430 1632 sic
444 1603 599 1632 declarabat
616 1612 622 1629 :
637 1602 727 1629 Simile
742 1605 777 1627 est
789 1608 892 1636 regnum
906 1599 982 1626 caelo-

189 1662 248 1682 rum
268 1653 373 1684 ltomini,
398 1652 441 1684 qui
459 1649 692 1678 seminavitbonum
712 1655 803 1675 semen.
824 1646 887 1674 Cum
902 1650 985 1672 autem

189 1700 323 1732 dormiret,
339 1698 403 1725 venit
417 1697 531 1724 inimicus
545 1696 600 1731 ejus
610 1715 616 1726 ,
633 1699 655 1721 et
671 1692 875 1728 superseminavit
887 1691 985 1718 zizania

191 1747 217 1773 in
225 1745 306 1771 medio
314 1743 389 1770 tritici
400 1742 504 1777 (Matth.
516 1741 611 1768 15.2t.
623 1739 678 1773 25).
691 1738 764 1774 (Cap.
774 1737 801 1773 2)
824 1738 846 1764 1.
860 1737 904 1763 Die
914 1736 986 1762 tertia

192 1792 288 1826 nuptitt-
299 1793 372 1825 factm
380 1793 437 1816 sunt
446 1789 470 1815 in
481 1787 549 1815 Cana
559 1786 681 1813 Gllliltl‘w.
690 1785 718 1812 ‘2.
724 1784 754 1811 Et
763 1789 863 1811 voc/rtus
871 1787 906 1809 est
912 1783 986 1809 Iesus

192 1839 228 1866 ad
242 1838 353 1872 nuptias.
368 1835 430 1862 Erat
446 1839 528 1861 autent
545 1839 626 1860 mater
642 1831 704 1858 Jesu
719 1831 763 1864 ibi,
782 1835 804 1857 et
818 1831 909 1866 fratres
920 1829 984 1863 ejus.

193 1886 253 1913 Jattt
269 1884 322 1911 dixi
340 1891 400 1910 cum
420 1882 444 1907 in
459 1881 567 1909 Galilma
583 1879 713 1906 notiorem
728 1877 827 1909 fuisse;
845 1883 926 1910 quare
943 1882 988 1902 vo-

195 1935 328 1958 cauteum
345 1928 376 1954 ad
391 1927 506 1962 nuptias,
522 1926 631 1960 ipseque
641 1923 727 1951 adest.
741 1922 797 1950 Non
814 1923 884 1949 eniut
900 1920 932 1948 ad
948 1921 988 1947 di-

196 1978 325 2012 gnitatem
348 1983 422 2001 suam
446 1972 622 2007 respiciebat,
639 1970 685 1997 sed
709 1973 767 1996 erat
781 1968 813 1995 ad
830 1967 987 1995 beneﬁt-ium

196 2023 276 2050 nobis
296 2020 465 2049 inferendum
489 2022 604 2053 paratus.
620 2017 685 2044 Nam
699 2017 743 2050 qui
765 2022 816 2042 non
831 2013 989 2048 dedignatus

196 2075 240 2098 est
253 2070 364 2097 formant
378 2068 447 2095 servi
461 2065 592 2100 accipere,
609 2063 691 2090 tnnlto
705 2062 792 2089 tninns
805 2060 990 2095 dedignabitur

197 2115 232 2143 ad
247 2115 351 2149 nuptias
364 2119 502 2140 servorum
529 2110 619 2136 venire
632 2117 639 2141 ;
655 2107 698 2143 qui
720 2115 780 2134 cuttt
801 2105 949 2140 publicanis
963 2109 991 2131 ct

200 2160 384 2196 peccatoribus
397 2157 564 2189 versabatur,
581 2155 665 2182 multo
680 2154 769 2180 minus
784 2151 916 2179 recusabit
927 2159 988 2178 ctttn

200 2207 318 2234 invitatis
332 2205 365 2232 ad
380 2204 486 2238 nuptias
500 2201 667 2229 recumbere.
683 2199 732 2232 Qui
751 2201 919 2228 vocaverant,
933 2204 986 2223 ttou

199 2256 393 2287 Congrueuletu
416 2243 449 2277 de
473 2249 519 2276 illo
538 2247 690 2282 opinionem
707 2245 849 2276 habebant,
864 2251 949 2278 ttequc
963 2247 991 2269 ut

201 2305 327 2332 magnum
342 2295 494 2331 quempiam
510 2293 594 2320 virum
610 2291 767 2322 invitabant,
782 2289 827 2316 sed
843 2295 870 2316 ιιι
886 2289 993 2323 popula-

201 2352 259 2370 rem
280 2346 308 2369 εἰ
328 2341 378 2368 sibi
399 2345 500 2367 nolunt.
517 2339 550 2366 Et
571 2338 621 2364 ltoe
640 2335 815 2364 subindieavit
832 2334 991 2369 evangelista

201 2392 294 2417 dicens
310 2399 316 2416 :
333 2388 395 2415 Erat
415 2393 499 2414 autent
522 2391 601 2412 mater
619 2384 682 2410 Jesu
705 2383 747 2414 ibi,
772 2387 793 2408 et
817 2381 908 2415 fratres
927 2380 991 2416 ejus.

201 2433 435 2470 Quemadmodum
451 2432 520 2459 illam
537 2435 564 2458 et
584 2429 680 2457 fratres
697 2428 774 2462 ejus,
798 2427 832 2453 ita
852 2431 879 2452 et
902 2425 992 2453 .Icsum

202 2483 373 2509 vocaverant.
389 2480 415 2506 5.
434 2478 463 2504 Et
479 2477 608 2511 deﬁciente
626 2475 682 2502 vino
700 2474 761 2500 dicit
784 2478 862 2499 mater
884 2472 937 2506 ejus
960 2470 994 2497 ad

203 2535 261 2554 nam
277 2535 287 2553 :
305 2525 400 2551 Vinum
423 2532 472 2551 non
494 2522 596 2549 lmbeut.
613 2521 660 2548 llic
671 2520 732 2554 jure
745 2523 880 2554 quaeratur
895 2527 901 2543 ι
919 2516 995 2544 Unde

204 2572 283 2600 utatri
300 2572 326 2598 in
341 2575 456 2598 ttteutent
468 2568 547 2596 subiit
561 2567 622 2603 quid
637 2574 760 2600 mugitum
773 2565 805 2592 de
817 2563 870 2590 lilio
881 2563 992 2598 opinari:

205 2619 309 2646 nullum
325 2617 396 2644 enim
410 2615 498 2642 adhuc
519 2614 621 2648 signum
644 2611 742 2639 iecerat
758 2619 764 2637 :
778 2617 837 2637 nam
855 2608 910 2635 lloc
925 2609 994 2644 fecit,

205 2664 302 2699 inquit.
316 2658 634 2695 initiumsignat-undam
652 2657 753 2684 inCunu
767 2655 880 2682 Galiltcw
887 2656 923 2688 (υ.
939 2654 994 2687 Η).

240 2711 268 2738 2.
281 2709 397 2737 Christus
410 2717 460 2735 non
474 2708 499 2734 in
514 2706 630 2741 primicpa
641 2709 713 2732 (etate
727 2703 849 2730 miracula
864 2701 973 2737 patravit
986 2708 995 2732 ,'

205 2759 284 2784 trium
305 2762 430 2782 armorum
456 2753 537 2788 spatio
558 2750 687 2777 miraculis
710 2750 846 2776 celebratus
866 2751 910 2774 est.
926 2747 997 2780 Quo-

206 2803 281 2830 modo
300 2802 384 2829 Maria
406 2800 452 2834 ﬁlii
468 2799 542 2826 etiam
558 2797 628 2832 pueri
643 2797 798 2823 divinitatea:
814 2795 937 2830 suspicari
950 2802 995 2827 po-

207 2849 291 2876 tuerit.
307 2846 417 2880 Quando
431 2844 574 2880 parentibus
587 2841 894 2877 obsequendum.-Quod
909 2842 929 2868 si
939 2840 997 2876 quis

208 2895 310 2924 dixerit
327 2914 334 2927 ,
351 2900 405 2921 non
421 2891 543 2920 idoncnnt
566 2889 615 2917 Itot:
630 2897 688 2918 esse
703 2894 887 2924 argumentum
904 2908 910 2919 ,
925 2884 995 2921 ψιοαί

1029 235 1091 262 illttd
1105 236 1139 262 sit
1152 236 1254 263 initium
1269 237 1405 270 signorum
1423 244 1474 268 ,.eo
1489 237 1558 271 quod
1574 237 1691 263 additum
1706 237 1737 264 sit
1753 258 1760 270 ,
1781 236 1812 263 lu

1027 280 1096 306 Cana
1108 280 1240 312 Guliltew;
1254 282 1326 315 quasi
1342 281 1391 308 ltuc
1408 282 1520 316 primum
1535 282 1568 309 ibi
1581 281 1678 308 factum
1692 282 1746 314 sit,
1764 290 1813 309 nec

1027 332 1115 353 tamen
1127 327 1248 354 absolute
1267 327 1380 361 primum
1394 336 1400 360 ;
1417 329 1561 356 verisimile
1574 329 1673 363 quippe
1686 332 1726 355 est
1740 328 1813 355 illunt

1027 373 1089 400 alibi
1101 373 1150 400 alia
1164 373 1260 400 iecisse
1275 382 1280 399 :
1299 373 1518 407 respondebimus
1529 374 1553 401 ei
1568 374 1594 401 id
1609 374 1678 408 quod
1692 374 1747 408 jam
1760 376 1816 408 prl-

1028 426 1072 446 mo
1085 418 1210 445 diximus.
1224 418 1362 452 Quodnam
1374 418 1435 445 illud
1446 419 1505 445 est?
1518 419 1545 445 ld
1561 419 1630 453 quod
1638 420 1675 446 ait
1687 418 1814 446 Joannes:

1029 464 1084 500 Ego
1110 469 1197 490 autem
1220 464 1359 491 nesciebam
1380 472 1435 490 eum
1451 473 1460 496 ,'
1474 464 1518 491 sed
1541 469 1566 490 ut
1593 465 1766 498 manifestatur
1790 465 1815 491 in

1029 510 1129 542 Israel,
1145 515 1277 546 propterea
1300 510 1354 537 veni
1379 518 1423 546 ego
1439 510 1537 545 inaqua
1552 510 1692 545 baptizatus.
1709 510 1774 537 Natu
1794 511 1817 537 si

1031 557 1056 583 iu
1073 556 1198 591 primtcva
1218 560 1296 583 relate
1313 556 1438 583 miracula
1452 556 1580 583 edidisset
1597 577 1604 589 ,
1621 564 1672 583 tton
1689 564 1755 591 opus
1771 558 1817 584 ha-

1031 603 1152 630 buissent
1171 602 1296 630 Israelita;
1309 602 1393 628 altero
1405 622 1412 633 ,
1425 602 1468 636 qui
1493 602 1578 636 ipsum
1607 602 1744 629 indicaret.
1767 602 1816 636 Qui

1030 650 1102 676 enim
1115 656 1174 676 cum
1189 649 1228 675 vir
1243 649 1327 675 laetus
1342 653 1413 675 esset
1424 668 1431 680 ,
1449 648 1484 675 ita
1499 655 1530 674 ex
1548 647 1683 674 ntiraenlis
1695 647 1818 675 celebra-

1033 699 1074 722 tus
1085 699 1134 726 est,
1152 702 1203 721 nott
1218 695 1243 720 in
1260 694 1350 721 Judtca
1364 698 1464 721 tantum
1476 715 1483 727 ,
1500 693 1546 720 sed
1559 693 1638 720 etiam
1656 694 1680 720 in
1696 693 1770 727 Syria
1787 699 1813 720 et

1032 740 1120 772 ultra;
1136 739 1214 774 idque
1236 740 1313 767 trium
1329 743 1429 765 tantum
1445 746 1575 765 annorum
1591 738 1676 772 spatio
1694 747 1700 765 :
1718 739 1770 764 into
1787 746 1819 764 ne
1861 768 1864 774 Ι

1033 785 1116 812 tribus
1135 785 1242 820 quidem
1266 785 1343 812 annis
1367 784 1400 811 ad
1425 785 1520 811 famam
1542 791 1609 818 opus
1632 785 1743 815 habuit;
1770 785 1815 811 Sed

1032 839 1110 865 quam
1133 831 1249 865 primum
1263 830 1331 857 fama
1347 830 1405 865 ejus
1421 830 1519 865 ubique
1534 838 1674 865 pervagata
1694 835 1735 857 est
1752 839 1757 856 ς
1776 831 1820 865 qui

1033 884 1096 910 ergo
1113 881 1165 902 tam
1183 876 1255 903 brevi
1272 876 1357 910 spatio
1369 875 1496 910 temporis
1509 876 1543 902 ob
1552 877 1738 902 miraculorum
1754 877 1822 902 ntul-

1034 920 1173 948 titudinem
1188 922 1221 948 ita
1235 921 1328 948 claruit
1343 941 1350 953 ,
1366 925 1394 948 ut
1409 929 1503 947 nomen
1520 920 1577 955 ejus
1591 920 1713 947 onmibus
1730 926 1820 947 ttotunt

1033 971 1104 994 esset
1119 975 1125 999 ;
1142 967 1225 994 tnnlto
1241 967 1324 1002 magis
1337 967 1359 994 si
1371 966 1457 993 adhuc
1468 974 1534 1000 puer
1545 967 1669 993 utiracnla
1681 967 1820 999 edidi-set,

1035 1021 1087 1039 non
1112 1013 1242 1047 potuisset
1264 1018 1337 1041 tanto
1357 1018 1475 1047 tempore
1492 1012 1574 1040 latere
1588 1021 1593 1038 :
1607 1013 1700 1047 majori
1723 1013 1821 1048 quippe

1034 1058 1202 1085 admirationi
1218 1058 1330 1085 inissent
1343 1058 1469 1086 miracula
1480 1066 1494 1085 a
1508 1066 1588 1092 puero
1597 1058 1675 1089 facta.
1688 1066 1747 1085 cum
1760 1067 1816 1085 ma-

1034 1105 1105 1132 xime
1121 1110 1224 1139 tempus
1235 1109 1261 1132 et
1274 1105 1370 1139 duplex
1382 1109 1408 1131 et
1423 1104 1527 1138 triplex,
1538 1104 1590 1130 into
1605 1105 1718 1138 amplius
1735 1105 1820 1132 fuerit.

1035 1151 1134 1178 Verum
1151 1151 1217 1178 nihil
1234 1151 1302 1178 aliud
1323 1159 1387 1186 puer
1403 1151 1465 1177 fecit
1480 1171 1486 1181 ,
1504 1151 1555 1177 nisi
1579 1150 1603 1176 id
1626 1155 1725 1176 tantum
1747 1152 1816 1185 quml

1035 1195 1119 1223 Lucas
1133 1196 1207 1231 (Cap.
1220 1196 1294 1231 2.46)
1309 1200 1424 1226 enarrat,
1442 1195 1609 1222 duodenncttt
1621 1195 1705 1229 ipsum
1721 1196 1822 1222 sedisse

1038 1241 1063 1267 itt
1092 1241 1180 1268 medio
1204 1241 1341 1268 dodornm
1369 1241 1536 1272 audientem.
1566 1246 1592 1268 et
1617 1241 1823 1276 interrogatione

1036 1295 1081 1314 sua
1103 1287 1286 1314 admirandunt
1308 1288 1392 1314 visum
1415 1287 1506 1314 fuisse.
1523 1288 1645 1322 Alioquin
1659 1293 1746 1315 autent
1763 1289 1822 1322 ξυνα»

1035 1337 1066 1356 ac
1080 1330 1174 1356 merito
1185 1338 1237 1356 non
1252 1330 1332 1364 C(Bpil
1349 1330 1374 1356 itt
1391 1330 1484 1364 puerili
1498 1333 1576 1356 a-tatc
1589 1330 1714 1356 miracula
1730 1331 1821 1357 cdere.

1037 1375 1176 1402 Pntassent
1190 1375 1261 1402 enim
1275 1383 1331 1402 rem
1348 1375 1418 1402 illam
1429 1382 1491 1402 vere
1506 1375 1660 1408 phantasma
1671 1383 1740 1402 esse.
1757 1375 1822 1402 Nam

1037 1421 1102 1448 side
1117 1422 1162 1449 illo
1172 1422 1227 1457 jant
1243 1423 1300 1448 viro
1315 1421 1339 1449 id
1356 1422 1430 1449 tttulti
1444 1421 1570 1455 suspicati
1583 1425 1654 1453 suttt,
1670 1422 1753 1449 multo
1765 1430 1806 1450 ma
1816 1438 1822 1442 -

1038 1467 1078 1502 gis
1090 1468 1115 1494 id
1127 1468 1341 1501 crcdidisseut,si
1355 1467 1496 1494 admodum
1506 1467 1611 1502 juvenis
1622 1468 1695 1502 signa
1710 1468 1824 1495 fecissit:

1037 1514 1172 1541 ctinvidia
1188 1515 1302 1549 permoti
1318 1514 1405 1548 ipsum
1420 1513 1497 1540 citius
1517 1519 1542 1540 et
1568 1519 1629 1540 ante
1648 1514 1823 1540 constitutum

1040 1561 1176 1594 tempusin
1187 1567 1295 1587 crucem
1308 1560 1425 1593 egissent
1439 1567 1446 1586 :
1463 1563 1543 1592 atque
1562 1558 1596 1584 ita
1611 1565 1655 1586 res
1670 1558 1702 1585 ad
1714 1566 1824 1585 oecono-

1038 1604 1117 1631 miaut
1143 1608 1296 1639 spectantes
1323 1603 1432 1630 creditae
1458 1611 1510 1630 non
1538 1602 1660 1630 fuissent.
1686 1603 1826 1636 Quomodo

1039 1650 1118 1684 igitur
1127 1650 1204 1676 matri
1219 1649 1245 1676 in
1257 1653 1372 1676 mentem
1386 1649 1477 1680 subiit,
1495 1648 1608 1683 inquies,
1625 1655 1748 1682 magnum
1763 1648 1826 1682 quid

1039 1695 1072 1723 de
1088 1696 1133 1722 illo
1146 1695 1324 1722 existimare?
1339 1694 1500 1722 Manifestari
1521 1694 1575 1729 jam
1590 1699 1708 1729 cmpcrat
1723 1714 1730 1726 ,
1754 1699 1779 1721 et
1793 1703 1826 1721 ex

1039 1741 1148 1769 Joannis
1162 1741 1325 1774 testimonio,
1336 1745 1362 1767 et
1373 1749 1406 1768 ex
1419 1740 1450 1767 iis
1461 1748 1518 1775 qutc
1531 1740 1670 1774 discipulis
1686 1740 1741 1775 ipse
1752 1740 1826 1768 ditto-

1040 1793 1080 1814 rat
1096 1796 1103 1815 :
1117 1792 1177 1814 ante
1194 1787 1250 1814 lucc
1263 1791 1351 1814 autent
1365 1786 1452 1813 omnia
1465 1805 1473 1818 ,
1491 1786 1545 1820 ipsa
1560 1786 1698 1820 eoneeptio
1711 1807 1719 1819 ,
1731 1791 1757 1813 et
1768 1794 1828 1821 quat

1041 1833 1066 1860 in
1080 1833 1158 1860 natali
1171 1833 1227 1868 ejus
1242 1837 1315 1868 gesta
1331 1837 1391 1860 sunt
1403 1832 1422 1865 ‘,
1433 1839 1555 1866 magnam
1569 1831 1646 1859 matri
1659 1831 1730 1859 circa
1745 1832 1827 1859 tilium

1041 1880 1265 1907 existimationem
1278 1879 1414 1906 indebant.
1432 1878 1540 1905 Audivit
1555 1877 1626 1906 enim
1638 1899 1646 1911 ,
1659 1878 1753 1912 inquit,
1770 1886 1826 1905 om—

1041 1927 1084 1953 nia
1093 1925 1126 1953 de
1139 1934 1231 1960 puero,
1240 1925 1272 1952 Et
1279 1925 1440 1952 conservabat
1448 1924 1473 1951 in
1486 1923 1560 1951 rortle
1570 1931 1616 1950 suo
1624 1924 1634 1939 ¹
1647 1923 1722 1958 (Luc.
1734 1923 1761 1949 2.
1772 1923 1827 1957 Si).

1042 1971 1094 1999 Sed
1109 1979 1167 2004 cur,
1181 1970 1284 2006 inquies
1301 1991 1308 2003 ,
1323 1978 1375 1997 non
1392 1969 1417 1997 id
1434 1974 1511 1996 antea
1526 1969 1616 1996 dixit?
1631 1968 1708 2002 Quia,
1726 1973 1753 1995 ut
1764 1968 1828 1998 dixi,

1044 2023 1105 2046 tunc
1120 2018 1200 2053 cu-pit
1215 2018 1240 2044 itt
1258 2017 1392 2052 publicum
1408 2016 1524 2050 prodire.
1542 2014 1662 2042 Antehac
1675 2014 1746 2042 cnim
1764 2019 1831 2040 tato-

1042 2072 1120 2099 quam
1133 2071 1199 2090 tttuts
1213 2072 1228 2090 e.
1240 2063 1316 2096 vulgo
1328 2061 1482 2089 versabatur
1493 2070 1498 2087 :
1509 2064 1731 2095 quapr0pternou
1746 2059 1829 2086 aude-

1044 2109 1237 2137 batmatertale
1247 2109 1380 2144 quidpiam
1390 2107 1438 2142 ipsi
1448 2107 1548 2134 dieere.
1565 2106 1612 2134 Ubi
1632 2110 1718 2133 autettt
1732 2105 1832 2132 audivit

1044 2155 1172 2183 Joannem
1184 2159 1291 2190 propter
1305 2154 1391 2188 ipsuttt
1405 2153 1509 2179 venisse
1521 2173 1528 2184 ,
1543 2159 1574 2178 ac
1587 2151 1618 2178 de
1634 2151 1678 2178 illo
1692 2151 1744 2178 tale
1757 2151 1831 2178 testi-

1046 2201 1162 2228 monium
1178 2199 1342 2234 perhibuissc
1353 2218 1360 2230 ,
1381 2197 1525 2232 discipulos
1538 2197 1623 2231 ipsum
1639 2196 1738 2224 habere
1750 2217 1758 2229 ,
1771 2202 1832 2223 tunc

1045 2247 1152 2274 dctnttnt
1167 2253 1226 2272 eum
1244 2245 1338 2272 liducia
1365 2248 1439 2278 rogat
1461 2242 1534 2270 illttm
1555 2247 1582 2270 et
1608 2242 1748 2270 deﬁciente
1773 2242 1833 2269 vino

1045 2294 1119 2325 dicit,
1141 2293 1231 2320 Vinum
1246 2301 1295 2319 non
1322 2291 1420 2318 habent.
1439 2290 1549 2317 Volebat
1573 2289 1644 2316 enim
1659 2294 1686 2316 et
1699 2289 1758 2316 illos
1782 2289 1832 2316 he—

1047 2339 1141 2367 ttelicio
1165 2337 1299 2366 devincire
1314 2358 1322 2369 ,
1344 2344 1425 2370 seque
1451 2335 1657 2370 splendidiorem
1680 2342 1725 2370 per
1753 2335 1834 2361 liliuttt

1047 2385 1168 2413 reddere.
1184 2384 1217 2411 Et
1232 2383 1298 2411 forte
1312 2383 1454 2410 humanum
1466 2381 1599 2416 quidpiam
1613 2387 1689 2415 passa
1704 2385 1753 2413 est,
1769 2386 1796 2407 ut
1810 2385 1838 2407 et

1049 2433 1142 2459 fratres
1167 2431 1224 2464 ejus
1248 2429 1293 2465 qui
1312 2429 1435 2456 dicebant
1451 2437 1457 2455 :
1475 2428 1583 2455 Ostende
1607 2428 1715 2462 teipsum
1742 2427 1837 2453 mutulo

1051 2478 1138 2512 (Joun.
1149 2478 1175 2504 7.
1191 2477 1221 2512 ι)
1236 2497 1244 2510 ,
1260 2476 1330 2510 quod
1357 2475 1454 2502 vellent
1469 2483 1501 2502 ex
1515 2474 1649 2501 miraculis
1663 2474 1711 2500 sibi
1725 2473 1836 2508 gloriam

1048 2531 1212 2559 comparare.
1225 2523 1287 2550 Ideo
1300 2522 1338 2549 sic
1353 2522 1389 2549 illi
1403 2521 1523 2555 asperius
1546 2521 1681 2555 respondit
1697 2529 1703 2546 :
1721 2522 1746 2546 Α.
1770 2520 1838 2553 Quid

1049 2570 1111 2596 uti/ti
1126 2574 1148 2596 et
1160 2569 1203 2596 tibi
1218 2573 1263 2601 ut,
1279 2567 1367 2595 mulier
1381 2567 1393 2594 Υ
1408 2566 1528 2594 Nondum
1544 2566 1607 2593 venit
1619 2565 1681 2592 liora
1694 2572 1758 2591 mea.
1772 2563 1837 2591 Nam

1048 2615 1120 2651 quod
1142 2614 1283 2642 admodum
1307 2618 1419 2641 matrem
1446 2617 1618 2639 veneraretur
1632 2631 1640 2642 ,
1656 2610 1717 2637 audi
1739 2609 1838 2637 Lucam

1049 2665 1201 2689 narrantem
1215 2667 1294 2694 quam
1317 2658 1438 2686 subditus
1457 2661 1528 2684 esset
1547 2655 1699 2690 parentibus
1713 2675 1721 2688 ,
1736 2662 1838 2682 necnon

1049 2706 1236 2742 evangelistam
1247 2705 1378 2732 dicentent
1394 2706 1519 2738 quautam
1533 2701 1604 2728 illius
1618 2708 1709 2728 curam
1723 2700 1747 2727 in
1759 2707 1839 2728 cruce

1082 2765 1089 2781 ¹
1103 2763 1172 2789 Savil.
1183 2767 1209 2788 et
1216 2766 1269 2787 Mss.
1280 2761 1374 2792 plurimi
1388 2760 1527 2789 ltabent,....
1538 2757 1668 2790 conceptio,
1678 2760 1700 2783 et
1708 2763 1763 2788 qua:
1774 2756 1840 2782 ritca

1051 2794 1226 2825 concentimu'm
1235 2796 1301 2825 gesta
1312 2795 1374 2825 sunt.

1083 2819 1092 2842 ί
1109 2819 1178 2850 liuuc
1189 2819 1266 2849 loetim
1278 2824 1312 2848 sic
1323 2823 1393 2847 elt'ert
1405 2821 1486 2846 Morel.
1502 2827 1508 2845 :
1533 2824 1580 2845 "ac
1597 2819 1648 2850 ipse
1659 2826 1700 2844 uos
1716 2819 1842 2850 (ιω-μιμη-

1050 2865 1100 2883 ras.
1110 2849 1194 2881 itit-cus
1209 2861 1217 2880 :
1233 2856 1328 2879 cata-ia
1341 2856 1418 2878 (intem
1436 2850 1588 2877 conservabat
1606 2850 1684 2876 onutia
1707 2849 1777 2875 νει-οη
1788 2849 1839 2873 (nec

1052 2889 1077 2914 iu
1090 2887 1161 2913 corde
1172 2892 1223 2911 suo.
1231 2894 1245 2909 ι
