2040 3113
251 139 296 166 151

251 196 380 224 habuerit.
396 194 447 223 Ubi
462 194 532 222 enim
548 197 668 228 parentes
683 200 740 220 rem
754 193 870 220 divinam
884 201 936 220 non
951 193 1033 227 impe-

248 242 327 269 diunt
339 248 424 275 neque
439 238 590 274 prohibent,
606 238 753 265 cedendum
767 238 831 273 ipsis
843 242 900 270 est;
917 242 944 265 et
956 237 978 265 si
989 245 1033 264 se-

248 294 297 314 cus
312 286 366 318 ﬁat,
378 284 524 320 periculum
540 291 662 318 magnum
678 288 719 310 est
734 292 740 310 :
754 291 814 310 cum
830 285 918 310 autem
931 290 945 309 a
957 282 1033 310 nobis

249 330 435 364 intempestive
449 328 583 363 quidpiam
599 328 734 362 postulant
747 349 754 360 ,
773 328 902 363 uobisque
913 327 1035 355 oftlciunt

250 377 275 402 in
290 375 470 410 spiritualibus
484 394 492 407 ,
514 382 565 401 non
582 378 666 401 tutum
679 379 720 401 est
733 374 796 409 ipvis
815 373 935 409 obsequi.
957 374 1033 401 Ideo-

251 429 302 454 que
318 421 360 447 hic
372 420 407 447 ita
423 420 583 454 respondet,
598 425 624 446 ct
637 420 698 446 alibi
715 427 820 446 rursum
834 428 840 445 :
858 419 922 453 Qua:
933 423 968 446 est
981 427 1035 445 ma-

251 471 289 492 ter
304 474 369 498 mea,
381 470 405 492 et
418 465 460 500 qui
472 470 529 492 sunt
540 467 629 500 fratres
642 466 689 492 mei
700 464 795 500 (Marc.
805 466 831 492 5.
842 464 900 500 55)?
913 464 1033 492 Nondum

248 512 319 539 enim
335 518 395 538 eam
409 518 487 545 quam
499 518 545 545 par
553 514 611 537 erat
619 511 651 537 de
664 510 722 544 ipso
732 510 881 545 opinionem
892 509 1033 543 habebant;

248 558 296 585 sed
311 557 371 592 quia
387 557 472 592 ipsum
487 561 644 592 pepererat,
668 561 780 583 matrum
795 563 869 583 more
883 555 990 589 putabat
1005 563 1034 582 se

249 603 286 631 illi
311 610 389 638 posse
411 603 499 630 omnia
516 603 660 637 praecipere
674 623 681 635 ,
695 610 754 636 qua:
768 602 840 628 illum
854 606 882 629 ut
895 602 1033 629 Dominum

251 650 340 677 colere
352 654 379 676 et
390 649 502 676 adorare
515 649 649 676 debuisset.
667 657 673 675 :
690 649 749 676 ideo
764 653 825 676 tunc
837 648 871 675 ita
888 648 1033 682 respondit.

250 695 357 731 Cogites
373 695 463 728 velim,
477 695 539 730 quid
553 695 616 721 illud
627 699 685 722 erat
696 716 702 727 ,
717 694 904 722 circumstante
918 694 1016 729 populo
1026 715 1034 727 ,

253 744 362 775 totaque
381 740 457 767 turba
480 740 565 774 ipsum
581 739 688 766 intentis
702 740 796 766 animis
817 740 939 767 audiente
956 761 962 773 ,
987 739 1036 767 dos

251 786 415 820 ctrinamque
426 785 598 820 percipiente,
610 785 682 812 illam
697 785 722 812 in
736 785 851 812 medium
864 785 1034 813 accedentem

251 840 266 858 a
277 832 404 860 concione
418 833 502 867 ipsum
513 832 655 865 abducere,
673 837 701 860 ut
713 833 823 860 seorsim
839 833 1033 868 alloqueretur:

252 886 304 904 non
320 878 426 905 domum
442 878 555 912 ingredi,
571 878 617 905 sed
633 877 703 905 foras
716 878 800 912 ipsum
811 878 896 905 solum
911 879 1034 905 educere.

252 923 352 950 Idcirco
365 923 470 950 dicebat
492 923 536 950 ille
548 943 555 956 ,
578 923 640 955 Quae
661 928 696 950 est
709 928 788 950 inater
801 932 855 950 nica
868 943 876 956 ,
891 928 914 950 et
924 923 966 958 qui
978 928 1036 950 sunt

254 971 345 1003 fratres
357 970 403 996 mei
414 969 427 996 .9
441 977 493 996 non
506 973 617 996 matrem
631 970 790 997 contumelia
805 970 934 1003 alliciens,
949 970 1035 1003 absit;

253 1016 300 1043 sed
315 1016 364 1051 ipsi
378 1016 476 1051 optime
490 1016 632 1043 consulens
644 1036 651 1048 ,
667 1024 715 1043 nec
725 1016 814 1043 sincns
824 1024 881 1043 eam
896 1016 945 1043 vile
960 1016 1035 1050 quid-

252 1061 322 1096 piam
345 1066 371 1088 et
385 1061 518 1095 abjectum
533 1061 565 1088 dc
588 1069 616 1088 se
631 1062 792 1088 existimare.
809 1061 874 1088 Nam
887 1062 908 1089 si
924 1062 1036 1088 aliorum

252 1115 343 1135 curam
357 1107 485 1142 gerebat,
502 1107 620 1143 nihilque
633 1116 684 1135 non
699 1109 793 1143 agebat
805 1113 833 1135 ut
845 1113 1036 1143 congruentem

251 1154 284 1181 de
297 1160 326 1180 se
341 1153 493 1188 opinionem
515 1153 565 1180 illis
588 1153 741 1188 ingereret,
765 1153 847 1181 multo
870 1153 953 1189 magis
975 1161 1036 1193 erga

252 1203 363 1225 matrem
379 1198 404 1225 id
414 1198 517 1233 agebat.
530 1198 596 1232 Quia
605 1199 674 1226 enim
686 1199 830 1227 verisimile
842 1204 892 1234 cst,
903 1207 963 1227 eum
974 1200 1035 1226 talia

252 1244 369 1271 audisset
383 1251 398 1270 a
413 1244 467 1271 lilio
484 1265 491 1276 ,
515 1244 631 1271 noluisse
653 1248 740 1271 tamen
761 1244 965 1279 obtemperare,
990 1245 1037 1272 sed

253 1291 353 1325 primas
361 1291 411 1318 sibi
424 1298 531 1326 semper
541 1291 688 1319 vindicasse
700 1296 798 1325 partes,
811 1295 902 1326 utpote
913 1295 1035 1323 matrem,

256 1337 316 1364 ideo
335 1337 375 1364 sic
396 1336 440 1364 ille
463 1336 610 1371 respondit.
623 1335 713 1371 Neque
727 1337 796 1364 enim
812 1337 882 1364 illam
897 1336 930 1364 ab
944 1336 1038 1364 humili

255 1382 378 1417 opinione
387 1381 420 1409 ad
431 1382 610 1409 sublimiorem
623 1383 779 1408 sententiam
787 1382 926 1414 erexisset,
936 1382 958 1409 si
967 1389 1038 1408 scm-

255 1434 302 1462 per
314 1430 493 1461 exspectasset
504 1426 557 1460 illa,
572 1434 600 1453 se
616 1426 650 1453 ab
671 1427 727 1461 ipso
744 1432 876 1461 tamquam
891 1433 905 1453 a
920 1426 973 1454 tilio
987 1426 1037 1454 ho-

256 1472 411 1505 norandum,
423 1479 509 1507 neque
523 1472 607 1506 ipsum
616 1475 642 1498 ut
655 1471 793 1498 Dominum
804 1471 951 1499 habituram
966 1479 1036 1499 esse.

258 1518 312 1546 Hac
326 1526 389 1554 ergo
404 1518 438 1546 de
455 1525 533 1546 causa
547 1518 585 1545 sic
601 1522 661 1545 tunc
671 1518 827 1552 loquebatur
839 1526 846 1544 :
860 1517 928 1550 Quid
941 1518 1002 1545 mihi
1016 1523 1038 1545 et

257 1564 301 1591 tibi
311 1569 354 1597 est,
372 1564 461 1591 mulier
471 1565 484 1590 Ζ)
495 1564 552 1591 Alia
566 1571 671 1599 quoque
683 1571 760 1591 causa
776 1571 827 1590 non
846 1564 933 1591 minus
943 1571 1038 1591 neces-

255 1610 325 1638 saria
336 1610 424 1637 alferri
440 1614 535 1645 potest.
549 1610 676 1643 Quainam
693 1610 736 1636 illa
748 1610 760 1635 ?
770 1609 807 1637 Ne
822 1613 896 1646 gesta
911 1609 1037 1637 miracula

258 1659 281 1683 iu
296 1657 473 1691 suspicionem
487 1657 624 1684 venirent:
639 1656 672 1683 ab
687 1656 865 1691 indigentibus
875 1656 948 1683 enim
964 1676 970 1688 ,
985 1664 1038 1683 non

255 1711 269 1729 a
290 1708 375 1730 matre
396 1702 530 1737 rogandus
550 1707 617 1730 erat.
640 1703 748 1736 Quare?
762 1703 826 1735 Quia
852 1703 894 1729 illa
918 1711 977 1738 qua:
992 1710 1038 1730 co-

255 1754 396 1784 gnatorum
422 1750 545 1784 precibus
568 1750 753 1784 impetrantur,
778 1749 840 1776 licet
864 1757 968 1784 magna,
986 1757 1038 1776 non

257 1799 290 1823 ita
306 1801 379 1831 grata
390 1800 451 1823 sunt
466 1796 638 1830 praesentibus
653 1801 681 1822 ut
696 1796 836 1830 pluritnum
850 1805 856 1823 :
870 1804 929 1823 cum
950 1801 1038 1823 autem

257 1842 404 1876 indigentes
418 1841 466 1876 ipsi
481 1840 640 1876 supplicant,
651 1846 712 1869 tunc
723 1841 877 1868 miraculum
888 1841 1039 1876 suspicione

256 1892 348 1920 vacat,
363 1894 435 1921 pura:
448 1887 538 1914 laudes
551 1891 612 1914 sunt
626 1907 631 1918 ,
646 1895 739 1922 magna
751 1887 860 1914 utilitas.

291 1933 317 1960 '5.
334 1931 385 1960 Cur
397 1937 420 1960 et
434 1941 482 1967 qua
496 1937 577 1959 mente
586 1932 699 1960 Christus
722 1938 826 1960 matrem
836 1941 909 1960 suam
922 1933 1039 1968 increpa-

256 1978 336 2010 verit;
349 1986 476 2012 nunquam
487 1977 558 2004 illam
569 1978 690 2012 repellere
701 1978 816 2004 intendit.
832 1977 952 2013 Improbe
973 1978 1038 2004 nihil

257 2028 360 2058 prosunt
374 2024 474 2059 cognati
488 2023 568 2058 probi.
591 2023 697 2058 Cognati
718 2023 813 2050 Christi
830 2023 972 2058 Παρθευηί
993 2032 1040 2058 ap-

256 2068 493 2103 pellati—Etenim
507 2069 528 2096 si
543 2069 602 2103 quis
615 2068 730 2103 optimus
745 2069 862 2096 medicus
871 2069 897 2095 in
908 2077 1039 2103 :cgrormn

255 2115 430 2150 complurium
443 2115 536 2142 domos
548 2115 684 2150 ingressus
696 2136 704 2148 ,
716 2115 750 2142 ab
762 2115 867 2150 :cgrotis
879 2115 919 2142 vel
933 2115 1040 2142 adstan-

256 2160 326 2188 tilms
343 2161 409 2188 nihil
422 2160 530 2193 audiat,
543 2161 589 2188 sed
600 2169 613 2187 τι
628 2166 711 2188 matre
723 2166 822 2188 tantum
841 2166 948 2196 rogetur
959 2182 966 2194 ,
980 2162 1040 2189 hinc

255 2211 395 2240 suspectus
408 2211 434 2233 et
448 2207 575 2233 molestus
588 2207 665 2241 mgris
678 2207 728 2233 erit
742 2226 750 2238 ,
765 2214 796 2234 ac
811 2214 896 2241 neque
906 2208 979 2241 aegri,
995 2215 1041 2234 ne-

256 2260 307 2288 que
317 2252 451 2279 adstantes
462 2259 584 2287 magnum
592 2252 724 2287 quidpiam
736 2252 769 2279 ab
780 2251 826 2278 illo
837 2252 1038 2287 cxspectabunt.

257 2299 319 2325 ldco
332 2302 394 2325 tunc
409 2297 553 2331 increpavit
566 2297 667 2329 dicens,
681 2297 749 2329 Quid
761 2298 822 2324 mihi
833 2303 855 2324 et
867 2298 910 2324 tibi
924 2302 970 2331 est,
986 2306 1042 2324 mu-

259 2345 304 2371 lier
317 2345 329 2372 2
341 2351 452 2371 monens
465 2344 536 2370 illam
553 2351 586 2370 ne
602 2343 689 2370 simile
711 2343 844 2378 quidpiam
862 2343 888 2370 in
903 2348 1040 2378 posterum

258 2395 357 2424 ageret.
371 2390 448 2417 Curae
462 2396 576 2424 namque
589 2389 626 2416 illi
640 2393 698 2415 erat
711 2393 846 2416 maternus
862 2389 957 2421 honor,
973 2390 1041 2416 mul-

259 2443 338 2471 toque
352 2436 434 2470 magis
449 2436 519 2462 illius
532 2435 618 2466 salus,
633 2438 661 2461 et
673 2435 762 2462 multis
774 2435 923 2469 prmstanda
938 2436 1039 2462 benefi-

258 2483 308 2516 cia,
324 2490 370 2517 pro
385 2482 479 2517 quibus
494 2488 600 2508 carnem
620 2480 752 2507 induerat.
778 2481 839 2508 lla-c
861 2481 948 2516 itaque
963 2482 1040 2509 verba

258 2535 309 2555 non
322 2532 397 2555 erant
409 2530 564 2562 arroganter
575 2530 686 2553 matrem
699 2526 868 2560 alloqueutis,
879 2527 925 2552 sed
935 2526 1042 2560 dispen-

257 2574 385 2606 sationis,
402 2581 454 2608 qua
470 2577 497 2600 et
523 2573 593 2599 illam
609 2572 778 2604 institueret,
791 2577 818 2598 et
832 2572 957 2599 miracula
980 2580 1040 2599 cum

258 2620 385 2655 dignitate
399 2619 454 2646 tieri
476 2618 636 2653 provideret.
653 2617 717 2644 Nam
732 2618 801 2651 quod
816 2625 911 2651 magno
927 2617 996 2644 illam
1015 2618 1040 2644 in

259 2667 359 2693 honore
374 2665 482 2692 haberet
496 2683 502 2694 ,
516 2664 556 2690 vel
578 2663 627 2689 hoc
641 2663 726 2697 ipsum
740 2683 747 2694 ,
763 2667 791 2689 ut
803 2667 901 2690 caetera
916 2667 1016 2690 taceant)
1032 2683 1039 2695 ,

259 2710 328 2744 quod
344 2709 414 2736 illam
429 2709 566 2743 increpare
578 2708 708 2740 videatur,
726 2708 838 2742 probare
854 2712 949 2742 potest,
966 2708 1039 2735 indi-

258 2755 400 2789 gnatioque
423 2754 479 2788 ipsa
503 2761 624 2787 magnam
647 2761 701 2787 pra:
726 2760 754 2779 sc
780 2752 830 2779 fert
853 2753 1040 2779 reverentiam.

260 2803 379 2834 Quonam
393 2805 480 2827 autem
492 2805 568 2834 pacto
578 2820 585 2833 ,
599 2800 624 2826 in
640 2800 759 2834 sequenti
771 2800 899 2826 eottcione
912 2800 1040 2826 dicemus.

260 2846 321 2874 Haec
337 2846 426 2880 itaque
439 2846 556 2882 Cogitans
568 2866 576 2879 ,
589 2854 648 2873 cum
663 2845 779 2872 audieris
792 2845 930 2872 mulierem
945 2853 1038 2880 quitu-

599 137 626 165 S.
646 136 782 165 JOANNIS
801 136 1036 165 CHRYSOSTOMI
1056 137 1211 166 ARCHIEP.
1226 139 1485 170 CUNSTANTINOP.

1821 153 1871 180 132

1089 192 1150 220 dam
1164 194 1307 228 dicentem,
1324 198 1417 225 Beatus
1428 204 1510 226 venter
1523 201 1566 236 qui
1579 205 1603 228 te
1616 204 1726 237 portavit
1737 226 1744 237 ,
1757 211 1779 232 et
1796 209 1872 235 ubera

1086 246 1142 286 quis
1152 241 1241 286 eruisti
1254 242 1327 276 (Luc.
1343 244 1384 271 ll.
1397 244 1444 279 27)
1459 266 1466 278 ,
1492 246 1618 283 illuutque
1640 251 1845 284 respondentem
1861 274 1869 286 ,

1088 283 1231 332 Quinimmo
1241 286 1307 332 ρειαί
1323 289 1366 323 qui
1375 290 1470 325 faciunt
1481 291 1632 320 voluntatem
1642 283 1726 322 Patris
1733 297 1779 323 mei
1790 283 1870 332 (Ibid:

1087 335 1111 354 υ.
1123 328 1185 363 Ξὸ);
1199 330 1292 358 eadem
1314 334 1444 361 sententia
1462 335 1518 362 haec
1537 336 1607 364 dicta
1629 345 1689 366 esse
1704 328 1869 369 existimato.

1091 372 1148 401 Non
1160 374 1230 401 enim
1242 380 1353 404 matrem
1369 380 1520 413 repellentis
1534 384 1673 416 responsio
1683 389 1722 412 est
1737 405 1744 418 ,
1759 387 1806 414 scd
1822 387 1870 415 de-

1086 418 1227 465 clarantis,
1242 422 1308 449 nihil
1333 423 1381 458 ipsi
1405 425 1568 459 profuturum
1585 427 1666 456 fuisse
1679 435 1783 464 partum
1795 453 1803 465 ,
1820 433 1871 461 nisi

1086 463 1227 510 admodum
1253 468 1334 501 proba
1358 469 1496 505 fidelisque
1519 472 1622 500 fuisset.
1643 474 1670 502 Si
1680 463 1768 510 iporro
1782 463 1870 505 lliaria:

1087 508 1152 536 nihil
1168 511 1295 545 proderat
1308 514 1379 548 quod
1392 515 1526 544 Christum
1541 508 1695 554 genuisset,-
1706 522 1756 549 nisi
1774 528 1870 551 vu'tute

1087 555 1212 584 interiore
1225 559 1332 593 praedita
1347 559 1451 594 fuisset,
1467 564 1549 591 multo
1559 565 1646 592 minus
1660 566 1737 594 nobis
1753 569 1871 602 proderit

1088 602 1228 635 probitatis
1243 605 1404 638 expertibus,
1421 607 1442 634 si
1462 613 1573 642 patrem,
1583 609 1606 637 si
1621 610 1738 646 fratrem,
1751 613 1773 640 si
1787 613 1868 642 lilium

1088 646 1198 694 probum
1211 652 1238 675 et
1252 649 1348 677 virtute
1372 653 1511 686 praeditum
1531 653 1674 683 habeamus
1687 677 1693 688 .
1714 658 1737 685 si
1750 666 1799 686 nos
1811 660 1869 694 ejus

1087 691 1184 719 virtute
1210 695 1301 727 procul
1322 696 1449 725 fuerimus
1465 708 1472 725 :
1487 699 1524 726 ait
1539 701 1636 735 quippe
1652 702 1732 730 David
1749 713 1756 730 :
1778 691 1871 733 Frater

1087 745 1137 784 non
1151 739 1273 774 redimit,
1286 741 1389 769 redimet
1402 744 1476 770 homo
1496 745 1506 780 (
1524 745 1594 773 Psal.
1607 747 1650 775 48.
1665 748 1682 775 8
1695 749 1705 784 )
1720 750 1731 775 ‘l
1753 749 1779 776 In
1797 752 1870 779 nullo

1087 783 1184 818 quippe
1196 784 1250 811 alio
1267 805 1275 818 ,
1289 786 1338 812 nisi
1359 787 1436 815 bonis
1449 790 1573 824 operibus
1590 811 1596 823 ,
1623 797 1682 826 post
1699 794 1743 821 Dei
1759 796 1869 829 gratiam

1087 837 1148 864 spes
1160 831 1253 858 salutis
1263 831 1393 860 habenda.
1405 834 1470 861 Nam
1485 836 1507 862 si
1522 841 1612 871 partus
1626 838 1658 865 ad
1675 839 1700 866 id
1716 840 1870 874 profuturus

1089 877 1187 923 Virgini
1203 884 1277 911 erat,
1293 882 1459 915 profuturum
1475 892 1579 919 quoque
1590 885 1688 914 Judmis
1703 892 1763 915 erat
1777 909 1784 921 ,
1799 890 1870 923 quod

1086 922 1184 951 Christi
1198 926 1342 954 secundum
1355 935 1461 956 carnem
1477 931 1579 964 cognati
1591 936 1688 964 essent,
1705 922 1869 967 profuturum

1088 968 1149 995 item
1174 970 1273 997 civitati
1298 972 1323 998 in
1348 981 1397 1007 qua
1419 978 1496 1002 natus
1517 980 1593 1009 erat,
1609 977 1773 1011 profuturum
1788 980 1871 1008 etiam

1088 1013 1224 1042 fratribus.
1241 1016 1319 1051 Atqui
1333 1017 1395 1044 dum
1407 1018 1502 1047 fratres
1518 1020 1586 1048 illius
1601 1022 1639 1049 sui
1653 1030 1745 1050 curam
1756 1033 1807 1052 non
1821 1033 1869 1060 εἷος

1087 1063 1178 1086 rerent
1190 1081 1196 1092 ,
1211 1061 1278 1088 nilnil
1291 1070 1305 1088 a
1321 1063 1484 1098 cognationis
1497 1065 1624 1101 dignitate
1635 1068 1809 1103 juvabautur,
1824 1071 1871 1099 sed

1088 1112 1147 1132 cum
1166 1107 1268 1141 reliquo
1281 1109 1379 1135 mundo
1391 1109 1508 1138 damnati
1520 1117 1594 1139 erant
1609 1121 1615 1138 :
1632 1117 1694 1141 tunc
1713 1123 1774 1142 vero
1786 1117 1870 1144 admi-

1089 1151 1184 1178 rationi
1197 1152 1278 1180 habiti
1292 1159 1362 1187 sunt,
1376 1163 1436 1182 cum
1452 1163 1498 1190 per
1514 1158 1645 1192 propriam
1657 1159 1779 1187 virtutem
1794 1161 1871 1188 efful-

1091 1202 1191 1224 serunt.
1213 1197 1279 1226 Urbs
1293 1204 1380 1226 autem
1399 1205 1426 1228 et
1445 1202 1532 1229 excisa
1546 1208 1572 1229 et
1585 1204 1721 1231 combusta
1734 1210 1773 1232 est
1786 1226 1792 1238 ,
1808 1206 1873 1234 nihil

1090 1242 1151 1270 hinc
1178 1248 1295 1271 tnutuata
1317 1245 1426 1273 subsidii
1443 1255 1449 1273 :
1475 1248 1577 1282 cognati
1593 1256 1655 1276 vero
1676 1250 1873 1279 illisccundum

1089 1295 1198 1315 carnem
1212 1310 1220 1322 ,
1236 1290 1297 1316 αηεί
1313 1291 1410 1318 misere
1426 1293 1559 1326 perierunt
1569 1314 1577 1327 ,
1590 1293 1656 1321 nihil
1670 1303 1702 1322 ex
1715 1297 1873 1330 cognatione

1089 1333 1121 1360 ad
1131 1334 1242 1361 salutem
1257 1334 1350 1362 lucrati
1368 1357 1376 1369 ,
1389 1337 1450 1372 quia
1463 1338 1570 1366 virtutis
1591 1341 1737 1374 patrocinio
1752 1341 1870 1370 destituti

1089 1383 1176 1405 erant.
1191 1378 1316 1407 Omnium
1328 1385 1416 1408 autem
1427 1383 1636 1416 priestantissimi
1646 1385 1797 1413 claruerunt
1808 1395 1873 1423 apo-

1089 1424 1149 1450 stoli
1166 1444 1173 1455 ,
1189 1424 1249 1459 quia
1275 1432 1364 1452 verum
1390 1431 1415 1453 et
1438 1429 1612 1462 expetendum
1635 1431 1797 1465 cognationis
1816 1433 1873 1467 ejus

1090 1470 1196 1497 modum
1208 1471 1346 1498 subierunt
1360 1479 1406 1506 per
1419 1473 1606 1502 obedientiam.
1626 1476 1691 1504 llinc
1706 1477 1847 1505 ediscimus
1863 1500 1870 1511 ,

1090 1515 1141 1542 tide
1152 1515 1228 1542 nobis
1242 1523 1307 1550 opus
1320 1524 1388 1549 esse,
1399 1522 1425 1544 ct
1435 1519 1484 1545 vita
1493 1520 1572 1553 proba
1584 1521 1733 1557 virtuthue
1744 1522 1872 1558 fulgente.

1091 1561 1118 1588 ld
1134 1561 1204 1588 enim
1227 1565 1327 1588 tantum
1343 1563 1420 1590 nobis
1434 1564 1554 1595 salutem_
1569 1573 1662 1600 parare
1675 1569 1780 1601 poterit.
1796 1568 1874 1596 Certo

1090 1608 1193 1642 cognati
1205 1607 1264 1642 ejus
1279 1609 1361 1636 multo
1372 1614 1491 1644 tempore
1506 1611 1675 1639 admirationi
1693 1612 1798 1640 fuerunt
1813 1614 1872 1642 ubi-

1089 1661 1141 1688 que
1157 1674 1164 1686 ,
1181 1658 1208 1681 et
1221 1653 1366 1689 Uespasyni
1380 1655 1502 1689 appellati
1516 1655 1573 1692 (a);
1590 1661 1704 1685 attamen
1720 1666 1754 1686 nc
1767 1660 1876 1688 nomina-

1090 1698 1196 1732 quidcm
1217 1698 1323 1725 illormn
1339 1701 1456 1732 scimus;
1477 1701 1658 1735 apostolorum
1673 1708 1760 1730 autem
1779 1709 1805 1731 ct
1819 1712 1870 1732 no-

1091 1743 1160 1770 mina
1174 1748 1200 1770 et
1213 1744 1265 1771 vita
1277 1744 1373 1780 ubique
1386 1745 1563 1773 celebrantur.
1573 1746 1611 1774 Ne
1626 1747 1712 1783 itaque
1725 1748 1758 1776 de
1768 1751 1874 1784 generis

1092 1789 1227 1816 nobilitate
1244 1789 1251 1804 ¹
1263 1789 1346 1816 altum
1360 1791 1511 1825 sapiamus;
1524 1791 1570 1819 sed
1583 1792 1686 1820 etiamsi
1699 1801 1762 1821 avos
1773 1799 1797 1822 et
1812 1795 1873 1824 aba~

1091 1842 1138 1862 vos
1149 1835 1301 1863 innumeros
1314 1836 1402 1863 claros
1415 1841 1442 1864 et
1455 1837 1572 1865 illustres
1590 1839 1706 1871 proferre
1719 1841 1851 1875 possimus
1865 1863 1873 1876 ,

1091 1880 1196 1907 illorum
1209 1889 1255 1908 nos
1270 1882 1393 1910 virtutem
1405 1890 1531 1918 superare
1545 1892 1689 1919 conemur,
1709 1887 1782 1920 gnari
1797 1889 1873 1916 nobis

1091 1926 1116 1953 in
1133 1926 1220 1953 futuro
1236 1927 1336 1962 judicio
1349 1935 1382 1955 cx
1396 1928 1507 1955 aliorum
1523 1929 1619 1957 virtute
1635 1931 1698 1958 nihil
1714 1932 1778 1959 lucri
1793 1933 1848 1961 fore
1863 1956 1871 1968 ,

1092 1972 1145 1999 imo
1160 1973 1185 1999 id
1201 1973 1276 2000 nobis
1289 1973 1394 2008 gravius
1414 1973 1540 2008 judicium
1564 1975 1708 2010 parituram
1724 1985 1792 2005 esse.
1809 1979 1873 2007 Nam

1092 2018 1183 2052 probis
1195 2019 1245 2044 orti
1261 2019 1376 2052 patribus
1390 2040 1396 2051 ,
1418 2019 1541 2054 domique
1556 2022 1706 2055 exemplum
1723 2023 1850 2051 habentes
1863 2047 1870 2058 ,

1092 2070 1125 2090 ne
1146 2063 1184 2089 sic
1200 2063 1306 2097 quidem
1320 2063 1442 2090 doctores
1467 2064 1610 2092 inritantur.
1628 2066 1688 2094 llaec
1710 2076 1779 2096 nunc
1793 2070 1872 2104 dico,

1091 2107 1152 2142 quia
1169 2107 1282 2142 gentiles
1303 2109 1400 2135 multos
1420 2109 1497 2136 \idco
1512 2131 1520 2143 ,
1546 2118 1606 2138 cum
1628 2111 1686 2139 illos
1702 2113 1734 2140 ad
1757 2113 1834 2141 fidem
1848 2120 1874 2143 et

1092 2153 1321 2181 Christianismum
1337 2155 1550 2190 amplectendqu
1574 2157 1753 2191 cohortamur,
1770 2160 1803 2187 ad
1829 2169 1874 2189 eo-

1092 2204 1187 2234 gnatos
1201 2205 1227 2226 et
1240 2207 1303 2227 avos
1316 2208 1379 2227 suos
1393 2201 1534 2236 confugere
1547 2210 1578 2229 ac
1593 2203 1681 2231 dicere
1692 2225 1698 2236 ,
1713 2204 1811 2233 Omnes
1826 2215 1872 2234 co-

1092 2245 1178 2280 gnati,
1199 2245 1340 2273 familiares
1355 2251 1382 2274 et
1393 2249 1594 2276 contubernales
1608 2250 1675 2283 mei,
1697 2251 1786 2278 ﬁdeles
1799 2252 1874 2280 Chri-

1094 2291 1171 2318 stiani
1182 2296 1254 2318 sunt.
1270 2292 1337 2325 Quid
1353 2293 1402 2320 hoc
1415 2293 1446 2320 ad
1461 2298 1496 2327 te,
1512 2294 1592 2321 miser
1606 2299 1633 2322 et
1649 2296 1738 2323 infelix
1752 2297 1763 2323 ?
1778 2298 1833 2325 lloc
1848 2299 1873 2326 in

1095 2337 1238 2372 perniciem
1255 2343 1324 2365 tuam
1337 2340 1458 2369 vertitur,
1474 2340 1544 2374 quod
1559 2348 1606 2367 nec
1618 2342 1820 2371 contubernales
1836 2353 1876 2372 rc-

1095 2384 1210 2411 vcrearis
1226 2404 1233 2416 ,
1255 2384 1324 2411 utad
1340 2385 1464 2411 virtutem
1479 2393 1579 2413 curras.
1595 2386 1696 2415 Rursus
1711 2388 1754 2415 alii
1770 2390 1875 2423 quidam

1095 2429 1186 2456 fideles
1201 2429 1301 2463 utique,
1318 2429 1363 2456 scd
1377 2430 1461 2464 ignavi
1478 2451 1485 2462 ,
1502 2431 1534 2457 ad
1549 2432 1673 2458 virtutem
1697 2433 1817 2466 incitati,
1835 2436 1875 2462 id-

1095 2474 1180 2508 ipsum
1194 2473 1340 2501 obtendunt
1353 2482 1359 2499 :
1374 2474 1452 2502 l‘ater
1464 2482 1548 2508 meus,
1564 2483 1639 2509 avus,
1653 2484 1766 2511 proavus
1777 2499 1783 2511 ,
1801 2480 1835 2513 pii
1847 2489 1876 2507 at:

1095 2520 1191 2547 virtute
1213 2520 1312 2554 pra-diti
1335 2521 1450 2548 fuerunt.
1473 2521 1524 2549 Sed
1541 2523 1590 2549 hoc
1612 2523 1698 2557 ipsum
1722 2528 1747 2551 te
1764 2527 1876 2553 maxime

1096 2565 1228 2592 damnabit
1244 2586 1250 2597 ,
1268 2565 1337 2600 quod
1351 2573 1365 2592 a
1381 2566 1478 2593 talibus
1491 2572 1564 2594 ortus
1578 2588 1585 2599 ,
1600 2575 1696 2602 genere
1712 2572 1756 2595 tuo
1773 2570 1879 2604 indigni

1096 2616 1242 2645 perpetres.
1255 2612 1322 2638 Audi
1335 2613 1395 2647 quid
1413 2613 1540 2647 propheta
1555 2613 1653 2640 .ludacis
1666 2614 1738 2642 dicat
1751 2623 1758 2641 :
1774 2616 1878 2643 Sen-irit

1095 2655 1177 2683 Israel
1188 2658 1213 2683 in
1225 2657 1343 2689 muliere,
1360 2663 1383 2684 et
1393 2658 1417 2684 in
1432 2659 1535 2685 muliere
1547 2665 1658 2685 servatus
1674 2664 1710 2686 est
1722 2660 1733 2696 (
1744 2660 1816 2688 Osee.
1835 2662 1876 2689 12.

1097 2703 1152 2737 12);
1167 2708 1194 2730 ct
1208 2703 1337 2735 Christus.
1353 2704 1479 2730 Abraham
1494 2710 1563 2739 pater
1575 2710 1653 2732 vester
1664 2707 1795 2734 exsultavit
1807 2713 1832 2734 ut
1845 2708 1876 2734 ui-

1118 2757 1296 2796 lrtirrliognatos
1306 2758 1409 2796 Christi,
1422 2759 1605 2796 rncspnsynoshl
1615 2762 1808 2796 Δεμιιῖιωσύνους)ἱ
1821 2761 1874 2788 sive

1086 2789 1228 2819 ltunxinicos
1239 2789 1378 2819 appellatos
1393 2789 1561 2814 luis-scret‘ert
1577 2791 1699 2816 Eusebius
1710 2800 1741 2816 cx
1758 2789 1876 2818 Africano

1088 2820 1150 2844 Ilist.
1164 2818 1230 2842 licet.
1251 2818 1317 2849 p.726
1335 2819 1453 2844 editionis
1467 2821 1567 2846 Valcsii.

1118 2853 1122 2864 '
1139 2849 1224 2874 Morel.
1238 2849 1321 2880 habet,
1333 2850 1363 2875 tle
1373 2851 1519 2882 cognatione,
1532 2859 1583 2882 pro,
1593 2852 1621 2877 tle
1632 2854 1727 2885 generis
1737 2853 1870 2882 nobilitate.
