2040 3113
133 165 182 195 123

132 224 200 250 deret
213 222 277 248 diem
289 228 370 246 meum
382 227 392 251 ;
404 224 427 246 et
448 219 518 251 vidit,
531 223 552 246 et
566 219 666 254 gavisus
675 223 711 246 est
724 217 813 253 (Joan.
822 218 846 246 8.
863 218 919 254 56).

130 269 162 296 Ει
176 267 272 301 ubique
294 266 417 292 virtutem
433 271 544 292 avorum
561 271 613 290 non
627 263 660 290 ad
679 263 785 290 laudem
803 283 810 295 ,
827 263 873 290 sed
887 263 919 289 ad

130 313 256 348 majorem
270 311 466 338 accusationem
489 310 635 345 proferunt.
653 309 715 336 llaec
729 317 790 337 eum
804 310 921 336 sciamus

128 365 153 387 ιι
169 367 226 391 nos,
244 358 308 385 nihil
325 366 376 384 non
392 364 512 391 agamus,
529 360 558 383 ut
572 364 618 391 per
633 356 740 390 propria
753 363 833 390 opera
847 355 919 381 saluo

129 411 180 433 tem
193 410 320 438 consequi
336 403 468 437 possimus
481 422 488 432 ,
506 409 538 428 ne
553 402 651 428 frustra
668 401 693 428 io
709 401 823 427 aliorum
836 400 920 434 gestis

129 457 201 485 spem
217 449 344 475 habentes
357 469 365 480 ,
387 452 450 474 tunc
463 447 596 474 discamus
611 453 660 473 nos
673 445 800 480 deceptos
815 445 895 472 fuisse
910 466 917 477 ,

126 503 186 522 cum
198 494 274 522 nobis
287 494 345 521 lucc
359 493 451 520 notitia
467 492 532 520 nihil
544 492 670 526 proderit.
682 491 747 518 Nam
760 491 793 517 In
805 491 916 526 inferno,

518 559 1687 571 _———————__*__

662 160 694 188 ΙΝ
713 160 869 189 JOANNEM
889 161 1004 190 HOMIL.
1024 161 1106 190 XXII.
1128 163 1163 190 al.
1184 162 1255 190 XXi.

1718 167 1767 195 131

977 220 1071 254 inquit,
1086 221 1142 255 quis
1156 222 1312 255 conﬁtebitur
1322 222 1365 249 tibi
1379 222 1463 258 (Psal.
1476 223 1500 251 6.
1517 223 1544 260 6)
1554 224 1565 250 ?
1575 224 1623 252 llic
1637 232 1700 260 ergo
1709 232 1767 260 pa:-

974 265 1112 292 niteutiam
1133 273 1243 300 agamus
1259 287 1266 300 ,
1287 272 1317 294 ut
1336 272 1434 296 arterna
1459 277 1656 304 consequamur
1671 270 1738 298 bona
1757 291 1764 302 ,

975 317 1034 344 qua:
1050 318 1097 337 nos
1109 319 1202 338 omnes
1217 313 1333 339 nancisci
1350 314 1498 349 conlingat,
1509 315 1592 350 gratia
1608 319 1635 343 et
1649 316 1765 351 benigni-

975 359 1028 382 tate
1046 355 1148 383 Domini
1166 357 1248 383 nostri
1267 357 1330 384 Iesu
1350 358 1449 386 Christi
1464 381 1471 391 ,
1498 368 1544 395 per
1559 369 1637 395 quetu
1654 366 1680 388 et
1703 369 1763 388 cum

974 408 1027 435 quo
1055 401 1124 428 Patri
1153 402 1236 437 gloria
1260 408 1287 430 et.
1311 404 1470 438 imperium,
1493 406 1624 441 simulque
1651 407 1762 442 Spiritui

973 451 1074 480 sancto,
1088 447 1114 474 in
1125 448 1222 475 smcula
1235 449 1405 477 seculorum.
1420 451 1517 478 Amen.

820 597 993 628 HOMlLIA
1018 598 1122 629 XXII.

161 674 227 707 Quid
241 674 302 700 ini/ti
317 679 339 700 et
350 673 394 700 tibi
407 673 516 700 mulier?
529 672 651 699 Nondum
661 673 726 699 venit
737 672 800 699 liora
814 680 880 699 mea.

160 731 185 757 l.
201 730 246 757 Est
260 729 367 764 quidam
383 730 408 756 in
428 729 611 756 concionando
625 729 709 762 labor,
730 729 800 763 quod
819 729 916 756 Paulus

127 776 165 804 his
179 776 267 803 verbis
284 780 396 802 testatur
411 783 418 801 :
437 775 486 808 Qui
506 775 567 802 bene
585 779 696 810 pra'sunt
709 774 854 810 presbyteri,
869 775 916 800 du-

126 823 182 858 plici
200 823 295 849 honore
308 822 379 857 digni
392 821 530 848 habeantur
544 829 553 849 :
571 822 679 848 maxime
697 821 740 856 qui
755 821 868 847 laborant
888 820 914 846 in

125 869 194 895 verba
206 873 228 895 et
243 868 358 894 doctrina
367 867 403 904 (l.
417 867 481 894 Tim.
496 868 522 895 5.
534 868 588 903 l7).
600 868 634 894 At
647 874 728 902 penes
738 873 786 893 vos
795 871 834 894 est
844 866 914 893 hunc

125 914 238 941 laborem
255 914 297 941 vel
310 914 394 941 levem
407 913 446 940 vel
466 921 574 948 gravem
587 912 710 940 reddere.
728 912 793 939 Nam
809 911 830 938 si
844 911 912 938 dicta

125 960 262 994 respuatis,
279 960 319 986 vel
335 967 388 986 non
404 963 568 993 respuentes.
584 958 708 992 operibus
722 965 774 984 non
790 957 913 984 exhibue-

123 1006 187 1037 ritis,
200 1006 288 1040 gravis
302 1005 380 1032 nobis
392 1005 467 1032 labor
479 1004 539 1035 erit,
555 1004 623 1039 quod
635 1003 731 1031 frustra
743 1003 910 1035 laboremus;

122 1052 160 1078 sin
176 1052 328 1085 attendatis,
344 1056 371 1079 et
388 1051 476 1078 audita
498 1047 690 1085 exscquamiui,
711 1050 815 1077 sudoris
833 1050 911 1085 hujus

122 1105 153 1124 ne
167 1105 277 1124 sensum
293 1096 399 1132 quidem
415 1096 593 1131 percipiemns
606 1105 613 1122 τ
625 1095 724 1123 fructus
736 1096 806 1122 enim
821 1096 911 1123 labore

123 1148 207 1177 partus
230 1150 283 1169 non
307 1142 377 1169 sinet
395 1142 513 1169 laborem
538 1149 645 1176 gravem
670 1141 764 1168 videri.
783 1141 872 1176 itaque
887 1141 909 1168 si

121 1189 196 1215 vultis
209 1188 328 1215 studium
343 1192 463 1215 nostrutn
475 1187 603 1219 excitare,
620 1194 671 1213 non
687 1187 856 1221 exstinguere
867 1187 909 1214 vel

119 1236 245 1267 minuere,
272 1235 397 1265 fructum.
421 1241 521 1269 quasso,
537 1233 662 1261 exhibete
684 1233 771 1266 nobis,
787 1237 815 1260 ut
835 1233 910 1260 lietas

119 1285 217 1315 St-gctes
231 1281 364 1313 videntes,
376 1287 423 1314 spe
439 1279 478 1307 rei
490 1279 557 1307 bene
566 1279 690 1314 gerendae
701 1279 756 1306 fulti
767 1283 794 1306 ct
804 1279 909 1307 divitias

119 1331 219 1354 nostras
234 1327 241 1341 ¹
257 1330 455 1361 computantcs,
471 1334 504 1354 ne
518 1330 669 1362 torpeamus
683 1326 708 1352 in
720 1326 770 1353 hac
785 1330 836 1352 tam
853 1325 909 1353 fau-

118 1377 154 1398 sta
166 1371 359 1406 negotiatione.
370 1371 462 1406 Neque
474 1372 544 1398 enim
558 1379 637 1406 parva
652 1371 729 1398 nobis
747 1371 825 1398 hodie
844 1378 908 1406 pro-

118 1418 219 1453 ponitur
229 1419 355 1452 qmcstio.
370 1418 453 1446 Matre
467 1425 581 1452 namque
599 1417 663 1445 Jesu
678 1418 794 1451 dicente,
814 1417 908 1445 Vinum

117 1473 162 1490 non
175 1464 286 1497 habent;
299 1472 358 1491 cum
376 1464 559 1499 respondisset
575 1463 707 1498 Christus,
728 1464 797 1497 Quid
810 1464 871 1491 mihi
884 1469 908 1492 et

117 1509 155 1535 tibi
167 1515 212 1540 est,
229 1510 343 1536 mulier?
357 1509 479 1536 Nondum
492 1510 557 1536 venit
571 1509 634 1536 Itora
648 1518 721 1542 mea;
737 1517 796 1537 cum
811 1510 847 1542 id.
863 1510 906 1537 in-

116 1563 200 1589 quam,
215 1554 409 1589 respondisset,
425 1555 495 1590 quod
509 1555 613 1582 volebat
629 1560 713 1582 rnater
732 1555 828 1583 echcit.
844 1555 907 1583 llaec

117 1608 164 1626 non
178 1601 265 1627 minor
279 1601 367 1635 priore
382 1601 492 1635 qnmstio
506 1606 556 1628 est.
573 1600 620 1628 illo
634 1602 713 1636 igitur
727 1602 850 1629 invocato
861 1603 905 1638 qtti

117 1647 162 1673 hoc
175 1647 334 1674 miraculum
351 1651 475 1680 operatus
489 1652 540 1680 est,
557 1648 595 1674 sic
614 1647 647 1674 ad
668 1647 828 1675 solutionem
842 1655 905 1683 pro-

117 1699 244 1724 lcremus.
262 1691 320 1718 Non
337 1692 379 1718 hic
389 1692 474 1719 solum
490 1698 578 1719 autem
595 1692 645 1720 hoc
659 1693 756 1720 dictum
772 1695 903 1726 occurrit;

116 1737 167 1769 ipse
180 1745 297 1771 namque
308 1737 470 1772 evangelista
487 1738 512 1764 in
523 1738 693 1772 sequentibus
701 1739 773 1771 dicit,
788 1739 844 1767 Non
860 1748 906 1774 po-

116 1788 216 1810 tucrunl
227 1791 290 1810 eum
305 1783 517 1818 apprehendere,
535 1784 601 1817 Quia
613 1784 724 1810 nondum
735 1791 833 1812 venerat
843 1785 905 1812 hora

115 1829 164 1862 ejus
184 1827 273 1862 (Joan.
299 1829 324 1856 8.
346 1829 392 1861 20)
406 1838 412 1855 :
427 1833 453 1856 ei.
472 1829 578 1862 iterum,
606 1829 688 1856 Nemo
707 1831 773 1857 misit
792 1831 818 1858 in
833 1832 905 1858 illum

115 1882 208 1906 mimus,
225 1875 288 1909 quia
304 1875 416 1901 nondum
437 1880 536 1902 venerat
551 1876 613 1902 liora
626 1877 680 1910 ejus
696 1875 776 1911 (Ibid.
798 1877 822 1903 7.
839 1877 903 1912 50):

114 1927 142 1945 ac
155 1927 270 1951 rursum,
296 1919 367 1946 l'cnit
389 1921 451 1947 ItOt't'i
463 1929 472 1946 :
485 1920 600 1955 gloriﬁca
617 1921 712 1948 Filium
734 1926 803 1949 tuum
823 1922 903 1956 (Ibid.

114 1965 154 1991 l7.
176 1965 213 1999 l).
231 1964 297 1992 "i130
311 1966 398 1992 omnia
418 1974 464 2000 pcr
479 1970 564 1993 totuut
580 1966 752 2002 Evangelium
775 1967 843 1995 dicta
863 1968 906 1997 hic

113 2010 211 2045 collegi,
229 2016 258 2038 ut
272 2019 355 2038 unam
373 2011 497 2039 omnibus
511 2011 670 2040 solutionem
689 2013 807 2040 afferam.
828 2014 906 2047 Qua:-

115 2063 170 2081 nam
185 2061 223 2083 est
237 2057 281 2082 illa
296 2057 414 2083 solutio?
426 2056 483 2083 Non
507 2061 655 2091 temporum
676 2060 828 2086 necessitati
843 2060 906 2087 sub-

115 2100 195 2136 jectus
209 2107 265 2129 erat
282 2101 416 2134 Christus,
434 2110 519 2137 neque
534 2102 613 2130 horas
627 2104 771 2131 observans
789 2104 904 2139 dicebat,

113 2146 232 2175 Nondum
244 2149 311 2175 t‘ettit
328 2150 390 2175 liora
404 2156 458 2175 mea
472 2149 536 2181 :(an
550 2148 574 2175 id
585 2149 740 2177 observaret
756 2154 904 2184 temporum

115 2191 214 2227 Opifex,
230 2201 365 2220 annorum
381 2198 407 2221 et
420 2194 577 2221 saeculorum
589 2194 701 2221 Greator
711 2195 741 2230 ?)
755 2203 846 2222 verum
858 2204 906 2231 per

114 2237 168 2264 lucc
187 2238 256 2265 dicta
271 2239 323 2266 hoc
339 2239 394 2266 vult
409 2239 579 2273 signiticare',
598 2246 627 2266 se
641 2240 730 2267 omnia
749 2242 905 2275 congruenti

115 2287 230 2318 tempore
245 2284 364 2319 operari,
388 2292 438 2312 nec
459 2285 536 2312 simul
562 2285 650 2313 facere
674 2294 706 2313 ne
731 2287 793 2315 hinc
816 2296 904 2316 rerum

115 2329 176 2356 ordo
190 2329 356 2362 turbaretur,
376 2330 397 2357 si
419 2338 471 2357 non
494 2336 644 2366 opportuno
664 2336 784 2367 tempore
803 2333 904 2368 singula

114 2374 211 2408 ederet,
224 2375 271 2402 sed
288 2375 379 2402 omnia
397 2375 475 2403 simul
491 2377 625 2410 misceret,
639 2378 847 2412 generationem,
864 2387 906 2407 re-

115 2422 321 2454 surrectionem,
333 2421 471 2457 judicium.
493 2422 541 2450 llic
561 2423 679 2450 animum
694 2423 791 2452 adhibe
806 2434 812 2452 :
828 2432 907 2460 opor-

116 2466 324 2493 tuitcreaturam
338 2467 436 2499 facere,
451 2467 499 2495 sed
514 2476 566 2495 non
583 2476 690 2496 omnem
709 2468 801 2501 simul;
822 2469 908 2497 homi-

116 2520 172 2538 nem
181 2516 209 2539 et
218 2513 373 2545 mulierem,
388 2512 435 2540 sed
450 2521 502 2540 non
513 2521 564 2540 una
575 2514 676 2541 ambos.
687 2513 811 2548 Oportuit
822 2521 908 2544 morte

115 2558 232 2587 damnari
253 2558 401 2586 humanum
422 2567 515 2593 genus,
532 2563 558 2587 et
583 2561 806 2588 resurrectionem
829 2561 906 2593 ﬁeri;

115 2604 158 2631 Sed
174 2605 289 2631 multum
306 2605 374 2631 inter
394 2610 536 2639 utrumque
559 2604 725 2632 intervallum
741 2610 807 2633 erat.
820 2605 907 2641 Opor-

116 2650 163 2678 tnit
174 2650 231 2677 dari
250 2650 349 2685 legem,
366 2649 412 2677 sed
428 2657 480 2677 non
496 2650 573 2677 simul
591 2650 703 2685 gratiam
722 2659 729 2678 :
747 2659 837 2678 verum
851 2651 908 2678 sin-

115 2696 173 2730 gula
187 2697 245 2723 suis
261 2695 428 2731 temporibus
442 2695 627 2731 dispensanda.
649 2696 705 2723 Non
725 2696 834 2724 suberat
846 2705 909 2733 ergo

117 2741 236 2770 Christus
260 2747 412 2776 temporum
434 2743 597 2777 necessitati,
621 2748 650 2770 ut
675 2744 718 2778 qui
746 2743 909 2779 temporibus

148 2807 155 2823 ι
174 2806 244 2832 savii.
258 2806 333 2838 legit,
346 2811 452 2838 restras;
464 2809 544 2833 minus
553 2811 632 2833 recte.

147 2838 160 2875 ξ
175 2842 229 2875 Post
241 2842 320 2875 verba
333 2840 568 2875 inter‘par‘entlreses
582 2839 688 2875 inclusa,
697 2840 816 2875 sic‘ltabet
827 2841 910 2872 ειη-υ..

121 2867 160 2894 scd
169 2868 228 2901 quid
240 2871 276 2894 est
289 2869 352 2898 quod
366 2867 542 2896 mbindtcarit?
553 2870 596 2896 ltoc
609 2869 656 2895 ruit
667 2867 812 2904 signiﬁcare.

972 678 1048 699 smun
1062 673 1181 700 ordinem
1197 675 1394 710 assignavisset,
1417 685 1508 705 eorum
1531 686 1627 713 nempe
1645 685 1760 709 creator.

969 717 1019 745 Sed
1033 718 1148 747 Joannes
1162 721 1204 747 hic
1219 721 1352 749 Christum
1366 723 1496 751 dicentem
1511 725 1620 758 inducit,
1637 726 1760 754 Nondum

968 765 1033 791 venit
1046 765 1109 793 liora
1118 775 1182 798 mea.
1193 769 1338 796 ostendens
1349 769 1434 804 ipsmn
1449 771 1565 798 nondum
1575 777 1665 799 nolunt
1678 772 1760 801 fuisse

968 811 1069 842 multis.
1086 820 1172 847 neque
1188 819 1269 841 totum
1284 815 1474 850 discipulorum
1487 817 1597 845 chorum
1613 819 1758 850 habuisse:

967 857 1013 883 srd
1028 858 1147 886 Andreas
1161 868 1221 886 cum
1232 862 1459 895 sequebatnrcnm
1474 864 1606 900 Philippo,
1619 866 1759 901 nullusque

966 902 1035 930 alius
1047 904 1054 918 ί
1068 912 1074 930 :
1088 904 1140 931 imo
1154 912 1218 932 vero
1228 914 1315 941 neque
1335 907 1360 934 hi
1376 917 1470 936 omnes
1484 909 1569 944 ipsum
1590 912 1625 937 uti
1639 919 1686 946 par
1700 916 1759 939 erat

965 949 1171 983 Cognosecbant,
1188 959 1275 986 neque
1287 957 1371 980 mater
1388 954 1453 987 ipsa,
1469 963 1554 990 neque
1570 955 1674 984 fratres.
1691 956 1757 984 Nam

964 998 1025 1027 post
1040 995 1120 1021 nntlta
1133 996 1202 1022 edita
1227 998 1352 1025 miracula
1367 999 1400 1026 de
1415 999 1541 1027 fratribus
1555 1001 1619 1028 dicit
1639 1010 1756 1037 evange-

964 1038 1034 1070 lista,
1059 1039 1148 1075 Neque
1162 1043 1252 1075 fratres
1274 1044 1329 1078 ejus
1347 1045 1480 1071 credebant
1502 1046 1528 1072 in
1550 1055 1604 1072 eum
1626 1047 1713 1082 (Jaun.
1730 1049 1756 1077 7.

963 1092 987 1110 t'.
1003 1084 1044 1119 5).
1058 1084 1108 1112 Sed
1130 1094 1215 1121 ncqtte
1231 1088 1266 1114 illi
1281 1089 1326 1123 qui
1342 1090 1439 1124 nuptiis
1460 1091 1580 1125 aderant,
1602 1092 1688 1127 ipsum
1704 1102 1753 1120 nu-

963 1134 1058 1157 reraut
1073 1140 1079 1157 :
1094 1131 1210 1166 alioquin
1225 1133 1295 1160 enim
1312 1136 1495 1166 accessissent.
1513 1142 1538 1164 et
1555 1138 1579 1164 iu
1596 1139 1755 1167 necessitate

963 1182 1100 1210 rogassent
1118 1177 1202 1204 illum.
1225 1178 1286 1206 ideo
1308 1180 1356 1213 ait,
1383 1180 1504 1208 Nondunt
1525 1184 1589 1210 venit
1609 1184 1672 1210 liora
1687 1193 1753 1212 mea.

962 1220 1084 1249 Nondum
1107 1229 1185 1250 notus
1199 1231 1257 1252 smn
1285 1228 1471 1260 praesentibus,
1490 1229 1537 1256 sed
1563 1238 1648 1265 neque
1668 1233 1754 1259 sciunt

962 1266 999 1294 illi
1020 1268 1110 1295 vinum
1133 1269 1257 1298 deﬁcere.
1279 1271 1351 1303 Sine.
1366 1272 1452 1301 donec
1468 1275 1492 1302 id
1517 1277 1641 1303 sentiant.
1659 1277 1752 1312 Neque

961 1313 1033 1340 enitn
1047 1313 1105 1341 haec
1119 1322 1160 1342 me
1170 1323 1185 1342 a
1198 1320 1223 1343 te
1238 1317 1330 1345 audire
1349 1321 1475 1353 oportuit.
1501 1321 1582 1348 Mater
1595 1323 1693 1358 quippe
1712 1331 1751 1356 es,

960 1364 987 1386 et
1003 1360 1158 1388 miraculum
1173 1362 1264 1389 reddis
1284 1370 1448 1398 suspectum.
1468 1366 1616 1401 Oportebat
1637 1369 1696 1397 illos
1713 1371 1753 1397 in-

960 1404 1080 1440 (ligentes
1094 1407 1222 1435 accedere
1245 1413 1271 1436 et
1295 1411 1412 1444 precari;
1430 1420 1482 1439 non
1502 1413 1572 1447 quod
1586 1422 1615 1441 ea
1637 1422 1665 1442 re
1685 1423 1752 1451 opus

959 1449 1083 1485 habeam,
1098 1453 1145 1480 sed
1159 1458 1186 1481 ut
1201 1454 1249 1488 ipsi
1260 1463 1319 1482 cum
1333 1464 1429 1491 magno
1447 1466 1580 1487 consensu
1596 1461 1750 1490 miraculum

958 1501 1061 1531 gestum
1076 1499 1237 1532 accipereut.
1251 1499 1316 1527 Nam
1333 1502 1419 1536 quise
1440 1503 1466 1530 lli
1481 1506 1639 1534 necessitate
1651 1509 1752 1535 consti-

959 1547 1044 1570 tutum
1067 1545 1149 1578 novit,
1168 1553 1228 1573 cum
1251 1547 1331 1581 petita
1346 1549 1356 1563 ¹
1369 1550 1550 1585 consequitur,
1567 1560 1688 1588 magnam
1703 1554 1750 1581 ha-

958 1589 1003 1617 bet
1017 1592 1145 1625 gratiam;
1159 1593 1203 1627 qui
1217 1601 1280 1621 vero
1291 1596 1476 1623 necessitatem
1493 1598 1609 1626 nondum
1624 1600 1748 1634 advertit,

958 1643 1045 1671 neque
1057 1637 1178 1665 beneticii
1189 1639 1260 1666 clare
1273 1647 1379 1668 sensum
1391 1642 1510 1677 recipiet.
1524 1644 1556 1671 Et
1565 1653 1622 1678 cur,
1635 1648 1748 1681 inquies,

958 1687 1097 1718 postquam
1113 1683 1225 1717 dixerat,
1240 1685 1361 1713 Nondum
1371 1689 1436 1714 venit
1451 1689 1513 1716 liora
1526 1699 1588 1722 mea,
1603 1696 1630 1719 et.
1645 1701 1750 1722 recusa-

958 1732 1041 1760 verat,
1057 1728 1081 1755 id
1097 1729 1167 1764 quod
1180 1735 1264 1757 mater
1273 1731 1377 1759 dixerat
1390 1733 1501 1761 effecit?
1517 1735 1550 1762 Ut
1565 1738 1749 1766 contradicen-

958 1774 1038 1807 tibus,
1063 1778 1090 1802 et
1116 1777 1269 1809 putantibus
1296 1777 1381 1812 ipsum
1408 1779 1480 1807 hora:
1503 1782 1651 1816 subjectum
1677 1792 1747 1817 esse,

957 1819 1186 1849 demonstraretur
1200 1822 1285 1857 ipsum
1299 1832 1352 1851 non
1368 1833 1426 1853 esse
1438 1826 1510 1854 hora:
1523 1833 1549 1855 ct
1561 1831 1672 1864 tempori
1687 1832 1749 1859 sub-

957 1866 1052 1893 ditum.
1070 1867 1134 1894 Nam
1150 1869 1172 1895 si
1185 1869 1307 1897 subditus
1330 1871 1402 1898 liora:
1417 1872 1517 1905 fuisset,
1537 1876 1671 1908 quomodo
1685 1885 1749 1904 COII-

957 1917 1069 1946 grueute
1084 1913 1202 1940 nondum
1216 1915 1373 1943 adveniente
1385 1916 1448 1944 hora
1464 1918 1488 1945 id
1503 1927 1569 1953 opus
1584 1923 1751 1956 peregisset?

957 1957 996 1983 Ad
1015 1958 1070 1984 haec
1083 1958 1108 1984 iu
1125 1959 1215 1986 matris
1228 1959 1356 1988 honorem
1380 1962 1405 1989 id
1430 1963 1501 1996 fecit,
1518 1973 1551 1991 nc
1571 1967 1680 1994 omnino
1698 1968 1747 2002 ipsi

957 2010 1107 2038 repugnare
1130 2004 1275 2038 videretur,
1297 2014 1329 2033 ne
1352 2015 1383 2034 ex
1409 2008 1590 2038 imbecillitate
1612 2012 1637 2039 id
1661 2012 1748 2041 facere

957 2049 1103 2083 videretur,
1131 2058 1164 2078 ne
1190 2055 1261 2078 tanto
1279 2052 1399 2081 adstante
1417 2061 1486 2082 coetu
1510 2062 1621 2085 matrem
1648 2059 1749 2092 pudore

957 2094 1077 2122 afficeret
1097 2103 1105 2122 :
1129 2104 1188 2122 nam
1214 2097 1351 2125 ministros
1373 2099 1421 2134 ipsi
1444 2101 1586 2129 obtulerat.
1611 2104 1746 2138 Siquidem

959 2145 1098 2175 postquam
1113 2141 1269 2169 Cbananma:
1284 2143 1397 2178 dixerat,
1413 2144 1473 2172 Non
1489 2151 1523 2172 est
1543 2148 1633 2175 bonum
1653 2159 1750 2179 suntctc

959 2195 1048 2221 panem
1063 2187 1183 2221 ﬁliorum,
1198 2193 1221 2215 et
1236 2189 1298 2216 dare
1312 2189 1415 2218 canibus
1430 2191 1534 2226 (Matt/1.
1550 2194 1590 2220 15.
1604 2194 1661 2230 26),
1676 2196 1749 2224 dedit

959 2236 1045 2259 tamen
1062 2237 1164 2268 postea,
1180 2233 1239 2266 eius
1253 2235 1407 2263 assiduitate
1420 2242 1564 2270 permotus.
1579 2239 1657 2274 Atqui
1669 2241 1747 2269 etiam

958 2278 1072 2311 dixerat,
1096 2278 1156 2306 Non
1175 2289 1231 2306 sum
1253 2281 1344 2308 "tium
1358 2281 1406 2309 nisi
1422 2283 1456 2309 ad
1474 2291 1530 2310 oues
1546 2292 1603 2319 quia
1622 2287 1750 2321 perierunt

959 2324 1048 2352 domus
1063 2324 1144 2352 Israel
1154 2325 1235 2362 (ibid.
1253 2334 1276 2353 υ.
1297 2327 1359 2362 24);
1375 2333 1514 2363 postquam
1528 2333 1615 2358 tamen
1636 2331 1693 2360 lucc
1706 2333 1750 2361 di-

959 2375 1044 2404 xerat,
1059 2371 1140 2398 tiliam
1154 2371 1211 2406 ejus
1228 2372 1358 2400 liberavit.

995 2416 1022 2442 2.
1037 2416 1083 2443 liis
1101 2416 1240 2450 discimus,
1258 2425 1307 2445 nos
1321 2418 1371 2445 etsi
1391 2418 1524 2454 indignos.
1540 2421 1694 2451 assiduitate
1711 2430 1748 2452 ta-

960 2469 1020 2489 men
1037 2470 1085 2489 nos
1098 2470 1170 2497 smpe
1179 2462 1274 2501 dignos
1285 2463 1396 2491 reddere
1407 2465 1450 2499 qui
1463 2466 1634 2501 accipiamus.
1650 2468 1751 2497 idcirco

961 2513 1047 2536 mater
1060 2513 1083 2536 et
1099 2509 1274 2544 exspectavit.
1288 2513 1315 2536 et
1329 2511 1463 2544 sapienter
1473 2512 1609 2540 ministros
1620 2513 1749 2547 admovit,

962 2559 988 2580 ut
1001 2562 1015 2580 a
1039 2555 1158 2588 pluribus
1180 2559 1327 2589 rogaretur.
1346 2555 1407 2583 ideo
1420 2556 1523 2584 addidit
1537 2566 1544 2584 :
1560 2558 1586 2585 5.
1603 2559 1749 2591 Quodcum-

960 2608 1007 2635 que
1022 2600 1113 2627 dixerit
1129 2600 1198 2627 vobis
1220 2600 1304 2635 facile.
1327 2601 1444 2628 Noverat
1458 2602 1529 2629 enim
1545 2602 1630 2636 ipsum
1646 2611 1696 2630 non
1717 2612 1749 2630 ex

963 2645 1144 2673 imbecillitate
1160 2646 1289 2678 renuisse,
1306 2647 1352 2674 sed
1367 2647 1436 2682 quod
1451 2647 1547 2675 fastum
1562 2649 1674 2683 fugeret,
1690 2650 1750 2677 nol-

963 2692 1049 2727 letque
1060 2700 1090 2720 se
1103 2692 1135 2719 ad
1149 2692 1303 2719 miraculum
1320 2693 1477 2727 patrandum
1490 2695 1578 2720 statim
1600 2694 1729 2728 projicere
1742 2704 1750 2728 ς

963 2737 1076 2772 ideoque
1090 2738 1226 2764 ministros
1243 2737 1361 2765 adduxit.
1377 2737 1403 2765 6.
1429 2738 1507 2764 Erant
1527 2744 1609 2765 autem
1634 2739 1668 2767 ibi
1688 2739 1752 2774 tapi-

963 2782 1017 2810 dm
1039 2782 1137 2818 hydria:
1152 2791 1196 2810 sex
1215 2782 1303 2818 posita:
1323 2783 1459 2809 secundant
1480 2784 1680 2818 puriﬁcationem
1700 2784 1750 2815 ,Ικν

996 2841 1003 2856 ¹
1024 2840 1049 2865 1η
1062 2839 1144 2872 alorci.
1158 2839 1257 2872 legitur,
1268 2842 1291 2864 et
1301 2845 1347 2864 non
1359 2838 1432 2872 alius,
1443 2845 1472 2865 ne
1481 2846 1541 2866 unus
1551 2839 1661 2872 quidem.

995 2875 1005 2891 2
1022 2871 1089 2896 savii.
1103 2870 1170 2902 legit,
1180 2869 1306 2901 (initium,
1322 2876 1373 2901 pro,
1386 2870 1466 2903 petitu.
