2040 3113
287 162 336 190 1755

287 223 408 250 ιιαόιΊιιιι,
420 217 543 251 capientes
555 214 661 247 singulm
675 217 788 239 metretas
803 212 874 238 bina:
887 212 924 238 vel
937 215 1028 236 ternas.
1043 208 1069 234 'l.

289 264 358 290 Dixit
371 263 406 290 eis
418 262 493 289 Jews
506 269 515 288 :
528 260 634 292 lmplete
653 258 756 294 hydria;
770 265 844 292 aqua.
864 255 895 282 Et
909 255 1072 290 impleverunt

288 318 330 335 cas
343 315 419 342 usque
437 307 470 333 ad
484 313 620 333 summum.
638 304 695 331 Non
714 304 772 330 sine
789 309 868 330 causa
883 301 960 333 dixit,
975 300 1070 327 Secun-

289 355 349 380 dum
370 351 569 386 puriﬁcationem
584 349 751 379 Judazorum;
765 347 812 375 sed
829 355 861 374 ne
875 346 934 380 quis
956 343 1074 371 fortassis

289 398 434 425 infidelium
458 395 586 430 suspicari
611 399 699 429 posset
725 393 789 420 hcce
812 393 883 419 intus
908 393 1073 420 remanente,

290 444 374 470 infusa
393 443 489 470 deinde
508 447 536 469 et
551 441 665 468 admixta
690 447 755 475 aqua
781 438 870 465 vinum
891 435 1073 464 tenuissimum

288 490 423 520 evasisse;
444 489 503 516 idco
523 488 570 520 ait,
594 486 737 514 Secundum
761 484 961 520 puriﬁcationem
972 481 1076 508 Iudaeos

289 543 363 567 ram,
384 534 529 562 ostendens
553 533 579 560 in
602 533 671 559 vasis
699 531 750 558 illis
773 536 914 564 numquam
941 530 1074 554 servatum

291 581 372 608 fuisse
389 580 488 607 vinum.
502 578 568 606 Nam
590 585 648 604 cum
669 575 808 604 Palmstina
823 582 898 609 aqua:
911 572 1019 608 penuria
1039 571 1076 598 la-

291 625 378 657 boret,
392 626 496 659 rarique
510 624 563 650 sint
574 622 608 649 ibi
624 623 709 649 l’ontcs
718 625 745 648 et
754 627 880 655 aquarum
893 617 1075 651 Scaturigincs,

292 678 398 706 semper
413 669 520 705 hydrias
541 676 607 702 aqua
629 667 782 702 implebant,
803 673 836 692 nc
856 665 878 691 si
897 662 1004 698 quando
1025 662 1076 688 ito-

293 716 383 744 mundi
399 716 500 748 lierent,
513 714 545 741 ad
559 713 665 740 ﬂumina
681 719 789 739 currere
801 714 969 746 cogerentur,
985 707 1031 735 sed
1044 707 1077 734 ad

293 770 401 790 manum
415 768 474 788 sese
492 759 619 795 purgandi
640 758 747 786 modum
768 757 905 784 haberent.
923 754 976 782 Cur
990 759 1076 781 autem

293 809 398 844 signum
413 814 465 834 non
478 805 561 834 edidit
579 809 719 838 antequam
740 802 790 830 illa:
811 801 993 836 implerentur,
1008 798 1077 833 quod

294 854 373 889 longe
387 851 533 880 mirabilius
557 849 667 877 fuisset?
681 847 758 875 Aliud
782 848 853 875 enim
873 850 916 874 est
933 845 1077 878 subiectam

294 898 432 925 materiam
454 897 480 923 in
504 895 582 923 aliam
603 894 756 929 qualitatem
777 890 974 924 mutare,aliud
996 889 1078 924 ipsam

294 943 467 970 substantiam
478 946 554 968 antea
570 948 621 967 non
637 939 808 966 exsistentem
819 944 911 964 creare
923 944 930 968 ;
945 935 995 962 hoc
1009 934 1079 962 enim

297 989 374 1022 longe
386 986 532 1014 mirabilius
545 990 596 1013 est.
609 984 661 1012 Sed
673 991 716 1011 res
730 991 781 1010 non
794 982 829 1009 ita
842 980 978 1008 credibilis
990 979 1080 1006 multis

295 1041 305 1057 ι
314 1034 349 1059 isa
359 1033 462 1059 fuisset.
474 1031 588 1065 Ideoque
598 1029 784 1057 miraculorum
794 1025 1000 1062 magnitudinem
1010 1031 1081 1059 sa-pe

296 1080 408 1106 libenter
421 1078 523 1108 minuit.
539 1082 567 1104 ut
581 1076 682 1103 facilius
697 1075 740 1102 illa
755 1073 906 1101 credantur.
922 1071 956 1098 Et
967 1078 1025 1104 cur,
1038 1070 1081 1097 in-

295 1126 380 1158 quies,
402 1131 452 1150 non
480 1123 536 1157 ipse
555 1128 649 1156 aquam
674 1119 806 1154 produxit,
823 1121 852 1145 ut
870 1121 932 1144 tunc
945 1117 970 1143 in
991 1116 1080 1143 vinum

294 1173 473 1199 converteret,
496 1167 541 1194 scd
560 1166 585 1194 id
611 1165 747 1192 ministros
771 1164 858 1190 facere
872 1163 968 1197 jussit“!
983 1161 1080 1188 Eadem

296 1223 400 1243 rursum
412 1215 445 1242 de
457 1221 546 1245 causa,
563 1217 589 1240 et
604 1216 632 1239 ut
651 1212 733 1246 ipsos,
752 1210 796 1245 qui
819 1209 971 1239 hausrrant,
987 1207 1024 1234 rei
1042 1211 1081 1233 tc-

295 1267 351 1288 stes
363 1261 482 1291 haberet,
499 1266 548 1286 nec
567 1258 593 1284 id
612 1256 758 1292 praestigias
771 1262 830 1282 esse
851 1257 996 1289 putaretur.
1018 1252 1082 1279 Nam

296 1308 317 1334 si
333 1307 377 1341 qui
390 1305 446 1333 ausi
461 1308 549 1332 essent
560 1303 585 1330 id
600 1302 764 1337 impudenter
779 1307 885 1335 negare,
898 1303 1018 1334 poterant
1033 1298 1082 1325 mi-

297 1352 371 1380 nistri
382 1351 480 1383 dicere,
496 1349 548 1376 Nos
557 1355 653 1383 aquam
674 1346 818 1373 hausimus.
836 1344 875 1372 Ad
889 1344 946 1371 hch
960 1350 1023 1370 vero
1032 1342 1083 1369 do-

296 1403 384 1431 gmata
403 1401 494 1425 contra
519 1395 663 1423 Ecclesium
678 1393 785 1422 suborta
803 1392 905 1419 evertit.
926 1391 991 1425 Quia
1013 1390 1083 1418 enim

297 1445 403 1477 quidam
422 1444 502 1471 alium
525 1450 585 1471 esse
602 1441 693 1469 mundi
707 1445 853 1468 creatorem
873 1439 974 1469 dii-unt,
988 1445 1084 1471 opera-

297 1498 350 1525 quo
364 1489 475 1516 visibilia
492 1496 544 1516 non
559 1488 617 1522 ejus
627 1494 696 1520 esse,
712 1485 758 1513 sed
773 1485 881 1512 alterius
896 1483 939 1510 dei
954 1483 1002 1517 ipsi
1019 1489 1084 1508 con-

299 1536 388 1567 trarii;
401 1540 429 1563 ut
444 1541 536 1562 eorum
550 1533 678 1560 insaniam
697 1531 832 1566 reprimat,
849 1530 884 1556 ita
903 1528 984 1556 inulta
1003 1527 1085 1554 mira-

298 1582 358 1608 cula
378 1581 433 1608 edit
455 1587 488 1607 ex
511 1579 637 1613 subjectis
656 1577 820 1605 substantiis.
850 1575 914 1603 Nam
939 1575 961 1602 si
982 1577 1086 1601 creator

300 1626 348 1660 ipsi
362 1625 510 1653 contrarius
524 1627 605 1656 esset,
619 1630 672 1650 non
691 1621 784 1649 alienis
804 1624 921 1648 uteretur
937 1619 970 1646 ad
991 1623 1085 1653 poten-

301 1671 363 1698 tiam
381 1677 455 1697 suam
473 1667 716 1696 demonstrandam.
740 1665 814 1693 Nunc
835 1666 913 1700 igitur
931 1663 1085 1694 ostendens,

300 1725 331 1744 se
341 1715 463 1744 eumdem
477 1715 563 1749 ipsum
574 1721 643 1745 esse,
657 1713 700 1748 qni
713 1719 808 1747 aquam
820 1711 846 1738 in
857 1710 941 1738 vineis
955 1714 1048 1740 mutat,
1061 1713 1088 1735 et

301 1761 416 1796 pluviam
429 1768 475 1795 per
489 1759 604 1787 radicem
619 1758 644 1785 in
663 1758 752 1784 viuum
769 1756 910 1787 convertit,
927 1755 953 1782 id
972 1754 1041 1789 quod
1061 1754 1086 1780 in

302 1807 359 1840 ipsa
374 1806 462 1841 planta
483 1803 594 1838 longiori
609 1808 726 1838 tempore
740 1801 812 1834 facit,
828 1801 853 1828 id
868 1804 976 1835 repente
996 1800 1022 1826 iu
1037 1807 1086 1826 nu-

303 1851 364 1886 ptiis
379 1854 502 1885 operatus
522 1853 572 1876 est.
591 1849 731 1882 Postquam
753 1851 840 1874 autem
866 1846 1020 1880 implessent
1039 1844 1088 1879 hy-

303 1897 384 1929 drias,
399 1896 436 1922 ait
451 1903 458 1920 :
473 1895 500 1922 8.
521 1894 627 1920 flaui-ite
647 1901 722 1924 nunc,
738 1897 761 1919 et
781 1892 843 1926 ferte
855 1891 1035 1918 architricliuo.
1055 1889 1087 1916 Et

304 1941 424 1968 tulerunt.
446 1940 472 1968 9.
502 1939 535 1966 Ut
554 1943 637 1966 autem
663 1938 770 1973 gustavit
788 1935 975 1963 arcliitriclinus
996 1943 1088 1970 aquam

304 1987 387 2012 uiuum
402 1987 504 2020 factum,
518 1989 541 2010 et
560 1983 680 2010 nesciebat
701 1982 766 2009 unde
781 1987 861 2014 esset;
880 1981 986 2008 ministri
1005 1985 1089 2007 autem

304 2030 423 2062 sciebant,
441 2029 484 2064 qui
503 2029 636 2055 hauserant
653 2035 743 2062 aquam
759 2032 848 2054 :vocat
868 2034 986 2061 sponsam
1003 2026 1088 2052 archi-

306 2076 429 2108 triclinar,
446 2075 487 2102 10.
500 2079 522 2102 et
535 2074 595 2101 dicit
607 2074 630 2100 ei
646 2082 654 2100 :
669 2073 756 2100 Omnis
780 2073 853 2099 Immo
872 2073 981 2107 primum
997 2072 1089 2097 bonum

305 2120 390 2146 riuum
403 2119 482 2153 ponit,
499 2123 521 2144 et
539 2126 595 2144 cum
612 2117 727 2144 incbriati
740 2117 843 2152 fuerint,
859 2122 918 2143 tum:
929 2116 955 2142 id
965 2115 1032 2151 quod
1044 2115 1089 2141 de-

307 2164 383 2190 terius
399 2169 445 2190 est.
462 2163 502 2190 Ta
518 2163 620 2190 servasti
634 2162 726 2189 bonum
745 2163 828 2188 viuum
842 2169 918 2196 usque
932 2161 1025 2187 adhuc.
1042 2160 1091 2188 llic

307 2217 411 2236 rursum
424 2209 530 2243 quidam
543 2208 698 2235 cavillantur
712 2208 840 2239 dicentes,
855 2207 1020 2233 ebriosorum
1037 2213 1091 2233 εω-

307 2260 363 2281 tum
374 2254 464 2287 fuisse,
481 2254 600 2281 hebetem
611 2253 772 2288 gnstantium
787 2260 904 2285 sensum,
914 2253 957 2287 qui
970 2260 1024 2279 rem
1039 2259 1090 2279 non

308 2304 416 2335 possent
434 2307 537 2334 capere,
560 2307 608 2327 nec
631 2299 757 2334 judicium
774 2298 853 2330 ferre,
871 2298 905 2324 ita
919 2302 947 2324 ut
960 2299 1093 2325 nescirent

307 2355 341 2373 an
356 2346 444 2372 viuum
463 2353 496 2372 an
512 2352 578 2378 aqua
599 2344 624 2371 id
639 2348 730 2371 esset:
747 2351 807 2370 nam
826 2343 895 2378 quod
912 2344 977 2371 ebrii
992 2349 1090 2376 essent,

309 2392 365 2426 ipse
385 2390 579 2418 architriclinus
598 2389 751 2416 declaravit.
771 2388 918 2416 Ridiculum
933 2389 1010 2422 plane
1029 2388 1092 2415 illud

308 2441 348 2463 est
366 2445 373 2463 :
389 2443 480 2462 verum
503 2435 570 2462 hanc
590 2434 695 2461 illorum
718 2433 892 2469 suspicionem
914 2434 968 2467 jam
987 2434 1093 2461 sustulit

309 2480 478 2515 evangelista.
496 2479 552 2506 Non
569 2479 638 2506 enim
651 2479 776 2506 convivas
790 2479 827 2505 ait
839 2479 871 2505 de
884 2487 913 2506 re
928 2479 971 2506 illa
986 2484 1093 2506 senten~

310 2527 372 2552 tiam
396 2525 496 2557 tulisse,
519 2523 566 2551 sed
585 2523 804 2556 architriclinum,
823 2524 867 2558 qui
887 2524 989 2551 sobrius
1008 2524 1093 2551 adlmc

310 2573 373 2600 nihil
387 2577 546 2607 gustaverat.
567 2570 644 2599 Scitis
658 2571 755 2606 quippe
768 2579 868 2603 omnes,
888 2571 984 2606 quibus
1002 2571 1092 2598 convi-

309 2620 411 2645 viorum
433 2626 495 2644 cura
513 2617 684 2644 committitur
699 2625 757 2644 esse
779 2617 894 2644 omnium
914 2617 1028 2644 maxime
1047 2625 1092 2645 so-

310 2664 391 2695 brios,
407 2670 484 2689 unam
500 2663 567 2688 hanc
581 2669 669 2689 curam
685 2661 822 2692 habentes,
841 2667 870 2688 ιιι
886 2670 944 2688 cum
963 2667 1036 2688 recto
1051 2669 1093 2688 or-

308 2707 371 2734 dine
381 2707 468 2734 omnia
478 2707 657 2740 disponantur.
668 2705 782 2741 ideoque
791 2714 897 2734 sensum
907 2707 978 2733 illum
988 2707 1092 2741 vigilvnt

310 2757 337 2779 ct
351 2751 468 2779 sobrium
491 2752 523 2778 ad
539 2751 576 2778 rei
591 2755 671 2785 gesta:
685 2752 863 2778 testimonium
885 2752 1015 2778 evocavit.
1036 2751 1091 2778 Non

310 2797 380 2824 rnim
398 2797 474 2828 dixit,
493 2797 621 2824 lnfumlilc
635 2797 756 2824 convivis
769 2798 868 2829 vinum,
883 2797 939 2828 sed,
957 2797 1031 2824 Ferte
1049 2806 1092 2823 ar-

311 2842 459 2870 i‘ltitriclt'tto.
473 2843 505 2872 Ut
513 2848 594 2870 autent
603 2843 707 2880 gustat-it
718 2843 901 2869 arc/ritrirliuus
910 2851 997 2877 (tt/Imm
1010 2843 1093 2869 riuum

667 155 694 182 S.
715 151 852 182 JOANNIS
865 149 1097 179 CIIRYSOSTOMI
1118 150 1275 178 AllClllEP.
1294 151 1559 180 CONSTA‘NTINOP.

1864 154 1912 183 I38

1126 210 1228 242 facturn,
1244 214 1266 236 et
1276 210 1397 236 nesciebat
1409 211 1476 238 unde
1485 215 1548 237 esset
1557 219 1566 243 ,'
1575 211 1681 238 ministri
1691 217 1774 238 autem
1784 212 1827 238 ui.
1835 211 1893 239 baut
1903 220 1913 240 :

1125 260 1196 282 vocat
1210 264 1330 288 sponsum
1342 257 1536 284 architriclimts.
1551 257 1605 284 Cur
1624 264 1676 284 non
1695 257 1831 285 ministros
1847 258 1911 285 allo-

1125 301 1235 336 quitur?
1250 301 1288 328 sic
1307 301 1377 328 enim
1399 301 1554 329 miraculum
1579 303 1724 330 revelatum
1743 307 1825 330 esset.
1846 303 1911 336 Quia

1126 354 1160 374 ne
1175 347 1232 380 ipse
1248 346 1354 381 quidem
1368 347 1444 374 Jcsus
1466 347 1535 381 quod
1556 348 1650 374 factum
1672 348 1757 374 fuerat
1776 348 1911 380 revelavit.

1125 392 1172 419 sed
1186 392 1285 419 sensim
1306 392 1485 426 paulatimque
1497 393 1600 420 volebat
1616 393 1668 419 vim
1686 393 1870 420 miraculorum
1887 393 1912 420 in

1127 437 1248 463 notitiam
1259 437 1359 464 venire.
1372 437 1400 464 Si
1414 445 1476 464 vero
1489 442 1550 464 tunc
1560 438 1722 465 declaratum
1736 439 1838 472 fuisset,
1861 448 1912 466 non

1127 482 1195 509 [lch
1210 481 1330 509 habenda
1352 487 1410 509 crat
1424 483 1551 510 ministris
1573 484 1756 516 narrantibus;
1779 484 1826 511 sed
1845 484 1915 511 insa-

1128 528 1184 555 nire
1196 529 1278 563 putati
1291 529 1410 561 fuissent,
1423 536 1482 556 cum
1497 529 1607 562 homini,
1623 530 1668 565 qui
1682 531 1806 565 opinione
1818 531 1912 558 multo-

1128 581 1185 600 rum
1207 581 1222 601 e
1247 573 1328 608 vulgo
1348 578 1415 606 erat,
1439 574 1500 613 talia
1524 573 1715 602 adscriberent.
1734 575 1785 610 Ipsi
1807 575 1913 610 quidem

1128 619 1291 654 experientia
1305 627 1360 646 rem
1373 620 1444 647 clare
1460 625 1606 652 noverant;
1621 628 1705 655 neque
1720 625 1842 655 poterant
1861 622 1915 648 suis

1128 665 1249 691 manibus
1265 663 1344 690 fidem
1366 671 1484 699 negare;
1500 672 1552 692 non
1577 669 1663 692 tamen
1688 665 1774 693 idonei
1791 670 1867 694 erant
1888 671 1915 693 ut

1128 710 1188 737 aliis
1199 709 1277 737 fidem
1294 709 1420 737 facerent.
1436 709 1497 738 ldeo
1511 718 1563 738 non
1578 711 1701 737 omnibus
1711 710 1852 741 revelavit:
1868 711 1915 738 sed

1129 757 1209 792 eiqni
1229 757 1343 784 maxime
1367 761 1456 791 posset
1478 756 1503 784 id
1528 757 1688 791 perstat-ere,
1713 757 1852 785 clariorem
1877 758 1915 785 rei

1130 801 1249 828 notitiam
1264 801 1291 828 in
1306 805 1439 836 posterum
1456 808 1605 829 reservans.
1618 801 1683 829 Nam
1708 807 1766 837 post
1780 802 1831 829 alia
1850 810 1916 829 con-

1129 848 1220 882 spicua
1244 847 1333 881 signa,
1368 846 1418 874 hoc
1445 847 1524 874 etiam
1547 847 1674 874 credibile
1703 847 1819 874 futurum
1849 853 1916 874 crat.

1130 891 1241 926 Quando
1252 893 1322 919 enim
1337 892 1418 919 filium
1435 892 1515 926 reguli
1530 897 1620 927 postea
1635 893 1747 925 curavit.
1761 900 1807 928 per
1817 901 1847 920 ra
1859 901 1917 928 qua:

1132 943 1194 966 tunc
1207 938 1270 966 dicit
1285 939 1444 973 evangelista
1469 939 1568 966 indicat
1582 939 1632 966 hoc
1651 940 1730 966 etiam
1751 940 1917 968 manifestius

1132 983 1222 1011 fuisse.
1248 983 1309 1010 Ideo
1332 984 1402 1011 enim
1425 984 1539 1012 maxime
1562 985 1669 1019 regulus
1694 985 1779 1019 ipsum
1803 991 1917 1019 vocavit,

1131 1029 1192 1063 quia
1207 1029 1273 1064 signi
1289 1029 1365 1055 istius
1374 1036 1472 1064 gnarus
1485 1033 1552 1062 erat,
1567 1034 1597 1056 ut
1609 1030 1676 1056 dixi.
1692 1030 1766 1063 Quod
1780 1030 1919 1058 declarans

1131 1074 1248 1102 Joannes
1263 1074 1388 1102 dicebat:
1409 1073 1480 1102 Venit
1501 1074 1575 1102 lem
1596 1076 1622 1102 in
1643 1075 1712 1102 Cana
1735 1075 1856 1109 Goliam,
1877 1076 1920 1103 ubi

1133 1121 1191 1155 fecit
1206 1129 1296 1156 aquam
1315 1121 1399 1148 vinum
1411 1129 1420 1148 :
1433 1128 1519 1156 neque
1540 1121 1619 1149 modo
1642 1121 1743 1153 vinum,
1761 1121 1807 1149 sed
1831 1122 1919 1149 vinum

1133 1165 1272 1200 optimum.

1168 1211 1194 1238 5.
1207 1210 1280 1237 Talia
1295 1216 1355 1237 sunt
1376 1210 1474 1238 Christi
1497 1210 1632 1244 miracula,
1649 1218 1708 1245 qua:
1722 1218 1764 1238 res
1785 1211 1920 1238 naturales

1135 1256 1285 1290 pr:cs:antia
1310 1255 1386 1290 longe
1408 1259 1543 1289 superent.
1560 1256 1604 1283 Sic
1626 1261 1653 1283 et
1674 1256 1698 1282 in
1721 1256 1781 1283 aliis
1804 1264 1920 1290 quoque,

1134 1300 1239 1335 quando
1254 1301 1400 1327 membrum
1415 1300 1555 1327 distortum
1571 1301 1694 1332 restituit,
1710 1301 1858 1327 sanioribus
1875 1308 1922 1327 va-

1135 1345 1216 1372 lidius
1229 1345 1326 1372 ell‘ecit.
1350 1345 1425 1378 Quod
1448 1353 1511 1380 ergo
1534 1345 1633 1378 vinum,
1648 1349 1674 1373 et
1688 1346 1776 1373 vinum
1791 1345 1921 1380 optimum

1135 1391 1198 1418 illud
1213 1396 1292 1422 essct,
1310 1398 1362 1417 non
1377 1390 1456 1418 modo
1469 1390 1592 1423 ministri,
1608 1390 1654 1418 sed
1676 1395 1703 1418 et
1724 1390 1922 1417 architriclinus

1135 1442 1162 1464 et
1174 1444 1289 1471 sponsus
1305 1436 1468 1463 testificaluri
1482 1440 1556 1463 erant
1569 1444 1575 1468 ;
1590 1436 1660 1470 quod
1682 1441 1770 1463 autem
1785 1443 1799 1463 a
1814 1435 1922 1463 Christo

1137 1481 1234 1509 factum
1250 1485 1332 1514 esset,
1347 1482 1390 1516 qui
1406 1489 1502 1516 aquam
1525 1481 1677 1509 hauserant.
1695 1481 1732 1509 Ita
1746 1486 1775 1508 ut
1796 1481 1845 1508 etsi
1862 1486 1923 1509 tunc

1136 1528 1292 1555 miraculum
1302 1535 1353 1554 non
1366 1527 1510 1554 revelatum
1524 1527 1626 1560 fuisset,
1640 1535 1692 1554 non
1704 1527 1737 1555 ad
1750 1527 1830 1555 tinent
1842 1535 1924 1561 usque

1136 1573 1208 1601 sileri
1225 1578 1314 1607 posset
1328 1581 1334 1599 :
1351 1573 1389 1600 sic
1404 1573 1485 1600 multa
1500 1574 1702 1607 necessarioque
1723 1573 1922 1607 prmmittchan-

1137 1623 1180 1646 tur
1193 1618 1218 1645 in
1231 1618 1345 1645 futurum
1361 1623 1464 1653 tempus
1479 1618 1640 1645 testimonia.
1655 1618 1728 1652 Quod
1742 1619 1812 1646 enim
1827 1626 1923 1653 aquam

1137 1664 1226 1691 vinum
1240 1663 1354 1697 fecisset,
1369 1664 1503 1691 ministros
1517 1669 1597 1691 testes
1609 1664 1698 1691 habuit
1715 1674 1720 1691 :
1737 1664 1806 1699 quod
1827 1665 1923 1691 bonum

1137 1711 1226 1736 vitnnn
1247 1715 1327 1743 esset,
1348 1710 1555 1736 arebilriclinum
1576 1715 1602 1737 et
1617 1718 1752 1745 sponsum.
1777 1710 1925 1737 Verisimile

1138 1761 1225 1783 autem
1239 1760 1279 1783 est
1293 1764 1419 1790 sponsum
1439 1756 1535 1790 aliquid
1551 1756 1583 1783 ad
1600 1756 1655 1783 ha-c
1675 1757 1843 1791 respondisse
1857 1765 1864 1782 :
1881 1763 1923 1781 ie-

1138 1809 1195 1828 rum
1209 1800 1368 1835 evangelista
1385 1800 1417 1827 ad
1439 1801 1520 1835 magis
1536 1801 1684 1828 necessaria
1702 1808 1858 1836 properans,
1876 1801 1924 1827 hoc

1139 1849 1238 1872 tantum
1249 1846 1380 1873 reccnsilo
1392 1846 1476 1880 signo,
1491 1850 1585 1872 cetera
1601 1845 1778 1879 pra2tcrmisit.
1799 1845 1925 1872 Necessa-

1140 1890 1206 1917 rium
1222 1890 1316 1924 quippe
1331 1894 1389 1917 erat
1405 1894 1433 1917 ut
1446 1891 1558 1917 sciretur
1573 1890 1657 1924 ipsum
1671 1898 1765 1926 aquam
1784 1891 1810 1917 in
1836 1890 1924 1917 vinum

1141 1935 1301 1966 mutavisse;
1321 1935 1383 1970 quid
1406 1943 1468 1962 vero
1482 1935 1662 1963 architriclino
1676 1943 1791 1970 sponsus
1814 1944 1925 1971 respon-

1141 1980 1218 2011 derit,
1234 1980 1334 2007 referre
1350 1979 1528 2007 necessarium
1542 1988 1595 2007 non
1611 1981 1723 2015 putavit.
1738 1981 1817 2008 Multa
1830 1982 1926 2016 quippe

1141 2026 1213 2060 signa
1228 2026 1340 2060 primum
1352 2026 1515 2059 obscuriora,
1528 2034 1668 2061 progressu
1680 2028 1807 2061 temporis
1815 2028 1924 2054 clariora

1142 2071 1208 2098 facta
1222 2076 1292 2102 sunt,
1309 2071 1340 2097 iis
1360 2078 1483 2098 accurate
1505 2072 1674 2099 narrantibus
1694 2071 1738 2106 qni
1760 2079 1774 2099 a
1798 2072 1926 2106 principio

1142 2116 1270 2143 viderant.
1297 2115 1371 2144 Tunc
1395 2117 1474 2150 igitur
1495 2117 1584 2144 vinum
1608 2125 1640 2143 cx
1659 2125 1726 2151 aqua
1749 2116 1811 2144 fecit
1834 2117 1925 2149 Jesus;

1144 2166 1205 2188 tunc
1219 2165 1246 2188 et
1261 2169 1331 2188 nunc
1342 2161 1490 2188 voluntates
1499 2162 1591 2188 molles
1601 2166 1628 2189 et
1641 2162 1781 2189 dissolutas
1795 2163 1819 2189 in
1833 2162 1928 2189 melius

1143 2212 1246 2234 mutare
1259 2214 1310 2234 non
1325 2206 1429 2234 desinit.
1447 2207 1514 2234 Sunt
1527 2207 1608 2238 enim,
1623 2211 1695 2240 sunt,
1712 2207 1828 2242 inquam,
1844 2207 1927 2234 homi-

1145 2261 1203 2285 nes,
1227 2253 1271 2287 qui
1295 2252 1358 2279 nihil
1383 2253 1416 2279 ah
1435 2260 1501 2287 aqua
1527 2253 1666 2284 differunt;
1690 2254 1725 2279 ita
1749 2258 1810 2280 sunt
1830 2253 1926 2288 frigidi,

1144 2299 1237 2326 tnolles
1252 2304 1278 2326 ct
1298 2306 1439 2333 numquam
1455 2298 1638 2326 consistentes.
1654 2299 1714 2325 lllos
1733 2304 1820 2325 autem
1831 2299 1875 2332 qui
1892 2299 1928 2326 sic

1143 2343 1228 2371 afl‘ecti
1243 2348 1304 2370 sunt
1325 2344 1356 2370 ad
1380 2344 1517 2371 Dominum
1534 2343 1704 2376 adducamus,
1719 2348 1747 2370 nt
1762 2343 1868 2370 illorum
1884 2352 1928 2369 vo-

1145 2389 1269 2416 luntatem
1293 2389 1317 2415 in
1343 2389 1395 2415 vini
1415 2388 1594 2414 conditionem
1615 2392 1713 2419 mutet,
1736 2392 1765 2414 ut
1787 2395 1840 2414 non
1863 2388 1928 2414 ultra

1143 2434 1273 2467 diffluunt,
1297 2434 1343 2462 scd
1364 2434 1503 2461 solidiores
1522 2433 1583 2465 sint,
1604 2441 1635 2460 ac
1653 2441 1713 2461 cum
1736 2433 1786 2460 sibi
1803 2437 1858 2460 tum
1873 2434 1929 2460 aliis

1145 2481 1240 2508 la-titiac
1255 2489 1333 2508 causa
1344 2481 1467 2508 evadant.

1181 2527 1290 2553 Terrena
1316 2527 1400 2553 omnia
1412 2526 1484 2560 [laxa
1499 2531 1556 2552 sunt
1569 2546 1576 2558 ,
1590 2531 1612 2552 et
1625 2534 1761 2562 nuntquam
1781 2526 1929 2554 consistam.

1148 2571 1236 2598 Mensa
1260 2571 1366 2605 frugalis
1381 2571 1529 2597 valetudinis
1542 2576 1578 2598 est
1591 2576 1679 2598 mater.
1695 2571 1850 2604 -—Quinatn
1869 2578 1931 2596 vrro

1145 2621 1206 2643 sunt
1229 2616 1265 2642 illi
1282 2616 1364 2650 frigidi
1379 2636 1385 2647 ,
1401 2616 1450 2642 nisi
1477 2616 1493 2642 ii
1519 2617 1562 2650 qui
1579 2616 1655 2643 fluxis
1679 2615 1757 2650 hujus
1772 2616 1832 2642 vita:
1853 2616 1932 2642 rebus

1147 2661 1289 2692 inhorrent,
1306 2661 1349 2695 qui
1365 2661 1454 2688 mundi
1472 2661 1582 2688 delicias
1597 2669 1649 2688 non
1665 2661 1802 2693 derident,
1818 2661 1862 2695 qui
1875 2660 1930 2695 glo<

1146 2707 1211 2733 riam
1227 2710 1253 2734 et
1267 2706 1410 2741 potentiam
1427 2706 1538 2732 amant?
1555 2706 1615 2733 llwc
1630 2707 1727 2741 quippe
1740 2707 1828 2732 omnia
1843 2705 1912 2732 ﬂuxa
1923 2725 1930 2739 ,

1147 2760 1289 2786 numquam
1316 2752 1484 2784 consistunt,
1501 2760 1560 2786 qua:
1583 2752 1608 2779 in
1633 2760 1751 2787 pratceps
1774 2759 1882 2786 semper
1908 2756 1930 2778 et

1146 2805 1206 2824 cum
1230 2798 1327 2832 impetu
1350 2797 1479 2824 feruntur.
1507 2797 1571 2824 Nam
1591 2797 1634 2832 qui
1659 2797 1737 2824 hodie
1758 2797 1851 2830 dives,
1875 2804 1931 2823 cras

1148 2851 1246 2878 pauper
1261 2847 1301 2870 est
1316 2851 1321 2869 :
1338 2843 1381 2877 qui
1405 2842 1482 2870 hodie
1497 2851 1555 2869 cum
1577 2850 1698 2877 νηί-ϐοιιο
1710 2863 1716 2875 ,
1730 2842 1818 2870 haltco
1831 2862 1838 2876 ,
1855 2848 1932 2869 curru
