2040 3113
114 169 164 198 IS"

113 226 258 260 multisque
274 222 411 251 lictoribus
423 228 451 248 se
467 219 542 247 ell'ert
553 239 560 251 .
577 226 647 252 sche
659 217 778 252 sequenti
795 217 837 243 die
848 224 906 243 ear-

112 273 168 301 ioeri
195 270 378 305 mancipatur,
396 267 495 302 aliique
511 265 609 293 invitus
625 265 695 291 hunc
711 264 805 291 fastum
822 262 905 291 relin-

114 319 181 353 quit.
197 316 248 350 Qui
261 314 387 343 delicatis
402 313 468 340 cibis
484 311 589 338 deditus
605 314 646 337 est
658 330 665 340 .
682 313 821 344 postquam
839 315 908 335 ven-

115 369 184 391 trem
198 362 306 397 crapula
321 360 434 394 disrupit
446 380 453 391 ,
470 365 503 385 ne
525 365 577 384 uno
596 356 703 391 quidem
717 355 760 382 die
780 359 867 390 potest
881 355 906 381 iu

115 410 210 438 eadem
223 407 385 436 abundantia
411 411 584 440 permanere;
601 402 647 430 sed
664 402 706 429 illa
732 402 757 428 in
784 408 909 435 vaporetn

117 463 194 483 versa
205 476 213 487 ,
229 452 397 489 cogituraha
412 457 557 485 congerere
567 470 573 481 ,
589 448 707 482 nihilque
722 446 810 474 dilTert
823 454 837 472 a
853 451 908 473 tor—

117 507 202 529 rente.
212 500 278 528 Nam
293 497 515 534 quemadmodum
531 495 565 521 ibi
580 494 669 529 priore
692 492 836 520 recedente
859 491 910 518 flu—

117 552 173 579 ctu.
188 547 233 574 alii
251 553 344 573 rursus
360 545 476 573 instant,
493 543 530 569 sic
553 547 580 568 et
603 549 652 568 nos
677 541 729 567 alio
751 545 808 573 post
830 539 910 565 alium

118 593 178 619 cibo
194 592 354 625 indigemus.
378 587 535 622 Ilujnsmodi
551 590 592 613 est
609 593 697 612 rerum
718 584 797 619 hujus
821 583 910 610 szrculi

119 643 213 665 natura
227 646 233 668 ;
251 642 393 670 numquam
409 637 500 665 stant,
519 631 565 658 sed
581 638 686 665 setnpcr
700 629 785 656 ﬂuunt
807 634 833 656 et
857 634 911 655 tra-

119 683 229 711 huntur.
247 681 354 709 Delicire
377 686 441 706 vero
456 677 576 705 ciborum
600 684 651 703 non
678 675 758 702 modo
780 674 865 701 miunt
886 679 913 700 et

123 730 344 763 prmtercurrnnt,
359 724 405 751 sed
420 723 500 750 multa
514 722 590 749 nobis
603 722 654 748 alia
666 720 768 755 negotia
780 720 911 754 ingerunt.

120 774 187 801 Dum
212 774 281 801 enim
297 779 356 799 cmn
372 771 471 805 itnpctu
487 767 611 795 difﬂuunt
622 788 630 799 ,
647 771 701 793 tum
718 765 798 792 robur
814 772 911 798 corpo-

119 822 168 854 ris,
183 826 239 848 tum
256 820 351 847 anima:
366 819 489 845 virtutem
506 815 663 843 abstrahunt
680 823 686 841 Ζ
704 821 790 848 neque
804 813 838 839 ita
853 813 912 840 vio-

121 867 186 895 lenti
203 866 342 893 ﬂuminum
362 863 457 890 fluetus
480 863 551 896 ripas
567 861 695 888 excedere
709 860 796 887 solent
810 880 817 891 ,
832 863 860 886 ut
875 859 914 885 ci-

121 913 217 940 borum
242 911 345 938 delicia:
361 908 520 937 valetudinis
544 907 714 934 fundamenta
731 913 822 933 secum
845 904 910 932 sub-

121 958 242 985 trahunt.
266 956 294 984 Si
316 955 446 983 medicnm
462 953 542 980 adeas
557 958 583 979 et
608 952 771 987 perconteris
783 971 790 983 ,
807 958 914 977 omnem

120 1004 278 1031 morborum
300 1009 406 1028 causam
428 999 489 1026 hinc
505 998 611 1034 prodire
626 998 722 1024 disces.
745 996 811 1023 Nam
828 996 915 1022 tenuis

122 1055 148 1076 et
171 1049 232 1076 vilis
253 1055 365 1079 mensa,
384 1045 542 1072 valetudinis
563 1048 647 1070 mater
662 1047 711 1070 est.
737 1042 798 1069 ldeo
820 1041 915 1068 medici

125 1096 164 1122 sic
187 1095 260 1122 illatn
286 1097 422 1120 vocarunt.
439 1091 498 1118 Non
514 1090 604 1117 satiari
626 1089 651 1116 id
677 1089 853 1115 \‘a'cludinem
868 1095 914 1114 vo-

123 1145 185 1167 cant
199 1149 205 1166 :
222 1138 280 1166 Cibi
295 1139 366 1165 ettim
382 1137 496 1172 parcitas
509 1157 516 1168 ,
531 1136 650 1167 sanitas;
673 1133 782 1168 frugalis
799 1139 893 1159 mensa
907 1152 914 1164 ,

123 1191 208 1213 mater
219 1184 391 1214 valetudinis,
409 1183 540 1217 inquiunt.
554 1180 630 1214 Quod
645 1180 666 1207 si
682 1179 818 1214 frugalitas
832 1184 917 1205 mater

122 1236 166 1258 est
188 1230 368 1262 valetudinis,
385 1229 463 1264 plane
486 1227 593 1254 satietas
613 1230 697 1253 mater
718 1229 758 1252 est
782 1224 867 1251 morbi
890 1228 918 1251 et

123 1277 307 1304 infirmitatis:
326 1275 447 1310 paritque
468 1273 639 1309 a‘gritudines
653 1273 736 1306 ipsam
752 1270 916 1298 medicorum

121 1328 208 1350 artem
234 1326 410 1357 superantes;
426 1320 523 1354 pedum
536 1340 543 1352 ,
558 1318 651 1352 capitis
663 1338 671 1350 ,
688 1317 825 1344 oculorttm
836 1336 844 1348 ,
861 1323 917 1343 ma-

122 1377 205 1396 nuum
222 1369 331 1396 morbos
342 1388 350 1401 ,
368 1372 496 1394 tremores
508 1387 516 1399 ,
532 1365 662 1400 paralysin
674 1384 681 1396 ,
695 1364 795 1390 icteron
806 1383 814 1396 ,
830 1361 916 1389 febres

122 1416 267 1443 diuturnas
290 1421 317 1443 et
340 1414 484 1445 ardentes,
507 1412 613 1446 aliaque
641 1411 718 1444 lmige
742 1409 835 1444 plura,
858 1415 918 1443 quas

123 1469 268 1490 recensere
289 1468 341 1488 non
365 1465 439 1486 vacat
456 1468 462 1486 :
487 1459 542 1485 ha-c
557 1466 607 1484 non
624 1465 657 1483 ex
682 1455 828 1490 indigentia
839 1475 847 1488 ,
864 1461 914 1481 nec

631 161 663 189 IN
687 159 843 188 JOANNEM
864 159 976 188 Il0.\I|L.
999 158 1094 187 XXIII.
1115 159 1149 187 al.
1173 158 1255 187 XXII.
1706 159 1753 187 138

963 225 995 243 ex
1012 214 1199 250 philosophice
1222 215 1292 242 victu
1307 236 1315 248 ,
1336 214 1383 242 sed
1397 222 1428 242 ex
1452 214 1574 242 satietate
1597 220 1623 243 et
1644 221 1752 250 crapula

960 267 1132 298 generantur.
1149 261 1224 295 Quod
1240 262 1262 288 si
1279 261 1344 288 velis
1361 261 1422 289 hinc
1441 266 1514 289 ortus
1526 262 1622 290 anima:
1644 263 1753 290 morlms

961 309 1103 343 explorare
1116 329 1123 340 ,
1139 307 1324 342 deprehendes
1339 307 1400 334 inde
1423 308 1495 335 nasci
1511 308 1649 335 avaritiam
1663 329 1671 340 ,
1687 309 1754 334 mol-

962 353 1046 380 litiem
1059 373 1066 384 ,
1079 358 1163 379 atram
1180 352 1259 379 bilem
1273 373 1280 383 ,
1294 352 1425 387 pigritiam
1437 373 1445 385 ,
1461 353 1596 380 libidinem
1610 374 1616 385 ,
1633 361 1755 380 omnem-

962 408 1014 434 que
1038 399 1224 434 ignorantiam.
1252 398 1299 425 llis
1318 398 1464 433 gaudentes
1478 400 1576 427 mensis
1590 400 1686 426 anima:
1701 408 1725 426 ni
1738 409 1754 427 ιι

963 447 1045 473 asinis
1059 446 1183 473 meliores
1200 445 1316 472 evadunt
1327 465 1335 477 ,
1351 453 1410 479 quae
1426 453 1439 471 a
1462 445 1557 472 talibus
1573 446 1636 472 feris
1656 446 1756 473 disce?-

965 497 1070 526 paetnr.
1089 492 1142 519 Nec
1159 491 1251 518 laet-b0
1265 497 1290 517 et
1303 491 1407 518 fastidia
1422 492 1518 525 quibus
1533 491 1641 518 olmwxii
1655 498 1716 519 sunt
1737 492 1754 520 ii

964 539 1008 572 qui
1033 545 1061 565 se
1077 538 1138 564 huic
1159 537 1287 564 addixere
1303 537 1414 569 morbo,
1432 545 1490 571 qua:
1504 537 1592 563 ouuiia
1614 545 1755 566 recensete

965 593 1016 611 nou
1033 592 1172 619 possumus
1187 593 1193 610 :
1210 591 1291 610 unum
1305 583 1375 618 quod
1387 588 1425 610 est
1439 588 1519 617 caput
1531 583 1650 609 omnitnu
1666 583 1757 611 decla-

966 632 1040 656 rabo.
1058 629 1139 656 Lauta
1156 638 1264 661 mensa,
1280 630 1313 656 de
1328 636 1378 663 qua
1392 629 1524 663 loquimur
1535 648 1543 661 ,
1561 636 1703 664 numquam
1720 629 1757 657 illi

965 684 1024 703 cum
1037 677 1172 710 vc.lnptate
1187 676 1321 702 fruuntur.
1338 675 1486 710 Frugalitas
1502 675 1600 710 quippe
1612 681 1638 702 nt
1652 675 1756 702 valetu-

965 721 1035 748 dinis
1048 741 1055 753 ,
1072 721 1105 747 ita
1121 725 1147 748 et
1162 721 1302 754 voluptatis
1329 726 1413 747 mater
1426 726 1463 747 est
1477 729 1484 752 ;
1501 721 1609 747 satietas
1632 728 1696 747 vero
1707 742 1714 753 ,
1730 725 1758 748 ut

966 767 1119 794 morborum
1133 787 1140 799 ,
1158 766 1192 794 ita
1216 766 1313 793 fastidii
1331 766 1389 793 fons
1410 771 1450 793 est
1472 771 1499 792 ct
1522 766 1605 792 radix.
1632 766 1696 792 Nam
1711 766 1754 793 ubi

965 812 1074 839 satietas
1087 817 1144 844 est,
1159 813 1192 839 ibi
1209 812 1421 846 concupiscentia
1438 819 1498 838 esse
1510 813 1617 846 nequit:
1636 812 1680 838 ubi
1696 819 1759 838 vero

966 859 1181 892 concupiscentia
1198 867 1249 885 non
1264 863 1304 885 est
1318 879 1324 890 ,
1341 858 1475 892 quomodo
1488 859 1608 892 voluptas
1622 866 1682 885 esse
1698 866 1759 892 pos-

967 905 1022 931 sit?
1050 905 1109 931 ldeo
1126 913 1177 931 non
1203 905 1282 931 modo
1300 905 1484 938 prudentiores
1500 910 1524 931 cl
1540 905 1700 931 valentiores
1715 905 1758 931 di-

967 951 1064 977 vitibus
1078 958 1208 985 pauperes
1227 950 1347 977 videmus
1358 971 1365 983 ,
1381 950 1427 977 sed
1451 950 1543 985 tnajori
1560 951 1648 976 lzntitia
1670 950 1758 976 h'nen-

968 1001 1017 1024 tes.
1041 996 1106 1029 Qua:
1130 997 1217 1023 omnia
1242 996 1387 1030 cogitantes
1413 996 1568 1023 ebrietatem
1597 996 1759 1030 deliciasque

968 1041 1099 1076 fugiamus
1113 1049 1119 1074 ;
1137 1049 1188 1068 non
1211 1049 1311 1068 mensae
1328 1047 1427 1068 tantum
1442 1041 1552 1068 delicias
1566 1063 1572 1073 ,
1587 1041 1633 1068 sed
1653 1046 1679 1068 et
1692 1042 1759 1068 alias

968 1095 1081 1119 omnes,
1096 1095 1154 1121 qua:
1177 1087 1202 1113 iu
1219 1087 1298 1113 rebus
1320 1086 1490 1113 sa-cnlaribns
1514 1087 1605 1113 haberi
1628 1092 1757 1122 possunt;

968 1139 1112 1166 earumque
1127 1132 1186 1159 loco
1200 1132 1365 1166 spiritnalem
1380 1132 1564 1159 nanciscemur
1577 1132 1738 1167 voluptatem
1750 1152 1758 1163 ,

968 1182 995 1205 et
1017 1178 1211 1206 delectabimur
1226 1179 1251 1205 in
1275 1178 1387 1205 Domino
1410 1179 1556 1206 secundum
1580 1179 1735 1214 prophetam
1749 1199 1757 1210 ,

968 1225 1012 1260 qui
1027 1225 1091 1252 dicit
1107 1234 1113 1252 :
1139 1224 1269 1252 Delectarc
1284 1225 1308 1251 in
1323 1225 1432 1252 Domino
1444 1246 1452 1258 ,
1468 1231 1489 1252 et
1504 1225 1544 1252 det
1565 1226 1607 1252 tibi
1628 1226 1759 1260 petitiones

968 1271 1050 1298 cordis
1064 1271 1100 1298 tui
1113 1270 1122 1306 (
1135 1270 1205 1297 Paul.
1222 1271 1265 1298 515.
1282 1271 1332 1306 4);
1349 1276 1375 1297 ιιι
1388 1276 1414 1298 ct
1436 1271 1611 1305 prmsenlibns
1626 1276 1652 1298 cl
1666 1272 1759 1298 futuris

969 1315 1088 1343 fruamur
1109 1317 1185 1343 bouis
1199 1337 1206 1349 ,
1221 1316 1304 1350 gratia
1319 1321 1346 1343 et
1367 1317 1530 1351 benignitate
1555 1317 1657 1343 Domini
1675 1316 1759 1343 nostri

968 1363 1031 1390 Jcsu
1048 1363 1145 1390 Christi
1159 1383 1166 1395 ,
1181 1370 1228 1397 pcr
1241 1370 1319 1397 quem
1333 1367 1359 1389 et
1381 1370 1440 1389 cum
1454 1370 1506 1397 quo
1522 1362 1591 1390 Patri
1606 1362 1689 1397 gloria
1700 1383 1708 1393 ,
1724 1361 1761 1389 si-

969 1409 1076 1444 mulque
1089 1413 1181 1436 sancto
1195 1408 1314 1443 Spiritui,
1331 1408 1356 1435 in
1370 1409 1466 1435 sazcula
1480 1408 1648 1435 szeculornm.
1663 1408 1759 1435 Amen.

125 1517 1036 1534 ___________________.____.

793 1556 966 1588 HOMILIA
989 1555 1109 1586 XXIII.

178 1639 221 1665 ll.
246 1637 300 1664 Hoc
316 1637 372 1672 fecit
388 1635 485 1662 initium
513 1634 643 1669 signarunt
655 1631 730 1658 Jesus
752 1630 778 1656 in
793 1628 864 1656 Caua

458 1680 580 1708 (.‘alilu'a'.

163 1774 189 1801 ι.
198 1772 380 1800 Vehementer
387 1771 467 1797 instat
475 1767 606 1799 diabolus,
613 1771 640 1794 et
648 1765 725 1793 saluti
734 1768 831 1791 nostra:
840 1763 918 1790 undi-

126 1827 180 1854 que
205 1817 357 1845 insidiatur.
381 1814 545 1850 Vigilandnm
574 1813 670 1846 itaque,
689 1815 716 1838 et
731 1809 848 1844 undique
869 1808 918 1843 ipsi

126 1865 217 1892 aditus
229 1861 446 1890 intercludendos
460 1865 510 1887 est.
536 1858 602 1886 Nam
619 1857 641 1884 si
657 1856 698 1884 vel
716 1862 823 1890 parvam
843 1854 919 1881 inve-

126 1910 198 1938 nerit
210 1908 388 1938 occasiOuem,
402 1906 482 1932 latum
501 1903 550 1931 sibi
563 1907 654 1938 postea
667 1900 804 1936 apparabit
819 1899 921 1934 ingres-

126 1963 199 1988 snm,
213 1959 240 1981 et
260 1954 312 1980 vim
331 1960 406 1979 suam
419 1955 501 1978 totatn
522 1949 648 1985 paulatim
663 1947 779 1974 inducet.
793 1945 820 1972 Si
832 1945 921 1979 itaque

127 2000 223 2027 salutis
239 2003 337 2025 nostra:
360 1997 473 2032 aliquam
501 1995 630 2022 rationem
654 1992 821 2023 habeamus,
845 1998 878 2017 ne
893 1990 918 2016 in

128 2047 220 2082 parvis
233 2045 340 2081 quidem
355 2043 434 2071 rebus
453 2043 539 2077 ipsum
555 2040 683 2067 accedere
693 2039 820 2068 sinamus,
831 2042 859 2063 ιιι
874 2043 921 2070 per

128 2081 188 2119 inec
200 2090 344 2125 majoribus
355 2094 536 2116 occurramus.
545 2086 610 2113 Nam
625 2090 751 2112 extrema:
763 2081 921 2117 insipientia:

129 2142 214 2169 esset,
229 2136 253 2164 si
266 2136 329 2164 dum
344 2140 444 2163 tantam
460 2133 503 2160 ille
515 2131 678 2166 diligentiam
691 2129 808 2160 adhibet,
824 2133 849 2154 tu
865 2127 924 2153 ani-

130 2191 202 2211 mam
217 2182 312 2218 perdat
328 2186 457 2212 nostram,
471 2186 519 2206 nos
534 2185 582 2214 pro
592 2177 678 2204 salute
699 2181 788 2202 nostra
804 2180 857 2201 non
873 2181 921 2208 pa-

131 2237 188 2257 rem
202 2229 376 2256 adhibeamus
391 2225 609 2253 sollicitudinem.
631 2223 692 2250 ll:ce.
706 2230 719 2248 a
736 2229 778 2248 me
798 2228 851 2247 non
865 2220 923 2246 sine

130 2282 211 2303 causa
225 2275 295 2302 dicta
318 2272 445 2304 sunt,sed
456 2272 516 2306 quia
536 2271 616 2297 timeo
631 2277 663 2296 ne
687 2269 713 2295 in
736 2267 822 2294 media
849 2265 923 2292 caula

132 2329 203 2349 nunc
215 2321 259 2348 ille
275 2321 352 2355 lupus
366 2319 453 2346 adstct
465 2317 594 2348 occultus,
610 2322 739 2349 ovemque
754 2313 847 2347 rapiat,
864 2319 923 2346 qua:

132 2376 162 2396 se
177 2368 219 2395 vel
243 2375 276 2394 ex
295 2366 406 2402 segnitie
420 2365 462 2392 vel
477 2363 539 2391 dolo
560 2362 630 2389 man
643 2370 656 2388 a
674 2367 753 2395 grege
772 2358 923 2385 auditorum

132 2414 288 2441 selum-erit.
303 2413 369 2440 Nam
382 2411 491 2438 vulnera
506 2410 528 2436 si
539 2409 588 2436 sub
601 2415 708 2435 sensum
724 2405 860 2435 caderent.
879 2408 925 2431 aut

132 2461 153 2486 si
177 2467 276 2493 corpus
299 2459 392 2493 plagas
414 2456 558 2490 acciperet,
581 2461 633 2481 non
648 2460 716 2488 opus
730 2456 802 2479 esset
815 2450 925 2477 insidias

133 2508 214 2533 hasce
230 2510 333 2532 tantum
348 2510 511 2539 prcecaverc.
525 2501 590 2534 Quia
605 2507 669 2527 vero
684 2498 823 2526 invisibilis
836 2497 924 2523 anima

131 2557 183 2585 est,
201 2553 311 2586 ipsaque
327 2549 481 2576 vulneribus
495 2546 656 2578 confoditur,
672 2544 755 2572 multa
771 2542 847 2570 nobis
859 2548 926 2575 opus

131 2603 173 2626 est
194 2596 346 2632 vigilantia,
367 2599 396 2622 ut
417 2595 598 2629 unusquisque
617 2599 676 2619 sese
691 2590 821 2624 exploret.
845 2587 926 2614 Nemo

131 2646 198 2671 enim
213 2644 280 2670 novit
295 2651 324 2669 ea
338 2649 393 2676 quo:
404 2644 461 2669 sunt
475 2639 597 2670 hominis,
608 2642 636 2664 ut
651 2637 754 2671 spirilus
765 2634 873 2661 hominis
885 2633 928 2668 qui

132 2692 158 2718 in
173 2691 229 2726 ipso
245 2694 280 2717 est
293 2689 332 2724 (ι.
347 2688 407 2715 Cor.
420 2687 447 2713 2.
465 2685 521 2720 Il).
533 2685 623 2712 Oratio
636 2683 705 2710 enim
717 2682 750 2708 ad
760 2687 854 2708 omnes
869 2687 928 2712 per-

133 2724 216 2768 vadit,
233 2740 260 2762 et
274 2740 419 2761 commune
432 2731 556 2758 omnibus
565 2729 641 2756 oll‘ert
654 2727 800 2754 remedium
814 2734 820 2752 :
834 2725 879 2751 sed
894 2724 928 2751 ad

134 2781 256 2815 singulos
271 2779 408 2806 auditores
426 2776 540 2811 pertinet
558 2775 601 2802 illa
614 2773 746 2806 accipere,
762 2778 820 2805 quae
836 2769 928 2796 morbo

134 2814 190 2854 suo,
209 2824 372 2860 depellendo
386 2827 448 2849 sunt
461 2820 645 2856 congruentia.
662 2818 759 2852 [Egros
783 2824 834 2844 non
854 2814 926 2846 novi,

139 2881 186 2901 nec
199 2873 269 2900 bene
284 2873 414 2898 valentes.
431 2868 491 2896 Ideo
504 2867 535 2895 de
549 2866 630 2894 rebus
644 2863 766 2892 omnibus
778 2863 882 2898 loquor,
899 2868 928 2888 ea

972 1634 1030 1662 qua:
1054 1626 1134 1653 animi
1161 1627 1261 1653 morbis
1282 1626 1392 1661 singulis
1422 1628 1591 1661 coutpctant'
1606 1636 1613 1654 :
1630 1627 1709 1655 modo
1729 1627 1762 1655 de

972 1673 1091 1705 avaritia,
1108 1680 1168 1699 mox
1185 1673 1217 1699 de
1238 1681 1336 1699 mensa:
1350 1673 1464 1705 deliciis,
1482 1672 1544 1699 hinc
1566 1673 1701 1700 libidinem
1716 1681 1760 1708 ag-

972 1718 1078 1753 grcdior
1095 1727 1101 1744 :
1120 1722 1210 1752 postea
1225 1726 1288 1744 vero
1301 1718 1499 1753 eleemosyuam
1517 1717 1605 1750 laudo,
1629 1718 1662 1744 ad
1678 1719 1763 1744 illam-

972 1772 1023 1800 que
1041 1763 1201 1798 erogandam
1226 1763 1328 1794 hortor,
1359 1763 1420 1790 hinc
1433 1763 1562 1789 bonorum
1583 1771 1692 1797 operu.u
1710 1763 1761 1790 alia

973 1817 1080 1844 genera.
1091 1809 1184 1835 Timeo
1200 1808 1269 1835 enim
1287 1816 1318 1835 ne
1331 1807 1393 1834 dum
1411 1808 1454 1834 uni
1480 1808 1575 1834 morbo
1590 1808 1708 1835 curando
1725 1809 1765 1834 iu-

973 1855 1080 1887 cumho,
1096 1855 1138 1881 alii
1151 1854 1299 1881 remeditnn
1315 1853 1434 1885 alTeram.
1448 1853 1510 1880 dum
1524 1861 1571 1880 vos
1587 1854 1646 1881 aliis
1660 1854 1765 1888 :rgrltu-

974 1901 1081 1928 dinibus
1102 1900 1227 1927 laboratis
1241 1900 1261 1926 '.
1278 1899 1304 1927 Si
1322 1907 1389 1926 unus
1412 1904 1512 1926 tantum
1529 1899 1571 1926 hic
1581 1899 1630 1926 ade
1647 1905 1696 1932 set,
1711 1907 1762 1926 non

974 1946 1152 1973 necessarium
1168 1945 1291 1972 ducerent
1307 1945 1476 1979 lltuilll'IiCClll
1490 1944 1588 1971 habere
1603 1953 1764 1972 sermonem.

974 1992 1041 2026 Quia
1057 1999 1120 2018 vero
1139 1991 1165 2018 in
1182 1995 1254 2017 tanta
1277 1990 1446 2017 multitudine
1466 1991 1563 2016 mullos
1584 1997 1642 2016 esse
1655 1983 1765 2017 morbos

975 2036 1119 2065 verisimile
1131 2042 1181 2067 est.
1197 2044 1249 2063 non
1270 2037 1327 2063 sine
1351 2043 1429 2063 causa
1445 2035 1594 2062 doctrinam
1609 2037 1741 2062 variannts
1758 2044 1766 2064 :

975 2090 1066 2110 seruio
1078 2082 1175 2117 quippe
1190 2082 1215 2108 in
1229 2089 1322 2109 omnes
1333 2081 1445 2114 elfusus,
1462 2088 1536 2107 suam
1546 2081 1766 2108 eerteutililatetu

976 2129 1093 2156 habebit.
1105 2129 1220 2163 Ideoque
1236 2128 1372 2162 Scriptura
1389 2127 1444 2162 ipsa
1459 2128 1529 2154 varia
1546 2131 1598 2158 est,
1615 2134 1646 2154 ac
1660 2127 1694 2154 de
1707 2134 1768 2154 sex-

977 2175 1061 2202 centis
1075 2176 1155 2202 rebus
1169 2174 1302 2206 edisserit,
1319 2173 1380 2208 quia
1396 2174 1428 2200 ad
1443 2180 1613 2200 cmntnunem
1629 2172 1765 2200 hominum

978 2227 1098 2249 naturam
1112 2228 1263 2249 sermonem
1279 2220 1377 2255 dirigit.
1389 2220 1416 2247 In
1434 2224 1505 2246 tanta
1520 2227 1585 2247 vero
1598 2219 1767 2246 multitudine

977 2275 1088 2295 necesse
1114 2273 1154 2294 est
1168 2274 1262 2295 omnes
1276 2266 1354 2294 animi
1377 2266 1483 2293 morbos
1499 2265 1622 2300 reperiri,
1638 2265 1697 2293 licet
1714 2274 1766 2292 non

978 2321 1071 2341 omnes
1086 2314 1111 2340 in
1127 2313 1229 2340 cunctis
1245 2312 1342 2339 adsint.
1356 2312 1401 2338 llis
1413 2312 1501 2346 itaque
1516 2319 1564 2338 nos
1577 2317 1767 2346 expurganles.

978 2359 1066 2386 divina
1082 2359 1162 2386 verba
1177 2367 1235 2393 qua:
1250 2357 1329 2385 hodie
1347 2357 1412 2384 lecta
1427 2362 1488 2384 sunt
1501 2357 1610 2384 intentis
1625 2356 1767 2384 admodum

978 2406 1074 2433 animis
1087 2405 1097 2421 ³
1112 2405 1262 2432 audiamus.
1273 2404 1400 2437 Quzcnam
1425 2404 1468 2430 illa
1483 2403 1566 2431 sunt?
1582 2403 1637 2429 Hoc
1651 2404 1708 2439 fecit
1721 2403 1768 2430 iui-

979 2451 1042 2478 lium
1064 2451 1196 2486 signarunt
1221 2450 1296 2477 Iesus
1318 2450 1344 2476 in
1371 2449 1441 2476 Cana
1465 2448 1587 2476 Galila'a'.
1606 2448 1664 2475 Dixi
1687 2456 1770 2483 nuper

978 2496 1108 2532 quosdam
1120 2504 1173 2523 non
1190 2495 1240 2522 hoc
1254 2495 1357 2522 iuilitttn
1374 2502 1434 2522 esse
1445 2498 1548 2529 putare.
1562 2493 1629 2527 Quid
1641 2493 1722 2526 enirn,
1732 2494 1770 2520 in-

1012 2586 1019 2601 ι
1038 2585 1073 2609 Ita
1083 2588 1136 2609 Mss.
1149 2583 1219 2609 savil.
1234 2583 1357 2614 Ιιίιιιιειμ..ἶ
1367 2583 1458 2614 loquor,
1471 2586 1493 2607 et
1505 2581 1613 2614 omnibus
1623 2581 1771 2614 animinoni-

981 2616 1015 2641 bis
1027 2617 1173 2640 curationem
1182 2615 1264 2646 aﬂ'cro.
1287 2610 1409 2638 ttorel....'.
1421 2610 1512 2644 loquor,
1523 2612 1629 2637 muribus
1640 2610 1772 2637 hominibus

980 2653 1113 2672 sermonem
1125 2644 1317 2670 accommodans.

1013 2678 1022 2693 ²
1041 2677 1211 2707 interpretatio
1223 2677 1302 2707 latina
1310 2674 1426 2707 t’rancisci
1439 2673 1531 2707 Aretini
1543 2674 1578 2698 sic
1590 2673 1680 2707 habet:
1696 2671 1775 2707 “lintre

981 2707 1043 2733 enim
1055 2703 1181 2738 nequando
1193 2706 1234 2730 uni
1245 2706 1311 2730 nobis
1322 2705 1403 2738 merito
1414 2704 1560 2733 vacantibus.
1573 2703 1624 2738 alii.
1637 2710 1683 2734 quo
1695 2703 1773 2734 Hmin

982 2739 1079 2766 laboret,
1091 2735 1237 2762 incilicia/1m
1258 2743 1304 2761 non
1324 2735 1461 2760 adhibeant.
1474 2739 1566 2759 'I'extns
1584 2735 1683 2759 Gnaeus
1698 2740 1773 2764 queat

982 2769 1023 2795 ille
1037 2769 1106 2799 legit,
1119 2769 1150 2793 ab
1162 2767 1295 2799 illordill'ert
1307 2773 1381 2798 quem
1395 2773 1439 2790 nos
1450 2766 1610 2798 adhibuimus.
1624 2769 1741 2799 ntpatet.

1013 2801 1023 2816 ³
1040 2795 1111 2824 tum
1121 2799 1190 2823 savii.
1203 2795 1334 2829 legendum
1346 2800 1431 2829 esset._
1441 2795 1540 2829 (omnia
1559 2798 1643 2824 nwnte,
1659 2796 1718 2829 loco,
1735 2795 1773 2820 ξιιμ

982 2835 1020 2886 p.31
1031 2830 1052 2855 is
1061 2830 1191 2854 admodum
1202 2827 1298 2854 animis.
1307 2828 1352 2854 sed
1361 2828 1414 2852 hinc
1426 2827 1498 2852 lectio
1508 2831 1591 2852 contra
1602 2827 1708 2851 euntium
1722 2830 1771 2851 ita.

991 2869 997 2885 ι
1016 2868 1054 2886 ein
1067 2865 1164 2886 tucnat.

991 2865 1054 2886 idem
1067 2868 1073 2892 ι
1082 2865 1164 2892 ιιςιιςιι.
