2040 3113
273 164 331 194 159

277 223 392 255 quiuut,
407 219 428 246 si
442 219 545 246 dicatur
560 216 585 243 id
598 217 631 243 de
644 216 715 243 Cana
730 216 846 243 Galilzete
859 216 980 243 tantum?
1008 223 1068 243 nam

278 267 301 295 ll
311 275 339 294 ac
349 265 458 297 initium,
473 262 567 298 inquit,
578 262 636 297 fecit
650 262 675 289 in
689 262 769 290 Cana.
785 261 841 297 Ego
853 270 918 289 vero
932 262 982 289 hac
995 261 1028 289 de
1042 269 1071 289 re

280 321 334 341 non
351 311 484 339 curiosius
509 309 672 342 edisseram;
693 308 739 336 sed
762 308 822 336 dico
847 308 933 344 ipsum
953 312 1012 343 post
1025 308 1071 334 ba-

281 359 376 392 ptisma
390 356 464 390 signa
478 354 559 383 edere
570 355 698 390 coapisse;
714 358 775 381 ante
790 354 921 388 baptisma
935 361 999 381 vero
1009 355 1070 380 nul-

280 403 333 430 lum
347 402 451 434 fecisse,
467 401 520 437 jam
539 401 744 429 declaravimus.
760 399 825 428 Sive
836 404 924 427 autem
938 399 999 431 hoc,
1014 399 1071 426 sive

281 449 352 476 aliud
367 453 426 484 post
440 448 570 484 baptisma
583 448 695 482 primum
705 448 809 483 signum
821 447 909 480 fuerit,
923 446 1070 481 disquirere

280 502 334 522 non
360 502 448 530 opera:
472 495 588 530 pretium
613 501 673 522 esse
693 494 828 521 existimo.
849 493 881 520 Et
903 492 1070 528 niani/enavit

279 541 387 576 gloriam
397 549 479 568 suam.
493 541 551 574 Quo
562 540 640 567 modo
651 545 679 567 et
692 547 742 575 qua
755 539 879 567 ratione?
893 538 984 573 Neque
999 538 1070 566 enim

282 588 355 614 multi
379 587 416 614 rei
441 592 524 622 gesta:
549 587 735 618 attendebant,
758 586 805 613 sed
822 586 936 613 ministri
956 589 1069 618 tantum,

278 633 478 660 art-bitriclinus
498 637 525 661 ct
539 639 662 667 sponsus.
677 632 816 666 Quomodo
831 639 895 666 ergo
919 631 1071 658 manifesta-

280 679 436 714 vitgloriam
450 679 544 706 suam?
555 678 688 712 Quantum
703 679 729 705 iu
744 679 801 713 ipso
812 681 879 705 erat.
895 677 971 711 Quod
984 677 1006 704 si
1018 684 1070 704 non

279 729 353 757 tunc,
368 729 441 752 certe
461 729 552 759 postea
566 731 660 752 omnes
673 723 831 751 miraculum
845 722 958 750 audituri
973 727 1049 750 erant
1062 731 1069 748 :

280 777 340 797 nam
354 769 386 796 ad
402 769 451 796 hoc
465 777 550 804 usque
566 773 670 804 tempus
682 768 842 800 celebratur,
853 775 903 796 nec
911 768 984 795 latet.
996 767 1071 801 Quod

280 819 369 841 autem
385 814 430 841 illo
445 814 489 841 die
504 822 555 841 non
570 821 665 841 omnes
681 813 705 840 id
715 814 847 845 noverint,
858 821 890 840 ex
901 812 1071 848 sequentibus

279 861 367 896 palatn
379 865 428 888 est.
446 861 589 895 Postquam
610 860 681 887 enim
693 859 805 892 dixerat,
831 858 1003 894 Manifestavit
1016 859 1072 894 glo-

279 907 344 933 riam
356 915 438 937 suam,
450 906 569 933 subdidit
584 915 591 932 :
609 905 642 933 Et
657 905 817 932 crediderunt
832 906 858 932 in
873 914 931 932 eum
953 905 1072 940 discipuli

278 957 344 989 ejus,
357 954 401 989 qui
418 954 490 989 prius
504 953 678 981 mirabantur.
693 952 786 980 Viden‘
810 956 872 979 tunc
887 952 1002 979 maxime
1024 959 1072 979 ne.

278 999 423 1026 cessarium
440 999 523 1026 fuisse
547 1002 576 1025 ut
591 997 720 1025 miracula
745 997 898 1029 ederentur,
919 1005 979 1024 cum
995 996 1071 1031 probi

279 1044 413 1077 homines,
430 1043 475 1078 qui
491 1043 571 1070 dictis
593 1043 775 1076 attendebant,
789 1041 921 1069 aderant?
945 1042 977 1069 lli
1000 1041 1071 1069 enim

280 1095 308 1117 et
323 1089 426 1116 facilius
437 1088 563 1116 credituri
578 1092 665 1121 erant,
677 1092 784 1123 etgesta
798 1091 923 1115 accurate
944 1087 1071 1115 observa-

279 1136 342 1163 turi.
360 1136 390 1163 Et
401 1135 536 1171 quomodo
551 1141 630 1162 notus
644 1134 738 1162 fuisset
755 1134 812 1162 sine
826 1134 982 1161 miraculis?
995 1133 1073 1161 Certe

278 1182 343 1209 satis
354 1185 430 1208 erant
443 1181 573 1213 doctrina,
589 1185 616 1208 et
631 1180 769 1216 prophetia
784 1188 844 1207 cum
858 1179 987 1207 miraculo
1006 1187 1072 1207 con-

278 1228 380 1263 juncta,
398 1231 426 1254 ut
449 1234 480 1254 ea
501 1226 527 1253 in
549 1227 700 1253 auditorum
722 1226 825 1253 animos
843 1226 1018 1258 insinuarent,
1044 1229 1074 1253 ut

279 1273 332 1308 iam
348 1273 459 1304 assueti,
483 1273 566 1307 gestis
590 1272 671 1299 rebus
689 1279 750 1298 cum
773 1272 868 1298 affectu
894 1270 1071 1298 attenderem.

280 1318 343 1346 Ideo
354 1318 414 1346 alibi
424 1325 496 1353 smpe
506 1318 599 1346 dicunt
609 1318 790 1353 evangelista‘,
801 1318 885 1352 ipsum
897 1325 948 1345 non
958 1317 1073 1344 edidisse

281 1364 366 1399 signa,
384 1367 491 1399 propter
507 1364 645 1390 hominum
671 1363 776 1390 illorutn
794 1363 1007 1398 perversitatem.
1027 1362 1071 1389 12.

281 1409 315 1436 Et
329 1414 383 1444 post
396 1409 448 1436 [κει
457 1409 584 1436 descendit
597 1409 623 1435 in
633 1409 794 1444 Capernaum
807 1409 861 1444 ipse
873 1413 896 1435 et
908 1413 988 1435 mater
1007 1408 1070 1443 ejus,

281 1460 305 1481 et
319 1457 422 1489 fratres,
439 1459 461 1481 et
475 1455 592 1490 discipuli
612 1455 666 1489 ejus
682 1463 691 1481 :
705 1459 727 1481 et
739 1455 772 1481 ibi
787 1459 930 1481 manserunt
947 1462 996 1481 non
1009 1454 1074 1480 mul-

281 1501 313 1527 tis
327 1500 421 1527 diebus.
438 1500 492 1527 Cur
506 1507 565 1527 cum
580 1506 667 1527 tmtre
683 1500 849 1535 Capernaum
875 1500 968 1527 venit?
982 1499 1074 1535 Neque

280 1546 351 1572 enim
367 1546 402 1573 ibi
428 1546 511 1572 ullum
527 1545 590 1573 fecit
606 1545 787 1578 miraculum;
806 1553 893 1580 neque
912 1545 986 1572 urbis
999 1545 1074 1572 istius

281 1591 375 1619 incolze
387 1591 469 1626 probe
483 1599 545 1625 erga
560 1591 633 1618 illum
645 1590 731 1618 affecti
747 1595 823 1618 erant
838 1600 844 1618 ε
861 1590 907 1618 sed
930 1590 1073 1617 admodum

281 1638 411 1672 corrupti.
434 1637 554 1671 llludque
569 1637 691 1664 Christus
705 1636 864 1671 significavit
876 1636 968 1663 dicens
983 1645 989 1663 :
1002 1636 1035 1662 Et
1048 1640 1075 1663 tu

283 1684 441 1718 Copcrnaum
456 1691 532 1718 usque
544 1683 577 1708 ad
592 1683 680 1710 callum
702 1683 767 1710 elata
777 1704 785 1716 ,
801 1691 878 1718 usque
893 1683 925 1709 ad
949 1683 1075 1717 infernum

281 1730 431 1765 dcprinwris
445 1729 520 1765 (Luc.
537 1729 580 1762 l0,
597 1730 653 1764 15).
667 1729 720 1756 Cur
732 1729 850 1764 crgoillo
861 1736 890 1756 se
904 1728 1026 1756 confert?
1042 1728 1076 1756 Ut

284 1776 347 1804 mihi
364 1775 471 1810 quidem
483 1775 600 1807 videtur,
615 1775 675 1810 quia
687 1775 767 1809 paulo
785 1779 846 1809 post
859 1775 943 1801 iturus
958 1779 1016 1801 erat
1029 1773 1075 1801 .le-

283 1823 457 1857 rosolymam,
483 1822 542 1848 ideo
561 1826 623 1848 tunc
642 1821 717 1853 abiit,
740 1828 774 1848 ue
800 1825 914 1848 matrem
930 1824 956 1847 et
981 1821 1076 1847 fratres

284 1870 382 1903 ubique
393 1876 482 1896 secum
496 1868 623 1895 traheret.
639 1867 739 1895 Abiens
755 1868 834 1902 igitur
851 1867 958 1902 illicque
971 1867 997 1894 in
1020 1874 1077 1893 ma—

286 1916 333 1943 tris
347 1915 475 1942 honorent
492 1913 600 1948 paulum
626 1918 816 1945 commoratus,
839 1913 935 1940 iterum
949 1911 1075 1939 tniracula

282 1960 446 1995 aggreditur,
457 1967 518 1986 cum
534 1959 605 1986 illam
617 1958 652 1986 ibi
664 1958 823 1993 reliquisset.
839 1958 901 1985 ldeo
915 1957 980 1985 dicit
990 1957 1076 1992 ipsum

285 2014 337 2032 non
350 2005 439 2039 paucis
447 2004 543 2039 elapsis
551 2004 644 2032 diebus
650 2004 738 2039 (Joan.
748 2003 776 2030 2.
789 2003 844 2039 13),
856 2004 961 2031 venisse
969 2003 1078 2031 Jeroso-

285 2050 394 2085 lymam.
405 2049 498 2077 Paucis
508 2057 570 2085 ergo
580 2054 642 2076 ante
653 2049 753 2076 Pascha
764 2049 857 2076 diebus
867 2049 1014 2083 baptizatus
1023 2052 1074 2076 est.

286 2097 319 2124 l'Zt
332 2096 506 2131 .lerosolynue
521 2095 583 2130 quid
599 2095 668 2130 agit?
689 2095 756 2123 Rem
775 2103 878 2130 magnte
900 2095 1075 2122 auctoritatis.

285 2142 350 2169 Nam
361 2142 537 2176 negotiatores
546 2141 615 2173 illos,
623 2141 824 2173 nunmmlarios,
833 2147 879 2168 eos
888 2141 931 2176 qui
940 2141 1077 2168 columbas

287 2187 440 2214 vendebant
453 2191 480 2214 ct
490 2187 572 2215 boves
583 2191 610 2214 ct
618 2195 691 2220 oves,
702 2187 814 2222 ideoque
827 2187 881 2215 illic
893 2187 1074 2218 versabantur,

283 2234 374 2268 ejccit.

321 2277 348 2304 2.
361 2279 434 2305 Alius
441 2283 530 2306 autem
539 2278 699 2313 evangelista
710 2277 814 2313 (Matth.
822 2278 866 2304 21.
878 2278 920 2305 15.
928 2282 952 2305 ει
961 2277 1007 2313 αι.)
1017 2286 1079 2305 nar-

286 2330 326 2351 rat
347 2325 497 2359 t-jicientem
521 2324 595 2351 illum
621 2324 731 2357 dixisse,
754 2324 840 2351 Nolite
858 2323 944 2351 facere
970 2324 1076 2351 domum

288 2370 374 2396 l‘atris
395 2370 446 2396 mei
467 2369 620 2403 speluncam
643 2369 791 2401 latronum;
807 2369 850 2396 ltic
865 2377 928 2396 vero
943 2369 1015 2403 dicit,
1035 2370 1075 2397 ιϐ.

288 2416 398 2442 Domum
408 2416 581 2451 negotiationis
591 2423 600 2441 :
609 2423 661 2442 non
672 2415 802 2441 contraria
814 2415 964 2450 loquentes,
976 2415 1022 2443 sed
1032 2415 1079 2443 de-

288 2466 468 2489 monstrantes
481 2461 565 2495 ipsum
580 2461 605 2488 id
621 2461 661 2488 his
676 2461 785 2495 fecisse,
800 2466 827 2488 et
840 2462 897 2489 lucc
912 2469 964 2490 non
980 2463 1075 2490 eodem

285 2513 358 2542 gusta
369 2512 487 2542 tempore
497 2506 588 2540 fuisse,
601 2507 647 2534 sed
659 2511 686 2534 et
698 2515 767 2534 nunc
782 2508 856 2535 initio
871 2509 1075 2543 pratdicationis,

284 2560 364 2589 atque
383 2554 462 2581 etiam
479 2560 539 2580 cum
555 2553 587 2580 ad
604 2554 752 2588 passionem
767 2554 940 2588 pervenisset.
958 2555 1077 2590 Quapro-

285 2607 343 2635 pter
354 2600 598 2627 vehementioribus
608 2608 670 2627 usus
682 2601 780 2634 verbis,
789 2601 942 2635 speluncam
953 2603 1055 2630 vocavit
1069 2612 1075 2629 :

288 2655 340 2674 non
359 2647 423 2674 item
440 2654 510 2673 nunc
523 2646 608 2679 initio,
633 2646 681 2674 sed
696 2647 874 2675 moderatiore
896 2648 1076 2683 increpatione

286 2694 388 2719 utitur:
413 2692 483 2719 unde
495 2693 637 2720 verisimile
662 2693 696 2719 sit
720 2693 833 2728 idipsum
858 2694 898 2721 bis
921 2694 1025 2721 fecisse.
1046 2695 1076 2722 Et

285 2747 342 2771 cur,
360 2739 473 2774 inquies,
490 2739 515 2766 id
527 2739 646 2767 Christus
659 2745 685 2767 et
700 2747 758 2767 cum
772 2746 841 2768 tanta
855 2742 1021 2769 vehementia
1036 2742 1075 2770 fe-

287 2784 331 2818 rit,
344 2789 439 2818 quanta
455 2793 582 2820 nusquam
592 2793 669 2820 agere
678 2785 896 2820 deprehenditur,
905 2793 931 2814 et
946 2787 1003 2814 hmo
1016 2796 1074 2815 cum

285 2831 453 2858 contumeliis
480 2836 506 2858 et
532 2831 659 2859 conviciis
683 2831 813 2864 affectus,
843 2833 1025 2861 Samaritanus
1049 2839 1076 2861 et

287 2877 466 2903 do-moniaeus
487 2876 520 2904 ab
538 2876 587 2904 illis
609 2878 769 2905 vocaretur?
792 2878 881 2914 Neque
896 2879 965 2907 enim
987 2881 1073 2908 verbis

645 161 673 188 S.
688 158 827 187 JO.\NNIS
844 157 1079 187 CllRYSOSTOMI
1094 159 1251 189 ARCIIIEP.
1268 162 1533 196 CONSTANTINOP.

1868 175 1916 203 UO

1126 222 1276 253 contentus,
1287 227 1346 248 cum
1357 221 1460 257 flagello
1470 223 1549 250 etiam
1561 223 1620 252 illos
1630 225 1742 260 expulit.
1754 226 1914 262 Judmi,cum

1124 262 1183 291 aliis
1210 264 1368 294 beneficium
1391 267 1537 301 confertur,
1560 276 1685 299 accusant
1707 276 1735 300 et
1754 273 1913 309 efferuntur;

1125 309 1231 343 quando
1256 315 1344 338 autem
1361 320 1409 347 par
1431 321 1492 341 esse
1519 314 1658 343 videbatur
1680 317 1740 345 illos
1765 323 1913 355 exasperari

1126 355 1281 390 castigatos,
1300 365 1352 385 non
1368 358 1402 385 ita
1419 367 1512 394 aspere
1528 367 1619 396 agunt.
1635 362 1726 398 Neque
1738 365 1811 392 enim
1828 367 1912 394 incre-

1125 405 1230 435 paruut,
1245 408 1289 430 aut
1301 405 1460 432 contumelia
1471 406 1629 440 atfecerunt,
1641 409 1687 436 sed
1700 411 1762 444 quid
1776 412 1914 440 dixerunt?

1125 447 1168 474 18.
1185 448 1259 480 Quod
1273 449 1372 485 signum
1385 452 1493 479 ostendis
1505 453 1584 485 nobis,
1608 455 1668 490 quia
1683 457 1744 483 (alia
1767 459 1854 492 facit?
1874 459 1915 486 γε.

1125 493 1185 521 den‘
1197 495 1306 523 livorem
1323 496 1467 532 ingentem,
1481 504 1509 527 et
1519 502 1653 535 quomodo
1668 503 1727 530 aliis
1747 504 1818 532 illata
1833 506 1914 533 benc-

1125 540 1183 568 ficia
1200 542 1332 578 indignius
1345 545 1463 573 ferrent?
1478 547 1626 582 Aliquando
1642 549 1721 584 igitur
1732 551 1860 586 templum
1882 553 1915 580 ab

1128 585 1181 614 illis
1194 588 1348 622 speluncam
1365 590 1495 618 latronum
1511 592 1607 620 factum
1623 602 1682 621 esse
1692 585 1806 630 dicebat,
1827 603 1915 625 osten-

1124 633 1191 660 dens
1205 634 1247 661 illa
1263 643 1322 671 qum
1333 637 1526 672 vendebantur,
1539 638 1610 667 furto
1631 646 1706 676 parta
1730 643 1821 677 fuisse,
1836 649 1915 680 atque

1127 687 1160 707 ex
1177 681 1268 716 rapina
1288 686 1315 710 et
1338 683 1447 711 avaritia
1471 685 1586 719 prodire,
1610 686 1735 723 ipsosque
1756 696 1788 716 ex
1803 689 1915 719 aliorum

1124 726 1274 754 calamitate
1288 728 1433 761 ditescere;
1455 730 1596 765 aliquando
1608 737 1696 760 autern
1711 733 1818 762 domum
1835 743 1916 771 nego-

1126 772 1241 800 tiationis
1251 772 1323 805 dicit,
1343 774 1522 809 impudentem
1535 778 1740 811 negotiationem
1754 781 1914 816 signiﬁcans.

1123 818 1176 845 Sed
1191 826 1239 846 cur
1251 819 1301 846 hoc
1314 820 1394 847 fet-it?
1409 820 1476 854 Quia
1491 822 1607 851 futurum
1630 829 1688 853 erat
1714 831 1742 853 ut
1757 827 1782 854 in
1807 828 1916 856 sabbato

1124 870 1241 899 curaret,
1256 870 1284 893 et
1295 868 1376 894 multa
1399 868 1548 903 lmjusmodi
1569 870 1679 905 faceret,
1702 881 1760 908 qum
1775 874 1824 909 ipsi
1841 880 1914 910 puta-

1125 910 1190 937 bant
1216 914 1455 947 transgressionem
1470 921 1530 942 esse
1553 916 1633 950 legis;
1656 925 1689 945 ne
1713 919 1848 947 videretur
1861 921 1915 949 Deo

1124 955 1293 984 adversarius
1303 966 1372 992 esse,
1386 960 1429 994 qui
1444 966 1537 988 contra
1553 962 1657 990 Patrem
1679 963 1705 991 id
1731 965 1851 993 faciendo
1877 967 1917 994 in-

1125 1008 1256 1037 surgeret,
1269 1004 1323 1038 jam
1348 1004 1409 1033 hinc
1434 1006 1537 1034 illorunt
1565 1007 1715 1043 hujusmodi
1736 1012 1914 1045 suspicionem

1124 1050 1240 1084 corrigit.
1260 1050 1325 1077 Nam
1340 1051 1384 1086 qui
1397 1059 1444 1086 pro
1459 1053 1548 1087 templi
1565 1054 1666 1082 honore
1681 1060 1779 1083 tantam
1793 1058 1916 1085 ostende-

1124 1099 1166 1122 rat
1179 1095 1397 1130 indignationem,
1410 1098 1500 1132 templi
1512 1098 1633 1132 Domino,
1649 1101 1692 1135 qui
1704 1101 1729 1128 in
1744 1101 1802 1136 ipso
1809 1102 1916 1130 coleba-

1126 1145 1179 1173 tur,
1187 1147 1240 1168 non
1251 1141 1438 1170 adversaturus
1448 1148 1514 1172 erat.
1524 1143 1594 1172 Salis
1605 1152 1681 1173 erant
1691 1148 1843 1181 superiores
1854 1149 1915 1176 anui

1125 1187 1222 1221 quibus
1246 1187 1391 1215 secundum
1408 1189 1493 1224 legem
1509 1189 1621 1224 vixerat,
1637 1195 1667 1219 ut
1677 1192 1835 1227 probaretur
1859 1194 1916 1228 ejus

1125 1239 1188 1267 erga
1205 1233 1386 1268 legislatorem
1401 1236 1563 1268 reverentia,
1579 1237 1719 1272 ipsumque
1734 1246 1786 1266 non
1807 1239 1857 1274 legi
1868 1240 1916 1267 ad-

1126 1283 1292 1307 versaturum
1307 1287 1376 1308 esse.
1388 1281 1454 1314 Quia
1475 1285 1562 1309 autem
1578 1282 1615 1309 illi
1638 1284 1699 1310 anni
1716 1284 1741 1311 in
1756 1284 1916 1312 oblivionem

1125 1325 1230 1352 venturi
1244 1331 1330 1358 erant,
1341 1326 1403 1361 quia
1415 1327 1538 1355 omnibus
1551 1328 1605 1355 noti
1620 1336 1673 1356 non
1687 1334 1774 1363 erant,
1793 1337 1826 1357 eo
1847 1330 1916 1365 quod

1126 1370 1152 1398 in
1167 1378 1282 1405 paupere
1296 1371 1376 1399 domo
1389 1373 1521 1401 enutritus
1534 1374 1637 1407 fuisset,
1655 1375 1778 1403 omnibus
1801 1384 1917 1412 prmseu-

1127 1417 1206 1451 tibus,
1223 1423 1314 1453 utpote
1327 1419 1371 1447 die
1397 1420 1464 1447 festo
1484 1421 1723 1456 appropinquante,
1743 1422 1767 1450 id
1784 1423 1855 1457 facit,
1869 1431 1918 1452 nec

1126 1464 1183 1491 sine
1199 1465 1328 1499 periculo.
1342 1465 1433 1501 Neque
1444 1466 1529 1493 solum
1543 1467 1613 1494 enim
1627 1467 1715 1501 eiecit,
1733 1468 1778 1495 sed
1794 1472 1821 1495 et
1845 1477 1919 1496 men-

1126 1516 1169 1536 sas
1181 1510 1287 1543 evertit,
1296 1515 1434 1544 argentum
1444 1511 1547 1545 alludit,
1558 1517 1587 1538 ut
1598 1511 1634 1539 illi
1649 1519 1739 1540 secum
1753 1519 1917 1548 reputarent,

1127 1563 1186 1583 eum
1201 1556 1245 1591 qui
1259 1557 1292 1583 ob
1308 1556 1434 1584 decorem
1450 1557 1545 1585 domus
1560 1565 1620 1585 sese
1634 1558 1660 1585 in
1676 1559 1790 1593 pericula
1804 1559 1920 1594 conjice-

1127 1605 1176 1633 rct,
1193 1601 1334 1629 Dominum
1348 1602 1442 1630 domus
1463 1610 1516 1630 non
1537 1603 1685 1638 despicere.
1709 1603 1737 1632 Si
1752 1604 1823 1631 enim
1838 1604 1865 1632 id
1881 1605 1918 1632 si-

1127 1647 1227 1674 mulate
1248 1651 1348 1674 tantum
1372 1648 1488 1680 fecisset,
1516 1647 1617 1675 hortari
1633 1649 1719 1676 solum
1734 1649 1917 1684 oportuisset:

1127 1699 1188 1719 nam
1199 1700 1228 1720 se
1242 1693 1266 1719 in
1279 1692 1395 1728 pericula
1411 1694 1553 1728 conjicere,
1570 1694 1655 1721 audax
1671 1693 1774 1722 facinus
1784 1700 1852 1722 erat.
1866 1695 1919 1723 Nc-

1127 1745 1179 1773 que
1193 1738 1264 1766 enim
1288 1739 1346 1765 leve
1370 1739 1434 1766 illud
1457 1743 1515 1766 erat
1538 1746 1597 1766 sese
1612 1739 1758 1767 forensium
1773 1740 1856 1768 furori
1871 1741 1920 1767 ob—

1125 1784 1219 1819 jicere.
1233 1789 1260 1812 et
1272 1784 1410 1812 brutorum
1424 1784 1572 1818 hominum,
1589 1790 1767 1813 mercatorum
1786 1786 1919 1818 videlicet,

1130 1829 1234 1856 turbam
1248 1829 1418 1856 contumeliis
1433 1836 1546 1857 onerare
1560 1834 1587 1858 et
1601 1830 1741 1858 adversum
1754 1839 1784 1859 se
1807 1839 1919 1867 exaspe-

1129 1882 1205 1907 rare;
1227 1874 1252 1901 id
1269 1883 1321 1902 non
1342 1875 1491 1902 simulantis
1504 1880 1572 1909 erat,
1586 1875 1633 1904 sed
1648 1884 1694 1911 pro
1716 1877 1812 1905 domus
1824 1877 1921 1906 decoro

1129 1920 1246 1955 pericula
1262 1921 1350 1947 omnia
1364 1921 1499 1948 adeuntis.
1515 1921 1692 1954 Quamobrem
1705 1930 1756 1950 non
1772 1924 1854 1958 gestis
1875 1931 1920 1951 so-

1129 1965 1195 1999 lum,
1209 1965 1256 1993 sed
1276 1966 1355 1993 etiam
1371 1966 1449 1993 dictis
1462 1967 1579 1994 ostendit
1589 1974 1664 1995 suam
1679 1975 1740 1995 cum
1764 1968 1842 1996 Patre
1857 1976 1922 1996 con-

1131 2010 1249 2037 cordiam
1268 2019 1273 2038 :
1289 2018 1341 2038 non
1354 2011 1422 2038 dixit
1437 2012 1519 2045 enim,
1535 2013 1647 2040 Domum
1663 2017 1793 2046 sanctam,
1805 2014 1852 2041 sed
1867 2014 1922 2042 Do-

1130 2065 1197 2083 mum
1207 2056 1292 2084 Patris
1305 2057 1363 2084 mei.
1376 2057 1445 2084 Ecce
1456 2057 1561 2086 Patrem
1573 2062 1660 2091 vocat,
1670 2066 1720 2086 nec
1734 2059 1920 2094 indignantur:

1131 2103 1258 2138 putabant
1282 2103 1353 2130 enim
1378 2103 1464 2137 ipsum
1491 2103 1648 2139 simpliciter
1672 2104 1755 2139 loqui.
1783 2105 1836 2132 Sed
1860 2107 1920 2140 quia

1130 2148 1226 2176 deinde
1240 2149 1336 2176 clarius
1351 2149 1474 2184 loquutus
1486 2154 1537 2183 est,
1549 2154 1577 2177 ut
1589 2158 1664 2177 suam
1674 2158 1733 2177 cum
1744 2151 1822 2178 Patre
1833 2159 1922 2186 :equa-

1131 2193 1231 2220 litatem
1249 2193 1407 2228 declararet,
1422 2199 1484 2222 tunc
1503 2195 1528 2222 in
1552 2195 1667 2222 furorem
1691 2197 1742 2223 acti
1764 2201 1837 2225 sunt.
1853 2197 1922 2231 Quid

1131 2238 1210 2273 igitur
1224 2239 1260 2266 illi
1272 2239 1283 2265 ?
1301 2240 1376 2273 Quod
1385 2242 1487 2276 signum
1498 2242 1570 2268 nobis
1579 2242 1701 2285 putandis,
1719 2242 1852 2277 inquiunt,
1863 2245 1922 2278 quia

1131 2284 1184 2311 lucc
1199 2285 1286 2320 facis?
1301 2285 1322 2313 Ο
1347 2294 1478 2314 sumntum
1494 2284 1656 2314 amentiam!
1674 2287 1731 2320 Qtto
1755 2289 1832 2323 signo
1856 2297 1921 2323 npus

1131 2337 1205 2364 erat,
1223 2337 1251 2358 ut
1271 2340 1286 2359 a
1311 2333 1381 2360 male
1405 2332 1527 2360 faciendo
1542 2333 1695 2361 desinerent
1708 2355 1716 2367 ,
1740 2339 1767 2361 et
1781 2333 1892 2361 domum
1908 2342 1923 2361 a

1132 2384 1202 2405 tanta
1218 2379 1379 2413 turpitudine
1394 2380 1557 2407 liberarent?
1572 2381 1616 2408 ille
1630 2386 1718 2408 tantus
1729 2389 1776 2416 pro
1786 2381 1867 2408 domo
1877 2382 1923 2408 Dei

1131 2424 1213 2456 zelus,
1228 2433 1317 2452 nonne
1339 2425 1483 2452 maximum
1499 2426 1604 2453 Vll‘luliS
1625 2427 1728 2461 signum
1742 2427 1821 2453 erat?
1843 2427 1923 2453 Probi

1130 2475 1217 2497 autem
1232 2471 1280 2497 viri
1293 2470 1354 2497 hinc
1368 2471 1450 2505 agniti
1465 2476 1527 2498 sunt
1543 2480 1549 2497 :
1573 2479 1633 2498 nam
1648 2472 1691 2499 l7.
1708 2472 1842 2498 liccat-dati
1865 2478 1923 2498 sunt

1131 2516 1248 2550 discipuli
1263 2516 1316 2550 ejus
1331 2521 1399 2548 tunc,
1414 2516 1473 2550 quia
1486 2517 1609 2551 scriptum
1624 2521 1669 2549 est,
1681 2517 1758 2544 Zelus
1772 2517 1861 2544 domus
1874 2523 1925 2544 tua:

1132 2561 1238 2587 comedit
1262 2569 1309 2588 me.
1326 2563 1360 2588 At
1380 2569 1431 2588 nou
1448 2561 1484 2588 illi
1500 2562 1644 2596 prophetire
1662 2563 1850 2594 meminerunt,
1875 2563 1923 2589 sed

1130 2607 1264 2639 dicebant,
1282 2607 1355 2640 Quod
1369 2609 1469 2643 signant
1482 2608 1592 2635 ostendis
1606 2608 1738 2635 nobis.’de
1749 2609 1816 2643 turpi
1824 2609 1924 2635 amisso

1130 2654 1206 2680 lucro
1228 2653 1359 2686 dolentes,
1389 2658 1581 2688 sperantesque
1596 2661 1625 2681 se
1640 2655 1678 2681 sic
1697 2661 1775 2688 posse
1789 2655 1864 2681 illum
1877 2655 1924 2681 ab.

1130 2698 1239 2731 ducere,
1253 2699 1285 2725 ad
1300 2699 1456 2726 miraculum
1471 2700 1631 2734 patrandum
1647 2704 1770 2733 evocant,
1785 2705 1813 2728 ut
1826 2701 1923 2729 factum

1131 2745 1188 2778 ejus
1200 2749 1353 2779 coarguant.
1372 2744 1432 2772 ldeo
1456 2745 1560 2780 signum
1577 2754 1627 2772 non
1644 2746 1689 2772 dat
1705 2746 1765 2773 illis.
1785 2746 1841 2773 lmo
1862 2754 1922 2773 cum

1132 2790 1204 2823 prius
1215 2790 1392 2818 accessissent
1416 2791 1521 2825 signum
1547 2795 1676 2825 petentes,
1697 2791 1747 2819 hoc
1759 2792 1897 2826 respondit
1915 2801 1921 2818 :

1132 2834 1264 2862 Cruentin
1280 2844 1357 2869 prava
1372 2841 1395 2862 et
1416 2837 1531 2863 adultera
1551 2837 1649 2872 signant
1671 2838 1770 2872 querit,
1789 2844 1810 2864 ct
1824 2839 1924 2873 signum

1133 2890 1181 2908 non
1194 2881 1292 2908 dabitur
1306 2882 1337 2917 ci,
1355 2882 1402 2910 nisi
1417 2883 1515 2918 signant
1538 2882 1612 2911 Iona:
1628 2882 1733 2919 (Matth.
1751 2884 1782 2911 l6
1808 2883 1846 2920 4).
1871 2882 1923 2912 Sed
