2040 3113
186 97 232 125 Ml

184 157 246 178 tunc
266 150 384 182 clarius;
411 156 481 177 nunc
496 153 584 177 autem
608 150 691 184 magis
715 149 892 184 tcuigmatice.
906 149 974 178 Illud

182 200 271 224 autem
298 196 351 230 agit
370 195 404 222 ob
424 199 570 222 extremam
596 194 702 222 illorum
719 195 858 222 insaniam.
883 195 974 230 Neque

181 241 252 268 enint
266 240 311 268 ille
321 240 365 275 qui
380 248 433 267 non
445 244 568 275 petentes
582 240 762 274 praeveniebat
776 245 802 268 et
829 241 903 277 signa
923 241 973 268 da-

186 286 242 319 bat,
267 291 391 321 petentes
413 285 568 320 repulisset,
594 285 644 313 nisi
660 286 720 313 illos
744 293 824 321 prava
838 291 865 314 et
880 286 972 314 dolosa

182 336 273 359 mente
294 331 376 358 fuisse
396 330 528 358 scivisset.
554 330 620 358 Nata
644 331 686 358 vel
716 332 771 366 ipsa
800 332 973 367 interrogatio

181 382 278 412 quanta
304 377 420 412 nequitia
435 376 511 411 plena
524 381 612 408 esset,
624 376 779 404 consideres
793 377 882 404 velint.
906 378 971 405 Cum

181 423 252 451 enim
275 423 439 458 oportuisset
453 421 512 456 ejus
526 421 642 449 studium
666 429 697 449 ac
712 422 797 449 zelum
813 423 969 458 approbare,

181 472 260 503 atque
274 468 474 502 obstupescere,
490 467 562 502 quod
577 468 655 495 talem
678 467 774 495 domus
789 475 879 495 curam
894 476 971 503 gere-

181 518 238 544 ret;
255 513 295 540 illi
310 518 446 545 accusant,
457 520 489 540 ac
502 512 619 540 vendere
638 513 687 540 sibi
704 513 784 541 licere
796 513 970 548 contendunt,

181 565 266 592 neque
282 558 363 585 licere
381 558 431 585 sibi
446 565 461 585 a
476 557 615 586 vettdendo
630 558 770 590 desistere.
791 559 840 586 nisi
863 560 913 594 ipsi
932 560 971 587 si-

179 610 260 637 gnant
275 604 408 631 ostendat.
419 603 488 637 Quid
501 611 565 638 ergo
577 604 721 632 Christus?
745 605 788 632 l9.
803 605 899 633 Solvite
909 611 971 633 teut-

180 650 249 684 plum
261 651 318 683 hoc,
330 655 353 677 et
374 651 400 677 in
416 650 494 677 tribus
508 651 595 678 diebus
608 651 720 678 excitabo
736 651 812 679 illud.
828 652 907 680 Multa
922 653 971 680 hu-

178 696 293 731 jusmodi
306 697 431 731 loquitur,
446 704 505 731 quae
519 696 687 724 audientibus
712 697 766 725 sint
778 697 901 732 obscura,
918 699 968 727 sed

179 745 239 776 post
262 741 360 769 fttturis
383 741 465 769 clara.
489 741 543 769 Cur
566 741 761 770 Itoc?Utcum
783 743 822 770 rei
836 743 970 778 praedictm

179 787 239 814 ﬁnis
260 786 406 820 adveniret,
422 787 579 821 probaretur
594 787 679 821 ipsum
695 787 750 823 jam
775 788 838 815 olim
862 788 888 816 id
902 796 970 824 pra:-

177 833 306 865 scivis~e;
330 832 401 867 quod
428 833 453 859 itt
471 832 520 860 hac
542 832 681 867 prophetia
694 833 799 860 accidit.
820 833 886 861 Nam
909 834 968 862 ait:

177 877 222 904 22.
231 877 295 905 Cum
305 878 480 905 resurrexisset
490 886 505 904 (ι
517 878 630 910 mortuis,
642 878 765 905 recordati
779 883 837 906 sunt
851 879 970 914 discipuli

176 925 232 958 ejus
246 924 306 958 quia
320 923 366 950 ltoc
378 923 476 950 dicebat
492 931 501 950 :
514 928 536 950 et
554 923 714 950 crediderunt
729 923 870 959 Scriptura:
881 929 904 950 et
916 932 970 951 ser-

176 970 247 997 moni
261 978 334 1004 queui
346 969 409 996 dixit
422 969 507 996 Iesus.
523 969 590 996 Cum
606 968 663 996 lucc
674 969 837 1001 dicerentur,
859 969 904 997 alii
922 969 969 997 du-

176 1014 298 1042 bitabant
310 1014 478 1049 quandonam
492 1014 516 1041 id
529 1019 686 1041 eventurum
703 1018 785 1047 esset,
801 1015 846 1041 alii
858 1019 969 1042 comen-

175 1059 275 1086 dcbant
291 1059 411 1087 dicentes
429 1068 436 1086 :
451 1059 495 1087 20.
514 1059 690 1094 Quadraginta
701 1067 747 1086 sex
758 1059 833 1086 annis
854 1060 968 1094 ludiﬁca-

176 1109 230 1130 ttmt
246 1109 282 1131 est
301 1105 420 1139 templum
435 1104 492 1137 hoc,
515 1109 538 1131 ct
558 1108 586 1130 tu
601 1104 627 1130 in
650 1104 728 1131 tribus
749 1103 835 1131 diebus
849 1105 968 1132 cxcilabis

174 1150 264 1177 illud?
285 1150 462 1186 Quadraginta
480 1158 526 1178 sex
547 1150 624 1177 annis
647 1149 779 1183 dicentes,
805 1154 967 1184 postremam

176 1196 269 1230 templi
280 1195 505 1223 constructionem
519 1195 668 1231 significant
680 1204 687 1228 ;
702 1196 775 1231 prior
787 1196 858 1223 enim
876 1196 967 1231 viginti

175 1241 254 1269 annis
267 1242 386 1268 absoluta
401 1241 458 1268 fuit.

213 1287 240 1314 5.
256 1286 308 1313 Cur
319 1294 382 1321 ergo
392 1287 502 1321 :enigma
521 1286 584 1314 illud
601 1293 653 1314 non
667 1287 761 1321 solvit,
778 1294 864 1323 neque
877 1287 942 1315 dixit
959 1297 966 1315 :

174 1331 234 1359 Non
249 1332 283 1360 de
296 1333 345 1360 hoc
361 1333 460 1367 templo
472 1333 575 1368 loquor,
585 1333 632 1361 sed
647 1333 680 1361 de
692 1341 772 1361 carne
786 1342 859 1367 mea;
874 1342 966 1363 vertuu

174 1379 349 1413 evangelista,
364 1378 408 1406 diu
426 1383 516 1413 postea
536 1379 655 1406 scribens
668 1380 834 1415 evangelium
844 1400 851 1413 ,
866 1379 966 1408 dictum

176 1423 242 1451 illud
257 1424 413 1458 explicavit,
427 1424 470 1451 ille
482 1431 545 1451 vero
559 1424 657 1451 tacuit?
677 1425 781 1458 Quare?
798 1425 864 1459 Quia
878 1426 967 1454 verbis

175 1469 236 1503 ejus
253 1469 330 1496 Iidem
344 1476 396 1496 non
411 1469 574 1496 habuissent.
590 1469 618 1497 Si
632 1470 702 1497 enim
718 1478 751 1497 ne
763 1471 869 1506 quidem
884 1471 966 1499 disci-

175 1513 231 1548 puli
253 1518 375 1549 poterant
399 1518 461 1541 tunc
484 1515 630 1550 intelligere
642 1535 650 1548 ,
667 1515 750 1542 multo
766 1516 852 1543 minus
870 1516 964 1544 turbm.

175 1560 240 1587 Cum
253 1561 410 1593 surrexisset,
422 1561 516 1596 inquit,
527 1560 602 1588 Jcsus
613 1569 629 1588 a
644 1562 757 1593 mortuis,
771 1565 829 1588 tunc
841 1562 967 1589 recordati

174 1609 252 1638 sunt,
268 1610 291 1631 et
311 1605 468 1632 crediderunt
480 1605 589 1632 sermoni
603 1610 626 1632 et
642 1605 793 1640 Scriptura.
819 1607 875 1633 Duo
894 1607 965 1634 enim

174 1651 241 1686 ipsis
252 1655 313 1678 tunc
328 1651 552 1686 proponebantur,
568 1652 729 1679 resurrectio
741 1673 748 1685 ,
764 1657 805 1684 et,
819 1652 889 1687 quod
905 1660 963 1680 nta-

173 1696 218 1730 jus
231 1700 298 1729 erat,
315 1704 376 1724 num
392 1696 461 1724 Deus
474 1701 546 1724 esset
559 1697 580 1724 is
595 1697 639 1731 qui
656 1697 726 1724 intus
740 1697 891 1730 habitabat;
906 1706 965 1734 qua:

174 1741 256 1769 ambo
269 1742 445 1770 subindicavit
455 1742 547 1770 dicens
561 1753 568 1770 :
581 1742 677 1770 Solvite
689 1742 810 1777 templum
820 1743 867 1770 hoc
878 1764 885 1776 ,
903 1748 926 1770 et
939 1744 966 1771 in

175 1787 255 1814 tribus
276 1787 362 1814 diebus
383 1787 494 1814 excitabo
514 1787 580 1814 illud
595 1795 604 1814 :
618 1788 687 1823 quod
712 1788 809 1815 Paulus
829 1788 891 1816 dicit
912 1796 965 1816 non

174 1841 286 1867 parvum
302 1841 361 1860 esse
374 1833 518 1860 divinitatis
531 1833 646 1868 signum,
661 1833 702 1860 Itis
716 1833 805 1861 verbis
818 1842 824 1860 :
838 1834 887 1867 Qui
897 1841 965 1869 pm-

174 1878 314 1904 destinatus
333 1883 369 1904 est
389 1877 471 1904 Filius
487 1877 533 1904 Dei
546 1878 571 1904 in
585 1878 674 1905 virtute
687 1878 824 1905 secundum
839 1878 965 1912 Spiritum

174 1924 380 1957 sanctificationis
391 1945 398 1955 ,
414 1932 445 1951 ex
459 1925 637 1951 resurrectione
650 1929 805 1951 mortuorum
816 1923 878 1951 Iesu
889 1924 965 1951 Cltri-

175 1970 208 1997 stt‘
219 1970 228 2003 (
241 1970 317 1997 Rom.
334 1970 360 1997 l.
381 1970 426 2004 4).
441 1970 496 1997 Cur
510 1973 537 1997 et
549 1970 602 1997 illic
614 1974 642 1998 et
655 1969 697 1997 hic
713 1974 741 1998 et
755 1970 850 2005 ubique
864 1970 913 1997 hoc
927 1970 966 1997 si-

174 2024 257 2052 gnum
269 2017 324 2049 dat,
336 2017 416 2044 modo
427 2017 529 2048 dicens,
541 2015 603 2044 Cum
616 2017 739 2044 exaltatus
749 2019 819 2052 fuero
831 2025 840 2049 ;
853 2022 890 2050 et,
902 2017 965 2044 Cum

175 2063 345 2090 eaaltaveritis
361 2062 383 2089 Γ
384 2062 457 2089 ilium
469 2062 578 2090 hominis
587 2081 594 2095 ,
611 2067 670 2089 tunc
682 2062 836 2098 cognoscetis
847 2063 906 2097 quia
920 2070 965 2097 ego

175 2117 230 2135 sum
245 2108 332 2141 (Joan.
345 2108 386 2136 I2.
397 2108 442 2135 32.
457 2112 480 2135 et
491 2108 518 2135 8.
528 2108 581 2144 28)
593 2116 600 2140 ;
615 2108 695 2135 modo
707 2112 807 2139 autem,
818 2107 852 2134 Et
866 2108 966 2143 signum

175 2162 227 2180 non
243 2153 344 2180 dabitur
357 2153 441 2186 vobis,
462 2153 511 2180 nisi
523 2153 622 2188 signum
633 2152 708 2180 Jomz
721 2152 825 2188 (Matth.
839 2152 882 2179 I2.
893 2152 928 2180 59
939 2151 965 2188 );

175 2203 258 2234 atque
280 2198 323 2226 hic
344 2206 449 2226 rursum
461 2219 469 2232 ,
488 2198 520 2225 In
537 2198 615 2225 tribus
639 2198 724 2225 diebus
749 2198 862 2225 excitabo
881 2198 967 2225 illud?

175 2244 244 2279 Quia
255 2244 306 2272 hoc
317 2245 431 2273 maxime
443 2249 598 2279 argumento
609 2244 802 2272 ostendebatur
813 2244 899 2279 ipsum
911 2252 965 2272 non

175 2298 237 2318 esse
252 2298 348 2325 purum
361 2291 495 2318 hominem
507 2311 514 2323 ,
528 2289 596 2325 quod
609 2294 698 2324 posset
710 2290 838 2318 adversus
851 2294 965 2318 mortem

176 2341 308 2371 tropaeum
330 2337 449 2371 erigere,
473 2343 504 2363 ac
526 2335 678 2363 diuturnam
703 2336 773 2362 illius
797 2335 965 2371 tyrannidem

176 2381 339 2417 diiticileque
359 2383 456 2409 bellttm
474 2381 539 2409 illud
559 2386 611 2408 tam
632 2382 685 2408 cito
705 2381 818 2408 solvere.
843 2381 905 2409 Ideo
919 2381 965 2413 ait,

178 2426 250 2453 Tum:
260 2427 351 2453 scietis.
361 2426 441 2458 Tunc.
453 2426 637 2461 quandouam?
650 2426 715 2454 Cum
728 2430 865 2461 postquam
876 2433 966 2453 resur-

177 2479 286 2504 rexero,
301 2473 431 2499 attraham
455 2476 537 2499 totum
560 2473 662 2504 orbem,
683 2476 747 2499 tunc
766 2471 855 2498 scietis
877 2479 920 2498 tne
939 2475 968 2498 ut

178 2518 262 2543 Deum
275 2521 300 2544 ct
315 2524 407 2544 verum
424 2517 470 2544 Dei
485 2517 578 2544 Filium
590 2517 613 2545 id
626 2517 730 2550 fecisse,
741 2517 773 2544 ad
788 2516 966 2544 ulciscendam

179 2563 249 2590 Patri
265 2562 364 2590 illatam
379 2564 576 2591 contumeliam.
591 2563 645 2590 Cur
657 2568 743 2590 atttem
756 2571 809 2590 non
823 2563 897 2596 dicit,
909 2563 967 2597 qui-

177 2609 227 2636 bus
237 2616 304 2644 opus
317 2613 389 2636 esset
404 2609 496 2644 signis,
512 2609 544 2636 ad
560 2609 629 2636 male
643 2609 738 2636 factum
753 2609 908 2640 tollendum,
920 2608 967 2636 scd

177 2662 207 2682 se
221 2655 327 2690 signant
346 2655 470 2682 daturum
483 2662 542 2682 esse
557 2655 691 2689 pollicitus
703 2655 760 2682 est?
775 2655 840 2689 Quia
855 2655 893 2682 sic
908 2655 968 2682 illos

179 2701 263 2736 magis
282 2701 431 2733 irritasset',
453 2701 504 2728 Itoc
524 2706 611 2728 atttetn
632 2701 710 2728 ntodo
724 2702 807 2736 magis
826 2701 966 2729 exterruit.

180 2747 303 2775 Attamen
325 2747 390 2774 nihil
404 2747 437 2773 ad
453 2747 502 2774 Itoc
517 2747 711 2782 responderunt
725 2757 732 2776 :
746 2748 882 2776 videbatur
896 2750 967 2776 enim

179 2792 231 2820 illis
252 2792 410 2820 incredibile
428 2793 561 2828 quidpiam
581 2793 688 2827 dicere,
705 2802 754 2822 nec
769 2794 836 2822 ultra
852 2793 968 2822 interro-

341 2839 475 2870 Pnnm..
498 2841 555 2869 (in.
583 2843 659 2872 LIX.

695 94 728 122 IN
746 94 902 122 .IOANNEM
923 95 1035 124 IIOMIL.
1057 95 1149 124 XXIII.
1170 95 1204 124 al.
1226 95 1307 124 XXII.

1768 102 1816 130 ΗΞ

1027 158 1090 185 gare
1103 151 1258 184 valuerunt;
1275 156 1301 180 et
1314 152 1389 187 qttasi
1405 159 1447 180 res
1461 152 1519 184 ﬁeri
1531 152 1582 181 non
1597 158 1696 190 posset,
1707 156 1815 185 missam

1028 195 1098 222 illam
1118 195 1246 223 fecerunt.
1261 196 1337 229 Quod
1350 197 1372 224 si
1387 203 1475 226 mente
1488 198 1650 233 valuissent,
1663 200 1766 229 etiamsi
1785 203 1816 229 il-

1028 239 1071 267 lud
1085 240 1242 268 incredibile
1257 241 1391 270 videretur
1404 251 1473 276 esse,
1490 248 1629 280 p05tquam
1645 247 1725 273 multa
1741 246 1815 282 signa

1027 284 1136 317 fecerat,
1151 290 1213 313 tunc
1229 286 1437 322 interrogassent
1452 289 1525 316 illum
1537 309 1545 322 ,
1562 294 1624 318 tunc
1636 291 1735 325 precati
1751 291 1815 320 fuis-

1026 335 1086 359 sent
1096 336 1124 358 ut
1136 331 1242 359 illorum
1252 332 1443 361 dubitationem
1455 335 1587 368 Solveret;
1602 337 1648 364 sed
1661 337 1745 365 insani
1755 345 1816 365 cu‘n

1025 381 1125 410 essent,
1141 377 1199 405 aliis
1210 377 1288 405 dictis
1300 386 1335 406 ne
1348 379 1486 407 minimum
1501 381 1608 415 quidem
1623 382 1791 410 attendetant
1809 391 1815 407 :

1025 422 1076 449 alia
1089 429 1153 449 vero
1167 429 1228 450 cum
1247 423 1315 450 mala
1329 428 1418 451 mente
1431 424 1582 453 audiebant.
1606 427 1720 463 Ideoque
1733 427 1814 456 Citri-

1024 474 1080 496 stus
1096 470 1261 505 mnigmatice
1271 470 1336 506 ipsis
1349 471 1516 506 loquebatur.

1060 514 1110 542 Cur
1117 515 1229 543 Christus
1235 524 1285 543 non
1292 517 1340 544 nisi
1345 517 1502 552 Mllglttﬂlice
1506 517 1635 553 discipulis
1642 520 1672 546 de
1678 528 1724 547 sua
1729 522 1815 555 futura

1024 561 1203 589 resurrectione
1214 562 1312 589 locutus
1322 563 1406 597 fuerit.
1421 563 1599 598 Apostolorum
1617 566 1695 593 virtus
1708 572 1813 602 quanta.

1024 605 1191 642 Elcemosyna
1203 608 1401 635 commendatur.
1410 624 1446 629 ——
1456 609 1509 637 Sed
1523 610 1593 645 quod
1607 610 1660 645 jam
1673 613 1820 652 quaeritur,‘

1024 650 1075 679 hoc
1088 656 1149 686 est,
1165 659 1213 680 cur
1227 652 1350 688 discipuli
1365 661 1417 681 non
1434 655 1556 682 noverint
1570 655 1656 690 ipsum
1671 664 1685 684 a
1701 650 1816 685 mortuis

1023 701 1234 725 resurrecturum
1248 698 1324 726 esse?
1337 698 1403 732 Quia
1417 699 1533 727 nondum
1549 699 1664 735 Spiritus
1677 701 1762 736 gratia
1773 701 1816 728 di-

1023 741 1094 776 gnati
1113 741 1229 770 fuerant.
1250 743 1419 780 Quapropter
1432 745 1466 772 de
1480 746 1676 774 resurrectione
1689 746 1812 782 frequen-

1023 791 1064 814 ter
1075 787 1230 821 audientes,
1247 788 1313 816 nihil
1326 789 1510 826 intelligebant
1524 799 1531 818 :
1548 791 1594 818 sed
1609 791 1758 826 cogitabant
1770 792 1812 819 in—

1023 837 1062 860 tra
1077 840 1107 861 se
1121 834 1184 869 quid
1196 834 1246 862 hoc
1258 839 1339 863 esset.
1354 835 1419 863 Nam
1435 836 1593 871 stupendum
1605 841 1632 866 et
1646 839 1814 872 inexspecta-

1023 882 1078 906 tum
1093 884 1161 912 erat,
1174 880 1244 914 quod
1256 880 1403 915 dicebatur,
1420 882 1490 917 quod
1505 890 1601 918 nempe
1611 882 1743 918 quispiam
1752 891 1813 911 sese

1021 928 1111 959 posset
1126 925 1300 958 resuscitare,
1316 930 1395 962 atque
1410 927 1454 954 illo
1467 927 1547 955 modo
1559 928 1730 956 resuscitare.
1745 928 1809 956 Ideo

1022 968 1116 997 Petrus
1131 969 1282 1005 increpattts
1294 970 1352 1002 fuit,
1366 971 1436 1006 quod
1456 979 1516 999 cum
1535 972 1601 1000 nihil
1614 977 1704 1001 nosset
1720 973 1753 1001 de
1769 981 1811 1001 re-

1021 1014 1186 1042 surrectione
1196 1035 1203 1047 ,
1225 1016 1325 1044 diceret
1340 1026 1347 1044 :
1363 1016 1493 1052 Propitius
1507 1022 1558 1045 esto
1574 1018 1618 1045 tibi
1635 1018 1748 1053 (Matth.
1767 1020 1810 1046 ιϐ.

1021 1060 1077 1095 22).
1092 1060 1183 1095 Neque
1196 1060 1316 1089 Christus
1330 1067 1392 1090 ante
1406 1070 1463 1090 rem
1478 1063 1562 1098 ipsam
1575 1063 1625 1090 ltoc
1639 1064 1692 1091 illis
1707 1065 1811 1092 revela-

1021 1105 1068 1137 vit,
1083 1113 1117 1133 ne
1130 1106 1182 1133 illis
1192 1106 1352 1135 oil'cndiculo
1366 1111 1452 1140 esset,
1468 1108 1513 1143 qui
1527 1108 1601 1136 initio
1612 1109 1656 1136 vix
1667 1109 1746 1137 ﬁdem
1762 1109 1810 1136 ha-

1021 1151 1119 1179 bebant
1130 1152 1162 1179 iis
1169 1159 1228 1187 quas
1238 1152 1402 1186 dicebantur,
1410 1153 1481 1189 quod
1493 1161 1523 1181 ea
1533 1154 1676 1183 admodum
1687 1156 1810 1190 inexspe-

1020 1201 1090 1224 ctata
1104 1201 1203 1231 essent.
1218 1205 1305 1232 tteque
1318 1198 1390 1226 clare
1403 1199 1504 1227 scirent
1515 1200 1574 1234 quis
1589 1204 1660 1228 esset
1672 1200 1760 1228 .lesus.
1776 1201 1809 1228 lis

1019 1241 1091 1268 enim
1110 1249 1169 1276 quae
1188 1242 1314 1276 operibus
1330 1242 1394 1277 ipsis
1408 1243 1480 1270 clare
1498 1244 1714 1279 comprobantur,
1731 1252 1810 1272 nemo

1020 1286 1099 1314 tidem
1119 1287 1270 1322 negaverit;
1292 1287 1345 1314 illis
1358 1294 1421 1315 vero
1436 1295 1496 1322 qua:
1509 1289 1598 1316 verbis
1616 1289 1701 1316 solum
1720 1291 1810 1324 profe-

1020 1331 1157 1364 rebantur,
1171 1331 1315 1358 verisimile
1326 1336 1381 1359 crat
1397 1332 1526 1367 quosdam
1539 1332 1617 1360 ﬁdem
1630 1340 1689 1361 esse
1700 1339 1810 1369 negatu-

1020 1383 1074 1404 ros.
1090 1376 1191 1404 Idcirco
1200 1376 1304 1404 sinebat
1317 1377 1391 1404 initio
1403 1385 1458 1404 rem
1469 1378 1598 1405 occultam
1610 1386 1727 1406 manere.
1743 1379 1808 1407 Cum

1019 1426 1107 1448 autem
1120 1422 1303 1456 experimento
1317 1421 1387 1449 dicta
1401 1429 1448 1450 sua
1459 1430 1521 1450 vera
1534 1424 1734 1459 comprobabal,
1748 1429 1810 1452 tuttc

1019 1466 1160 1494 verborum
1181 1466 1260 1494 dabat
1280 1467 1500 1502 intelligentiam,
1520 1472 1673 1503 tantamque
1694 1469 1808 1504 Spit-itus

1018 1512 1140 1547 gratiam,
1154 1517 1183 1540 ttt
1195 1512 1335 1540 confestim
1347 1514 1436 1540 omnia
1448 1514 1608 1548 acciperent.
1623 1513 1673 1541 Ille
1681 1515 1757 1546 cuitu,
1769 1514 1808 1541 itt-

1018 1558 1075 1593 qttit
1084 1577 1091 1589 ,
1107 1559 1175 1585 vobis
1188 1559 1389 1590 commetnorabit
1401 1560 1495 1587 omnia.
1516 1559 1581 1587 Nam
1595 1560 1638 1595 qui
1652 1565 1808 1595 conceptam

1018 1603 1052 1631 de
1064 1603 1109 1630 illo
1124 1604 1314 1637 reverentiam,
1327 1612 1379 1631 una
1393 1612 1504 1639 vespera
1517 1604 1708 1640 deposuerunt,
1722 1613 1754 1633 ac
1766 1605 1805 1633 fu-

1017 1652 1124 1684 gerunt,
1139 1648 1184 1683 qui
1198 1655 1227 1676 se
1241 1648 1366 1676 dicebant
1376 1656 1428 1676 non
1441 1657 1521 1676 nosse
1535 1649 1619 1682 illum,
1632 1650 1675 1677 vix
1688 1651 1807 1678 omniuut

1017 1701 1077 1728 quae
1089 1693 1172 1721 mttlto
1188 1698 1308 1728 tempore
1321 1693 1389 1721 facta
1402 1694 1525 1728 dictaque
1540 1694 1660 1727 fuerant,
1675 1695 1808 1722 recordati

1017 1737 1146 1771 inissent,
1166 1737 1216 1765 nisi
1236 1745 1358 1772 magnam
1382 1738 1539 1773 consequuti
1563 1739 1676 1766 fuissent
1693 1738 1809 1774 Spiritus

1016 1784 1139 1820 gratiam.
1163 1783 1192 1812 Si
1213 1791 1276 1812 vero
1288 1803 1296 1816 ,
1313 1783 1432 1819 inquies,
1447 1792 1462 1811 a
1475 1785 1575 1819 Spiritu
1587 1785 1700 1812 audituri
1715 1790 1807 1818 erant,

1017 1829 1081 1864 quid
1094 1836 1161 1864 opus
1175 1824 1232 1856 erat
1247 1829 1307 1856 illos
1320 1836 1380 1856 euut
1395 1829 1502 1856 Christo
1517 1830 1626 1862 versari,
1640 1837 1692 1858 non
1705 1830 1808 1858 intelle-

1017 1880 1108 1903 cturos
1118 1882 1149 1903 ea
1164 1882 1222 1910 qua:
1236 1874 1409 1902 dicebantur?
1419 1875 1548 1909 Quantam
1564 1875 1678 1910 Spiritus
1691 1883 1745 1903 non
1757 1875 1807 1903 do-

1018 1921 1082 1954 cuit,
1106 1920 1153 1948 sed
1178 1921 1203 1948 in
1227 1921 1382 1948 memoriam
1405 1921 1538 1948 revocavit
1557 1928 1589 1948 ea
1607 1929 1666 1956 quae
1689 1921 1809 1950 Christus

1017 1966 1130 1994 dixerat.
1153 1966 1210 1994 Non
1224 1974 1316 2000 parutn
1332 1971 1419 1994 autem
1433 1967 1466 1993 ad
1479 1967 1589 2002 gloriam
1603 1966 1701 1994 Christi
1715 1967 1808 1995 confe~

1018 2013 1104 2047 rebat,
1117 2012 1187 2049 quod
1202 2012 1316 2048 Spiritus
1329 2012 1479 2040 mitteretur
1488 2012 1521 2040 ad
1533 2012 1712 2040 renovandam
1722 2012 1807 2040 dicto-

1019 2068 1078 2088 rum
1091 2067 1198 2087 suorum
1211 2059 1378 2087 memoriam.
1400 2058 1478 2087 Initio
1492 2060 1599 2095 quidem
1614 2067 1647 2087 ex
1662 2060 1708 2087 Dei
1725 2060 1806 2087 bene-

1019 2107 1079 2135 ﬁcio
1094 2106 1158 2140 fuit,
1173 2106 1243 2141 qttod
1259 2105 1375 2141 Spiritus
1389 2106 1474 2141 gratia
1490 2106 1637 2138 involaret,
1651 2106 1686 2133 ita
1701 2105 1807 2140 copiosa

1019 2156 1047 2180 et
1067 2152 1170 2187 ampla;
1194 2151 1291 2179 deinde
1309 2158 1402 2178 eorum
1418 2151 1522 2178 virtutis
1540 2150 1599 2184 fuit,
1619 2150 1688 2186 quod
1709 2150 1807 2178 donum

1020 2202 1121 2225 tantum
1143 2197 1298 2224 retinerent.
1315 2195 1400 2223 Vitam
1421 2196 1519 2231 quippe
1541 2196 1680 2224 sanctitate
1700 2195 1807 2230 conspi-

1018 2250 1095 2270 cuam
1114 2242 1256 2274 ducebant,
1273 2242 1436 2277 multamque
1456 2241 1612 2276 sapientiam
1630 2242 1808 2274 exhibebant,

1019 2290 1177 2324 laboresque
1188 2295 1297 2324 magnos
1308 2296 1316 2315 :
1329 2288 1411 2315 vitam
1422 2292 1580 2323 praesentem
1591 2287 1807 2320 contemnebant,

1019 2336 1134 2363 ltumana
1157 2334 1231 2362 nihili
1252 2333 1414 2369 pendebant,
1440 2333 1488 2361 sed
1509 2335 1661 2368 superiores
1685 2333 1808 2361 omnibus

1019 2381 1110 2414 fuere;
1124 2388 1155 2408 ac
1165 2380 1233 2407 sicut
1245 2379 1342 2415 aquila)
1355 2379 1429 2407 leves
1442 2379 1469 2406 in
1483 2379 1564 2406 altum
1576 2379 1706 2411 volantes,
1721 2377 1809 2413 operi-

1019 2429 1069 2455 bus
1083 2427 1116 2454 ad
1130 2427 1216 2461 ipsum
1230 2426 1324 2453 czclum
1340 2425 1542 2460 pertingebant,
1559 2432 1658 2460 perque
1671 2431 1750 2458 opera
1766 2423 1808 2450 itt-

1019 2477 1126 2509 gentcm
1139 2471 1253 2507 Spiritus
1264 2471 1377 2507 gratiam
1393 2470 1557 2498 obtinebant.
1582 2469 1636 2498 llos
1657 2469 1745 2503 itaque
1761 2475 1808 2495 nos

1019 2526 1123 2554 quoque
1135 2518 1284 2545 imitemur:
1294 2525 1327 2544 ne
1335 2517 1534 2551 exstinguamus
1545 2515 1680 2550 lampades
1693 2518 1803 2549 nostras.

1019 2565 1066 2592 sed
1076 2564 1176 2592 lucidas
1187 2571 1235 2598 per
1245 2563 1441 2598 eleemosynam
1453 2561 1604 2589 reddamus.
1618 2560 1731 2594 llnjusce
1741 2559 1808 2593 ignis

1021 2612 1108 2639 lumen
1123 2611 1158 2637 ita
1172 2614 1303 2637 servatur.
1317 2609 1479 2643 Colligamus
1493 2608 1572 2643 igitur
1585 2606 1672 2633 oleum
1686 2607 1711 2632 in
1727 2606 1809 2635 vasis.

1020 2656 1082 2683 dum
1097 2655 1221 2682 vivimus.
1241 2654 1331 2688 Neque
1344 2653 1415 2681 enim
1430 2657 1491 2687 post
1508 2652 1655 2679 discessum
1676 2651 1746 2677 hunc
1759 2656 1807 2677 no-

1021 2705 1105 2728 strttttt
1125 2707 1265 2735 possumus
1281 2698 1344 2725 illud
1363 2705 1469 2730 emere,
1485 2704 1534 2724 nec
1553 2695 1660 2723 aliuudc
1673 2696 1807 2730 accipere,

1021 2746 1071 2773 nisi
1086 2753 1132 2780 per
1144 2751 1237 2773 manus
1248 2751 1401 2779 pauperum.
1416 2743 1491 2776 Illud,
1504 2740 1622 2778 inquanf,‘
1631 2742 1692 2770 ltinc
1701 2741 1808 2770 abunde

1023 2792 1188 2827 colligamus,
1203 2791 1224 2818 si
1241 2789 1351 2818 velimus
1369 2796 1428 2817 cum
1442 2797 1540 2825 sponso
1557 2789 1657 2824 ingredi
1672 2797 1679 2815 :
1692 2789 1734 2815 sin
1754 2788 1806 2815 mi-

1626 2835 1645 2865 9
