2040 3113
238 195 289 215 nus
300 207 308 220 ,
323 191 397 214 extra
412 184 554 213 thalamum
569 181 720 210 necessario
736 179 912 207 manebimus.
928 178 1031 213 lmpos~

238 233 317 261 sibile
330 232 400 259 enim
413 252 420 264 ,
441 227 620 263 impossibile,
636 228 755 261 inquam,
771 229 821 258 est,
837 224 940 251 etiamsi
957 223 1031 251 mille

240 279 308 306 bona
322 277 432 304 edamus
445 281 538 309 opera,
554 274 612 300 sine
627 272 796 307 eleemosyua
808 271 840 298 ad
852 271 925 305 regni
939 270 1030 297 limina

239 321 351 357 ingredi.
369 320 430 347 Ideo
446 319 517 346 illatn
532 317 676 346 admodum
692 317 837 344 liberaliter
847 315 1030 348 exhibeamus,

626 126 654 154 S.
675 124 811 154 JOAHNIS
828 105 1062 152 εΗιςϊδόετοΜι
1081 121 1239 150 ΑΒΟΙΙΙΕΡ.
1259 121 1524 151 CONSTANTINOP.

1825 125 1874 152 Ηι

1083 181 1111 205 ιιι
1130 176 1305 205 inemibilibns
1320 178 1439 205 fruamur
1457 178 1534 206 bonis
1544 201 1551 212 ,
1566 188 1626 214 qu.e
1640 181 1739 208 utinam
1756 189 1804 208 nos
1817 190 1873 210 om-

1083 229 1131 249 nes
1145 229 1350 257 consequamur,
1364 223 1447 258 gratia
1459 230 1485 251 et
1497 224 1659 259 benignitate
1674 227 1776 253 Domini
1789 229 1873 255 nostri

1083 267 1146 295 Jesu
1159 267 1268 301 Christi,
1284 269 1326 295 cui
1341 269 1423 302 gloria
1437 274 1463 296 et
1479 270 1618 304 imperium
1634 272 1746 307 ubique,
1765 280 1836 301 nunc
1850 279 1876 301 et

1084 320 1201 348 Semper,
1213 318 1240 341 et
1255 314 1280 340 in
1295 315 1392 342 smcula
1407 316 1575 343 smculorum.
1593 319 1688 345 Amen.

243 379 1868 396 m

902 416 1075 447 HOMlLlA
1096 416 1214 447 XXIV.

239 494 282 521 εδ.
298 492 360 520 Cum
371 497 453 520 autem
468 496 530 520 esset
540 491 706 526 Jerosolymis
716 490 742 516 in
754 489 855 516 Pascha
863 489 889 516 in
899 488 940 516 die
953 489 1016 524 {esto
1024 507 1032 521 ,

453 538 527 565 multi
540 538 699 564 crediderunt
713 536 739 562 in
751 543 819 562 eum.

277 585 304 612 i.
325 584 400 612 Tunc
410 591 444 611 ex
465 584 617 612 hominibus
642 582 695 609 illis
710 581 755 608 alii
771 579 878 615 quidem
901 579 926 607 in
942 585 1032 606 errore

241 629 407 665 perstabant,
423 629 466 656 alii
480 629 621 656 veritatem
640 626 878 661 amplexabantur;
896 632 988 652 verum
1000 631 1031 651 ex

241 676 282 703 his
296 675 416 703 nonnulli
431 675 504 702 brevi
528 678 629 701 tantum
645 671 795 700 retinebant
810 671 893 703 illam,
909 675 936 698 et
954 670 987 697 ab
1002 677 1033 697 ea

240 720 347 748 demum
359 719 526 747 excidebant.
536 718 591 746 Hos
599 718 720 746 Christus
729 716 913 748 subindicavit,
928 715 1034 751 quando

242 766 313 801 ipsos
340 765 486 792 seminibus
511 763 694 799 comparavit,
725 771 783 798 quin
811 770 864 790 non
891 761 1035 798 profundas

242 810 378 838 mitterent
392 810 495 837 radices
507 829 514 842 ,
535 809 582 836 sed
598 816 644 836 eas
659 809 683 836 in
699 807 839 843 superﬁcie
853 812 932 836 terra:
947 815 1033 842 pone-

242 859 313 889 rent,
326 862 392 890 quos
407 855 460 882 cito
475 854 561 889 perire
575 854 652 881 dixit.
669 853 722 881 llos
737 861 842 888 quoque
860 853 904 880 hic
918 860 1035 880 comme-

242 905 329 928 morat
339 901 500 934 evangelista
516 908 575 927 eum
589 900 625 927 ait
639 909 645 926 :
660 899 723 926 Cum
737 905 819 926 autem
832 904 894 926 esset
904 899 1034 934 Jerosoly-

242 947 289 973 mis
308 946 335 972 in
358 945 461 973 Pascha
473 947 499 973 in
515 946 555 972 die
569 947 642 981 festo,
657 945 731 972 multi
750 946 909 972 crediderunt
922 946 947 972 in
967 953 1033 978 eum,

243 991 351 1018 videntes
366 991 420 1026 ejus
433 992 506 1026 signa
520 998 576 1026 quae
596 991 713 1025 faciebat.
727 991 771 1018 Ἡ.
790 990 850 1026 Ipse
864 996 946 1018 autem
960 991 1035 1019 Iesus

243 1043 293 1062 non
306 1043 332 1062 se
345 1036 460 1062 credebat
474 1037 520 1063 eis.
533 1036 678 1063 Firmiores
689 1040 766 1063 erant
778 1036 909 1070 discipuli,
924 1037 968 1071 qtti
982 1044 1034 1063 non

243 1080 325 1115 signis
338 1085 439 1108 tantum
450 1101 457 1113 ,
473 1080 520 1108 sed
542 1081 622 1108 etiam
639 1081 760 1108 doctrina
781 1082 893 1115 permoti
913 1089 1035 1109 accesse-

243 1130 313 1152 runt.
329 1125 482 1153 Crassiores
500 1126 598 1161 quippe
617 1126 689 1161 signa
702 1126 911 1161 pertrahebant,
933 1127 1036 1154 ratione

243 1170 368 1204 praeditos
382 1170 530 1206 prophetia:
550 1176 577 1198 et
598 1171 728 1198 doctrina.
741 1171 877 1206 Quotquot
897 1172 975 1207 igitur
989 1180 1036 1207 per

243 1217 389 1244 doctrinam
404 1217 473 1252 capti
488 1221 558 1249 sunt,
571 1216 596 1243 hi
612 1217 748 1251 signorum
761 1217 921 1252 sequacibus
934 1218 1036 1244 ﬁrmio-

244 1270 287 1290 res
301 1267 394 1295 erant;
418 1270 484 1297 quos
503 1267 530 1290 et
553 1262 676 1290 Christus
695 1263 788 1290 beatos
812 1263 972 1297 prmdicabat
995 1263 1036 1291 his

245 1308 333 1336 verbis
350 1317 356 1335 :
371 1307 443 1334 Beati
455 1309 499 1343 qui
513 1316 564 1335 non
582 1308 706 1340 viderunt,
719 1313 742 1334 et
755 1308 917 1335 crediderunt
931 1309 939 1344 (
956 1309 1034 1336 Joan.

244 1352 290 1380 20.
305 1352 340 1379 29
352 1354 371 1387 ).
385 1352 460 1386 Quod
478 1358 566 1380 autem
582 1353 619 1379 illi
638 1360 690 1379 non
710 1353 764 1380 veri
782 1357 872 1380 essent
895 1353 1035 1389 discipuli,

245 1398 340 1432 probat
355 1398 380 1424 id
393 1397 463 1432 quod
477 1397 645 1432 subjungitur
662 1406 668 1423 :
683 1397 743 1432 Ipse
755 1397 830 1424 Iesus
844 1407 894 1425 non
914 1407 940 1426 se
952 1399 1037 1426 crede-

245 1443 286 1470 bat
301 1444 345 1470 eis.
361 1443 468 1477 Quare?
482 1443 548 1475 Quia
559 1444 662 1470 ontnia‘
678 1449 789 1476 noverat,
806 1444 850 1471 25.
867 1449 890 1472 et
900 1445 960 1481 quia
974 1454 1037 1479 opus

245 1497 296 1516 non
309 1494 361 1515 erat
372 1494 398 1516 ut
408 1489 462 1523 quis
475 1489 640 1516 testimonium
652 1490 791 1523 perhiberet
805 1491 836 1517 de
851 1491 951 1518 homine
962 1512 969 1524 ,
984 1492 1037 1527 ipse

246 1534 310 1560 enim
321 1534 412 1560 sciebat
422 1534 483 1570 quid
493 1538 554 1561 esset
567 1535 593 1560 in
604 1535 712 1561 homine.
727 1534 754 1562 ld
763 1539 814 1567 est,
827 1536 907 1562 verba
922 1544 974 1563 non
991 1544 1038 1564 cu-

246 1579 331 1610 rabat,
344 1579 388 1614 qui
404 1579 429 1606 in
444 1580 500 1613 ipsa
515 1579 594 1606 corda
615 1584 738 1614 penetrat
758 1585 784 1607 et
800 1586 918 1614 mentes;
937 1587 962 1609 et
976 1590 1036 1610 cum

246 1623 379 1651 fervorem
391 1624 495 1651 illorum
511 1629 709 1659 temporaneum
722 1633 781 1653 csse
793 1627 893 1659 sciret,
909 1635 960 1654 non
972 1628 1037 1656 ﬁde-

248 1668 293 1695 bat
308 1662 356 1695 'eis
380 1672 408 1694 ut
425 1668 548 1703 perfectis
565 1669 720 1703 discipulis:
736 1678 788 1698 non
807 1671 896 1698 omnia
911 1672 976 1706 ipsis
990 1673 1036 1700 do-

246 1716 332 1747 gmata
348 1713 476 1747 tradebat,
498 1715 571 1748 quasi
589 1714 666 1741 ﬁdem
683 1714 794 1742 ﬁrmiter
807 1720 897 1743 essent
911 1718 1034 1752 amplexi.

246 1758 331 1786 Nosse
344 1764 433 1786 autem
447 1767 476 1786 ea
493 1768 552 1794 qua:
567 1761 593 1787 in
616 1761 698 1788 corde
712 1761 848 1789 hominum
867 1767 946 1796 sunt,
967 1764 1036 1791 illius

247 1808 348 1830 tantum
362 1809 413 1837 est,
428 1805 477 1837 Qui
487 1805 696 1841 ﬁnaitsigillatini
709 1807 786 1834 corda
803 1807 894 1843 (Psal.
907 1809 951 1836 52.
967 1809 1016 1846 15)
1028 1830 1035 1843 ,

247 1856 343 1884 nempe
357 1850 439 1876 solius
457 1850 514 1877 Dei.
535 1850 601 1877 Nam
624 1850 672 1883 Tu,
689 1852 784 1886 inquit,
811 1854 940 1888 cognoscis
960 1855 1037 1881 corda

246 1895 316 1922 solus
331 1895 341 1931 (
354 1895 380 1923 3.
397 1895 460 1931 Reg.
480 1896 506 1923 8.
522 1896 556 1924 59
568 1898 588 1932 ).
611 1897 668 1924 Non
679 1899 774 1933 egebat
797 1900 905 1927 testihtts
916 1920 923 1933 ,
944 1904 974 1927 ut
992 1908 1037 1928 eas

247 1948 313 1976 quas
327 1940 491 1969 formaverat
511 1948 614 1979 mentes
629 1949 816 1978 cognosceret;
840 1944 953 1980 ideoque
968 1950 1037 1973 tem-

247 1987 493 2021 poraneteipsorum
502 1987 561 2014 ﬁdei
573 1996 624 2015 non
633 1989 921 2017 conﬁdebat.llomines
929 1991 1036 2026 quippe,

247 2031 290 2066 qui
304 2038 392 2066 neque
411 2033 552 2066 praiscntia
571 2041 658 2068 neque
673 2034 759 2062 futura
775 2040 888 2068 norunt,
905 2042 976 2071 smpe
989 2036 1037 2063 do-

247 2076 304 2104 lose
318 2077 505 2106 accedentibus
520 2083 546 2105 et
559 2079 637 2113 paulo
647 2084 706 2114 post
719 2081 864 2108 recessuris
878 2081 969 2108 omnia
979 2082 1037 2109 sine

246 2122 301 2150 ullo
316 2127 388 2150 metu
398 2123 490 2151 dicunt
501 2129 529 2151 et
546 2124 662 2152 tradunt.
674 2125 796 2153 Christus
807 2134 873 2154 vero
889 2134 943 2154 non
959 2127 1034 2160 item;

246 2175 307 2195 nam
320 2175 415 2195 arcana
429 2176 522 2196 eorum
536 2170 625 2197 omnia
646 2170 730 2205 probe
745 2171 855 2198 sciebat.
875 2172 952 2200 Tales
965 2180 1036 2200 nunc

245 2218 307 2241 sunt
323 2213 409 2247 multi,
428 2215 473 2248 qui
495 2215 611 2242 ﬁdelium
625 2216 732 2250 quidem
747 2224 843 2244 nomen
859 2217 973 2251 habent,
988 2218 1035 2246 sed

245 2260 385 2287 versatiles
405 2263 432 2287 et
445 2260 627 2288 inconstantes
640 2265 712 2289 sunt.
727 2261 790 2290 Ideo
803 2260 927 2290 Christus
940 2272 993 2291 non
1007 2271 1036 2291 se

245 2304 329 2332 credit
352 2304 401 2337 eis,
417 2305 463 2332 sed
491 2305 602 2340 plurima
618 2306 682 2340 ipsis
699 2308 824 2334 occultat.
843 2308 876 2336 Ut
897 2309 967 2336 enim
987 2317 1036 2337 nos

245 2356 299 2376 non
327 2350 421 2377 amicis
442 2350 616 2385 quibuslibet,
641 2351 687 2379 sed
713 2352 783 2380 veris
805 2352 927 2387 ﬁdimus;
955 2354 990 2381 ita
1009 2360 1036 2382 et

245 2393 315 2421 Deus
330 2396 351 2421 ¹.
367 2394 436 2421 Audi
457 2395 547 2430 itaque
568 2396 630 2430 quid
646 2396 768 2424 Christus
785 2397 920 2433 discipulis
942 2399 1034 2430 dicat:

244 2439 306 2465 Non
324 2439 382 2474 jam
401 2440 458 2466 dico
480 2448 522 2467 vos
539 2448 622 2468 servos
634 2450 643 2468 :
657 2449 700 2468 vos
719 2443 784 2469 enim
804 2444 879 2471 amici
898 2445 946 2472 mei
963 2446 1032 2474 estis.

245 2484 331 2518 Unde,
343 2490 370 2513 et
384 2487 487 2521 quare?
503 2486 568 2519 Quia
581 2488 676 2521 omnia,
687 2496 744 2521 qua:
754 2489 838 2516 audivi
847 2498 863 2517 a
877 2490 955 2518 Patre
966 2500 1031 2526 meo,

244 2536 303 2558 nota
323 2532 372 2566 feci
385 2532 453 2559 vobis
468 2533 477 2567 (
491 2532 568 2560 Joan.
582 2533 624 2561 15.
641 2534 675 2561 14
685 2533 707 2569 ).
723 2535 822 2563 Idcirco
835 2544 920 2572 neque
934 2537 1033 2566 Judieis

243 2578 317 2612 signa
333 2578 483 2612 petentibus
499 2578 596 2612 dabat,
612 2580 672 2614 quia
694 2580 731 2608 illi
747 2585 879 2610 tentantes
895 2584 1032 2617 petebant.

243 2623 338 2650 Annon
355 2628 383 2651 ut
397 2624 471 2656 olim,
483 2624 521 2652 sic
532 2632 602 2652 nunc
617 2633 720 2661 quoque
733 2627 806 2662 signa
822 2633 913 2663 petere
928 2633 1031 2658 tentan-

243 2669 308 2696 tium
322 2669 385 2696 est?
398 2669 462 2696 Nam
474 2675 536 2698 sunt
549 2670 680 2706 hodieque
694 2673 738 2707 qui
751 2679 873 2708 quaerunt
887 2682 918 2703 ac
928 2675 1029 2709 dicunt,

243 2715 296 2742 Cur
311 2722 363 2742 non
377 2715 455 2742 etiam
471 2724 542 2744 nunc
556 2717 629 2752 signa
645 2718 728 2746 llunt?
743 2719 771 2747 Si
786 2719 872 2748 ﬁdelis
886 2727 915 2749 es
931 2726 958 2749 ut
972 2729 1032 2750 esse

275 2779 283 2814 ξ
302 2778 347 2814 alii
360 2779 459 2814 habent,
466 2787 557 2814 omnes,
567 2781 630 2814 loco,
642 2783 731 2809 omnia.

274 2809 284 2824 ⁸
300 2809 357 2841 Alli,
368 2810 400 2836 ita
411 2815 434 2837 et
442 2809 557 2841 Christus,

1088 487 1179 523 debes,
1197 489 1219 516 si
1232 497 1306 518 amas
1317 491 1452 519 Christum
1463 497 1492 520 tit
1507 502 1598 522 amare
1615 503 1661 530 par
1678 501 1729 530 est,
1744 505 1796 525 non
1811 506 1878 533 Opus

1088 533 1170 562 habes
1183 535 1265 570 signis
1287 545 1293 563 :
1319 536 1376 564 haec
1388 539 1458 565 enim
1473 539 1624 567 inﬁdelibus
1645 541 1751 569 dantur.
1766 543 1818 570 Cur
1829 544 1878 572 Ju-

1088 579 1163 613 dreis,
1189 581 1303 617 inquies,
1325 591 1377 611 tton
1397 584 1458 612 data
1483 586 1566 613 sunt?
1582 587 1645 614 Data
1661 593 1733 616 certe
1755 595 1816 617 sunt
1832 599 1838 616 :
1856 591 1878 618 si

1089 627 1195 662 quando
1209 635 1274 656 vero
1290 634 1413 664 petentes
1425 639 1478 658 non
1501 633 1663 666 acrepeiint.
1680 635 1744 662 illud
1759 636 1819 664 ideo
1841 637 1880 664 fa-

1088 677 1159 700 ctum
1173 679 1222 707 est,
1236 675 1306 710 quod
1318 683 1370 703 non
1385 681 1411 703 ut
1423 677 1456 704 ab
1469 677 1626 707 inﬁdelitate
1637 680 1814 709 liberarentur
1822 682 1880 710 [nec

1089 718 1237 752 petiissent,
1249 720 1295 747 sed
1310 725 1337 748 ut
1352 729 1412 749 sese
1423 723 1506 757 magis
1518 724 1543 750 in
1555 725 1669 759 nequitia
1679 726 1879 755 conﬁrmarent.

1089 763 1163 799 (Cap.
1179 765 1207 800 ἓ)
1222 766 1246 793 1.
1260 766 1293 793 Et
1311 773 1364 794 erat
1379 768 1453 795 homo
1467 777 1498 796 ea:
1512 769 1648 798 I’haristeis
1664 770 1819 800 Nicodemus
1835 782 1879 800 no-

1088 809 1164 842 mine,
1175 811 1290 846 princeps
1298 811 1446 840 Judazorttm
1458 821 1467 841 :
1477 814 1504 841 2.
1517 815 1557 841 hic
1572 816 1635 842 venit
1649 817 1683 842 ad
1694 816 1782 844 Jesum
1797 824 1878 845 nocte.

1089 854 1138 883 Hic
1152 861 1179 883 et
1190 856 1215 882 iit
1232 857 1319 884 medio
1334 858 1477 893 Evangelia
1498 860 1632 888 Christum
1648 862 1792 890 defendere
1804 863 1880 891 vide-

1090 905 1149 934 tur;
1166 902 1203 928 ait
1215 902 1286 930 enim
1304 913 1310 931 :
1327 903 1378 930 Lex
1391 910 1477 931 nostra
1489 906 1612 932 neminem
1622 907 1732 941 judicat,
1743 909 1793 935 nisi
1805 909 1877 942 prius

1088 948 1174 974 audiat
1186 948 1217 974 ab
1228 956 1257 975 eo
1271 949 1357 983 (Joan.
1373 949 1398 976 7.
1415 950 1471 985 51).
1488 951 1621 979 Adversus
1635 953 1705 980 hunc
1717 953 1802 981 .Iudmi
1813 954 1882 982 indi—

1088 993 1237 1027 gnahatttur
1255 994 1374 1022 dicentes
1390 1004 1396 1021 :
1414 995 1548 1032 Interroga
1570 1003 1592 1024 et
1616 999 1672 1025 vide
1685 1000 1745 1034 quia
1758 1000 1882 1035 propheta

1089 1047 1119 1067 ex
1133 1039 1240 1067 Galilwa
1259 1049 1309 1068 non
1331 1043 1440 1069 surrexit
1455 1043 1463 1078 (
1479 1042 1547 1070 Ibid.
1563 1052 1585 1071 υ.
1603 1045 1638 1072 52
1651 1044 1671 1080 ).
1693 1045 1756 1072 Post
1773 1054 1881 1073 crucem

1089 1085 1168 1113 etiam
1183 1093 1304 1121 magnam
1314 1094 1362 1122 pro
1372 1088 1502 1115 Dominici
1513 1091 1632 1124 corporis
1642 1091 1776 1126 sepultura
1788 1099 1881 1119 curatn

1089 1131 1218 1158 adhibuit.
1242 1132 1322 1165 Venit,
1349 1133 1443 1168 inquit,
1468 1134 1636 1167 Nicodemus,
1659 1137 1702 1172 qui
1725 1143 1823 1165 venerat
1847 1138 1882 1164 ιιίί

1092 1177 1227 1205 Dominum
1253 1184 1334 1212 nocte,
1361 1179 1444 1214 ferens
1468 1181 1604 1207 mixturam
1631 1184 1753 1217 unguenti
1773 1187 1796 1210 et
1812 1185 1882 1211 aloes

1088 1225 1161 1259 quasi
1175 1225 1251 1251 libras
1261 1230 1360 1251 emtum
1374 1225 1463 1260 (Joan.
1476 1226 1519 1253 i9.
1536 1226 1591 1263 59).
1605 1227 1652 1254 llic
1664 1228 1718 1262 jam
1730 1236 1800 1256 nunc
1813 1229 1882 1257 bene

1090 1270 1201 1298 allectus
1212 1276 1269 1298 erat
1281 1279 1342 1306 erga
1358 1272 1505 1305 Christum,
1526 1281 1574 1300 nec
1589 1279 1676 1301 tamen
1688 1281 1816 1309 quantuni
1834 1283 1882 1310 par

1089 1320 1155 1349 erat,
1171 1323 1256 1350 neque
1269 1324 1302 1344 eo
1322 1325 1374 1352 quo
1389 1318 1529 1351 oportebat
1549 1319 1648 1350 animo.
1669 1320 1715 1347 sed
1735 1320 1822 1347 adhuc
1835 1320 1882 1347 Ju-

1089 1362 1163 1389 daica
1178 1363 1358 1390 imbecillitate
1370 1363 1547 1391 detinebatur.
1562 1363 1623 1391 Ideo
1635 1369 1713 1392 noctu
1727 1365 1808 1398 venit,
1819 1365 1880 1400 quia

1089 1407 1204 1435 interdiu
1218 1409 1243 1436 id
1259 1408 1346 1437 facere
1359 1409 1528 1436 formidabat.
1539 1409 1591 1436 Sed
1601 1409 1729 1445 benignus
1742 1411 1811 1438 Deus
1820 1419 1879 1438 eum

1091 1461 1177 1488 neqtte
1191 1455 1297 1489 repulit.
1315 1462 1399 1489 neque
1414 1455 1560 1490 redarguit,
1576 1463 1624 1483 nec
1636 1456 1756 1483 doctrina
1771 1464 1817 1483 sua
1832 1458 1880 1491 pri.

1090 1499 1161 1525 vavit
1176 1507 1285 1526 :vernm
1302 1507 1362 1527 cuin
1379 1500 1585 1527 mansuetudine
1601 1508 1694 1535 magna
1711 1501 1796 1536 ipsum
1812 1501 1880 1529 allo-

1089 1545 1188 1578 qttitur,
1202 1544 1439 1581 sublimiaqueipsi
1455 1545 1578 1580 dogmata
1593 1546 1696 1580 aperit;
1712 1547 1880 1581 :ruigmatico

1089 1589 1196 1623 quidem
1207 1609 1214 1621 ,
1230 1590 1369 1624 aperitque
1383 1594 1482 1617 tamen.
1505 1591 1586 1618 Multo
1605 1592 1689 1626 magis
1706 1593 1777 1619 enim
1806 1593 1879 1620 venia

1089 1633 1184 1668 dignus
1197 1635 1243 1662 ille
1253 1640 1320 1668 erat,
1333 1643 1411 1670 quam
1424 1636 1440 1662 ii
1455 1636 1498 1670 qui
1512 1637 1746 1671 maligueidipsum
1755 1638 1877 1672 agebant.

1091 1679 1130 1707 llli
1145 1681 1214 1707 enim
1226 1682 1298 1708 omni
1310 1686 1372 1708 sunt
1384 1683 1556 1710 excusatione
1566 1683 1681 1717 indigni;
1700 1683 1742 1710 hic
1756 1691 1820 1711 vero
1832 1685 1880 1712 im.

1091 1725 1243 1759 probandus
1257 1726 1364 1761 quidem
1375 1731 1443 1759 erat,
1459 1727 1505 1754 sed
1517 1735 1570 1754 non
1589 1732 1738 1762 tantopere.
1753 1728 1807 1756 Cur
1816 1737 1879 1764 ergo

1089 1771 1249 1805 evangelista
1264 1771 1330 1798 nihil
1346 1772 1396 1798 tale
1407 1772 1441 1799 de
1452 1772 1496 1799 illo
1507 1773 1594 1799 dixit?
1609 1773 1678 1800 Dixit
1687 1774 1792 1808 quidem
1806 1774 1876 1806 alibi,

1089 1823 1122 1843 ex
1138 1816 1301 1851 principibus
1315 1817 1412 1844 multos
1423 1817 1448 1844 in
1464 1818 1536 1844 illum
1558 1818 1705 1846 credidisse
1722 1819 1821 1854 (Joan.
1835 1820 1877 1846 12.

1089 1862 1152 1897 48);
1168 1862 1214 1889 sed
1229 1868 1336 1897 propter
1347 1863 1453 1890 Juda-os
1465 1871 1516 1890 non
1532 1864 1605 1891 illum
1617 1865 1753 1892 confessos
1763 1873 1833 1897 esse,
1847 1873 1879 1893 ne

1089 1912 1164 1935 extra
1177 1915 1337 1944 synagogam
1351 1909 1518 1943 ejicerentur.
1533 1910 1580 1937 Hic
1593 1918 1657 1938 vero
1670 1912 1758 1938 omnia
1772 1913 1821 1938 ista
1834 1920 1879 1947 per

1090 1953 1162 1980 illum
1190 1959 1269 1981 noctu
1293 1955 1393 1981 aditum
1424 1955 1610 1982 subindicavit.
1635 1956 1703 1990 Quid
1732 1964 1797 1992 ergo
1820 1958 1878 1984 ait?

1089 1999 1181 2031 Rahbi,
1193 2001 1285 2027 scimus
1298 2001 1366 2035 quod
1378 2010 1393 2027 a
1404 2001 1458 2028 Deo
1468 2002 1556 2028 venisti
1571 2003 1688 2037 magister
1703 2011 1712 2030 :
1727 2011 1798 2030 nemo
1813 2005 1879 2030 enim

1089 2050 1168 2080 potest
1178 2048 1262 2080 facere
1283 2048 1337 2074 luet:
1357 2048 1429 2082 signa
1450 2055 1506 2082 qua:
1523 2053 1549 2074 tu
1562 2049 1636 2083 facis,
1651 2049 1700 2076 nisi
1721 2051 1796 2084 fuerit
1813 2050 1879 2078 Deus

1088 2099 1144 2117 cum
1155 2099 1193 2118 εο.

1123 2136 1150 2163 2.
1167 2137 1260 2164 Adhuc
1273 2137 1434 2166 Nicodemus
1448 2138 1519 2166 httmi
1536 2140 1619 2174 repit,
1633 2139 1720 2167 adhuc
1735 2141 1878 2168 humanam

1088 2182 1122 2211 de
1135 2183 1242 2211 Christo
1256 2185 1416 2212 sententiam
1432 2185 1520 2218 habet,
1536 2189 1563 2212 et
1576 2186 1610 2213 de
1627 2186 1671 2214 illo
1683 2187 1758 2222 quasi
1773 2186 1807 2214 de
1818 2195 1879 2222 pro-

1089 2229 1169 2264 pheta
1198 2230 1331 2264 loquitur,
1358 2231 1424 2258 nihil
1452 2231 1534 2258 altum
1555 2239 1588 2259 ex
1609 2233 1690 2266 signis
1711 2234 1876 2267 conjectans.

1089 2275 1205 2308 Scimus,
1221 2275 1325 2310 inquit,
1351 2277 1419 2310 quod
1441 2285 1457 2302 a
1478 2275 1532 2303 Deo
1554 2277 1641 2304 venisti
1668 2278 1795 2313 magister.
1824 2277 1878 2305 Cur

1088 2328 1151 2355 ergo
1167 2325 1245 2347 noctu
1258 2325 1285 2348 et
1297 2321 1365 2348 clam
1378 2322 1452 2348 venis
1465 2322 1498 2348 ad
1514 2329 1574 2349 eum
1591 2322 1634 2357 qui
1646 2323 1735 2350 divina
1749 2323 1876 2358 loquitur,

1088 2367 1148 2401 quia
1175 2374 1189 2393 a
1216 2367 1270 2394 Deo
1288 2367 1378 2394 venit?
1398 2375 1446 2394 cur
1461 2374 1512 2394 non
1533 2376 1592 2394 etim
1615 2367 1710 2396 ﬁducia
1736 2369 1877 2404 loqueris?

1089 2410 1184 2439 Verum
1200 2412 1250 2440 hoc
1264 2420 1315 2439 non
1331 2413 1398 2440 dixit
1409 2412 1486 2440 .lcsus
1500 2413 1520 2446 ¹,
1534 2421 1621 2448 neque
1635 2414 1769 2449 redarguit
1781 2414 1856 2441 illum
1869 2423 1875 2441 :

1089 2457 1219 2484 Calamam
1235 2458 1300 2485 enim
1313 2463 1507 2493 conquassatum
1518 2467 1567 2486 non
1576 2461 1727 2495 confringet,
1743 2460 1838 2494 inquit,
1854 2465 1876 2486 rt

1086 2503 1182 2538 lignum
1196 2503 1323 2539 [nmigans
1348 2511 1397 2530 non
1417 2504 1556 2539 exstinguat
1580 2504 1655 2540 (Isai.
1675 2505 1719 2532 42.
1737 2506 1763 2532 3.
1781 2504 1874 2532 Matth.

1085 2548 1128 2576 12.
1143 2547 1178 2576 20
1189 2548 1209 2583 ).
1226 2548 1295 2576 Idem
1310 2556 1414 2584 quoque
1429 2557 1533 2576 rursum
1543 2571 1551 2583 ,
1574 2549 1634 2577 Non
1657 2550 1788 2578 contendet
1801 2571 1808 2582 ,
1833 2551 1874 2577 iu-

1084 2594 1156 2629 quit,
1175 2602 1252 2629 neque
1265 2594 1382 2621 clamabit
1397 2595 1511 2629 (Matth.
1535 2596 1578 2623 12.
1603 2596 1655 2630 i9)
1670 2605 1677 2628 ;
1694 2603 1726 2623 ac
1748 2603 1853 2623 rursum
1867 2616 1874 2629 ,

1089 2640 1149 2667 Non
1164 2640 1220 2667 veni
1234 2645 1260 2667 ut
1268 2640 1381 2676 judiccm
1394 2641 1515 2668 mundum
1523 2649 1533 2672 ,'
1546 2641 1589 2668 sed
1612 2647 1638 2668 ut
1662 2642 1759 2669 salvum
1781 2642 1874 2677 furiam

1085 2685 1207 2712 mundum
1221 2685 1316 2720 (Joan.
1332 2685 1374 2712 l2.
1389 2687 1450 2721 47).
1467 2686 1548 2713 Nemo
1564 2692 1643 2722 potest
1656 2687 1709 2714 [nec
1720 2687 1793 2723 signa
1807 2688 1874 2720 [are-

1087 2739 1130 2765 re,
1143 2739 1198 2765 quia
1212 2735 1238 2757 tu
1253 2732 1315 2766 facis
1328 2732 1387 2764 ,nisi
1402 2733 1476 2767 fuerit
1492 2731 1561 2759 Deus
1573 2741 1629 2758 cum
1653 2741 1691 2760 eo.
1716 2732 1811 2760 Adhuc
1831 2733 1873 2760 ille

1116 2817 1125 2833 ³
1142 2816 1171 2842 la
1181 2815 1252 2842 savil.
1265 2817 1366 2848 legitur,
1377 2816 1437 2842 nihil
1449 2816 1534 2841 horum
1546 2816 1609 2842 dixit
1620 2819 1696 2842 Jesus.
