2040 3113
279 204 332 232 H5

277 261 370 296 φησιν,
392 258 463 287 οὐδὲ
482 256 602 292 κράζει·
626 255 675 282 καὶ
699 255 796 296 πάλιν..
813 255 875 282 οὐκ
890 251 992 296 Δῆλθον
1018 253 1070 280 ἵνα

277 294 367 335 κρίνω
388 300 444 327 τὸν
463 299 588 332 κόσμον,
608 296 677 324 ἀλλ’
690 297 741 323 ινα
758 294 848 323 σώσω
867 294 921 322 τὸν
942 295 1068 329 κόσμον.

278 340 384 373 οὐδεὶς
399 339 523 366 δύναται
540 338 635 366 ταῦτα
650 337 687 365 τὰ
701 336 816 372 σημεῖα
836 335 943 368 ποιεῖν,
957 335 1012 362 ἐὰν
1025 335 1069 370 μὴ

276 380 297 418 ᾗ
310 383 327 409 ὀ
341 381 413 414 Θεὸς
427 380 491 416 μετ’
502 380 606 408 αὐτοῦ.
616 380 734 411 Ἐκεῖνος
757 378 849 414 μέντοι
866 377 906 404 ἐτι
917 377 988 404 κατά
1010 377 1074 408 τοὺς

281 422 436 459 αἰρετικοὺς
459 421 616 461 φθέγγεται,
638 419 834 456 ἐνεργούμενον
850 418 931 445 αὐτὸν
954 418 1013 461 καὶἈ
1022 418 1073 453 τῆς

277 464 379 499 ἐτέρων
405 459 531 499 βοηθείας
551 463 678 498 δεόμενον
710 461 798 489 ταῦτα
827 461 974 496 πράττειν,
1000 459 1073 495 άπερ

274 505 406 541 ιπραττε,
418 504 516 538 λέγων.
529 505 562 530 Τί
575 502 622 531 οὖν
633 505 647 531 ό
662 503 779 539 Χριστός
791 511 800 536 ;
817 502 890 537 Ὅρα
901 500 1074 535 συγκαταϐά-

276 554 346 578 σεως
357 546 510 582 ὑπερϐολήν
522 553 531 562 ο
545 546 596 573 οὐκ
613 543 673 571 εἷπε
691 545 750 580 μὲν,
767 542 901 570 ὄτιοὺδέν
917 542 1014 577 δέομαι
1024 541 1073 577 τῆς

276 587 378 623 ἐτέρων
392 587 527 623 βοηθείας,
537 586 616 619 ἀλλὰ,
628 585 693 613 Μετ’
705 585 830 617 ἐξουσίας
839 584 929 611 πάντα
940 584 1052 619 πράττω
1065 592 1072 598 ·

275 630 324 657 καὶ
344 629 400 665 7&9
424 629 488 660 Υἱός
511 629 569 664 εἰμι
586 629 698 664 γνήσιος
711 627 757 653 τοῦ
771 626 849 658 Θεοῦ,
866 625 975 660 καὶτῆς
987 624 1074 660 αὐτῆς

272 670 315 706 τῷ
329 670 506 705 γεγεννηκότι
527 669 667 705 δυνάμεως
677 677 684 685 ·
705 668 884 704 παρῃτήσατο
898 667 926 694 δὲ
942 667 1010 698 τέως
1029 666 1073 693 διὰ

275 712 307 739 τὸ
322 712 473 748 πρόσαντες
487 709 557 739 εἶναι
569 711 608 746 τῷ
623 710 852 745 ἀχούοντι.”υπερ
867 709 921 744 7&9
937 709 980 736 ἀεὶ
989 708 1072 742 λέγω,

275 753 356 781 τοῦτο
372 754 419 780 καὶ
433 753 480 781 νῦν
495 753 561 789 ἐρῶ,
573 753 614 780 ὅτι
627 753 658 780 τὸ
674 751 892 786 σπουδαζόμενον
907 749 942 787 ἦν
957 750 996 786 τῷ
1004 751 1073 786 Χρι-

277 795 333 830 στῷ
345 795 394 830 οὐχ
408 794 480 822 οὕτω
493 794 561 826 τέως
575 794 624 830 τὴν
637 792 715 826 ἀξίαν
730 792 883 828 ἐκκαλύψαι
898 793 948 828 τὴν
962 791 1072 824 ἐαυτοῦ,

276 836 314 868 ὡς
327 836 357 862 τὸ
372 837 464 862 πεῖσαι
481 836 522 862 ὅτι
536 835 612 862 οὐδὲν
627 835 657 868 ἐξ
678 834 804 865 ἐναντίας
826 833 944 869 ἔπραττε
963 832 1002 868 τῷ
1018 833 1074 860 Πα-

276 877 331 913 τρί.
348 876 398 904 Διά
415 877 492 904 τοῦτο
506 877 535 903 ἐν
551 876 600 912 μὲν
612 877 669 908 τοῖς
685 876 790 911 ῥήμασι
805 874 938 910 πολλαχοῦ
962 874 1074 910 μετριά-

278 917 333 951 ζων
349 918 485 954 φαίνεται,
501 918 530 944 ἐν
545 917 573 944 δὲ
588 918 644 951 τοῖς
657 916 817 953 πράγμασιν
828 916 877 952 οὐχ
891 916 962 942 οὕτω
976 915 1071 942 ποιῶν.

280 961 366 987 Ὅταν
382 960 436 996 7&9
450 960 655 996 θαυματουργῇ,
674 959 733 994 μετ’
749 958 873 991 ἐξουσίας
886 958 974 985 πάντα
990 958 1072 989 ποιεῖ,

277 1001 380 1036 λέγων’
406 1000 498 1033 Θέλω,
515 1001 721 1035 καθαρίσθητι.
748 999 889 1031 Ταλιθὰι,
913 999 1071 1032 ἀνάστηθι.

279 1044 436 1070 Ἔκτεινον
451 1042 509 1077 τὴν
525 1040 789 1077 χεζραῧᾼφέωνται
809 1048 859 1068 σοι
876 1041 906 1067 αι
924 1040 1072 1074 ἁμαρτίαι.

277 1085 387 1117 Σιώπα,
402 1082 664 1119 πεφίμωσο.“Λρον
676 1083 730 1110 τὸν
744 1081 912 1116 κράόϐατόν
931 1089 1002 1115 σου,
1022 1081 1073 1108 καί

277 1126 374 1161 ὕπαγε
387 1127 431 1158 εὶς
446 1125 502 1152 τὸν
519 1123 604 1153 οἶκόν
627 1132 695 1152 σου.
708 1124 759 1151 Σοί
781 1123 869 1159 λέγω,
884 1123 916 1150 τὸ
940 1123 1074 1157 πονηρὸν

276 1166 440 1200 δαιμόνιον,
458 1166 563 1198 ἔξελθε
585 1166 635 1193 ἀπ’
652 1165 757 1193 αὑτοῦ.
779 1164 939 1199 Γενηθήτω
959 1172 1009 1192 σοι
1032 1164 1073 1197 ὡς

276 1207 442 1241 θέλεις.”Αν
455 1216 501 1240 τις
513 1207 585 1242 ὑμῖν
595 1207 666 1241 εἴπῃ
680 1215 708 1233 τι
717 1225 726 1239 ,
741 1206 834 1240 ἐρεῖτε
844 1225 851 1237 ,
868 1214 896 1232 τι
915 1205 947 1232 '0
962 1205 1073 1240 Κύριος

276 1249 370 1278 αὐτοῦ
383 1249 487 1284 χρείαν
508 1249 581 1283 ἔχει.
600 1248 735 1283 Σήμερον
742 1247 807 1282 μετ’
818 1246 890 1282 ἐμοῦ
906 1246 965 1281 ἐστι
979 1247 1015 1273 ἐν
1032 1246 1072 1279 τῷ

278 1290 635 1326 παραδείσῳ.Ἡκούσατε
650 1289 695 1316 ὅτι
711 1289 815 1323 έρῤέθη
840 1288 903 1322 τοῖς
925 1288 1070 1323 ἀρχαίοις,

280 1334 321 1360 οὐ
337 1333 498 1368 φονεύσεις
509 1340 516 1347 ·
539 1331 596 1367 ἐγὼ
607 1331 642 1359 δὲ
654 1331 732 1366 λέγω
745 1330 826 1365 ὑμῖν,
842 1330 887 1357 ὅτι
899 1332 916 1357 ό
928 1329 1072 1365 ὀργιζόμε-

271 1382 331 1408 νος
350 1373 390 1407 τῷ
402 1373 522 1408 ἀδελφῷ
533 1372 628 1401 αὑτοῦ
641 1372 719 1406 εἰκῆ,
733 1372 841 1406 ἔνοχος
856 1368 942 1398 ἔσται
959 1370 996 1405 τῇ
1010 1371 1073 1404 κρί-

277 1422 335 1443 σει.
359 1415 447 1442 Δεῦτε
469 1415 565 1441 ὀπίσω
583 1422 655 1449 μου,
672 1413 720 1440 καί
741 1413 858 1447 ποιήσω
880 1411 958 1447 ὑμᾶς
977 1411 1072 1445 ἁλιεῖς

277 1455 451 1491 ἀνθρώπων.
467 1455 522 1482 Καὶ
535 1454 672 1490 πανταχοῦ
685 1454 785 1490 πολλὴν
796 1454 904 1490 δρῶμεν
917 1453 967 1489 τὴν
977 1453 1072 1481 αὐθεν-

276 1498 337 1525 τίαν
355 1497 438 1525 αὑτοῦ
450 1494 542 1524 οὖσαν.
551 1497 596 1523 Ἐν
613 1497 663 1532 μέν
676 1496 730 1531 7&9
742 1497 798 1527 τοῖς
813 1496 974 1530 πράγμασιν
983 1495 1072 1527 οὐδεὶς

275 1539 310 1566 ἂν
325 1538 471 1566 ἐπελάϐετο
493 1538 548 1565 τῶν
561 1537 718 1573 γινομένων.
738 1537 800 1568 Πῶς
813 1537 886 1573 γάρ;
903 1536 933 1562 Εἰ
953 1536 1002 1571 μιν
1017 1536 1071 1572 γάρ

277 1580 316 1616 μὴ
340 1580 413 1618 ἐξῄει
439 1579 473 1607 τὰ
496 1579 638 1614 λεγόμενα,
655 1579 724 1614 μηδέ
746 1578 822 1610 τέλος
837 1578 990 1614 ἐλάμϐανεν
1015 1575 1071 1605 οἷον

275 1621 412 1653 ἐκέλευεν,
425 1618 498 1656 εἶχεν
520 1620 552 1647 ἄν
576 1628 617 1651 τις
637 1620 725 1646 εἰπεῖν
742 1619 865 1652 ἐκείνων,
882 1619 924 1646 ὅτι
941 1619 1072 1651 ἀπονοίας

275 1661 310 1698 ῆν
330 1662 365 1689 τὰ
385 1662 559 1696 ἐπιτάγματα
571 1669 577 1676 ·
595 1661 688 1696 ἐπειδὴ
704 1660 732 1687 δέ
748 1661 880 1694 ἐξέϐαινε,
896 1662 943 1688 καὶ
955 1661 1071 1694 ἄκοντας

276 1704 374 1735 αὐτοὺς
388 1703 566 1738 ἐπεστόμιζεν
577 1703 594 1738 ή
607 1702 653 1729 τοῦ
667 1702 760 1734 τέλους
773 1703 826 1729 τῶν
837 1702 988 1738 γινομένων
1002 1703 1069 1739 ἀλή-

276 1745 345 1772 θεια.
354 1745 416 1771 Ἐπὶ
432 1744 461 1770 δὲ
475 1744 529 1771 τῶν
541 1743 627 1778 λόγων
642 1742 773 1778 ἠδύναντο
787 1743 927 1777 πολλάκις,
939 1744 1009 1770 κατά
1020 1744 1070 1780 τὴν

276 1786 365 1814 αὐτῶν
379 1785 581 1820 ἀναισχυντίαν,
599 1785 728 1811 ἀπόνοιαν
739 1785 919 1820 ἐπισκήπτειν
931 1784 1016 1820 αὐτῷ,

314 1829 347 1854 'U
359 1828 405 1854 καὶ
414 1827 428 1847 ιι
439 1828 486 1854 ἐπὶ.
493 1827 540 1854 τοῦ
552 1826 708 1862 Νικοδήμου
722 1825 779 1858 νῦν,
794 1826 918 1862 φανερῶς
933 1827 983 1862 μὲν
994 1827 1069 1854 οὐδὲν

276 1869 379 1906 ὑψηλὸν
387 1869 548 1904 φθέγγεται,
556 1867 765 1903 αἰνιγματωδῶς
775 1868 803 1894 δὲ
818 1868 899 1895 αὑτὸν
908 1869 1005 1903 ἀνάγει
1019 1869 1069 1904 τῆς

275 1911 487 1946 ταπεινότητος,
508 1910 641 1937 διδάσκων
658 1910 699 1936 ὅτι
725 1909 866 1944 αὐτάρκης
889 1909 971 1942 αὐτός
994 1911 1069 1936 ἐστιν

275 1952 366 1987 ἑαυτῷ
379 1953 419 1984 εἰς
432 1952 481 1988 τὴν
498 1951 552 1982 τῶν
571 1950 718 1986 θαυμάτων
732 1950 872 1983 ἐπίδειξιν.
891 1951 999 1978 Τέλειον
1014 1951 1069 1988 γὰρ

274 1994 356 2023 αὑτὸν
373 1993 518 2028 ἐγέννησεν
533 1993 548 2019 ό
563 1992 670 2027 Πατὴρ,
696 1991 742 2019 καὶ
760 1991 950 2027 αὑταρκοῦντα
968 1993 1067 2028 ἐαυτῷ,

274 2036 322 2064 καὶ
341 2035 417 2064 οὐδὲν
440 2034 534 2066 ἀτελὲς
550 2034 657 2069 έχοντα.
677 2032 746 2059 Ἀλλ’
765 2033 864 2068 ῐδωμεν
879 2030 905 2060 δὲ
925 2033 983 2066 πῶς
1002 2034 1068 2061 αὐτὸ

272 2077 352 2106 τοῦτο
367 2074 578 2108 κατασκευάζει·
592 2072 676 2102 Εἶπεν
686 2075 804 2107 ἐκεῖνος·
821 2075 927 2105 Ῥαϐϐἰ.
943 2075 1068 2110 οιδαμεν

273 2120 319 2146 ὅτι
328 2119 388 2147 ἀπὸ
402 2118 476 2147 Θεοῦ
486 2116 639 2151 ἐλήλυθας
647 2116 844 2150 διδάσκαλος,
856 2116 905 2144 καὶ
914 2116 958 2144 ὅτι
968 2117 1068 2150 οὐδεὶς

272 2161 399 2188 δύναται
413 2159 510 2188 ποιεῖν
524 2159 543 2188 d
559 2159 600 2186 σὺ
614 2158 719 2191 ποιεῖς,
731 2158 786 2185 ἐὰν
798 2157 842 2193 μὴ
855 2155 878 2193 ᾗ
893 2159 910 2185 ό
922 2157 995 2191 Θεὸς
1002 2159 1067 2193 μετ’

272 2202 378 2230 αὐτοῦ.
395 2201 520 2236 Ἐνόμισε
534 2200 640 2236 μεγάλα
649 2199 711 2226 τινὰ
725 2199 877 2234 εἰρηκέναι,
893 2199 980 2226 ταῦτα
991 2201 1068 2236 εἰρη-

273 2243 330 2275 κὼς
343 2243 408 2279 περὶ
421 2241 467 2268 τοῦ
482 2241 609 2277 Χριστοῦ.
623 2241 655 2267 Τί
668 2238 715 2267 οὖν
728 2240 743 2266 ὁ
753 2240 870 2275 Χριστός
882 2249 889 2273 ;
900 2241 1011 2272 Δεικνὺς
1025 2241 1067 2267 ὅτι

273 2285 335 2312 οὐδὲ
345 2284 400 2311 τῶν
412 2282 556 2319 προθύρων
569 2281 618 2318 τῆς
629 2281 822 2317 προσηκούσης
829 2281 956 2315 γνώσεως
967 2281 1065 2317 ἐπέϐη,

273 2326 335 2355 οὐδὲ
353 2327 383 2352 ἐν
397 2326 452 2357 τοῖς
468 2323 647 2358 προπυλαίοις
666 2322 742 2358 ἔστη,
757 2322 813 2350 ἀλλ’
825 2323 878 2355 ἐξω
893 2331 943 2349 που
953 2324 1002 2359 τῆς
1017 2323 1066 2359 βα-

274 2367 377 2399 σιλείας
391 2366 525 2393 πλανᾶται
546 2365 596 2398 ἑτι,
615 2365 663 2392 καὶ
677 2364 767 2397 αὐτὸς,
779 2365 825 2390 καὶ
839 2364 914 2396 ὅστις
924 2364 957 2390 ἂν
972 2365 1065 2400 ἕτερος

272 2410 359 2436 ταῦτα
370 2408 448 2444 λέγῃ,
461 2406 537 2444 [HO]
548 2408 594 2434 καὶ
605 2406 712 2434 οὐδέπω
727 2411 738 2426 ε
752 2406 821 2443 πρδς
831 2406 881 2441 τὴν
892 2406 978 2442 ἀληθῆ
993 2415 1065 2442 παρ-

273 2451 358 2486 έκυψε
375 2451 486 2486 γνῶσιν.
506 2451 521 2477 δ
546 2451 648 2485 ταύτην
663 2449 727 2484 περὶ
745 2449 792 2475 τοῦ
808 2449 978 2483 Μονογενοῦς
994 2449 1065 2485 ἔχων

272 2493 321 2529 τὴν
334 2493 430 2526 δόξανο
448 2492 474 2519 τί
492 2500 591 2527 (pne-Iv;
609 2491 709 2525 Ἀμὴν,
733 2490 815 2525 ἀμὴν
829 2489 907 2525 λέγω
931 2498 992 2524 σοι,
1010 2491 1064 2518 ἐὰν

269 2535 312 2570 μή
323 2543 368 2568 τις
381 2533 511 2569 γεννηθῇ
528 2534 654 2564 ἀνωθεν,
668 2533 704 2559 οὐ
715 2531 840 2559 δύναται
852 2532 926 2559 ἰδεῖν
941 2532 1064 2567 thr-ﬂa-

271 2577 391 2607 σιλείαν
405 2576 457 2603 τοῦ
474 2575 562 2602 Θεοῦ·
583 2574 733 2606 τουτέστιν,
751 2573 814 2600 Ἐάν
830 2574 862 2600 σὺ
879 2574 917 2610 μή
931 2574 1064 2611 γεννηθῇς

273 2619 387 2650 ἀνωθεν,
400 2617 448 2644 καὶ
459 2617 509 2652 τὴν
519 2616 572 2643 τῶν
583 2615 727 2651 δογμάτων
736 2615 898 2651 παραλάϐῃς
907 2616 1061 2651 ἀκρίϐειαν,

273 2661 325 2695 ἔξω
343 2669 393 2690 που
415 2659 562 2690 πλανᾶσαι,
581 2658 628 2685 καὶ
645 2658 739 2694 πόρρω
753 2657 802 2692 τῆς
818 2657 956 2693 βασιλείας
971 2655 997 2685 εἴ
1009 2658 1063 2686 τῶν

272 2702 404 2738 οὐρανῶν.
436 2701 507 2727 Ἀλλ’
521 2699 592 2726 οὕτω
616 2699 665 2735 μὲν
686 2699 777 2733 σαφῶς
795 2698 825 2726 οὗ
846 2708 929 2735 φησιν
942 2708 949 2714 ·
965 2700 1010 2727 ἴνα
1033 2700 1063 2728 δέ

272 2743 509 2779 ἀνεπαχθέστερον
531 2743 632 2777 ποιήσῃ
654 2741 699 2767 τὸν
711 2741 809 2776 λόγον,
831 2741 861 2767 οὺ
887 2740 955 2776 πρὸς
982 2741 1063 2769 αὐτὸν

273 2786 446 2813 ἀποτείνεται
462 2784 597 2820 φανερῶς,
610 2783 666 2810 ἀλλ’
679 2783 812 2818 ἀορίστως
827 2782 915 2817 λέγει·
938 2784 1008 2810 Ἐὰν
1019 2784 1062 2818 μή

272 2836 317 2860 τις
335 2825 485 2862 γεννηθῇ·
511 2825 651 2861 μονονουχὶ
670 2825 774 2859 λέγων,
792 2825 832 2851 ὅτι
853 2823 912 2851 Κᾶν
931 2824 963 2851 σὺ
975 2845 983 2857 ,
1011 2825 1063 2852 κᾶν

271 2868 397 2896 ὁστισοῦν
416 2868 508 2904 ἕτερος
561 2867 673 2895 τοιαῦτα
687 2867 751 2903 περὶ
773 2865 840 2901 ἐμοῦ
861 2866 991 2899 δοξάζων,
1011 2866 1063 2899 ἔξω

303 2933 316 2949 l
329 2926 378 2952 Alii
389 2926 488 2952 Ταϐιθά.
501 2925 556 2950 Μοι
573 2924 784 2956 λὶοτείηάφὲωνταί
796 2933 844 2948 σοι.
856 2924 931 2949 Savil.
944 2925 1062 2956 ἀφέωνταί

270 2967 325 2983 σου.
358 2957 372 2977 δ
384 2957 488 2984 Omnino
499 2956 632 2987 legendum
646 2955 743 2987 videtur
754 2956 789 2980 διὸ
799 2955 943 2987 καί.-Διςιιε
957 2955 990 2987 ii;
1001 2956 1064 2987 legit

272 2989 313 3015 Fr.
326 2989 443 3013 Arelinus
453 2989 495 3018 qui
514 2985 591 3018 νει-ιιι
604 2993 610 3010 τ
629 2986 786 3018 ριιίιηιοινηνηι
797 2985 841 3011 hoc
853 2985 878 3011 in
889 2985 941 3012 ιοσο
956 2987 978 3012 Ν
983 2985 1063 3013 ἕτοιίε·

272 3026 338 3046 mum
347 3017 479 3048 alloquem’.
509 3019 520 3034 ο
534 3017 658 3041 Samo-Lai.

628 197 656 226 S.
677 195 821 225 JOANNlS
839 193 1085 224 CHRYSOSTOMI
1105 193 1267 225 ARtZHIEP.
1286 193 1563 224 CONSTANTINOP.

1858 198 1908 226 “6

1121 261 1173 279 που
1185 253 1234 288 τῆς
1246 251 1383 288 βασιλείας
1395 252 1469 278 ἐστιν
1477 261 1484 268 ·
1497 251 1560 279 ἐπεὶ
1571 251 1595 277 εἰ
1608 250 1645 287 μὴ
1656 249 1736 278 τοῦτο
1748 249 1909 287 βουλόμενος

1122 293 1327 321 κατασκευάσαι
1341 292 1429 320 ταῦτα
1445 293 1534 328 ιλεγι,
1551 292 1598 320 καὶ
1615 292 1786 328 ἀνάρμοστος
1800 292 1868 328 πρὸς
1882 294 1916 320 τά

1125 335 1259 370 εἰρημένα
1277 335 1294 370 ἡ
1308 334 1453 368 ἀπόκρισις
1463 332 1508 370 ἦν.
1527 334 1650 361 Ἰουδαῖοι
1664 333 1715 368 μὲν
1732 331 1780 360 οὖν
1796 335 1821 360 εἰ
1831 333 1917 361 ταῦτα

1122 376 1254 411 ἥκουσαν,
1271 376 1508 410 καταγελάσαντες
1524 376 1705 411 ἀνεχώρησαν
1723 375 1756 402 ἀν
1767 383 1774 390 ·
1790 371 1868 407 οὗτος
1886 375 1916 402 δδ

1122 418 1171 444 καὶ
1184 418 1213 444 ἐν
1229 417 1316 454 τούτῳ
1327 417 1359 444 τὸ
1371 417 1520 452 φιλομαθὲς
1537 416 1551 437 (ι
1563 417 1693 444 δείκνυσι.
1710 416 1761 443 Διά
1773 415 1851 443 τοῦτο
1862 416 1917 452 γάρ

1123 458 1171 486 καὶ
1184 459 1298 493 ἀσαφῶς
1309 458 1443 494 πολλαχοῦ
1457 458 1604 493 φθέγγεται
1615 459 1630 485 ό
1642 457 1770 494 Χριστὸς,
1786 458 1856 493 πρὸς
1867 458 1917 494 τὴν

1122 492 1257 535 ἐρώτησιν
1267 492 1484 531 τοὺςάκούοντας
1493 492 1673 534 διαναστῆσαι
1683 492 1858 534 βουλόμενος,
1869 492 1918 526 καὶ

1123 541 1396 577 προσεκτικωτέρους
1412 539 1593 577 ἐργάσασθαι.
1610 540 1646 567 Τὸ
1665 541 1715 576 μέν
1741 542 1797 578 γάρ
1822 541 1918 576 σαφῶς

1122 582 1227 618 λεχθὲν,
1245 582 1377 615 πολλάκις
1391 583 1438 609 καὶ
1447 583 1615 618 παρατρέχει
1626 582 1672 610 τὸν
1681 583 1821 618 ἀκροατήν
1830 591 1836 597 ·
1851 582 1918 608 τδδέ

1122 623 1227 658 ἀσαφὲς
1245 624 1457 660 περιεργότερον
1472 624 1554 650 αὑτὸν
1570 624 1642 650 ποιεῖ
1651 623 1699 650 καὶ
1712 625 1866 651 σπουδαῖον.
1884 622 1919 650 '0

1121 665 1150 691 δέ
1167 665 1252 699 λέγει,
1272 665 1393 692 τοιοῦτόν
1410 666 1499 692 ἐστιν·
1523 664 1587 692 Ἐὰν
1604 665 1641 700 μὴ
1651 665 1785 701 γεννηθῇς
1801 664 1918 697 ἀνωθεν,

1122 706 1171 733 ἐὰν
1184 706 1222 742 μὴ
1239 707 1376 742 μετάσχῃς
1391 706 1552 742 Πνεύματος
1567 706 1615 733 τοῦ
1628 706 1672 733 διὰ
1686 706 1800 742 λουτροῦ
1816 705 1918 740 παλιγο

1122 748 1258 782 γενεσίας,
1269 748 1300 775 σὺ
1311 747 1422 775 δύνασαι
1431 748 1496 783 περὶ
1509 747 1577 783 ἐμοῦ
1588 747 1667 780 δόξαν
1673 747 1766 775 λαϐεῖν
1772 748 1822 783 τὴν
1833 756 1919 784 προσ-

1122 789 1254 825 ήκουσαν.
1276 789 1352 825 Δῦτη
1374 788 1429 825 γὰρ
1449 790 1480 816 οὐ
1505 789 1678 825 πνευματικὴ
1702 790 1719 825 ἡ
1743 789 1817 822 δόξα,
1849 789 1919 816 ἀλλὰ

1122 831 1225 867 ψυχική
1252 836 1276 857 θ.
1299 831 1370 857 Ἀλλ’
1386 831 1457 858 οὕτω
1483 830 1534 867 μιν
1551 831 1601 857 οὐκ
1623 828 1684 857 εἰπε
1699 831 1919 866 παραιτούμενος

1122 873 1204 900 αὐτὸν
1221 872 1334 908 πλῆξαι,
1349 873 1383 900 τὰ
1405 873 1471 909 παρ’
1494 871 1593 900 ἑαυτοῦ
1617 872 1858 907 συνεισενεγκόντα
1870 872 1918 899 καὶ

1122 915 1184 942 ὅσον
1196 915 1315 950 ἐγχωρεῖ
1329 913 1528 950 φθεγξάμενον,
1543 914 1640 949 ἀνάγει
1653 914 1681 941 δέ
1695 915 1859 946 ἀνυπόπτως
1870 915 1919 941 ἐπὶ

1121 956 1172 992 τὴν
1190 955 1301 991 μείζονα
1315 956 1416 991 γνῶσιν
1433 956 1526 990 αὑτὸν,
1536 956 1624 990 λέγων
1636 956 1643 971 δ
1664 956 1736 983 Ἐὰν
1743 956 1786 991 μή
1796 964 1918 991 "crer-

1122 997 1201 1032 νηθῇ
1212 998 1336 1026 ἀνωθεν.
1351 997 1388 1024 Τὸ
1405 998 1533 1025 Ἂνωθεν
1545 997 1672 1031 ἐνταῦθα,
1682 998 1707 1024 οἰ
1718 998 1768 1033 μὲν
1777 998 1810 1024 ἐκ
1820 997 1865 1025 τοῦ
1875 999 1919 1025 οὑ-

1124 1039 1206 1075 ρανοῦ
1220 1047 1312 1074 φασιν,
1329 1039 1354 1066 οἰ
1365 1039 1392 1066 δὲ
1401 1039 1430 1072 ἐξ
1442 1038 1539 1075 ἀρχῆς.
1555 1038 1607 1066 Τὸν
1621 1039 1676 1075 γὰρ
1691 1039 1728 1074 μὴ
1743 1038 1815 1066 οὕτω
1825 1048 1920 1075 γεννη-

1123 1081 1215 1113 θέντα,
1226 1081 1257 1108 ob
1267 1080 1379 1108 δυνατὸν
1393 1080 1468 1113 ἰδεῖν,
1481 1081 1558 1116 φησὶ,
1568 1080 1617 1116 τὴν
1631 1081 1770 1116 βασιλείαν
1778 1081 1826 1108 τοῦ
1837 1081 1917 1108 θεοῖν

1122 1122 1218 1149 ἑαυτὸν
1230 1121 1346 1149 ἐνταῦθα
1359 1122 1477 1154 δεικνὺς.
1494 1122 1541 1148 καὶ
1556 1121 1645 1158 δηλῶν
1658 1122 1700 1149 δτι
1712 1122 1744 1149 οὐ
1759 1122 1841 1149 τοῦτό
1855 1123 1918 1149 ἐστι

1122 1164 1153 1191 τὸ
1164 1164 1304 1199 δρώμενον
1323 1164 1414 1199 μόνον,
1434 1163 1492 1190 ἀλλ’
1505 1163 1608 1200 ἑτέρων
1621 1164 1688 1199 ήμῖν
1699 1165 1848 1200 ὀφθαλμῶν
1864 1165 1917 1195 δεῖ,

1122 1205 1193 1233 ὥστε
1212 1206 1275 1234 ἰδεῖν
1283 1206 1328 1233 τὸν
1343 1206 1471 1242 Χριστόν.
1488 1205 1580 1233 Ταῦτα
1592 1206 1734 1238 ἀκούσαςδ
1749 1206 1917 1242 Νικόδημος,

1122 1248 1205 1283 φησιν
1215 1256 1222 1263 ⁸
1239 1247 1306 1281 Πῶς
1323 1248 1449 1276 δύναται
1458 1247 1615 1282 ἄνθρωπος
1630 1247 1812 1283 γεννηθῆναι
1823 1247 1921 1282 γέρων

1121 1289 1180 1321 ῶν;
1205 1289 1301 1316 Ἰἀϐϐὶ
1318 1288 1400 1316 αὑτὸν
1415 1289 1519 1321 καλεῖς,
1533 1289 1579 1316 καὶ
1598 1289 1653 1316 ἀπὸ
1671 1288 1739 1316 Θεοῦ
1756 1289 1919 1325 ἐληλυθέναι

1124 1330 1225 1365 λέγεις,
1244 1331 1292 1357 καὶ
1313 1331 1344 1357 οὺ
1364 1331 1429 1366 δέχῃ
1445 1330 1480 1357 τὰ
1494 1330 1640 1366 λεγόμενα,
1657 1330 1725 1358 ἀλλὰ
1740 1329 1790 1367 τὴν
1803 1330 1920 1363 πολλοὺς

1121 1372 1253 1408 θορύϐους
1270 1372 1470 1406 ἐπεισάγουσαν
1488 1372 1560 1405 λέξιν
1575 1371 1684 1408 φθέγγῃ
1698 1372 1766 1408 πρὸς
1783 1372 1828 1398 τὸν
1844 1372 1919 1399 διδά-

1122 1414 1221 1442 σκαλον
1233 1423 1240 1447 ;
1251 1413 1288 1440 Τδ
1295 1414 1359 1450 γὰρ,
1367 1412 1443 1447 Πῶς,
1453 1413 1544 1446 τοῦτο,
1556 1413 1610 1440 τῶν
1619 1414 1649 1440 οὑ
1659 1414 1761 1449 σφόδρα
1771 1414 1919 1440 πιστευόν·

1121 1465 1176 1484 των
1192 1456 1266 1483 ἐστὶν
1281 1455 1463 1491 ἐπαπόρησις,
1474 1454 1529 1482 τῶν
1539 1454 1594 1482 ἀπὸ
1606 1455 1657 1491 γῆς
1673 1455 1756 1483 δντων
1772 1455 1822 1482 En.
1839 1455 1920 1482 Ἐπεὶ

1121 1498 1168 1525 καὶ
1195 1499 1212 1534 ἡ
1236 1498 1329 1533 Σάρῤα
1352 1496 1396 1524 διὰ
1414 1496 1494 1523 τοῦτο
1519 1496 1658 1530 ἐγέλασεν,
1685 1496 1778 1533 ιπειδὴ
1802 1496 1833 1524 τὸ
1854 1497 1920 1530 Πῶς

1121 1537 1181 1566 εἷπε
1189 1548 1195 1555 ·
1209 1539 1255 1566 καὶ
1267 1539 1342 1567 ἀλλοι
1351 1538 1443 1565 πολλοὶ
1452 1537 1530 1564 τοῦτο
1541 1538 1718 1574 ζητήσαντες,
1729 1538 1780 1574 τῆς
1799 1538 1919 1569 πίστεως

1120 1580 1258 1613 ἐξέπεσον.

1155 1620 1189 1655 7'.
1206 1620 1285 1648 Οὕτω
1296 1620 1343 1648 καὶ
1354 1620 1488 1657 αἰρετικοὶ
1509 1620 1636 1657 μένουσιν
1651 1621 1698 1648 ἐπὶ
1708 1620 1757 1657 τῆς
1771 1620 1917 1657 αἱρέσεως,

1119 1662 1222 1698 ταύτην
1232 1662 1367 1698 πολλαχοῦ
1377 1663 1426 1698 τὴν
1436 1663 1508 1695 λέξιν
1514 1662 1717 1698 ἐπιζητοῦντες·
1729 1661 1759 1689 δι
1768 1663 1818 1698 μὲν
1825 1661 1919 1697 λέγον-

1119 1712 1176 1736 τες,
1184 1703 1245 1736 Πῶς
1255 1704 1412 1742 ἐσαρκώθη;
1420 1705 1444 1731 οἰ
1454 1704 1482 1731 δέ
1492 1704 1628 1738 λέγοντες,
1637 1704 1699 1736 Πῶς
1708 1703 1839 1739 ἐγεννήθη
1850 1712 1858 1737 ;
1869 1705 1918 1731 καὶ

1119 1747 1153 1781 τῇ
1161 1745 1216 1772 τῶν
1224 1745 1332 1772 οἰκείων
1338 1745 1476 1781 λογισμῶν
1487 1745 1616 1781 ἀσθενείᾳ.
1623 1746 1673 1780 τὴν
1682 1745 1796 1781 ἄπειρον
1805 1746 1918 1781 ἐκείνην

1120 1787 1319 1819 ὑποϐάλλοντες
1332 1787 1438 1815 οὐσίαν.
1454 1787 1544 1823 Ἆπερ
1557 1785 1604 1815 οῦν
1615 1787 1720 1819 εἰδότας
1735 1787 1847 1822 φεύγειν
1862 1787 1918 1824 χρὴ

1118 1827 1167 1864 τὴν
1184 1828 1298 1863 ἄκαιρον
1312 1827 1414 1864 ταύτην
1427 1827 1704 1864 πολυπραγμοσύνην.
1724 1828 1793 1855 οὔτε
1809 1828 1864 1864 7&9
1885 1829 1918 1856 τὸ

1119 1869 1181 1901 Πῶς
1200 1870 1318 1897 εἰσονται
1337 1869 1384 1896 καὶ
1410 1869 1435 1896 οἰ
1457 1869 1543 1896 ταῦτα
1563 1868 1719 1905 ζητοῦντες.
1736 1869 1784 1896 καὶ
1797 1869 1917 1902 πίστεως

1118 1911 1296 1938 ἐκπεσοῦνται
1312 1910 1361 1946 τῆς
1377 1910 1470 1947 ὀρθῆς.
1492 1910 1542 1937 Διὰ
1554 1910 1635 1938 τοῦτο
1655 1911 1703 1937 καὶ
1721 1908 1799 1943 οὗτος
1818 1911 1915 1938 διαπο-

1119 1953 1174 1988 ρῶν
1195 1952 1217 1984 ί.
1233 1952 1310 1989 [141]
1324 1953 1369 1979 τὸν
1383 1953 1484 1988 τρόπον
1498 1951 1625 1988 ἐπιζητεῖ
1648 1953 1707 1988 (καὶ
1720 1952 1775 1989 7&9
1796 1953 1916 1988 συνῆκεν

1118 1995 1159 2021 ὅτι
1172 1995 1219 2021 καὶ
1242 1993 1310 2029 πρὸς
1325 1993 1406 2020 αὑτὸν
1419 1993 1528 2028 λέγεται
1541 1995 1572 2021 τὺ
1585 1994 1755 2031 λεγόμενον),
1771 1994 1819 2022 καὶ
1835 1994 1916 2030 θορυ-

1117 2035 1216 2067 ϐεῖται,
1235 2036 1282 2062 καὶ
1310 2036 1424 2071 ἰλιγγιᾷ,
1442 2036 1491 2062 καὶ
1512 2036 1541 2062 ἐν
1563 2036 1704 2072 ἀμηχανίᾳ
1719 2036 1803 2069 ἐστὶν.
1827 2035 1915 2063 ἐλθὼν

1118 2076 1168 2112 μὲν
1185 2076 1222 2108 ὡς
1239 2077 1280 2108 εἰς
1300 2076 1455 2112 ἄνθρωπον,
1482 2076 1590 2104 ἀκούων
1612 2077 1641 2104 δέ
1660 2077 1770 2112 μείζονα
1795 2077 1812 2113 ἢ
1837 2079 1914 2114 παρὰ

1116 2118 1277 2154 ἀνθρώπου,
1293 2119 1340 2145 καὶ
1352 2118 1370 2146 ἃ
1391 2118 1486 2154 μηδεὶς
1501 2119 1603 2154 ἤκουσε
1620 2119 1731 2146 πώποτε
1742 2127 1749 2135 '
1765 2119 1814 2147 καὶ
1837 2119 1913 2147 διαν-

1118 2160 1224 2187 ίσταται
1237 2159 1287 2195 μέν
1304 2159 1373 2195 πρὸς
1387 2160 1418 2186 τὺ
1433 2159 1500 2195 ὕψος
1514 2160 1569 2187 τῶν
1579 2160 1734 2196 λεγομένων
1747 2161 1830 2193 τέως,
1848 2170 1912 2188 σκο-

1116 2201 1209 2228 τοῦται
1223 2201 1263 2234 δέ,
1281 2201 1328 2228 καὶ
1344 2202 1393 2236 οὐχ
1406 2201 1525 2234 ἵσταται,
1541 2202 1680 2238 πανταχοῦ
1694 2203 1913 2238 περιφερόμενος

1116 2241 1164 2269 καὶ
1177 2242 1297 2277 συνεχῶς
1308 2242 1450 2270 ἐκπίπτων
1462 2243 1512 2278 τῆς
1526 2243 1654 2276 πίστεως.
1666 2244 1712 2271 Διὸ
1722 2246 1770 2271 καὶ
1782 2245 1909 2280 ἐπιμένει

1116 2284 1327 2316 κατασκευάζων
1336 2284 1367 2311 τδ
1382 2284 1523 2317 ἀδύνατον,
1538 2285 1610 2312 ῶστε
1621 2287 1661 2317 εἰς
1678 2287 1851 2322 σαφεστέραν
1862 2287 1911 2314 αὑο

1114 2325 1161 2352 τὸν
1175 2325 1374 2353 ἐκκαλέσασθαι
1387 2326 1571 2354 διδασκαλίαν.
1586 2327 1635 2361 Μὴ
1645 2326 1770 2355 δύναται
1780 2328 1847 2364 γάρ,
1859 2337 1910 2364 φη-

1117 2366 1170 2399 σὶν,
1185 2367 1343 2401 ἄνθρωπος
1354 2368 1399 2401 εἰς
1413 2367 1471 2402 τὴν
1483 2368 1602 2396 κοιλίαν
1617 2368 1672 2402 τῆς
1684 2369 1798 2403 μητρὸς
1815 2370 1909 2398 αὐτοῦ

1114 2408 1256 2442 δεύτερον
1267 2408 1418 2436 εἰσελθεῖν
1435 2409 1486 2436 καὶ
1501 2408 1704 2444 τεννηθῆναι;
1726 2410 1824 2446 Ὁρᾶτε
1838 2411 1907 2444 1113;,

1114 2451 1179 2477 ὅταν
1194 2452 1250 2482 τοῖς
1270 2450 1381 2482 οἰκείοις
1401 2450 1542 2486 λογισμοῖς
1558 2451 1693 2488 ἐπιτρέψῃ
1713 2460 1755 2483 τις
1771 2452 1805 2479 τά
1827 2461 1908 2480 πνευ-

1116 2491 1230 2528 ματικά,
1246 2492 1293 2519 καὶ
1304 2492 1496 2526 καταγέλαστα
1505 2492 1664 2528 φθέγγεται,
1675 2494 1723 2520 καὶ
1731 2494 1825 2530 ληρεῖν
1835 2495 1908 2522 δοκεί

1113 2533 1161 2560 καὶ
1186 2532 1306 2568 μεθύειν,
1328 2533 1392 2560 ὅταν
1409 2534 1624 2569 περιεργάζηται
1641 2535 1717 2570 παρὰ
1741 2535 1771 2562 τὸ
1791 2536 1832 2571 τῷ
1848 2536 1907 2572 Θεῷ

1113 2574 1209 2602 δοκοῦν
1220 2574 1254 2602 τὰ
1267 2574 1413 2610 εἰρημένα,
1424 2576 1472 2602 καὶ
1486 2576 1525 2612 μὴ
1538 2576 1651 2612 δέχηται
1660 2576 1709 2612 τήν
1725 2578 1775 2613 τῆς
1789 2577 1907 2610 πίστεως

1115 2615 1315 2650 συγκατάθεσιν
1326 2625 1333 2649 ;
1348 2617 1468 2643 Ἤκουσε
1478 2618 1632 2653 γεννήσεως
1646 2619 1849 2654 πνευματικῆς,
1861 2621 1907 2647 καὶ

1113 2659 1164 2686 οὒκ
1185 2658 1280 2693 ἐνόησε
1302 2658 1500 2694 πνευματικὴν,
1517 2659 1576 2686 ἀλλ’
1597 2661 1637 2692 εἰς
1652 2660 1702 2696 τὴν
1723 2662 1904 2697 ταπεινότητα

1113 2700 1163 2734 τῆς
1176 2700 1276 2735 σαρκὸς
1287 2700 1450 2727 καθείλκυσε
1465 2700 1495 2727 τὸ
1508 2701 1664 2737 εἰρημένον,
1673 2702 1720 2729 καὶ
1735 2703 1807 2738 μέγα
1819 2703 1904 2738 δόγμα

1114 2741 1187 2769 οὕτω
1198 2743 1244 2769 καὶ
1262 2741 1364 2777 ὑψηλὸν
1377 2743 1427 2778 τῆς
1444 2743 1561 2779 φυσικῆς
1571 2743 1733 2776 ἀκολουθίας
1747 2745 1904 2781 ἐξήρτησεν.

1114 2784 1164 2810 Διά
1182 2784 1262 2811 τοῦτο
1276 2783 1410 2819 ληρωδίας
1421 2784 1533 2811 πλάττει
1547 2785 1650 2817 λοιπὸν,
1666 2786 1713 2812 καὶ
1724 2786 1842 2821 ἀπορίας
1857 2794 1904 2813 ια-

1114 2826 1310 2860 ταγελάστους.
1320 2825 1366 2852 Διὸ
1383 2826 1431 2853 καὶ
1444 2827 1458 2852 ό
1473 2826 1578 2859 Παῦλος
1592 2827 1696 2862 ἔλεγεν,
1710 2828 1751 2854 ὃτι
1773 2828 1906 2863 Ψυχικὸς

1113 2867 1269 2902 ἄνθρωπος
1280 2868 1315 2895 οὐ
1322 2867 1439 2902 δέχεται
1449 2867 1484 2895 τὰ
1494 2868 1548 2896 τοῦ
1558 2869 1743 2904 Πιέὐματος.
1757 2869 1831 2905 Πλὴν
1838 2869 1905 2896 ἀλλὰ

1114 2910 1160 2936 καὶ
1173 2910 1202 2936 ἐν
1216 2909 1303 2945 τούτῳ
1321 2909 1370 2945 τὴν
1389 2909 1456 2937 αἰδὼ
1471 2911 1520 2945 τὴν
1534 2911 1564 2937 ἐν
1582 2910 1621 2946 τῷ
1637 2910 1748 2947 Χριστῷ
1764 2911 1905 2946 φυλάττει.

1134 2954 1336 2988 {Sic_$avil.__e|
1355 2962 1413 2988 mss.
1426 2956 1533 2988 plurimi.
1559 2956 1644 2988 Morel.
1667 2959 1693 2981 et
1714 2956 1756 2981 alii
1771 2957 1904 2988 φιλᾱλτιθὲς.

1116 2986 1128 3000 ⁸
1141 2985 1294 3019 δυεβίοσιυε
1305 2986 1411 3019 Βλνῃὶιιε
1427 2985 1563 3017 legendum
1583 2987 1611 3011 οὐ
1628 2988 1718 3019 ψυχική
1736 2985 1832 3019 ﬂaua.
1847 2987 1906 3011 am

1113 3017 1268 3047 πνευματική.
1277 3016 1328 3047 Ego
1337 3016 1397 3041 nihil
1409 3016 1551 3042 mullmdum
1558 3016 1691 3043 ce;.scb."l
1699 3018 1749 3043 Alii
1757 3018 1787 3042 δι’
1797 3018 1896 3050 ἀπορίας
