2040 3113
161 150 212 179 N5

160 205 306 234 secundum
322 201 508 231 hmreticorum
523 198 682 228 sententiam
697 198 827 234 loquitur,
842 197 887 232 qui
907 196 949 224 di-

159 254 213 286 cit,
227 250 262 279 ab
275 251 328 278 alio
338 249 439 277 moveri
451 269 459 281 .
475 252 501 275 et
513 246 625 274 aliorum
637 253 689 281 ope
702 245 821 279 indigere
831 265 839 278 ,
853 247 883 271 ut
899 243 953 270 hoc

159 298 253 327 faciat.
270 296 339 331 Quid
356 303 419 330 ergo
438 293 579 321 Christus?
600 292 667 320 Vide
688 290 858 325 indulgentia
881 289 951 317 illius

163 341 384 378 magnitudinem.
399 339 457 367 Non
472 339 549 372 dixit,
564 337 686 365 Aliorum
699 337 800 364 auxilio
813 343 865 363 non
874 341 949 370 egeo,

163 387 209 415 sed
224 395 286 414 cum
302 390 434 421 potestate
448 384 537 412 omnia
553 383 620 411 facio
637 391 644 410 :
660 389 721 410 nam
735 388 813 409 verus
824 388 883 409 sum
905 380 951 408 Dei

161 434 256 467 Filius,
272 438 299 461 et
313 431 434 461 eamdem
451 438 530 466 quam
546 429 657 458 Genitor
670 432 830 464 potestatem
846 426 950 454 habeo:

162 479 268 507 interim
284 485 348 506 vero
363 477 389 504 id
404 476 502 504 efferre
515 475 616 508 noluit,
639 478 667 502 ut
690 473 807 501 audienti
827 479 886 500 sese
908 479 951 500 ac-

163 525 355 553 commodaret.
369 524 435 552 Nam
450 523 520 559 quod
531 529 639 558 semper
652 521 713 549 dico
725 541 732 554 ,
751 520 801 548 hoc
815 527 886 547 nunc
908 526 952 547 re-

162 576 250 606 petam
263 591 271 603 ,
285 570 311 597 id
325 569 461 598 Christum
475 568 579 596 interim
593 566 743 606 studuisse,
758 573 810 593 non
826 569 854 593 ut
868 564 953 600 digni-

162 622 243 644 tatem
258 623 334 643 suam
348 615 497 647 revelarct,
519 613 566 641 sed
588 617 617 640 ut
639 611 811 648 persuaderet
834 618 864 639 se
887 610 952 638 nihil

163 666 256 690 eontra
270 661 358 689 Patris
373 660 537 688 voluntatem
553 659 652 687 facere.
674 658 791 693 Ideoque
812 657 838 685 in
864 656 952 685 verbis

163 714 235 741 saepe
247 706 401 734 moderatus
413 704 622 740 deprehenditur
633 724 641 737 ,
658 703 684 730 in
697 702 779 731 rebus
799 710 852 730 non
876 702 950 730 item.

163 752 230 780 Cum
244 752 316 780 enim
330 750 458 778 miracula
473 749 547 783 edit,
561 756 622 777 cum
636 752 768 784 potestate
782 747 870 775 omnia
890 747 954 775 facit

162 798 255 825 dicens
269 805 276 823 :
297 795 370 828 Volo,
385 795 518 822 mundare.
534 794 634 821 Talitha
644 813 652 827 ,
665 802 740 829 surge
752 793 848 828 (Marc.
864 793 891 820 1.
906 792 952 820 AI.

163 848 186 870 et
210 843 236 870 5.
252 842 312 877 41).
334 841 451 868 Extende
472 848 584 867 ntanum.
600 839 767 866 Dimittuntur
789 839 833 866 tibi
851 843 953 874 peccata

163 888 175 920 (
183 887 276 914 Matth.
292 887 335 914 1‘2.
351 886 394 914 15.
413 890 435 914 et
449 885 477 914 9.
491 885 537 921 5).
553 885 628 919 Tace,
640 885 788 912 obmutesce.
802 883 874 911 Tolle
892 892 953 919 gra-

164 933 249 960 batum
269 938 348 966 tuum,
362 936 385 959 et
397 931 460 959 vade
477 932 504 958 in
516 930 619 958 domum
637 934 705 957 tuam
721 929 823 966 (Marc.
834 930 860 957 4.
873 929 917 957 59.
931 934 954 956 et

162 980 190 1006 2.
204 978 259 1014 11).
270 978 324 1006 Tibi
333 978 401 1010 dico,
411 978 506 1005 niuium
517 977 678 1008 dtemonium,
689 975 739 1003 Exi
751 975 782 1002 ab
793 976 847 1011 ipso
856 975 952 1011 (Marc.

163 1024 191 1052 5.
207 1025 246 1060 8).
262 1023 321 1051 Fiat
336 1024 380 1051 tibi
390 1024 454 1051 sicut
467 1024 502 1050 vis
515 1021 628 1059 (Matth.
641 1022 685 1049 15.
700 1020 757 1057 28).
773 1021 802 1049 Si
816 1021 872 1056 quis
886 1019 954 1048 vobis

163 1070 258 1097 dixerit
280 1069 395 1104 aliquid,
421 1069 496 1095 dicite
516 1068 577 1103 quia
596 1066 721 1094 Dominus
736 1066 775 1094 his
790 1074 854 1101 opus
868 1066 951 1093 habet.

163 1119 174 1149 (
189 1114 272 1142 Marc.
288 1115 329 1142 II.
344 1115 361 1142 5
371 1115 392 1150 ).
411 1113 493 1141 Hodie
514 1121 610 1140 mecum
622 1112 671 1140 eris
685 1113 711 1139 in
730 1111 849 1147 paradiso
867 1110 951 1148 (Luc.

163 1159 209 1187 25.
225 1160 261 1187 45
271 1160 294 1195 ).
306 1159 418 1186 Audistis
433 1159 494 1194 quia
503 1158 598 1185 dictum
609 1163 645 1185 est
656 1157 765 1193 antiquis
775 1178 783 1190 ,
805 1156 867 1184 Non
885 1156 952 1184 occi-

162 1205 206 1232 des
220 1213 229 1231 :
238 1213 283 1240 ego
293 1209 375 1232 autem
390 1204 447 1231 dico
459 1203 527 1231 vobis
536 1224 543 1237 ,
557 1204 617 1239 quia
633 1203 675 1239 qui
687 1203 807 1230 irascitur
819 1202 894 1238 fratri
907 1210 954 1230 suo

161 1256 263 1284 tenuere,
272 1259 329 1278 reus
337 1252 382 1278 erit
387 1251 488 1286 judicio
497 1250 602 1287 (Matth.
615 1250 659 1277 I5.
669 1249 713 1277 2|.
728 1249 784 1285 22).
801 1248 885 1276 Venite
897 1254 953 1284 post

162 1307 212 1330 ιιιρ,
227 1303 250 1325 et
263 1298 355 1334 faciam
375 1306 418 1325 uos
438 1298 572 1333 piscatores
590 1297 718 1325 hominum
733 1295 839 1332 (Matth.
850 1296 878 1323 4.
893 1295 953 1332 19).

164 1344 268 1379 Ubique
281 1348 355 1372 certe
369 1351 491 1379 magnam
506 1343 628 1373 videmus
641 1343 699 1378 ejus
709 1343 904 1375 auctoritatem.
926 1342 953 1370 In

162 1389 245 1417 rebus
265 1389 336 1417 enim
359 1396 439 1417 nemo
460 1396 493 1417 ea
514 1397 573 1424 quas
592 1388 661 1416 facta
683 1393 745 1415 sunt
756 1387 955 1422 reprehendere

163 1435 262 1470 possit.
274 1435 415 1468 Quomodo
431 1435 536 1470 possit?
550 1434 616 1462 Nam
629 1435 651 1462 si
667 1442 697 1462 ea
710 1442 770 1469 quae
785 1434 830 1462 ille
850 1434 955 1462 dicebat

161 1488 216 1508 non
229 1480 352 1509 elfcctum
365 1485 393 1508 et
407 1481 487 1508 ﬁnem
507 1484 671 1515 consequuta
694 1484 801 1512 essent,
824 1479 955 1514 potuisset

160 1527 224 1562 quis
249 1526 340 1554 dicere
364 1529 498 1561 praecepta
524 1525 567 1552 illa
589 1533 622 1553 ex
633 1525 785 1560 arrogantia
799 1524 952 1559 prodiisse:

161 1573 224 1608 quia
239 1579 303 1599 vero
316 1571 491 1603 eveniebant,
510 1571 549 1599 rei
564 1571 662 1598 veritas
674 1571 733 1598 illos
748 1570 789 1598 vel
805 1570 901 1598 invitos
920 1569 954 1597 ad

162 1617 301 1645 silentium
316 1617 504 1652 compellebat.
521 1617 548 1644 In
561 1617 650 1644 verbis
661 1622 749 1644 autem
761 1638 768 1649 ,
784 1616 952 1651 impudentes

160 1670 223 1690 cum
236 1667 345 1695 essent,
361 1667 484 1697 poterant
499 1662 573 1690 illum
595 1666 623 1689 ut
639 1665 808 1697 arrogantem
832 1668 953 1696 carpere.

197 1708 250 1736 Cur
263 1708 375 1736 Christus
389 1709 546 1744 tenigmatice
564 1708 705 1736 Nicodema
724 1708 859 1743 loquatur;
876 1708 955 1743 ipsius

161 1756 292 1782 verborum
300 1755 530 1791 explanatio—Ita
541 1763 610 1782 nunc
623 1754 794 1782 Nicodemum
805 1754 953 1789 alloquens,

161 1801 228 1828 nihil
242 1801 354 1829 sublime
368 1805 459 1836 aperte
473 1801 552 1835 dicit,
571 1800 619 1829 sed
639 1808 688 1836 per
707 1800 848 1835 aenigmata
868 1800 954 1835 ipsum

161 1847 195 1874 ab
208 1847 301 1874 lnuuili
318 1847 449 1874 sententia
470 1846 592 1880 deducit,
616 1845 761 1873 ostendens
782 1853 813 1873 se
830 1845 880 1873 sibi
904 1844 955 1880 ipsi

161 1892 286 1920 sufﬁcere
303 1893 336 1920 ad
359 1892 484 1920 miracula
507 1892 645 1927 patranda.
668 1891 817 1919 Perfectum
837 1891 908 1918 enirn
923 1891 955 1918 il-

161 1939 217 1966 lum
238 1939 318 1967 Pater
339 1939 445 1974 genuit,
462 1939 566 1974 sibique
582 1938 630 1974 ipsi
645 1937 834 1971 sufficientem,
850 1942 876 1965 et
890 1937 956 1964 nihil

161 1985 347 2021 imperfectum
372 1985 523 2013 habentem.
555 1985 608 2013 Sed
630 1984 768 2012 videamus
795 1991 848 2018 quo
879 1987 956 2018 pacto

162 2032 215 2058 hoc
234 2031 279 2058 ille
294 2031 443 2058 conﬁrmet.
459 2031 533 2058 Dixit
545 2030 589 2058 ille
605 2039 611 2056 ε
629 2029 709 2058 Rabbi
719 2050 730 2062 ,.
750 2029 841 2056 scimus
861 2029 922 2064 quia
939 2037 956 2055 a

162 2076 219 2103 Deo
230 2077 319 2103 venisti
332 2067 459 2111 magister,
474 2075 574 2111 etquod
587 2084 660 2102 nemo
674 2080 753 2110 potest
767 2077 850 2110 facere
863 2082 918 2109 qua:
930 2079 957 2101 tu

164 2122 230 2157 fucis
241 2143 248 2153 ,
262 2122 309 2148 nisi
322 2122 397 2156 fuerit
412 2121 479 2149 Deus
494 2130 550 2148 cum
569 2129 607 2149 eo.
629 2121 795 2149 Existimavit
811 2128 840 2148 se
862 2127 957 2155 magna

162 2168 295 2203 qumpiam
318 2167 352 2195 de
373 2167 480 2195 Christo
503 2167 612 2195 dixisse.
638 2167 706 2202 Quid
727 2174 792 2202 ergo
816 2166 957 2194 Christus?

162 2214 316 2242 Ostendens
337 2214 412 2241 illum
433 2222 466 2241 ue
487 2213 522 2241 ad
543 2213 634 2241 limina
654 2213 760 2248 quidem
781 2220 849 2240 verte
868 2212 959 2247 cogni-

164 2260 246 2287 tionis
261 2260 407 2287 accessisse
416 2280 423 2292 ,
437 2267 488 2287 nec
501 2259 541 2286 vel
556 2259 582 2286 in
596 2259 726 2286 vestibulo
738 2265 807 2291 esse,
822 2257 868 2285 sed
881 2262 962 2285 extra

164 2306 266 2340 regiam
277 2305 413 2338 aberrare,
424 2309 451 2332 et
463 2313 523 2332 eum
536 2308 564 2332 et
575 2305 656 2332 alium
667 2304 787 2339 quemvis
802 2303 860 2331 hinc
873 2303 959 2331 dicen-

165 2357 220 2379 tem
230 2373 237 2385 ,
255 2352 369 2379 necdum
380 2351 413 2378 ad
429 2358 519 2378 veram
532 2350 759 2386 appropinquasse
772 2350 902 2382 notitiam,
914 2348 958 2383 qui

164 2398 247 2425 talem
263 2397 297 2425 de
316 2397 458 2432 Unigenito
471 2397 622 2431 opinionem
637 2395 746 2423 haberet
762 2404 768 2422 :
782 2395 844 2430 quid
859 2395 914 2422 ait?
931 2395 958 2422 5.

165 2444 257 2477 Amen,
273 2450 346 2470 amen
356 2443 412 2469 dico
423 2442 476 2476 tibi,
489 2442 535 2469 nisi
547 2443 601 2477 quis
611 2446 685 2469 natus
695 2441 770 2477 fuerit
783 2441 898 2476 desuper,
910 2449 962 2467 non

164 2494 248 2525 potest
263 2489 348 2517 videre
360 2497 465 2524 regnum
481 2488 527 2515 Dri
536 2496 545 2521 ;
561 2488 611 2515 hoc
625 2491 684 2520 est,
700 2486 755 2514 Nisi
769 2491 796 2514 tu
812 2492 889 2513 natus
902 2485 961 2513 fue-

165 2538 204 2564 ris
219 2536 344 2571 desuper,
358 2540 385 2563 et
397 2540 546 2563 accuratam
561 2535 714 2570 dogmatum
728 2533 904 2568 cognitionem
918 2539 962 2560 ac-

163 2582 282 2617 ceperis,
299 2582 363 2609 foris
375 2582 493 2614 aberras,
507 2585 534 2608 et
547 2580 637 2616 procul
653 2588 683 2607 cs
697 2587 710 2606 ιι
729 2586 810 2614 regno
825 2578 961 2605 caelorum.

167 2628 268 2656 Verum
283 2627 307 2654 id
322 2628 377 2654 'non
392 2627 464 2654 clare
478 2626 559 2659 dicit;
580 2630 607 2653 et
626 2629 654 2652 ut
669 2625 755 2652 minus
772 2631 914 2651 onerosqu
937 2622 962 2650 id

165 2673 238 2709 quod
252 2673 392 2701 dicebatur
403 2677 492 2705 esset,
517 2680 570 2699 non
590 2672 676 2706 ipsum
697 2674 788 2705 aperte
808 2669 962 2704 alloquitur,

166 2719 214 2746 Sed
231 2718 439 2747 iudcterminate
453 2718 533 2750 dicit,
550 2717 609 2744 Nisi
623 2717 679 2752 quis
695 2722 769 2743 natus
784 2715 879 2751 fuerit;
893 2722 924 2742 ac
941 2714 964 2741 si

167 2766 270 2793 diceret
293 2774 300 2793 :
321 2765 384 2792 Sive
399 2769 426 2792 tu
436 2785 443 2797 ,
459 2765 515 2794 sive
529 2764 614 2799 quivis
629 2763 697 2790 alius
712 2762 769 2790 lucc
789 2762 822 2789 de
842 2770 885 2789 me
905 2769 965 2789 sen-

169 2811 235 2843 tiat,
260 2810 283 2838 is
302 2815 378 2838 extra
400 2817 509 2844 regnum
529 2814 579 2836 est.
594 2808 648 2836 Nisi
665 2808 734 2835 enim
751 2807 807 2834 haec
821 2807 862 2834 illa
878 2811 966 2834 mente

169 2860 300 2893 dixisset,
325 2857 467 2893 responsio
488 2856 583 2884 nonad
599 2855 762 2891 propositum
777 2858 847 2882 esset
874 2853 928 2881 lIoc
943 2853 964 2881 si

651 141 683 170 IN
702 140 860 171 IOANNEM
879 139 995 169 HOMIL.
1017 139 1113 168 XXIV.
1133 141 1167 168 al.
1189 140 1283 169 XXIII.

1739 143 1788 172 I16

1004 196 1089 224 Judaei
1101 196 1257 230 audiissent.
1266 198 1418 227 deridentes
1431 199 1574 228 discessuri
1584 205 1669 228 erant.
1680 200 1729 229 Hic
1740 209 1790 228 au-

1003 246 1056 270 tem
1071 242 1190 270 discendi
1204 244 1319 271 studium
1332 252 1388 280 ιιι-ω
1400 252 1429 273 se
1441 245 1510 273 tulit.
1523 245 1584 274 Ideo
1597 246 1667 274 enim
1677 246 1791 274 obscure

1003 296 1074 323 saape
1096 288 1212 324 loquitur
1235 289 1372 322 Christus.
1397 295 1427 318 ut
1445 291 1580 319 auditores
1602 297 1629 319 et
1652 292 1686 319 ad
1708 292 1791 319 inter-

1003 334 1148 369 rogandum
1171 336 1364 370 promptiores,
1394 341 1421 364 et
1441 337 1475 364 ad
1498 338 1660 372 operandum
1682 338 1791 373 expedi-

1004 379 1085 408 tiores
1096 380 1199 408 reddat.
1208 380 1275 408 Nam
1285 381 1355 416 quod
1365 382 1437 409 clare
1446 382 1552 416 dicitur,
1561 383 1709 411 auditorem
1720 391 1791 418 saepe

1002 424 1086 460 fugit;
1099 425 1170 461 quod
1185 430 1274 453 autem
1288 427 1431 454 obscurum
1443 432 1494 460 est,
1508 429 1675 456 attentiorem
1689 428 1792 456 studio-

1003 471 1155 506 sioremque
1169 472 1265 500 reddit.
1285 472 1340 500 Hoc
1360 477 1448 500 autem
1469 473 1599 507 significat
1614 483 1622 501 :
1637 474 1692 502 Nisi
1713 479 1792 503 natus

1003 516 1086 545 fueris
1099 517 1224 553 desuper,
1240 518 1290 546 nisi
1307 526 1354 554 per
1367 519 1499 546 lavacrum
1512 521 1719 555 regenerationis
1732 521 1791 556 Spi-

1003 563 1083 591 ritum
1097 563 1242 599 aceeperis,
1258 572 1310 592 non
1325 568 1401 600 potes
1413 564 1446 592 ad
1461 569 1560 592 rectam
1578 564 1612 592 de
1632 573 1675 593 me
1689 566 1793 600 opinio-

1003 617 1064 637 nem
1078 610 1227 645 pervenire.
1245 610 1307 638 Htec
1327 614 1370 637 tua
1390 610 1481 645 opinio
1499 618 1552 637 non
1565 610 1725 644 spiritualis,
1745 611 1792 638 sed

1003 655 1126 683 animalis
1138 660 1181 684 est
1191 656 1211 682 ¹.
1227 655 1285 684 Νοιι
1300 661 1387 684 tamen
1401 656 1442 683 his
1458 655 1545 684 verbis
1557 662 1621 683 usus
1635 660 1693 688 est,
1713 663 1747 683 ne
1759 656 1793 683 ile

1003 699 1057 728 lum
1078 707 1126 736 pro
1147 700 1273 729 facultate
1296 709 1343 729 sua
1365 701 1517 737 loquentem
1539 705 1669 734 terreret;
1691 700 1795 729 sed=ad

1004 745 1133 781 majorem
1156 746 1230 774 illum
1249 747 1429 782 cognitionem
1451 747 1509 775 sine
1529 747 1680 781 suspicione
1698 747 1793 782 erigit,

1003 798 1065 819 cum
1079 791 1157 825 dicit,
1172 791 1232 820 Nisi
1244 793 1299 828 quis
1311 797 1412 821 renatus
1425 793 1502 828 fuerit
1519 793 1635 828 desuper.
1658 793 1724 821 Illud
1739 792 1794 820 De-

1004 845 1089 872 super,
1106 838 1231 873 quidam,
1246 838 1281 866 dc
1294 838 1371 872 caelo,
1387 838 1479 866 dicunt
1492 838 1658 874 signiﬁcare;
1672 839 1717 867 alii
1731 846 1795 866 vero

1005 890 1020 910 a
1034 883 1176 918 principio.
1193 884 1217 911 Is
1232 884 1303 911 enim
1319 884 1364 919 qui
1379 891 1432 912 non
1446 885 1486 912 sic
1499 888 1578 912 natus
1592 884 1681 918 fuerit,
1697 883 1794 919 inquit,

1005 936 1058 956 non
1073 934 1160 964 potest
1174 929 1264 959 videre
1278 938 1388 966 regnum
1409 930 1472 963 Dei;
1489 930 1605 966 seipsum
1625 931 1793 966 significans,

1005 980 1031 1003 et
1044 976 1189 1004 ostendens
1201 976 1227 1004 id
1241 985 1293 1004 non
1305 984 1364 1005 esse
1374 977 1443 1012 quod
1454 977 1541 1005 solum
1551 976 1667 1011 videtur,
1677 977 1722 1005 sed
1736 977 1796 1005 aliis

1005 1028 1072 1055 opus
1084 1028 1144 1049 esse
1157 1022 1250 1055 oculis,
1265 1027 1294 1050 ut
1308 1022 1429 1050 Christus
1442 1022 1572 1050 videatur.
1585 1022 1631 1050 His
1644 1022 1740 1050 auditis
1751 1022 1797 1050 Ni.

1005 1066 1132 1095 codemus
1147 1068 1184 1095 ait
1199 1077 1206 1096 :
1222 1068 1248 1096 4.
1267 1068 1398 1102 Quomodo
1411 1073 1491 1104 potest
1504 1069 1578 1095 homo
1592 1068 1678 1101 nasci,
1695 1076 1751 1095 cum
1765 1068 1797 1095 sit

1005 1115 1099 1142 senes?
1119 1115 1201 1142 Rabbi
1216 1122 1278 1142 eum
1291 1115 1410 1149 appellas
1420 1135 1428 1148 ,
1449 1119 1476 1142 et
1490 1122 1505 1141 a
1519 1115 1573 1142 Deo
1586 1114 1691 1142 venisse
1710 1113 1777 1141 dicis
1787 1133 1795 1147 ,

1006 1167 1055 1188 nec
1069 1161 1127 1194 ejus
1141 1160 1222 1188 verba
1235 1160 1362 1194 admittis,
1376 1160 1529 1196 dictumque
1541 1160 1644 1195 profers
1657 1159 1794 1195 magistro,

1005 1204 1075 1241 quod
1097 1206 1180 1240 possit
1198 1213 1320 1242 magnam
1339 1205 1435 1233 aﬁ'erre
1454 1205 1700 1241 perturbationem?
1727 1204 1795 1232 Illud

1006 1252 1076 1280 enim
1087 1272 1095 1285 ,
1119 1252 1250 1285 Quomodo
1261 1274 1268 1286 ,
1285 1260 1337 1280 non
1352 1251 1493 1280 admodum
1508 1251 1674 1280 credentium
1690 1251 1796 1279 dubita-

1007 1299 1104 1326 tionem
1118 1297 1206 1331 eﬁ‘ert,
1222 1298 1268 1326 sed
1282 1305 1374 1326 eorum
1390 1298 1435 1334 qui
1448 1298 1536 1325 adhuc
1550 1297 1662 1326 terrenis
1681 1297 1794 1324 luerent.

1005 1345 1070 1372 Nam
1087 1344 1152 1373 Sara
1165 1344 1226 1372 ideo
1239 1345 1315 1378 risit,
1335 1344 1411 1379 quia,
1431 1344 1571 1379 quomodo,
1592 1343 1659 1371 dixit
1675 1353 1682 1371 :
1698 1343 1797 1378 aliique

1006 1390 1081 1418 multi
1095 1390 1145 1418 hac
1158 1389 1365 1425 interrogatione
1380 1390 1436 1422 usi,
1451 1397 1466 1416 a
1483 1389 1535 1416 ﬁde
1549 1388 1715 1417 exciderunt.

1035 1438 1061 1465 5.
1069 1437 1102 1464 1η
1110 1437 1182 1464 rebus
1188 1437 1278 1464 divinis
1285 1445 1334 1464 non
1343 1437 1446 1464 nimiam
1453 1436 1621 1464 curiositatem
1629 1436 1796 1464 adhibendam

1005 1483 1182 1517 esse,exemplo
1189 1482 1321 1510 Nicodemi
1331 1482 1599 1517 comprobatum—Sic
1609 1481 1758 1510 ethmrctici
1769 1482 1794 1509 in

1006 1536 1053 1556 sua
1064 1533 1182 1564 perstant
1197 1528 1301 1562 haeresi,
1316 1528 1373 1564 pari
1388 1528 1468 1555 modo
1480 1528 1691 1563 interrogantes;
1705 1527 1796 1555 dicunt

1005 1575 1076 1603 enim
1086 1574 1142 1609 alii,
1153 1574 1291 1609 Quomodo
1300 1575 1453 1602 incarnatus
1461 1574 1517 1601 est?
1532 1573 1586 1607 alii,
1596 1573 1734 1608 Quomodo
1744 1581 1795 1600 na-

1007 1623 1066 1650 tus?
1076 1623 1318 1657 cogitationumque
1326 1628 1434 1649 suarum
1445 1620 1589 1648 inllrmitali
1604 1620 1760 1647 immensam
1769 1619 1796 1646 ἱι⁴

1006 1668 1058 1695 Iam
1069 1667 1212 1702 subjiciunt
1224 1666 1408 1695 substantiam.
1417 1665 1481 1699 Qua:
1491 1672 1550 1692 cum
1564 1664 1690 1696 sciamus,
1699 1664 1796 1692 intem-

1006 1714 1133 1749 pestivam
1143 1713 1213 1741 illam
1222 1713 1402 1741 curiositatem
1409 1712 1490 1739 vitare
1501 1714 1615 1746 oportet.
1623 1711 1715 1745 Neque
1725 1711 1794 1737 enim

1006 1759 1140 1796 quomodo
1152 1759 1209 1787 bare
1228 1758 1298 1786 facta
1323 1759 1376 1786 sint
1389 1758 1475 1786 scient
1488 1765 1612 1793 umquam
1626 1757 1643 1785 ii
1656 1757 1700 1792 qui
1715 1757 1796 1784 hasce

1006 1811 1115 1834 movent
1123 1805 1295 1842 quaestiones,
1305 1808 1331 1833 et
1340 1812 1354 1832 a
1363 1808 1434 1832 recta
1444 1803 1495 1831 ﬁde
1505 1803 1637 1831 excident.
1649 1802 1709 1830 Ideo
1717 1802 1796 1829 Nico-

1008 1853 1102 1881 demus
1114 1853 1178 1881 dum
1190 1852 1286 1880 dubius
1297 1851 1404 1880 modum
1417 1850 1511 1886 quazrit
1523 1850 1532 1885 (
1543 1849 1672 1878 intellexit
1684 1850 1753 1877 enim
1765 1858 1794 1877 ea

1007 1907 1066 1934 qua:
1078 1898 1201 1926 Christus
1213 1898 1316 1925 diccbat
1333 1896 1366 1924 ad
1380 1904 1409 1924 se
1423 1900 1545 1931 spectare
1553 1895 1576 1931 ),
1591 1894 1721 1927 turbatur,
1737 1895 1798 1923 cali.

1006 1945 1067 1980 gine
1081 1944 1196 1979 repletus
1209 1943 1306 1976 hairet,
1320 1946 1412 1977 utpote
1431 1941 1475 1977 qui
1495 1949 1525 1969 se
1544 1940 1680 1968 hominem
1697 1938 1797 1966 adiisse

1007 1994 1095 2025 putet,
1111 1993 1140 2018 et
1153 1989 1254 2023 majora
1268 1988 1359 2016 audiat
1373 1995 1450 2022 quam
1464 1994 1523 2022 qum
1539 1986 1572 2014 ad
1589 1987 1722 2013 hominem
1735 1994 1799 2023 per—

1008 2036 1094 2064 tinere
1123 2035 1243 2070 possint,
1267 2041 1379 2069 qumque
1401 2039 1480 2060 nemo
1501 2039 1627 2066 umquam
1651 2030 1765 2058 audierit
1782 2039 1796 2058 ':

1009 2086 1125 2110 mentem
1138 2080 1245 2116 quidem
1260 2079 1337 2114 erigit
1347 2078 1379 2106 ad
1391 2078 1522 2105 dictorum
1535 2076 1736 2108 sublimitatem,
1750 2075 1798 2103 sed

1009 2127 1208 2160 obtenebratur,
1223 2134 1272 2153 nec
1282 2125 1428 2153 consistere
1440 2127 1525 2159 potest
1537 2132 1545 2151 :
1556 2122 1672 2158 undique
1683 2122 1798 2150 circum-

1011 2174 1102 2206 fertur,
1116 2177 1143 2200 et
1156 2172 1306 2207 frequenter
1317 2178 1350 2198 ex
1365 2170 1417 2197 ﬁde
1429 2169 1535 2197 excidit.
1554 2168 1667 2203 Ideoque
1682 2167 1799 2202 persistit

1010 2218 1183 2254 impossibilia
1204 2221 1310 2244 teutans
1323 2237 1330 2249 ,
1350 2221 1379 2243 ut
1392 2215 1484 2244 Jesurn
1496 2215 1529 2242 ad
1545 2214 1683 2242 clariorem
1698 2213 1798 2241 doctriu

1011 2273 1071 2293 nam
1086 2268 1188 2292 evocet.
1204 2262 1336 2297 Numquid
1351 2266 1439 2297 potest,
1457 2261 1551 2295 inquit,
1561 2260 1635 2288 Itonia
1650 2260 1676 2286 in
1692 2264 1801 2287 ventrem

1011 2311 1100 2338 matris
1116 2318 1168 2338 sua:
1188 2309 1276 2336 iterato
1298 2308 1402 2335 introire
1419 2312 1442 2335 et
1460 2306 1552 2334 nasci?
1573 2306 1781 2334 Animadvertitc
1792 2327 1799 2337 ,

1011 2355 1117 2392 quando
1125 2355 1184 2390 quis
1195 2353 1309 2389 propriis
1319 2352 1523 2388 cogitationibus
1533 2351 1802 2386 spiritualia-pcrmit-

1013 2403 1058 2436 tit,
1078 2400 1214 2437 quomodo
1231 2399 1341 2427 ridicula
1362 2398 1490 2433 proferat;
1507 2405 1539 2425 ac
1553 2397 1667 2425 delirare
1682 2396 1802 2423 videatur

1013 2453 1041 2476 ut
1052 2448 1152 2481 ebrius,
1163 2445 1268 2482 quando
1279 2449 1374 2480 praeter
1384 2443 1432 2471 Dei
1443 2443 1578 2478 placitum,
1590 2442 1659 2469 dicta
1671 2441 1802 2469 curiosius

1013 2497 1158 2524 scrutatur.
1174 2499 1260 2526 neque
1274 2489 1335 2518 ﬁdei
1349 2496 1486 2517 assensum
1500 2488 1602 2524 praebet
1609 2487 1625 2513 ?~
1635 2486 1741 2514 Audivit
1754 2493 1802 2521 ge~

1015 2538 1179 2566 ueratiouem
1190 2558 1197 2570 ,
1212 2544 1262 2564 nec
1276 2535 1403 2564 intellexit
1415 2533 1648 2568 eamspiritualem
1664 2539 1739 2564 esse;
1755 2531 1801 2558 sed

1015 2585 1041 2612 in
1057 2584 1146 2611 carnis
1160 2583 1286 2610 vilitatem
1301 2582 1398 2609 dictum
1417 2580 1558 2615 pertraxit,
1580 2582 1733 2611 tantumque
1749 2581 1802 2604 tam

1015 2631 1128 2659 sublime
1142 2630 1237 2664 dogma
1252 2629 1284 2656 ad
1301 2628 1444 2656 naturalem
1460 2633 1548 2654 rerum
1567 2624 1662 2652 seriem
1681 2623 1802 2651 deduxit.

1017 2678 1077 2705 Ideo
1089 2683 1170 2711 nugas
1181 2680 1208 2703 ct
1218 2675 1341 2703 ridiculas
1349 2673 1511 2708 quaestiones
1521 2672 1575 2705 jam
1584 2669 1804 2698 comminiscitur.

1018 2723 1120 2750 Idcirco
1134 2721 1230 2748 Paulus
1243 2719 1348 2746 dicebat
1370 2727 1376 2744 :
1399 2717 1522 2744 Animalia
1542 2716 1616 2742 homo
1636 2722 1686 2741 non
1702 2714 1805 2748 percipit

1018 2776 1047 2795 ea
1060 2774 1118 2803 quat
1130 2770 1189 2793 sunt
1209 2764 1321 2799 Spiritus
1336 2764 1378 2798 (I.
1402 2762 1460 2789 Cor.
1482 2761 1509 2787 2.
1532 2760 1595 2795 H).
1617 2759 1806 2786 Verumtamen

1051 2825 1058 2840 |
1072 2823 1208 2854 suspicatur
1219 2820 1318 2854 savilins
1330 2818 1471 2854 legendum,
1478 2824 1523 2841 non
1534 2815 1644 2842 anintttlis
1653 2819 1696 2845 cst.
1705 2817 1747 2841 sed
1759 2817 1807 2848 sps“

1020 2850 1124 2880 rimatis?
1137 2853 1188 2884 ligo
1201 2852 1259 2877 nihil
1273 2850 1410 2876 mutandqu
1422 2854 1521 2873 censeo.
