  <div class='ocr_page' id='page_1' title='image "/cluster/home/n/w/nwhite01/storage/ocr_20150623/59/njp.32101077772661/145.png"; bbox 0 0 2040 3113; ppageno 0'>
   <div class='ocr_carea' id='block_1_1' title="bbox 275 145 326 173">
    <p class='ocr_par' dir='ltr' id='par_1_1' title="bbox 275 145 326 173">
     <span class='ocr_line' id='line_1_1' title="bbox 275 145 326 173; baseline -0.02 0"><span class='ocrx_word' id='word_1_1' title='bbox 275 145 326 173; x_wconf 72' lang='grc' dir='ltr'><strong>ΗῚ</strong></span> 
     </span>
    </p>
   </div>
   <div class='ocr_carea' id='block_1_2' title="bbox 275 194 1064 231">
    <p class='ocr_par' dir='ltr' id='par_1_2' title="bbox 275 194 1064 231">
     <span class='ocr_line' id='line_1_2' title="bbox 275 194 1064 231; baseline -0.01 -1"><span class='ocrx_word' id='word_1_2' title='bbox 275 203 318 231; x_wconf 85' lang='lat' dir='ltr'><strong>hic</strong></span> <span class='ocrx_word' id='word_1_3' title='bbox 333 201 413 230; x_wconf 86' lang='lat' dir='ltr'><strong>etiam</strong></span> <span class='ocrx_word' id='word_1_4' title='bbox 427 198 590 228; x_wconf 85' lang='lat' dir='ltr'><strong>Nicodemus</strong></span> <span class='ocrx_word' id='word_1_5' title='bbox 601 196 779 224; x_wconf 78' lang='lat' dir='ltr'><strong>reverentiam</strong></span> <span class='ocrx_word' id='word_1_6' title='bbox 791 203 852 230; x_wconf 87' lang='lat' dir='ltr'><strong>erga</strong></span> <span class='ocrx_word' id='word_1_7' title='bbox 864 194 999 223; x_wconf 86' lang='lat' dir='ltr'><strong>Christum</strong></span> <span class='ocrx_word' id='word_1_8' title='bbox 1011 203 1064 222; x_wconf 87' lang='lat' dir='ltr'><strong>ser-</strong></span> 
     </span>
    </p>
   </div>
   <div class='ocr_carea' id='block_1_3' title="bbox 274 240 1066 280">
    <p class='ocr_par' dir='ltr' id='par_1_3' title="bbox 274 240 1066 280">
     <span class='ocr_line' id='line_1_3' title="bbox 274 240 1066 280; baseline -0.01 -6"><span class='ocrx_word' id='word_1_9' title='bbox 274 252 329 274; x_wconf 86' lang='lat' dir='ltr'><strong>vat.</strong></span> <span class='ocrx_word' id='word_1_10' title='bbox 344 245 435 280; x_wconf 84' lang='lat' dir='ltr'><strong>Neque</strong></span> <span class='ocrx_word' id='word_1_11' title='bbox 447 243 519 271; x_wconf 89' lang='lat' dir='ltr'><strong>enim</strong></span> <span class='ocrx_word' id='word_1_12' title='bbox 532 241 630 270; x_wconf 87' lang='lat' dir='ltr'><strong>dictum</strong></span> <span class='ocrx_word' id='word_1_13' title='bbox 647 241 746 274; x_wconf 85' lang='lat' dir='ltr'><strong>irrisit,</strong></span> <span class='ocrx_word' id='word_1_14' title='bbox 761 241 808 268; x_wconf 82' lang='lat' dir='ltr'><strong>sed</strong></span> <span class='ocrx_word' id='word_1_15' title='bbox 830 240 993 275; x_wconf 90' lang='lat' dir='ltr'><strong>impossibile</strong></span> <span class='ocrx_word' id='word_1_16' title='bbox 1006 247 1066 268; x_wconf 84' lang='lat' dir='ltr'><strong>esse</strong></span> 
     </span>
    </p>
   </div>
   <div class='ocr_carea' id='block_1_4' title="bbox 274 286 1066 326">
    <p class='ocr_par' dir='ltr' id='par_1_4' title="bbox 274 286 1066 326">
     <span class='ocr_line' id='line_1_4' title="bbox 274 286 1066 326; baseline -0.008 -7"><span class='ocrx_word' id='word_1_17' title='bbox 274 296 370 326; x_wconf 88' lang='lat' dir='ltr'><strong>putans</strong></span> <span class='ocrx_word' id='word_1_18' title='bbox 382 289 464 316; x_wconf 81' lang='lat' dir='ltr'><strong>siluit.</strong></span> <span class='ocrx_word' id='word_1_19' title='bbox 481 287 539 315; x_wconf 92' lang='lat' dir='ltr'><strong>Duo</strong></span> <span class='ocrx_word' id='word_1_20' title='bbox 554 294 668 322; x_wconf 77' lang='lat' dir='ltr'><strong>namque</strong></span> <span class='ocrx_word' id='word_1_21' title='bbox 681 286 872 314; x_wconf 73' lang='lat' dir='ltr'><strong>dubitationem</strong></span> <span class='ocrx_word' id='word_1_22' title='bbox 885 286 982 314; x_wconf 75' lang='lat' dir='ltr'><strong>afferre</strong></span> <span class='ocrx_word' id='word_1_23' title='bbox 995 291 1066 321; x_wconf 86' lang='lat' dir='ltr'><strong>pote-</strong></span> 
     </span>
    </p>
   </div>
   <div class='ocr_carea' id='block_1_5' title="bbox 273 332 1065 370">
    <p class='ocr_par' dir='ltr' id='par_1_5' title="bbox 273 332 1065 370">
     <span class='ocr_line' id='line_1_5' title="bbox 273 332 1065 370; baseline -0.005 -6"><span class='ocrx_word' id='word_1_24' title='bbox 273 341 331 364; x_wconf 89' lang='lat' dir='ltr'><strong>rant</strong></span> <span class='ocrx_word' id='word_1_25' title='bbox 341 356 349 369; x_wconf 93' lang='lat'><strong>,</strong></span> <span class='ocrx_word' id='word_1_26' title='bbox 364 334 503 370; x_wconf 90' lang='lat' dir='ltr'><strong>generatio</strong></span> <span class='ocrx_word' id='word_1_27' title='bbox 517 333 588 366; x_wconf 83' lang='lat' dir='ltr'><strong>talis,</strong></span> <span class='ocrx_word' id='word_1_28' title='bbox 601 337 629 361; x_wconf 89' lang='lat' dir='ltr'><strong>et</strong></span> <span class='ocrx_word' id='word_1_29' title='bbox 641 340 761 368; x_wconf 88' lang='lat' dir='ltr'><strong>regnum.</strong></span> <span class='ocrx_word' id='word_1_30' title='bbox 777 332 897 361; x_wconf 90' lang='lat' dir='ltr'><strong>Nondum</strong></span> <span class='ocrx_word' id='word_1_31' title='bbox 911 333 981 361; x_wconf 90' lang='lat' dir='ltr'><strong>enim</strong></span> <span class='ocrx_word' id='word_1_32' title='bbox 993 333 1065 368; x_wconf 88' lang='lat' dir='ltr'><strong>regni</strong></span> 
     </span>
    </p>
   </div>
   <div class='ocr_carea' id='block_1_6' title="bbox 273 378 1066 415">
    <p class='ocr_par' dir='ltr' id='par_1_6' title="bbox 273 378 1066 415">
     <span class='ocr_line' id='line_1_6' title="bbox 273 378 1066 415; baseline -0.004 -6"><span class='ocrx_word' id='word_1_33' title='bbox 273 388 370 409; x_wconf 90' lang='lat' dir='ltr'><strong>nomen</strong></span> <span class='ocrx_word' id='word_1_34' title='bbox 383 379 452 415; x_wconf 90' lang='lat' dir='ltr'><strong>apud</strong></span> <span class='ocrx_word' id='word_1_35' title='bbox 465 379 574 407; x_wconf 58' lang='lat' dir='ltr'><strong>Iudaeos</strong></span> <span class='ocrx_word' id='word_1_36' title='bbox 584 378 704 406; x_wconf 92' lang='lat' dir='ltr'><strong>auditum</strong></span> <span class='ocrx_word' id='word_1_37' title='bbox 718 378 814 412; x_wconf 81' lang='lat' dir='ltr'><strong>fuerat,</strong></span> <span class='ocrx_word' id='word_1_38' title='bbox 828 386 915 413; x_wconf 89' lang='lat' dir='ltr'><strong>neque</strong></span> <span class='ocrx_word' id='word_1_39' title='bbox 929 378 1066 413; x_wconf 76' lang='lat' dir='ltr'><strong>generatio</strong></span> 
     </span>
    </p>
   </div>
   <div class='ocr_carea' id='block_1_7' title="bbox 272 423 1065 462">
    <p class='ocr_par' dir='ltr' id='par_1_7' title="bbox 272 423 1065 462">
     <span class='ocr_line' id='line_1_7' title="bbox 272 423 1065 462; baseline -0.004 -9"><span class='ocrx_word' id='word_1_40' title='bbox 272 425 435 462; x_wconf 86' lang='lat' dir='ltr'><strong>hujusmodi.</strong></span> <span class='ocrx_word' id='word_1_41' title='bbox 450 425 503 453; x_wconf 87' lang='lat' dir='ltr'><strong>Sed</strong></span> <span class='ocrx_word' id='word_1_42' title='bbox 515 425 622 452; x_wconf 85' lang='lat' dir='ltr'><strong>interim</strong></span> <span class='ocrx_word' id='word_1_43' title='bbox 639 425 665 451; x_wconf 94' lang='lat' dir='ltr'><strong>in</strong></span> <span class='ocrx_word' id='word_1_44' title='bbox 680 424 763 460; x_wconf 87' lang='lat' dir='ltr'><strong>priori</strong></span> <span class='ocrx_word' id='word_1_45' title='bbox 775 424 911 458; x_wconf 76' lang='lat' dir='ltr'><strong>consistit,</strong></span> <span class='ocrx_word' id='word_1_46' title='bbox 924 423 995 459; x_wconf 84' lang='lat' dir='ltr'><strong>quod</strong></span> <span class='ocrx_word' id='word_1_47' title='bbox 1007 423 1065 458; x_wconf 85' lang='lat' dir='ltr'><strong>ejus</strong></span> 
     </span>
    </p>
   </div>
   <div class='ocr_carea' id='block_1_8' title="bbox 273 472 692 507">
    <p class='ocr_par' dir='ltr' id='par_1_8' title="bbox 273 472 692 507">
     <span class='ocr_line' id='line_1_8' title="bbox 273 472 692 507; baseline -0.007 -6"><span class='ocrx_word' id='word_1_48' title='bbox 273 477 390 501; x_wconf 87' lang='lat' dir='ltr'><strong>mentem</strong></span> <span class='ocrx_word' id='word_1_49' title='bbox 404 473 521 500; x_wconf 77' lang='lat' dir='ltr'><strong>maxime</strong></span> <span class='ocrx_word' id='word_1_50' title='bbox 532 472 692 507; x_wconf 80' lang='lat' dir='ltr'><strong>exagitabat.</strong></span> 
     </span>
    </p>
   </div>
   <div class='ocr_carea' id='block_1_9' title="bbox 307 515 1064 545">
    <p class='ocr_par' dir='ltr' id='par_1_9' title="bbox 307 515 1064 545">
     <span class='ocr_line' id='line_1_9' title="bbox 307 515 1064 545; baseline -0.004 0"><span class='ocrx_word' id='word_1_51' title='bbox 307 517 400 545; x_wconf 76' lang='lat' dir='ltr'><strong>Diuina</strong></span> <span class='ocrx_word' id='word_1_52' title='bbox 411 517 543 545; x_wconf 81' lang='lat' dir='ltr'><strong>ratiocinio</strong></span> <span class='ocrx_word' id='word_1_53' title='bbox 554 525 604 544; x_wconf 86' lang='lat' dir='ltr'><strong>non</strong></span> <span class='ocrx_word' id='word_1_54' title='bbox 614 516 760 544; x_wconf 73' lang='lat' dir='ltr'><strong>scrutanda.</strong></span> <span class='ocrx_word' id='word_1_55' title='bbox 778 515 855 543; x_wconf 69' lang='lat' dir='ltr'><strong>Praei</strong></span> <span class='ocrx_word' id='word_1_56' title='bbox 865 523 945 542; x_wconf 66' lang='lat' dir='ltr'><strong>more:</strong></span> <span class='ocrx_word' id='word_1_57' title='bbox 957 520 1064 542; x_wconf 82' lang='lat' dir='ltr'><strong>mentem</strong></span> 
     </span>
    </p>
   </div>
   <div class='ocr_carea' id='block_1_10' title="bbox 269 561 1063 596">
    <p class='ocr_par' dir='ltr' id='par_1_10' title="bbox 269 561 1063 596">
     <span class='ocr_line' id='line_1_10' title="bbox 269 561 1063 596; baseline -0.005 -6"><span class='ocrx_word' id='word_1_58' title='bbox 269 563 415 590; x_wconf 72' lang='lat' dir='ltr'><strong>obscurant.</strong></span> <span class='ocrx_word' id='word_1_59' title='bbox 438 562 590 590; x_wconf 75' lang='lat' dir='ltr'><strong>Diuitiarum</strong></span> <span class='ocrx_word' id='word_1_60' title='bbox 610 561 721 594; x_wconf 84' lang='lat' dir='ltr'><strong>damna;</strong></span> <span class='ocrx_word' id='word_1_61' title='bbox 749 561 814 588; x_wconf 79' lang='lat' dir='ltr'><strong>bona</strong></span> <span class='ocrx_word' id='word_1_62' title='bbox 838 561 1010 596; x_wconf 68' lang='lat' dir='ltr'><strong>eleemosynw.</strong></span> <span class='ocrx_word' id='word_1_63' title='bbox 1027 575 1063 580; x_wconf 92' lang='lat'><strong>—</strong></span> 
     </span>
    </p>
   </div>
   <div class='ocr_carea' id='block_1_11' title="bbox 270 607 1060 642">
    <p class='ocr_par' dir='ltr' id='par_1_11' title="bbox 270 607 1060 642">
     <span class='ocr_line' id='line_1_11' title="bbox 270 607 1060 642; baseline -0.004 -6"><span class='ocrx_word' id='word_1_64' title='bbox 270 609 335 636; x_wconf 81' lang='lat' dir='ltr'><strong>ll:ec</strong></span> <span class='ocrx_word' id='word_1_65' title='bbox 353 616 413 636; x_wconf 91' lang='lat' dir='ltr'><strong>cum</strong></span> <span class='ocrx_word' id='word_1_66' title='bbox 433 608 563 642; x_wconf 78' lang='lat' dir='ltr'><strong>sciamus,</strong></span> <span class='ocrx_word' id='word_1_67' title='bbox 582 615 616 635; x_wconf 87' lang='lat' dir='ltr'><strong>ne</strong></span> <span class='ocrx_word' id='word_1_68' title='bbox 633 607 772 635; x_wconf 88' lang='lat' dir='ltr'><strong>ratiocinio</strong></span> <span class='ocrx_word' id='word_1_69' title='bbox 791 607 882 634; x_wconf 85' lang='lat' dir='ltr'><strong>divina</strong></span> <span class='ocrx_word' id='word_1_70' title='bbox 895 611 1060 640; x_wconf 83' lang='lat' dir='ltr'><strong>scrutemur,</strong></span> 
     </span>
    </p>
   </div>
   <div class='ocr_carea' id='block_1_12' title="bbox 272 651 1061 690">
    <p class='ocr_par' dir='ltr' id='par_1_12' title="bbox 272 651 1061 690">
     <span class='ocr_line' id='line_1_12' title="bbox 272 651 1061 690; baseline -0.003 -10"><span class='ocrx_word' id='word_1_71' title='bbox 272 662 359 690; x_wconf 87' lang='lat' dir='ltr'><strong>neque</strong></span> <span class='ocrx_word' id='word_1_72' title='bbox 379 653 412 681; x_wconf 90' lang='lat' dir='ltr'><strong>ad</strong></span> <span class='ocrx_word' id='word_1_73' title='bbox 434 654 581 681; x_wconf 89' lang='lat' dir='ltr'><strong>naturalem</strong></span> <span class='ocrx_word' id='word_1_74' title='bbox 607 661 696 681; x_wconf 89' lang='lat' dir='ltr'><strong>rerum</strong></span> <span class='ocrx_word' id='word_1_75' title='bbox 718 653 814 680; x_wconf 90' lang='lat' dir='ltr'><strong>seriem</strong></span> <span class='ocrx_word' id='word_1_76' title='bbox 836 651 880 679; x_wconf 85' lang='lat' dir='ltr'><strong>illa</strong></span> <span class='ocrx_word' id='word_1_77' title='bbox 900 651 1061 685; x_wconf 76' lang='lat' dir='ltr'><strong>referamus,</strong></span> 
     </span>
    </p>
   </div>
   <div class='ocr_carea' id='block_1_13' title="bbox 271 696 1061 733">
    <p class='ocr_par' dir='ltr' id='par_1_13' title="bbox 271 696 1061 733">
     <span class='ocr_line' id='line_1_13' title="bbox 271 696 1061 733; baseline -0.004 -7"><span class='ocrx_word' id='word_1_78' title='bbox 271 699 314 728; x_wconf 94' lang='lat' dir='ltr'><strong>vel</strong></span> <span class='ocrx_word' id='word_1_79' title='bbox 333 700 446 727; x_wconf 83' lang='lat' dir='ltr'><strong>naturali</strong></span> <span class='ocrx_word' id='word_1_80' title='bbox 468 699 619 726; x_wconf 86' lang='lat' dir='ltr'><strong>necessitati</strong></span> <span class='ocrx_word' id='word_1_81' title='bbox 642 697 832 733; x_wconf 80' lang='lat' dir='ltr'><strong>subjiciamus;</strong></span> <span class='ocrx_word' id='word_1_82' title='bbox 853 696 900 724; x_wconf 84' lang='lat' dir='ltr'><strong>sed</strong></span> <span class='ocrx_word' id='word_1_83' title='bbox 917 696 959 731; x_wconf 89' lang='lat' dir='ltr'><strong>pie</strong></span> <span class='ocrx_word' id='word_1_84' title='bbox 973 696 1061 723; x_wconf 86' lang='lat' dir='ltr'><strong>omnia</strong></span> 
     </span>
    </p>
   </div>
   <div class='ocr_carea' id='block_1_14' title="bbox 270 743 1063 781">
    <p class='ocr_par' dir='ltr' id='par_1_14' title="bbox 270 743 1063 781">
     <span class='ocr_line' id='line_1_14' title="bbox 270 743 1063 781; baseline -0.004 -9"><span class='ocrx_word' id='word_1_85' title='bbox 270 746 428 781; x_wconf 85' lang='lat' dir='ltr'><strong>cogitemus,</strong></span> <span class='ocrx_word' id='word_1_86' title='bbox 443 745 584 773; x_wconf 89' lang='lat' dir='ltr'><strong>credentes</strong></span> <span class='ocrx_word' id='word_1_87' title='bbox 598 744 742 779; x_wconf 76' lang='lat' dir='ltr'><strong>Scriptum:</strong></span> <span class='ocrx_word' id='word_1_88' title='bbox 757 743 844 771; x_wconf 91' lang='lat' dir='ltr'><strong>dictis.</strong></span> <span class='ocrx_word' id='word_1_89' title='bbox 860 743 926 770; x_wconf 84' lang='lat' dir='ltr'><strong>Nam</strong></span> <span class='ocrx_word' id='word_1_90' title='bbox 941 743 1063 770; x_wconf 83' lang='lat' dir='ltr'><strong>curiosus</strong></span> 
     </span>
    </p>
   </div>
   <div class='ocr_carea' id='block_1_15' title="bbox 271 788 1060 826">
    <p class='ocr_par' dir='ltr' id='par_1_15' title="bbox 271 788 1060 826">
     <span class='ocr_line' id='line_1_15' title="bbox 271 788 1060 826; baseline -0.003 -8"><span class='ocrx_word' id='word_1_91' title='bbox 271 791 410 826; x_wconf 77' lang='lat' dir='ltr'><strong>indagator</strong></span> <span class='ocrx_word' id='word_1_92' title='bbox 423 790 488 818; x_wconf 88' lang='lat' dir='ltr'><strong>nihil</strong></span> <span class='ocrx_word' id='word_1_93' title='bbox 502 791 629 822; x_wconf 87' lang='lat' dir='ltr'><strong>lucratur,</strong></span> <span class='ocrx_word' id='word_1_94' title='bbox 643 797 675 817; x_wconf 94' lang='lat' dir='ltr'><strong>ac</strong></span> <span class='ocrx_word' id='word_1_95' title='bbox 686 794 862 824; x_wconf 68' lang='lat' dir='ltr'><strong>prteterquam</strong></span> <span class='ocrx_word' id='word_1_96' title='bbox 873 788 943 823; x_wconf 91' lang='lat' dir='ltr'><strong>quod</strong></span> <span class='ocrx_word' id='word_1_97' title='bbox 955 788 980 816; x_wconf 91' lang='lat' dir='ltr'><strong>id</strong></span> <span class='ocrx_word' id='word_1_98' title='bbox 990 788 1060 824; x_wconf 92' lang='lat' dir='ltr'><strong>quod</strong></span> 
     </span>
    </p>
   </div>
   <div class='ocr_carea' id='block_1_16' title="bbox 269 834 1059 872">
    <p class='ocr_par' dir='ltr' id='par_1_16' title="bbox 269 834 1059 872">
     <span class='ocr_line' id='line_1_16' title="bbox 269 834 1059 872; baseline -0.004 -8"><span class='ocrx_word' id='word_1_99' title='bbox 269 837 364 872; x_wconf 63' lang='lat' dir='ltr'><strong>quaerit</strong></span> <span class='ocrx_word' id='word_1_100' title='bbox 379 844 432 864; x_wconf 91' lang='lat' dir='ltr'><strong>non</strong></span> <span class='ocrx_word' id='word_1_101' title='bbox 447 836 582 869; x_wconf 87' lang='lat' dir='ltr'><strong>inveniet,</strong></span> <span class='ocrx_word' id='word_1_102' title='bbox 605 839 740 863; x_wconf 84' lang='lat' dir='ltr'><strong>extremas</strong></span> <span class='ocrx_word' id='word_1_103' title='bbox 761 835 840 862; x_wconf 88' lang='lat' dir='ltr'><strong>etiam</strong></span> <span class='ocrx_word' id='word_1_104' title='bbox 864 834 938 862; x_wconf 89' lang='lat' dir='ltr'><strong>dabit</strong></span> <span class='ocrx_word' id='word_1_105' title='bbox 957 841 1059 869; x_wconf 59' lang='lat' dir='ltr'><strong>paenae.</strong></span> 
     </span>
    </p>
   </div>
   <div class='ocr_carea' id='block_1_17' title="bbox 269 879 1057 917">
    <p class='ocr_par' dir='ltr' id='par_1_17' title="bbox 269 879 1057 917">
     <span class='ocr_line' id='line_1_17' title="bbox 269 879 1057 917; baseline -0.004 -7"><span class='ocrx_word' id='word_1_106' title='bbox 269 882 353 910; x_wconf 79' lang='lat' dir='ltr'><strong>Audis</strong></span> <span class='ocrx_word' id='word_1_107' title='bbox 365 882 472 910; x_wconf 87' lang='lat' dir='ltr'><strong>Patrem</strong></span> <span class='ocrx_word' id='word_1_108' title='bbox 484 881 608 917; x_wconf 73' lang='lat' dir='ltr'><strong>genuisse</strong></span> <span class='ocrx_word' id='word_1_109' title='bbox 622 890 628 908; x_wconf 90' lang='lat'>:</span> <span class='ocrx_word' id='word_1_110' title='bbox 644 881 670 908; x_wconf 88' lang='lat' dir='ltr'><strong>id</strong></span> <span class='ocrx_word' id='word_1_111' title='bbox 684 879 755 916; x_wconf 89' lang='lat' dir='ltr'><strong>quod</strong></span> <span class='ocrx_word' id='word_1_112' title='bbox 769 879 866 907; x_wconf 87' lang='lat' dir='ltr'><strong>audisti</strong></span> <span class='ocrx_word' id='word_1_113' title='bbox 879 879 976 913; x_wconf 82' lang='lat' dir='ltr'><strong>crede;</strong></span> <span class='ocrx_word' id='word_1_114' title='bbox 991 888 1057 914; x_wconf 85' lang='lat' dir='ltr'><strong>quo-</strong></span> 
     </span>
    </p>
   </div>
   <div class='ocr_carea' id='block_1_18' title="bbox 268 926 1059 963">
    <p class='ocr_par' dir='ltr' id='par_1_18' title="bbox 268 926 1059 963">
     <span class='ocr_line' id='line_1_18' title="bbox 268 926 1059 963; baseline -0.004 -6"><span class='ocrx_word' id='word_1_115' title='bbox 268 928 348 957; x_wconf 88' lang='lat' dir='ltr'><strong>modo</strong></span> <span class='ocrx_word' id='word_1_116' title='bbox 369 933 457 956; x_wconf 89' lang='lat' dir='ltr'><strong>autem</strong></span> <span class='ocrx_word' id='word_1_117' title='bbox 469 948 477 962; x_wconf 91' lang='lat'><strong>,</strong></span> <span class='ocrx_word' id='word_1_118' title='bbox 501 935 535 955; x_wconf 90' lang='lat' dir='ltr'><strong>ne</strong></span> <span class='ocrx_word' id='word_1_119' title='bbox 549 934 652 963; x_wconf 68' lang='lat' dir='ltr'><strong>quaaras</strong></span> <span class='ocrx_word' id='word_1_120' title='bbox 663 947 671 961; x_wconf 93' lang='lat'><strong>,</strong></span> <span class='ocrx_word' id='word_1_121' title='bbox 687 933 773 961; x_wconf 90' lang='lat' dir='ltr'><strong>neque</strong></span> <span class='ocrx_word' id='word_1_122' title='bbox 786 926 847 954; x_wconf 90' lang='lat' dir='ltr'><strong>ideo</strong></span> <span class='ocrx_word' id='word_1_123' title='bbox 861 927 1059 961; x_wconf 77' lang='lat' dir='ltr'><strong>generationem</strong></span> 
     </span>
    </p>
   </div>
   <div class='ocr_carea' id='block_1_19' title="bbox 266 971 1058 1009">
    <p class='ocr_par' dir='ltr' id='par_1_19' title="bbox 266 971 1058 1009">
     <span class='ocr_line' id='line_1_19' title="bbox 266 971 1058 1009; baseline -0.004 -8"><span class='ocrx_word' id='word_1_124' title='bbox 266 974 385 1009; x_wconf 76' lang='lat' dir='ltr'><strong>abneges</strong></span> <span class='ocrx_word' id='word_1_125' title='bbox 397 983 403 1000; x_wconf 89' lang='lat'><strong>:</strong></span> <span class='ocrx_word' id='word_1_126' title='bbox 416 973 467 1001; x_wconf 92' lang='lat' dir='ltr'><strong>hoc</strong></span> <span class='ocrx_word' id='word_1_127' title='bbox 481 973 551 1000; x_wconf 91' lang='lat' dir='ltr'><strong>enim</strong></span> <span class='ocrx_word' id='word_1_128' title='bbox 566 977 694 1000; x_wconf 73' lang='lat' dir='ltr'><strong>extremm</strong></span> <span class='ocrx_word' id='word_1_129' title='bbox 707 971 882 1006; x_wconf 87' lang='lat' dir='ltr'><strong>improbitatis</strong></span> <span class='ocrx_word' id='word_1_130' title='bbox 897 976 980 999; x_wconf 84' lang='lat' dir='ltr'><strong>esset.</strong></span> <span class='ocrx_word' id='word_1_131' title='bbox 993 971 1058 998; x_wconf 86' lang='lat' dir='ltr'><strong>Nam</strong></span> 
     </span>
    </p>
   </div>
   <div class='ocr_carea' id='block_1_20' title="bbox 267 1016 1057 1053">
    <p class='ocr_par' dir='ltr' id='par_1_20' title="bbox 267 1016 1057 1053">
     <span class='ocr_line' id='line_1_20' title="bbox 267 1016 1057 1053; baseline -0.004 -6"><span class='ocrx_word' id='word_1_132' title='bbox 267 1020 289 1047; x_wconf 78' lang='lat' dir='ltr'><strong>si</strong></span> <span class='ocrx_word' id='word_1_133' title='bbox 309 1019 469 1047; x_wconf 88' lang='lat' dir='ltr'><strong>Nicodemus</strong></span> <span class='ocrx_word' id='word_1_134' title='bbox 481 1019 570 1046; x_wconf 86' lang='lat' dir='ltr'><strong>audita</strong></span> <span class='ocrx_word' id='word_1_135' title='bbox 585 1017 774 1053; x_wconf 80' lang='lat' dir='ltr'><strong>generatione,</strong></span> <span class='ocrx_word' id='word_1_136' title='bbox 791 1025 843 1044; x_wconf 93' lang='lat' dir='ltr'><strong>non</strong></span> <span class='ocrx_word' id='word_1_137' title='bbox 858 1017 901 1044; x_wconf 88' lang='lat' dir='ltr'><strong>illa</strong></span> <span class='ocrx_word' id='word_1_138' title='bbox 916 1016 1057 1050; x_wconf 80' lang='lat' dir='ltr'><strong>ineﬂ‘abili,</strong></span> 
     </span>
    </p>
   </div>
   <div class='ocr_carea' id='block_1_21' title="bbox 267 1063 1058 1100">
    <p class='ocr_par' dir='ltr' id='par_1_21' title="bbox 267 1063 1058 1100">
     <span class='ocr_line' id='line_1_21' title="bbox 267 1063 1058 1100; baseline -0.003 -8"><span class='ocrx_word' id='word_1_139' title='bbox 267 1065 315 1092; x_wconf 79' lang='lat' dir='ltr'><strong>sed</strong></span> <span class='ocrx_word' id='word_1_140' title='bbox 335 1065 385 1092; x_wconf 91' lang='lat' dir='ltr'><strong>hac</strong></span> <span class='ocrx_word' id='word_1_141' title='bbox 403 1065 576 1100; x_wconf 83' lang='lat' dir='ltr'><strong>generatione</strong></span> <span class='ocrx_word' id='word_1_142' title='bbox 590 1063 736 1091; x_wconf 88' lang='lat' dir='ltr'><strong>secundutn</strong></span> <span class='ocrx_word' id='word_1_143' title='bbox 755 1063 885 1098; x_wconf 86' lang='lat' dir='ltr'><strong>gratiam;</strong></span> <span class='ocrx_word' id='word_1_144' title='bbox 910 1064 971 1098; x_wconf 85' lang='lat' dir='ltr'><strong>quia</strong></span> <span class='ocrx_word' id='word_1_145' title='bbox 992 1063 1058 1091; x_wconf 85' lang='lat' dir='ltr'><strong>nihil</strong></span> 
     </span>
    </p>
   </div>
   <div class='ocr_carea' id='block_1_22' title="bbox 265 1108 1058 1146">
    <p class='ocr_par' dir='ltr' id='par_1_22' title="bbox 265 1108 1058 1146">
     <span class='ocr_line' id='line_1_22' title="bbox 265 1108 1058 1146; baseline -0.001 -9"><span class='ocrx_word' id='word_1_146' title='bbox 265 1118 390 1146; x_wconf 87' lang='lat' dir='ltr'><strong>magnttm</strong></span> <span class='ocrx_word' id='word_1_147' title='bbox 411 1110 446 1138; x_wconf 89' lang='lat' dir='ltr'><strong>de</strong></span> <span class='ocrx_word' id='word_1_148' title='bbox 469 1109 513 1137; x_wconf 84' lang='lat' dir='ltr'><strong>illa</strong></span> <span class='ocrx_word' id='word_1_149' title='bbox 535 1109 675 1144; x_wconf 80' lang='lat' dir='ltr'><strong>cogitavit,</strong></span> <span class='ocrx_word' id='word_1_150' title='bbox 701 1108 749 1136; x_wconf 85' lang='lat' dir='ltr'><strong>sed</strong></span> <span class='ocrx_word' id='word_1_151' title='bbox 772 1109 887 1136; x_wconf 90' lang='lat' dir='ltr'><strong>humana</strong></span> <span class='ocrx_word' id='word_1_152' title='bbox 909 1113 1008 1136; x_wconf 91' lang='lat' dir='ltr'><strong>tantum</strong></span> <span class='ocrx_word' id='word_1_153' title='bbox 1031 1114 1058 1136; x_wconf 87' lang='lat' dir='ltr'><strong>et</strong></span> 
     </span>
    </p>
   </div>
   <div class='ocr_carea' id='block_1_23' title="bbox 265 1154 1059 1190">
    <p class='ocr_par' dir='ltr' id='par_1_23' title="bbox 265 1154 1059 1190">
     <span class='ocr_line' id='line_1_23' title="bbox 265 1154 1059 1190; baseline -0.001 -7"><span class='ocrx_word' id='word_1_154' title='bbox 265 1162 371 1185; x_wconf 90' lang='lat' dir='ltr'><strong>terrena</strong></span> <span class='ocrx_word' id='word_1_155' title='bbox 383 1160 550 1184; x_wconf 88' lang='lat' dir='ltr'><strong>commentus</strong></span> <span class='ocrx_word' id='word_1_156' title='bbox 565 1160 622 1188; x_wconf 87' lang='lat' dir='ltr'><strong>est,</strong></span> <span class='ocrx_word' id='word_1_157' title='bbox 640 1155 666 1182; x_wconf 91' lang='lat' dir='ltr'><strong>in</strong></span> <span class='ocrx_word' id='word_1_158' title='bbox 680 1154 789 1182; x_wconf 91' lang='lat' dir='ltr'><strong>dubium</strong></span> <span class='ocrx_word' id='word_1_159' title='bbox 803 1159 830 1182; x_wconf 89' lang='lat' dir='ltr'><strong>et</strong></span> <span class='ocrx_word' id='word_1_160' title='bbox 842 1155 981 1190; x_wconf 89' lang='lat' dir='ltr'><strong>caliginem</strong></span> <span class='ocrx_word' id='word_1_161' title='bbox 994 1163 1059 1183; x_wconf 83' lang='lat' dir='ltr'><strong>cou-</strong></span> 
     </span>
    </p>
   </div>
   <div class='ocr_carea' id='block_1_24' title="bbox 262 1201 1057 1238">
    <p class='ocr_par' dir='ltr' id='par_1_24' title="bbox 262 1201 1057 1238">
     <span class='ocr_line' id='line_1_24' title="bbox 262 1201 1057 1238; baseline -0.003 -7"><span class='ocrx_word' id='word_1_162' title='bbox 262 1204 351 1238; x_wconf 81' lang='lat' dir='ltr'><strong>jectus</strong></span> <span class='ocrx_word' id='word_1_163' title='bbox 365 1208 406 1231; x_wconf 88' lang='lat' dir='ltr'><strong>est</strong></span> <span class='ocrx_word' id='word_1_164' title='bbox 418 1212 424 1230; x_wconf 90' lang='lat'><strong>:</strong></span> <span class='ocrx_word' id='word_1_165' title='bbox 436 1203 480 1238; x_wconf 90' lang='lat' dir='ltr'><strong>qui</strong></span> <span class='ocrx_word' id='word_1_166' title='bbox 495 1201 658 1230; x_wconf 80' lang='lat' dir='ltr'><strong>tremendam</strong></span> <span class='ocrx_word' id='word_1_167' title='bbox 674 1201 747 1228; x_wconf 89' lang='lat' dir='ltr'><strong>illam</strong></span> <span class='ocrx_word' id='word_1_168' title='bbox 763 1201 963 1236; x_wconf 84' lang='lat' dir='ltr'><strong>generationem</strong></span> <span class='ocrx_word' id='word_1_169' title='bbox 974 1221 981 1234; x_wconf 89' lang='lat'><strong>,</strong></span> <span class='ocrx_word' id='word_1_170' title='bbox 997 1209 1057 1236; x_wconf 81' lang='lat' dir='ltr'><strong>quae</strong></span> 
     </span>
    </p>
   </div>
   <div class='ocr_carea' id='block_1_25' title="bbox 263 1249 1057 1282">
    <p class='ocr_par' dir='ltr' id='par_1_25' title="bbox 263 1249 1057 1282">
     <span class='ocr_line' id='line_1_25' title="bbox 263 1249 1057 1282; baseline -0.003 -4"><span class='ocrx_word' id='word_1_171' title='bbox 263 1253 291 1278; x_wconf 91' lang='lat' dir='ltr'><strong>et</strong></span> <span class='ocrx_word' id='word_1_172' title='bbox 311 1249 441 1278; x_wconf 87' lang='lat' dir='ltr'><strong>rationem</strong></span> <span class='ocrx_word' id='word_1_173' title='bbox 461 1253 488 1276; x_wconf 92' lang='lat' dir='ltr'><strong>et</strong></span> <span class='ocrx_word' id='word_1_174' title='bbox 510 1253 627 1276; x_wconf 86' lang='lat' dir='ltr'><strong>mentem</strong></span> <span class='ocrx_word' id='word_1_175' title='bbox 642 1255 749 1275; x_wconf 84' lang='lat' dir='ltr'><strong>omnem</strong></span> <span class='ocrx_word' id='word_1_176' title='bbox 771 1251 930 1282; x_wconf 80' lang='lat' dir='ltr'><strong>exsuperat,</strong></span> <span class='ocrx_word' id='word_1_177' title='bbox 951 1249 1057 1276; x_wconf 77' lang='lat' dir='ltr'><strong>curiose</strong></span> 
     </span>
    </p>
   </div>
   <div class='ocr_carea' id='block_1_26' title="bbox 263 1292 1057 1328">
    <p class='ocr_par' dir='ltr' id='par_1_26' title="bbox 263 1292 1057 1328">
     <span class='ocr_line' id='line_1_26' title="bbox 263 1292 1057 1328; baseline -0.003 -6"><span class='ocrx_word' id='word_1_178' title='bbox 263 1298 415 1322; x_wconf 88' lang='lat' dir='ltr'><strong>scrutantur</strong></span> <span class='ocrx_word' id='word_1_179' title='bbox 429 1298 457 1321; x_wconf 89' lang='lat' dir='ltr'><strong>et</strong></span> <span class='ocrx_word' id='word_1_180' title='bbox 470 1293 628 1328; x_wconf 81' lang='lat' dir='ltr'><strong>explorant,</strong></span> <span class='ocrx_word' id='word_1_181' title='bbox 645 1296 744 1327; x_wconf 89' lang='lat' dir='ltr'><strong>quanto</strong></span> <span class='ocrx_word' id='word_1_182' title='bbox 758 1292 888 1326; x_wconf 87' lang='lat' dir='ltr'><strong>supplicio</strong></span> <span class='ocrx_word' id='word_1_183' title='bbox 903 1292 975 1327; x_wconf 85' lang='lat' dir='ltr'><strong>digni</strong></span> <span class='ocrx_word' id='word_1_184' title='bbox 997 1292 1057 1320; x_wconf 86' lang='lat' dir='ltr'><strong>fue-</strong></span> 
     </span>
    </p>
   </div>
   <div class='ocr_carea' id='block_1_27' title="bbox 262 1337 1054 1373">
    <p class='ocr_par' dir='ltr' id='par_1_27' title="bbox 262 1337 1054 1373">
     <span class='ocr_line' id='line_1_27' title="bbox 262 1337 1054 1373; baseline -0.004 -5"><span class='ocrx_word' id='word_1_185' title='bbox 262 1340 332 1368; x_wconf 79' lang='lat' dir='ltr'><strong>rint?</strong></span> <span class='ocrx_word' id='word_1_186' title='bbox 351 1339 422 1367; x_wconf 87' lang='lat' dir='ltr'><strong>Nihil</strong></span> <span class='ocrx_word' id='word_1_187' title='bbox 436 1339 506 1367; x_wconf 85' lang='lat' dir='ltr'><strong>enim</strong></span> <span class='ocrx_word' id='word_1_188' title='bbox 522 1343 608 1366; x_wconf 90' lang='lat' dir='ltr'><strong>tantas</strong></span> <span class='ocrx_word' id='word_1_189' title='bbox 624 1338 694 1373; x_wconf 88' lang='lat' dir='ltr'><strong>parit</strong></span> <span class='ocrx_word' id='word_1_190' title='bbox 707 1337 850 1371; x_wconf 83' lang='lat' dir='ltr'><strong>tenebras,</strong></span> <span class='ocrx_word' id='word_1_191' title='bbox 873 1343 985 1372; x_wconf 87' lang='lat' dir='ltr'><strong>quantas</strong></span> <span class='ocrx_word' id='word_1_192' title='bbox 1004 1338 1054 1366; x_wconf 90' lang='lat' dir='ltr'><strong>hu-</strong></span> 
     </span>
    </p>
   </div>
   <div class='ocr_carea' id='block_1_28' title="bbox 263 1383 1056 1420">
    <p class='ocr_par' dir='ltr' id='par_1_28' title="bbox 263 1383 1056 1420">
     <span class='ocr_line' id='line_1_28' title="bbox 263 1383 1056 1420; baseline -0.003 -7"><span class='ocrx_word' id='word_1_193' title='bbox 263 1393 340 1413; x_wconf 88' lang='lat' dir='ltr'><strong>mana</strong></span> <span class='ocrx_word' id='word_1_194' title='bbox 354 1386 432 1417; x_wconf 81' lang='lat' dir='ltr'><strong>ratio,</strong></span> <span class='ocrx_word' id='word_1_195' title='bbox 446 1392 505 1420; x_wconf 72' lang='lat' dir='ltr'><strong>qua:</strong></span> <span class='ocrx_word' id='word_1_196' title='bbox 520 1389 626 1412; x_wconf 89' lang='lat' dir='ltr'><strong>terrena</strong></span> <span class='ocrx_word' id='word_1_197' title='bbox 640 1391 747 1418; x_wconf 78' lang='lat' dir='ltr'><strong>semper</strong></span> <span class='ocrx_word' id='word_1_198' title='bbox 761 1383 879 1417; x_wconf 90' lang='lat' dir='ltr'><strong>loquitur</strong></span> <span class='ocrx_word' id='word_1_199' title='bbox 888 1404 895 1415; x_wconf 93' lang='lat'><strong>,</strong></span> <span class='ocrx_word' id='word_1_200' title='bbox 911 1391 999 1419; x_wconf 83' lang='lat' dir='ltr'><strong>neque</strong></span> <span class='ocrx_word' id='word_1_201' title='bbox 1011 1391 1056 1411; x_wconf 89' lang='lat' dir='ltr'><strong>su-</strong></span> 
     </span>
    </p>
   </div>
   <div class='ocr_carea' id='block_1_29' title="bbox 263 1428 1055 1467">
    <p class='ocr_par' dir='ltr' id='par_1_29' title="bbox 263 1428 1055 1467">
     <span class='ocr_line' id='line_1_29' title="bbox 263 1428 1055 1467; baseline -0.003 -8"><span class='ocrx_word' id='word_1_202' title='bbox 263 1439 371 1467; x_wconf 86' lang='lat' dir='ltr'><strong>pernam</strong></span> <span class='ocrx_word' id='word_1_203' title='bbox 383 1430 603 1458; x_wconf 89' lang='lat' dir='ltr'><strong>illuminationem</strong></span> <span class='ocrx_word' id='word_1_204' title='bbox 614 1428 740 1456; x_wconf 89' lang='lat' dir='ltr'><strong>admittit.</strong></span> <span class='ocrx_word' id='word_1_205' title='bbox 751 1428 848 1456; x_wconf 89' lang='lat' dir='ltr'><strong>Luteas</strong></span> <span class='ocrx_word' id='word_1_206' title='bbox 859 1429 957 1464; x_wconf 86' lang='lat' dir='ltr'><strong>quippe</strong></span> <span class='ocrx_word' id='word_1_207' title='bbox 968 1434 1055 1457; x_wconf 88' lang='lat' dir='ltr'><strong>versat</strong></span> 
     </span>
    </p>
   </div>
   <div class='ocr_carea' id='block_1_30' title="bbox 260 1474 1055 1510">
    <p class='ocr_par' dir='ltr' id='par_1_30' title="bbox 260 1474 1055 1510">
     <span class='ocr_line' id='line_1_30' title="bbox 260 1474 1055 1510; baseline -0.003 -5"><span class='ocrx_word' id='word_1_208' title='bbox 260 1481 290 1505; x_wconf 88' lang='lat' dir='ltr'><strong>et</strong></span> <span class='ocrx_word' id='word_1_209' title='bbox 303 1481 422 1504; x_wconf 90' lang='lat' dir='ltr'><strong>terrenas</strong></span> <span class='ocrx_word' id='word_1_210' title='bbox 438 1475 621 1510; x_wconf 83' lang='lat' dir='ltr'><strong>cogitationes.</strong></span> <span class='ocrx_word' id='word_1_211' title='bbox 645 1474 707 1501; x_wconf 91' lang='lat' dir='ltr'><strong>ldeo</strong></span> <span class='ocrx_word' id='word_1_212' title='bbox 722 1474 844 1508; x_wconf 85' lang='lat' dir='ltr'><strong>supernis</strong></span> <span class='ocrx_word' id='word_1_213' title='bbox 857 1474 934 1502; x_wconf 89' lang='lat' dir='ltr'><strong>nobis</strong></span> <span class='ocrx_word' id='word_1_214' title='bbox 949 1474 1055 1503; x_wconf 87' lang='lat' dir='ltr'><strong>fluentis</strong></span> 
     </span>
    </p>
   </div>
   <div class='ocr_carea' id='block_1_31' title="bbox 259 1519 1053 1558">
    <p class='ocr_par' dir='ltr' id='par_1_31' title="bbox 259 1519 1053 1558">
     <span class='ocr_line' id='line_1_31' title="bbox 259 1519 1053 1558; baseline -0.003 -8"><span class='ocrx_word' id='word_1_215' title='bbox 259 1527 302 1551; x_wconf 87' lang='lat' dir='ltr'><strong>est</strong></span> <span class='ocrx_word' id='word_1_216' title='bbox 314 1529 391 1558; x_wconf 85' lang='lat' dir='ltr'><strong>opus,</strong></span> <span class='ocrx_word' id='word_1_217' title='bbox 407 1525 437 1549; x_wconf 92' lang='lat' dir='ltr'><strong>ut</strong></span> <span class='ocrx_word' id='word_1_218' title='bbox 451 1521 508 1548; x_wconf 92' lang='lat' dir='ltr'><strong>luto</strong></span> <span class='ocrx_word' id='word_1_219' title='bbox 523 1520 655 1555; x_wconf 89' lang='lat' dir='ltr'><strong>deposito,</strong></span> <span class='ocrx_word' id='word_1_220' title='bbox 673 1519 800 1554; x_wconf 88' lang='lat' dir='ltr'><strong>quidquid</strong></span> <span class='ocrx_word' id='word_1_221' title='bbox 813 1519 839 1546; x_wconf 93' lang='lat' dir='ltr'><strong>in</strong></span> <span class='ocrx_word' id='word_1_222' title='bbox 855 1524 946 1547; x_wconf 87' lang='lat' dir='ltr'><strong>mente</strong></span> <span class='ocrx_word' id='word_1_223' title='bbox 959 1527 1053 1555; x_wconf 90' lang='lat' dir='ltr'><strong>purum</strong></span> 
     </span>
    </p>
   </div>
   <div class='ocr_carea' id='block_1_32' title="bbox 260 1564 1053 1600">
    <p class='ocr_par' dir='ltr' id='par_1_32' title="bbox 260 1564 1053 1600">
     <span class='ocr_line' id='line_1_32' title="bbox 260 1564 1053 1600; baseline -0.005 -4"><span class='ocrx_word' id='word_1_224' title='bbox 260 1573 302 1596; x_wconf 88' lang='lat' dir='ltr'><strong>est</strong></span> <span class='ocrx_word' id='word_1_225' title='bbox 316 1575 422 1596; x_wconf 88' lang='lat' dir='ltr'><strong>sursum</strong></span> <span class='ocrx_word' id='word_1_226' title='bbox 438 1566 554 1599; x_wconf 85' lang='lat' dir='ltr'><strong>feratur,</strong></span> <span class='ocrx_word' id='word_1_227' title='bbox 569 1569 597 1593; x_wconf 89' lang='lat' dir='ltr'><strong>et</strong></span> <span class='ocrx_word' id='word_1_228' title='bbox 611 1573 670 1592; x_wconf 93' lang='lat' dir='ltr'><strong>cum</strong></span> <span class='ocrx_word' id='word_1_229' title='bbox 685 1564 781 1592; x_wconf 91' lang='lat' dir='ltr'><strong>divinis</strong></span> <span class='ocrx_word' id='word_1_230' title='bbox 795 1564 964 1600; x_wconf 86' lang='lat' dir='ltr'><strong>dogmatibus</strong></span> <span class='ocrx_word' id='word_1_231' title='bbox 977 1573 1053 1593; x_wconf 92' lang='lat' dir='ltr'><strong>com-</strong></span> 
     </span>
    </p>
   </div>
   <div class='ocr_carea' id='block_1_33' title="bbox 261 1610 1053 1645">
    <p class='ocr_par' dir='ltr' id='par_1_33' title="bbox 261 1610 1053 1645">
     <span class='ocr_line' id='line_1_33' title="bbox 261 1610 1053 1645; baseline -0.004 -4"><span class='ocrx_word' id='word_1_232' title='bbox 261 1613 416 1641; x_wconf 89' lang='lat' dir='ltr'><strong>misceatur.</strong></span> <span class='ocrx_word' id='word_1_233' title='bbox 432 1611 499 1638; x_wconf 90' lang='lat' dir='ltr'><strong>Illud</strong></span> <span class='ocrx_word' id='word_1_234' title='bbox 515 1618 577 1638; x_wconf 88' lang='lat' dir='ltr'><strong>vero</strong></span> <span class='ocrx_word' id='word_1_235' title='bbox 593 1615 655 1638; x_wconf 92' lang='lat' dir='ltr'><strong>tunc</strong></span> <span class='ocrx_word' id='word_1_236' title='bbox 667 1610 808 1645; x_wconf 89' lang='lat' dir='ltr'><strong>contingit,</strong></span> <span class='ocrx_word' id='word_1_237' title='bbox 822 1617 882 1637; x_wconf 91' lang='lat' dir='ltr'><strong>cum</strong></span> <span class='ocrx_word' id='word_1_238' title='bbox 896 1615 923 1637; x_wconf 89' lang='lat' dir='ltr'><strong>et</strong></span> <span class='ocrx_word' id='word_1_239' title='bbox 937 1610 1053 1638; x_wconf 79' lang='lat' dir='ltr'><strong>animant</strong></span> 
     </span>
    </p>
   </div>
   <div class='ocr_carea' id='block_1_34' title="bbox 260 1654 1052 1693">
    <p class='ocr_par' dir='ltr' id='par_1_34' title="bbox 260 1654 1052 1693">
     <span class='ocr_line' id='line_1_34' title="bbox 260 1654 1052 1693; baseline -0.001 -8"><span class='ocrx_word' id='word_1_240' title='bbox 260 1659 370 1693; x_wconf 88' lang='lat' dir='ltr'><strong>probam</strong></span> <span class='ocrx_word' id='word_1_241' title='bbox 394 1661 421 1685; x_wconf 89' lang='lat' dir='ltr'><strong>et</strong></span> <span class='ocrx_word' id='word_1_242' title='bbox 443 1661 543 1684; x_wconf 90' lang='lat' dir='ltr'><strong>rectam</strong></span> <span class='ocrx_word' id='word_1_243' title='bbox 558 1656 639 1682; x_wconf 90' lang='lat' dir='ltr'><strong>vitam</strong></span> <span class='ocrx_word' id='word_1_244' title='bbox 655 1655 824 1683; x_wconf 78' lang='lat' dir='ltr'><strong>exhibemus.</strong></span> <span class='ocrx_word' id='word_1_245' title='bbox 850 1654 942 1683; x_wconf 87' lang='lat' dir='ltr'><strong>Potest</strong></span> <span class='ocrx_word' id='word_1_246' title='bbox 962 1657 1052 1690; x_wconf 90' lang='lat' dir='ltr'><strong>enim,</strong></span> 
     </span>
    </p>
   </div>
   <div class='ocr_carea' id='block_1_35' title="bbox 259 1700 1050 1740">
    <p class='ocr_par' dir='ltr' id='par_1_35' title="bbox 259 1700 1050 1740">
     <span class='ocr_line' id='line_1_35' title="bbox 259 1700 1050 1740; baseline -0.003 -9"><span class='ocrx_word' id='word_1_247' title='bbox 259 1708 348 1740; x_wconf 88' lang='lat' dir='ltr'><strong>potest</strong></span> <span class='ocrx_word' id='word_1_248' title='bbox 363 1703 454 1738; x_wconf 91' lang='lat' dir='ltr'><strong>utique</strong></span> <span class='ocrx_word' id='word_1_249' title='bbox 468 1709 520 1729; x_wconf 93' lang='lat' dir='ltr'><strong>non</strong></span> <span class='ocrx_word' id='word_1_250' title='bbox 535 1710 567 1729; x_wconf 79' lang='lat' dir='ltr'><strong>ex</strong></span> <span class='ocrx_word' id='word_1_251' title='bbox 581 1701 767 1736; x_wconf 90' lang='lat' dir='ltr'><strong>intempestiva</strong></span> <span class='ocrx_word' id='word_1_252' title='bbox 785 1700 865 1728; x_wconf 91' lang='lat' dir='ltr'><strong>modo</strong></span> <span class='ocrx_word' id='word_1_253' title='bbox 880 1701 1033 1730; x_wconf 89' lang='lat' dir='ltr'><strong>curiositate</strong></span> <span class='ocrx_word' id='word_1_254' title='bbox 1043 1723 1050 1735; x_wconf 89' lang='lat'><strong>,</strong></span> 
     </span>
    </p>
   </div>
   <div class='ocr_carea' id='block_1_36' title="bbox 257 1747 1049 1782">
    <p class='ocr_par' dir='ltr' id='par_1_36' title="bbox 257 1747 1049 1782">
     <span class='ocr_line' id='line_1_36' title="bbox 257 1747 1049 1782; baseline -0.004 -4"><span class='ocrx_word' id='word_1_255' title='bbox 257 1750 305 1778; x_wconf 85' lang='lat' dir='ltr'><strong>sed</strong></span> <span class='ocrx_word' id='word_1_256' title='bbox 319 1750 398 1777; x_wconf 84' lang='lat' dir='ltr'><strong>etiam</strong></span> <span class='ocrx_word' id='word_1_257' title='bbox 407 1757 440 1776; x_wconf 83' lang='lat' dir='ltr'><strong>ex</strong></span> <span class='ocrx_word' id='word_1_258' title='bbox 454 1756 558 1776; x_wconf 92' lang='lat' dir='ltr'><strong>morum</strong></span> <span class='ocrx_word' id='word_1_259' title='bbox 573 1748 702 1782; x_wconf 87' lang='lat' dir='ltr'><strong>pravitate</strong></span> <span class='ocrx_word' id='word_1_260' title='bbox 714 1753 790 1774; x_wconf 91' lang='lat' dir='ltr'><strong>mens</strong></span> <span class='ocrx_word' id='word_1_261' title='bbox 800 1751 890 1774; x_wconf 90' lang='lat' dir='ltr'><strong>nostra</strong></span> <span class='ocrx_word' id='word_1_262' title='bbox 901 1747 1049 1775; x_wconf 88' lang='lat' dir='ltr'><strong>obscurari.</strong></span> 
     </span>
    </p>
   </div>
   <div class='ocr_carea' id='block_1_37' title="bbox 259 1791 1050 1827">
    <p class='ocr_par' dir='ltr' id='par_1_37' title="bbox 259 1791 1050 1827">
     <span class='ocr_line' id='line_1_37' title="bbox 259 1791 1050 1827; baseline -0.004 -4"><span class='ocrx_word' id='word_1_263' title='bbox 259 1796 360 1823; x_wconf 86' lang='lat' dir='ltr'><strong>Idcirco</strong></span> <span class='ocrx_word' id='word_1_264' title='bbox 379 1794 477 1822; x_wconf 85' lang='lat' dir='ltr'><strong>Paulus</strong></span> <span class='ocrx_word' id='word_1_265' title='bbox 497 1792 644 1820; x_wconf 82' lang='lat' dir='ltr'><strong>Corinthiis</strong></span> <span class='ocrx_word' id='word_1_266' title='bbox 665 1791 792 1819; x_wconf 88' lang='lat' dir='ltr'><strong>dicebat:</strong></span> <span class='ocrx_word' id='word_1_267' title='bbox 809 1791 860 1818; x_wconf 86' lang='lat' dir='ltr'><strong>Lac</strong></span> <span class='ocrx_word' id='word_1_268' title='bbox 874 1792 942 1819; x_wconf 74' lang='lat' dir='ltr'><strong>vobis</strong></span> <span class='ocrx_word' id='word_1_269' title='bbox 964 1798 1050 1827; x_wconf 86' lang='lat' dir='ltr'><strong>potum</strong></span> 
     </span>
    </p>
   </div>
   <div class='ocr_carea' id='block_1_38' title="bbox 645 137 1553 169">
    <p class='ocr_par' dir='ltr' id='par_1_38' title="bbox 645 137 1553 169">
     <span class='ocr_line' id='line_1_38' title="bbox 645 137 1553 169; baseline -0.001 -2"><span class='ocrx_word' id='word_1_270' title='bbox 645 140 674 168; x_wconf 92' lang='lat' dir='ltr'><strong>S.</strong></span> <span class='ocrx_word' id='word_1_271' title='bbox 694 138 832 167; x_wconf 78' lang='lat' dir='ltr'><strong>JOANNIS</strong></span> <span class='ocrx_word' id='word_1_272' title='bbox 851 137 1089 167; x_wconf 73' lang='lat' dir='ltr'><strong>CHRYSOSTOMI</strong></span> <span class='ocrx_word' id='word_1_273' title='bbox 1109 137 1266 165; x_wconf 76' lang='lat' dir='ltr'><strong>AllCﬂiEP.</strong></span> <span class='ocrx_word' id='word_1_274' title='bbox 1286 138 1553 169; x_wconf 67' lang='lat' dir='ltr'><strong>CONSTANTlNOP.</strong></span> 
     </span>
    </p>
   </div>
   <div class='ocr_carea' id='block_1_39' title="bbox 1861 144 1911 172">
    <p class='ocr_par' dir='ltr' id='par_1_39' title="bbox 1861 144 1911 172">
     <span class='ocr_line' id='line_1_39' title="bbox 1861 144 1911 172; baseline 0 -1"><span class='ocrx_word' id='word_1_275' title='bbox 1861 144 1911 172; x_wconf 84' lang='lat' dir='ltr'><strong>H8</strong></span> 
     </span>
    </p>
   </div>
   <div class='ocr_carea' id='block_1_40' title="bbox 1121 194 1910 232">
    <p class='ocr_par' dir='ltr' id='par_1_40' title="bbox 1121 194 1910 232">
     <span class='ocr_line' id='line_1_40' title="bbox 1121 194 1910 232; baseline 0.006 -12"><span class='ocrx_word' id='word_1_276' title='bbox 1121 194 1180 221; x_wconf 71' lang='lat' dir='ltr'><strong>dedi</strong></span> <span class='ocrx_word' id='word_1_277' title='bbox 1188 215 1196 227; x_wconf 92' lang='lat'><strong>,</strong></span> <span class='ocrx_word' id='word_1_278' title='bbox 1215 203 1264 221; x_wconf 89' lang='lat' dir='ltr'><strong>non</strong></span> <span class='ocrx_word' id='word_1_279' title='bbox 1278 203 1370 222; x_wconf 69' lang='lat' dir='ltr'><strong>escam.</strong></span> <span class='ocrx_word' id='word_1_280' title='bbox 1387 195 1508 223; x_wconf 83' lang='lat' dir='ltr'><strong>Nondum</strong></span> <span class='ocrx_word' id='word_1_281' title='bbox 1522 197 1588 224; x_wconf 77' lang='lat' dir='ltr'><strong>enim</strong></span> <span class='ocrx_word' id='word_1_282' title='bbox 1601 197 1735 232; x_wconf 65' lang='lat' dir='ltr'><strong>poteratis,-</strong></span> <span class='ocrx_word' id='word_1_283' title='bbox 1751 197 1794 225; x_wconf 80' lang='lat' dir='ltr'><strong>sed</strong></span> <span class='ocrx_word' id='word_1_284' title='bbox 1804 206 1834 225; x_wconf 82' lang='lat' dir='ltr'><strong>ne</strong></span> <span class='ocrx_word' id='word_1_285' title='bbox 1845 208 1910 226; x_wconf 84' lang='lat' dir='ltr'><strong>nunc</strong></span> 
     </span>
    </p>
   </div>
   <div class='ocr_carea' id='block_1_41' title="bbox 1118 239 1909 274">
    <p class='ocr_par' dir='ltr' id='par_1_41' title="bbox 1118 239 1909 274">
     <span class='ocr_line' id='line_1_41' title="bbox 1118 239 1909 274; baseline 0.008 -10"><span class='ocrx_word' id='word_1_286' title='bbox 1118 239 1219 274; x_wconf 78' lang='lat' dir='ltr'><strong>quidem</strong></span> <span class='ocrx_word' id='word_1_287' title='bbox 1243 241 1460 274; x_wconf 64' lang='lat' dir='ltr'><strong>palatinudlmc</strong></span> <span class='ocrx_word' id='word_1_288' title='bbox 1482 242 1548 268; x_wconf 86' lang='lat' dir='ltr'><strong>enim</strong></span> <span class='ocrx_word' id='word_1_289' title='bbox 1572 242 1686 268; x_wconf 68' lang='lat' dir='ltr'><strong>carnales</strong></span> <span class='ocrx_word' id='word_1_290' title='bbox 1709 243 1776 270; x_wconf 72' lang='lat' dir='ltr'><strong>estis.</strong></span> <span class='ocrx_word' id='word_1_291' title='bbox 1798 244 1860 270; x_wconf 80' lang='lat' dir='ltr'><strong>Cum</strong></span> <span class='ocrx_word' id='word_1_292' title='bbox 1879 245 1909 270; x_wconf 73' lang='lat' dir='ltr'><strong>ait</strong></span> 
     </span>
    </p>
   </div>
   <div class='ocr_carea' id='block_1_42' title="bbox 1118 285 1909 322">
    <p class='ocr_par' dir='ltr' id='par_1_42' title="bbox 1118 285 1909 322">
     <span class='ocr_line' id='line_1_42' title="bbox 1118 285 1909 322; baseline 0.004 -10"><span class='ocrx_word' id='word_1_293' title='bbox 1118 285 1184 312; x_wconf 79' lang='lat' dir='ltr'><strong>inter</strong></span> <span class='ocrx_word' id='word_1_294' title='bbox 1196 293 1239 313; x_wconf 75' lang='lat' dir='ltr'><strong>vos</strong></span> <span class='ocrx_word' id='word_1_295' title='bbox 1250 287 1318 313; x_wconf 74' lang='lat' dir='ltr'><strong>zelus</strong></span> <span class='ocrx_word' id='word_1_296' title='bbox 1332 293 1355 313; x_wconf 78' lang='lat' dir='ltr'><strong>et</strong></span> <span class='ocrx_word' id='word_1_297' title='bbox 1367 289 1502 320; x_wconf 81' lang='lat' dir='ltr'><strong>contentio,</strong></span> <span class='ocrx_word' id='word_1_298' title='bbox 1514 295 1598 314; x_wconf 82' lang='lat' dir='ltr'><strong>nonne</strong></span> <span class='ocrx_word' id='word_1_299' title='bbox 1609 289 1724 315; x_wconf 69' lang='lat' dir='ltr'><strong>carnales</strong></span> <span class='ocrx_word' id='word_1_300' title='bbox 1733 288 1790 315; x_wconf 72' lang='lat' dir='ltr'><strong>estis</strong></span> <span class='ocrx_word' id='word_1_301' title='bbox 1801 289 1839 322; x_wconf 85' lang='lat' dir='ltr'><strong>(i.</strong></span> <span class='ocrx_word' id='word_1_302' title='bbox 1850 289 1909 316; x_wconf 77' lang='lat' dir='ltr'><strong>Cor.</strong></span> 
     </span>
    </p>
   </div>
   <div class='ocr_carea' id='block_1_43' title="bbox 1118 331 1908 368">
    <p class='ocr_par' dir='ltr' id='par_1_43' title="bbox 1118 331 1908 368">
     <span class='ocr_line' id='line_1_43' title="bbox 1118 331 1908 368; baseline 0.001 -9"><span class='ocrx_word' id='word_1_303' title='bbox 1118 332 1146 359; x_wconf 72' lang='lat'><strong>3.</strong></span> <span class='ocrx_word' id='word_1_304' title='bbox 1168 331 1194 358; x_wconf 70' lang='grc'><strong>2.</strong></span> <span class='ocrx_word' id='word_1_305' title='bbox 1213 332 1262 366; x_wconf 76' lang='grc'><strong>5)⁷</strong></span> <span class='ocrx_word' id='word_1_306' title='bbox 1285 332 1312 359; x_wconf 92' lang='lat' dir='ltr'><strong>lu</strong></span> <span class='ocrx_word' id='word_1_307' title='bbox 1333 333 1452 366; x_wconf 85' lang='lat' dir='ltr'><strong>Epistola</strong></span> <span class='ocrx_word' id='word_1_308' title='bbox 1473 340 1579 368; x_wconf 84' lang='lat' dir='ltr'><strong>quoque</strong></span> <span class='ocrx_word' id='word_1_309' title='bbox 1599 333 1633 360; x_wconf 89' lang='lat' dir='ltr'><strong>ad</strong></span> <span class='ocrx_word' id='word_1_310' title='bbox 1655 333 1782 361; x_wconf 68' lang='lat' dir='ltr'><strong>Hebraeos</strong></span> <span class='ocrx_word' id='word_1_311' title='bbox 1800 338 1826 361; x_wconf 89' lang='lat' dir='ltr'><strong>et</strong></span> <span class='ocrx_word' id='word_1_312' title='bbox 1848 335 1908 361; x_wconf 84' lang='lat' dir='ltr'><strong>alibi</strong></span> 
     </span>
    </p>
   </div>
   <div class='ocr_carea' id='block_1_44' title="bbox 1118 378 1908 413">
    <p class='ocr_par' dir='ltr' id='par_1_44' title="bbox 1118 378 1908 413">
     <span class='ocr_line' id='line_1_44' title="bbox 1118 378 1908 413; baseline 0.006 -10"><span class='ocrx_word' id='word_1_313' title='bbox 1118 384 1189 412; x_wconf 64' lang='lat' dir='ltr'><strong>saepe</strong></span> <span class='ocrx_word' id='word_1_314' title='bbox 1203 378 1272 412; x_wconf 89' lang='lat' dir='ltr'><strong>apud</strong></span> <span class='ocrx_word' id='word_1_315' title='bbox 1297 378 1407 406; x_wconf 84' lang='lat' dir='ltr'><strong>Paulum</strong></span> <span class='ocrx_word' id='word_1_316' title='bbox 1430 379 1487 406; x_wconf 69' lang='lat' dir='ltr'><strong>hrnc</strong></span> <span class='ocrx_word' id='word_1_317' title='bbox 1501 379 1599 406; x_wconf 87' lang='lat' dir='ltr'><strong>dicitur</strong></span> <span class='ocrx_word' id='word_1_318' title='bbox 1620 387 1680 407; x_wconf 86' lang='lat' dir='ltr'><strong>esse</strong></span> <span class='ocrx_word' id='word_1_319' title='bbox 1703 387 1845 413; x_wconf 89' lang='lat' dir='ltr'><strong>pravorum</strong></span> <span class='ocrx_word' id='word_1_320' title='bbox 1859 381 1908 408; x_wconf 91' lang='lat' dir='ltr'><strong>do-</strong></span> 
     </span>
    </p>
   </div>
   <div class='ocr_carea' id='block_1_45' title="bbox 1117 423 1907 459">
    <p class='ocr_par' dir='ltr' id='par_1_45' title="bbox 1117 423 1907 459">
     <span class='ocr_line' id='line_1_45' title="bbox 1117 423 1907 459; baseline 0.004 -10"><span class='ocrx_word' id='word_1_321' title='bbox 1117 426 1233 457; x_wconf 86' lang='lat' dir='ltr'><strong>gmatum</strong></span> <span class='ocrx_word' id='word_1_322' title='bbox 1242 430 1331 450; x_wconf 85' lang='lat' dir='ltr'><strong>causa.</strong></span> <span class='ocrx_word' id='word_1_323' title='bbox 1340 423 1434 451; x_wconf 78' lang='lat' dir='ltr'><strong>Anima</strong></span> <span class='ocrx_word' id='word_1_324' title='bbox 1443 424 1512 451; x_wconf 90' lang='lat' dir='ltr'><strong>enim</strong></span> <span class='ocrx_word' id='word_1_325' title='bbox 1519 423 1655 451; x_wconf 79' lang='lat' dir='ltr'><strong>aticctihus</strong></span> <span class='ocrx_word' id='word_1_326' title='bbox 1665 424 1754 452; x_wconf 86' lang='lat' dir='ltr'><strong>dedita</strong></span> <span class='ocrx_word' id='word_1_327' title='bbox 1762 433 1814 450; x_wconf 91' lang='lat' dir='ltr'><strong>non</strong></span> <span class='ocrx_word' id='word_1_328' title='bbox 1823 429 1907 459; x_wconf 80' lang='lat' dir='ltr'><strong>potest</strong></span> 
     </span>
    </p>
   </div>
   <div class='ocr_carea' id='block_1_46' title="bbox 1116 467 1907 504">
    <p class='ocr_par' dir='ltr' id='par_1_46' title="bbox 1116 467 1907 504">
     <span class='ocr_line' id='line_1_46' title="bbox 1116 467 1907 504; baseline 0.004 -10"><span class='ocrx_word' id='word_1_329' title='bbox 1116 467 1179 502; x_wconf 92' lang='lat' dir='ltr'><strong>quid</strong></span> <span class='ocrx_word' id='word_1_330' title='bbox 1194 475 1317 503; x_wconf 89' lang='lat' dir='ltr'><strong>magnum</strong></span> <span class='ocrx_word' id='word_1_331' title='bbox 1328 473 1374 496; x_wconf 92' lang='lat' dir='ltr'><strong>aut</strong></span> <span class='ocrx_word' id='word_1_332' title='bbox 1383 476 1542 504; x_wconf 82' lang='lat' dir='ltr'><strong>generosum</strong></span> <span class='ocrx_word' id='word_1_333' title='bbox 1553 470 1666 502; x_wconf 87' lang='lat' dir='ltr'><strong>intueri;</strong></span> <span class='ocrx_word' id='word_1_334' title='bbox 1680 470 1727 497; x_wconf 90' lang='lat' dir='ltr'><strong>sed</strong></span> <span class='ocrx_word' id='word_1_335' title='bbox 1736 478 1784 497; x_wconf 91' lang='lat' dir='ltr'><strong>ceu</strong></span> <span class='ocrx_word' id='word_1_336' title='bbox 1793 470 1907 504; x_wconf 88' lang='lat' dir='ltr'><strong>quadam</strong></span> 
     </span>
    </p>
   </div>
   <div class='ocr_carea' id='block_1_47' title="bbox 1117 513 1907 551">
    <p class='ocr_par' dir='ltr' id='par_1_47' title="bbox 1117 513 1907 551">
     <span class='ocr_line' id='line_1_47' title="bbox 1117 513 1907 551; baseline 0.005 -11"><span class='ocrx_word' id='word_1_337' title='bbox 1117 513 1275 548; x_wconf 87' lang='lat' dir='ltr'><strong>lippitudine</strong></span> <span class='ocrx_word' id='word_1_338' title='bbox 1289 515 1441 550; x_wconf 87' lang='lat' dir='ltr'><strong>perturbata</strong></span> <span class='ocrx_word' id='word_1_339' title='bbox 1453 537 1460 547; x_wconf 89' lang='lat'>.</span> <span class='ocrx_word' id='word_1_340' title='bbox 1477 515 1644 544; x_wconf 83' lang='lat' dir='ltr'><strong>densissimis</strong></span> <span class='ocrx_word' id='word_1_341' title='bbox 1657 516 1774 544; x_wconf 77' lang='lat' dir='ltr'><strong>tenebris</strong></span> <span class='ocrx_word' id='word_1_342' title='bbox 1787 517 1907 551; x_wconf 70' lang='lat' dir='ltr'><strong>Subiecta</strong></span> 
     </span>
    </p>
   </div>
   <div class='ocr_carea' id='block_1_48' title="bbox 1116 559 1906 596">
    <p class='ocr_par' dir='ltr' id='par_1_48' title="bbox 1116 559 1906 596">
     <span class='ocr_line' id='line_1_48' title="bbox 1116 559 1906 596; baseline 0.006 -11"><span class='ocrx_word' id='word_1_343' title='bbox 1116 562 1168 585; x_wconf 90' lang='lat' dir='ltr'><strong>est.</strong></span> <span class='ocrx_word' id='word_1_344' title='bbox 1193 559 1378 595; x_wconf 77' lang='lat' dir='ltr'><strong>Expurgemus</strong></span> <span class='ocrx_word' id='word_1_345' title='bbox 1399 561 1487 596; x_wconf 83' lang='lat' dir='ltr'><strong>itaque</strong></span> <span class='ocrx_word' id='word_1_346' title='bbox 1509 561 1704 596; x_wconf 87' lang='lat' dir='ltr'><strong>nosmetipsos,</strong></span> <span class='ocrx_word' id='word_1_347' title='bbox 1727 562 1906 590; x_wconf 89' lang='lat' dir='ltr'><strong>illuminemus</strong></span> 
     </span>
    </p>
   </div>
   <div class='ocr_carea' id='block_1_49' title="bbox 1115 603 1907 642">
    <p class='ocr_par' dir='ltr' id='par_1_49' title="bbox 1115 603 1907 642">
     <span class='ocr_line' id='line_1_49' title="bbox 1115 603 1907 642; baseline 0.005 -12"><span class='ocrx_word' id='word_1_348' title='bbox 1115 603 1190 631; x_wconf 72' lang='lat' dir='ltr'><strong>luce‘</strong></span> <span class='ocrx_word' id='word_1_349' title='bbox 1205 605 1375 640; x_wconf 86' lang='lat' dir='ltr'><strong>cognitionis,</strong></span> <span class='ocrx_word' id='word_1_350' title='bbox 1388 614 1422 634; x_wconf 89' lang='lat' dir='ltr'><strong>ne</strong></span> <span class='ocrx_word' id='word_1_351' title='bbox 1432 614 1523 634; x_wconf 89' lang='lat' dir='ltr'><strong>semen</strong></span> <span class='ocrx_word' id='word_1_352' title='bbox 1538 607 1563 634; x_wconf 93' lang='lat' dir='ltr'><strong>in</strong></span> <span class='ocrx_word' id='word_1_353' title='bbox 1576 607 1666 642; x_wconf 82' lang='lat' dir='ltr'><strong>spinas</strong></span> <span class='ocrx_word' id='word_1_354' title='bbox 1676 607 1816 641; x_wconf 86' lang='lat' dir='ltr'><strong>jaciamus.</strong></span> <span class='ocrx_word' id='word_1_355' title='bbox 1828 609 1907 642; x_wconf 70' lang='lat' dir='ltr'><strong>Qua:-</strong></span> 
     </span>
    </p>
   </div>
   <div class='ocr_carea' id='block_1_50' title="bbox 1115 649 1905 687">
    <p class='ocr_par' dir='ltr' id='par_1_50' title="bbox 1115 649 1905 687">
     <span class='ocr_line' id='line_1_50' title="bbox 1115 649 1905 687; baseline 0.006 -12"><span class='ocrx_word' id='word_1_356' title='bbox 1115 656 1176 676; x_wconf 89' lang='lat' dir='ltr'><strong>nam</strong></span> <span class='ocrx_word' id='word_1_357' title='bbox 1193 649 1249 678; x_wconf 74' lang='lat' dir='ltr'><strong>hmc</strong></span> <span class='ocrx_word' id='word_1_358' title='bbox 1258 651 1292 677; x_wconf 86' lang='lat' dir='ltr'><strong>sit</strong></span> <span class='ocrx_word' id='word_1_359' title='bbox 1302 651 1437 686; x_wconf 88' lang='lat' dir='ltr'><strong>spinarum</strong></span> <span class='ocrx_word' id='word_1_360' title='bbox 1448 653 1524 687; x_wconf 89' lang='lat' dir='ltr'><strong>copia</strong></span> <span class='ocrx_word' id='word_1_361' title='bbox 1537 653 1630 684; x_wconf 84' lang='lat' dir='ltr'><strong>nostis,</strong></span> <span class='ocrx_word' id='word_1_362' title='bbox 1641 653 1691 680; x_wconf 90' lang='lat' dir='ltr'><strong>etsi</strong></span> <span class='ocrx_word' id='word_1_363' title='bbox 1702 660 1750 680; x_wconf 87' lang='lat' dir='ltr'><strong>nos</strong></span> <span class='ocrx_word' id='word_1_364' title='bbox 1761 658 1905 680; x_wconf 85' lang='lat' dir='ltr'><strong>taceamus.</strong></span> 
     </span>
    </p>
   </div>
   <div class='ocr_carea' id='block_1_51' title="bbox 1114 694 1906 734">
    <p class='ocr_par' dir='ltr' id='par_1_51' title="bbox 1114 694 1906 734">
     <span class='ocr_line' id='line_1_51' title="bbox 1114 694 1906 734; baseline 0.006 -12"><span class='ocrx_word' id='word_1_365' title='bbox 1114 694 1192 730; x_wconf 69' lang='lat' dir='ltr'><strong>Smpe</strong></span> <span class='ocrx_word' id='word_1_366' title='bbox 1207 704 1322 732; x_wconf 82' lang='lat' dir='ltr'><strong>namque</strong></span> <span class='ocrx_word' id='word_1_367' title='bbox 1335 697 1470 725; x_wconf 90' lang='lat' dir='ltr'><strong>Christum</strong></span> <span class='ocrx_word' id='word_1_368' title='bbox 1485 699 1596 726; x_wconf 85' lang='lat' dir='ltr'><strong>audistis</strong></span> <span class='ocrx_word' id='word_1_369' title='bbox 1610 700 1749 734; x_wconf 69' lang='lat' dir='ltr'><strong>prmseutis</strong></span> <span class='ocrx_word' id='word_1_370' title='bbox 1759 699 1820 726; x_wconf 76' lang='lat' dir='ltr'><strong>vita:</strong></span> <span class='ocrx_word' id='word_1_371' title='bbox 1832 699 1906 727; x_wconf 88' lang='lat' dir='ltr'><strong>solli-</strong></span> 
     </span>
    </p>
   </div>
   <div class='ocr_carea' id='block_1_52' title="bbox 1114 741 1904 780">
    <p class='ocr_par' dir='ltr' id='par_1_52' title="bbox 1114 741 1904 780">
     <span class='ocr_line' id='line_1_52' title="bbox 1114 741 1904 780; baseline 0.006 -12"><span class='ocrx_word' id='word_1_372' title='bbox 1114 741 1270 776; x_wconf 86' lang='lat' dir='ltr'><strong>citudinem,</strong></span> <span class='ocrx_word' id='word_1_373' title='bbox 1286 743 1492 779; x_wconf 86' lang='lat' dir='ltr'><strong>divitiarumque</strong></span> <span class='ocrx_word' id='word_1_374' title='bbox 1505 745 1633 772; x_wconf 87' lang='lat' dir='ltr'><strong>fallaciam</strong></span> <span class='ocrx_word' id='word_1_375' title='bbox 1647 745 1783 780; x_wconf 87' lang='lat' dir='ltr'><strong>spinarum</strong></span> <span class='ocrx_word' id='word_1_376' title='bbox 1797 746 1904 773; x_wconf 87' lang='lat' dir='ltr'><strong>nomine</strong></span> 
     </span>
    </p>
   </div>
   <div class='ocr_carea' id='block_1_53' title="bbox 1113 790 1904 826">
    <p class='ocr_par' dir='ltr' id='par_1_53' title="bbox 1113 790 1904 826">
     <span class='ocr_line' id='line_1_53' title="bbox 1113 790 1904 826; baseline 0.004 -11"><span class='ocrx_word' id='word_1_377' title='bbox 1113 793 1273 822; x_wconf 84' lang='lat' dir='ltr'><strong>vocantem;</strong></span> <span class='ocrx_word' id='word_1_378' title='bbox 1287 795 1313 818; x_wconf 90' lang='lat' dir='ltr'><strong>et</strong></span> <span class='ocrx_word' id='word_1_379' title='bbox 1325 790 1386 825; x_wconf 84' lang='lat' dir='ltr'><strong>jure</strong></span> <span class='ocrx_word' id='word_1_380' title='bbox 1396 791 1513 826; x_wconf 89' lang='lat' dir='ltr'><strong>quidem.</strong></span> <span class='ocrx_word' id='word_1_381' title='bbox 1526 791 1754 824; x_wconf 86' lang='lat' dir='ltr'><strong>Quemadmodum</strong></span> <span class='ocrx_word' id='word_1_382' title='bbox 1769 792 1839 818; x_wconf 90' lang='lat' dir='ltr'><strong>enim</strong></span> <span class='ocrx_word' id='word_1_383' title='bbox 1852 792 1904 819; x_wconf 69' lang='lat' dir='ltr'><strong>illa:</strong></span> 
     </span>
    </p>
   </div>
   <div class='ocr_carea' id='block_1_54' title="bbox 1113 832 1904 872">
    <p class='ocr_par' dir='ltr' id='par_1_54' title="bbox 1113 832 1904 872">
     <span class='ocr_line' id='line_1_54' title="bbox 1113 832 1904 872; baseline 0.005 -12"><span class='ocrx_word' id='word_1_384' title='bbox 1113 832 1284 862; x_wconf 76' lang='lat' dir='ltr'><strong>infructuosa:</strong></span> <span class='ocrx_word' id='word_1_385' title='bbox 1299 840 1376 868; x_wconf 88' lang='lat' dir='ltr'><strong>sunt,</strong></span> <span class='ocrx_word' id='word_1_386' title='bbox 1391 836 1425 863; x_wconf 90' lang='lat' dir='ltr'><strong>ita</strong></span> <span class='ocrx_word' id='word_1_387' title='bbox 1440 840 1467 863; x_wconf 91' lang='lat' dir='ltr'><strong>et</strong></span> <span class='ocrx_word' id='word_1_388' title='bbox 1479 836 1591 869; x_wconf 68' lang='lat' dir='ltr'><strong>divitire;</strong></span> <span class='ocrx_word' id='word_1_389' title='bbox 1615 842 1644 863; x_wconf 91' lang='lat' dir='ltr'><strong>ut</strong></span> <span class='ocrx_word' id='word_1_390' title='bbox 1658 837 1709 864; x_wconf 77' lang='lat' dir='ltr'><strong>illa:</strong></span> <span class='ocrx_word' id='word_1_391' title='bbox 1725 841 1862 872; x_wconf 83' lang='lat' dir='ltr'><strong>tangentes</strong></span> <span class='ocrx_word' id='word_1_392' title='bbox 1874 845 1904 865; x_wconf 87' lang='lat' dir='ltr'><strong>se</strong></span> 
     </span>
    </p>
   </div>
   <div class='ocr_carea' id='block_1_55' title="bbox 1112 878 1902 917">
    <p class='ocr_par' dir='ltr' id='par_1_55' title="bbox 1112 878 1902 917">
     <span class='ocr_line' id='line_1_55' title="bbox 1112 878 1902 917; baseline 0.005 -11"><span class='ocrx_word' id='word_1_393' title='bbox 1112 878 1240 913; x_wconf 85' lang='lat' dir='ltr'><strong>lacerant,</strong></span> <span class='ocrx_word' id='word_1_394' title='bbox 1255 880 1294 907; x_wconf 90' lang='lat' dir='ltr'><strong>sic</strong></span> <span class='ocrx_word' id='word_1_395' title='bbox 1306 885 1334 907; x_wconf 90' lang='lat' dir='ltr'><strong>et</strong></span> <span class='ocrx_word' id='word_1_396' title='bbox 1347 881 1404 908; x_wconf 73' lang='lat' dir='ltr'><strong>haec</strong></span> <span class='ocrx_word' id='word_1_397' title='bbox 1417 881 1478 908; x_wconf 86' lang='lat' dir='ltr'><strong>vitia</strong></span> <span class='ocrx_word' id='word_1_398' title='bbox 1490 882 1605 909; x_wconf 86' lang='lat' dir='ltr'><strong>animam</strong></span> <span class='ocrx_word' id='word_1_399' title='bbox 1616 891 1624 909; x_wconf 87' lang='lat'>:</span> <span class='ocrx_word' id='word_1_400' title='bbox 1635 889 1666 910; x_wconf 91' lang='lat' dir='ltr'><strong>ac</strong></span> <span class='ocrx_word' id='word_1_401' title='bbox 1678 883 1902 917; x_wconf 87' lang='lat' dir='ltr'><strong>quemadmodum</strong></span> 
     </span>
    </p>
   </div>
   <div class='ocr_carea' id='block_1_56' title="bbox 1111 924 1902 963">
    <p class='ocr_par' dir='ltr' id='par_1_56' title="bbox 1111 924 1902 963">
     <span class='ocr_line' id='line_1_56' title="bbox 1111 924 1902 963; baseline 0.005 -12"><span class='ocrx_word' id='word_1_402' title='bbox 1111 924 1197 959; x_wconf 64' lang='lat' dir='ltr'><strong>spinae</strong></span> <span class='ocrx_word' id='word_1_403' title='bbox 1219 925 1279 960; x_wconf 84' lang='lat' dir='ltr'><strong>igne</strong></span> <span class='ocrx_word' id='word_1_404' title='bbox 1299 926 1378 954; x_wconf 88' lang='lat' dir='ltr'><strong>facile</strong></span> <span class='ocrx_word' id='word_1_405' title='bbox 1397 927 1589 961; x_wconf 86' lang='lat' dir='ltr'><strong>absumuntur,</strong></span> <span class='ocrx_word' id='word_1_406' title='bbox 1615 932 1642 955; x_wconf 90' lang='lat' dir='ltr'><strong>et</strong></span> <span class='ocrx_word' id='word_1_407' title='bbox 1665 928 1765 955; x_wconf 70' lang='lat' dir='ltr'><strong>odiosa:</strong></span> <span class='ocrx_word' id='word_1_408' title='bbox 1780 928 1902 963; x_wconf 87' lang='lat' dir='ltr'><strong>agricolis</strong></span> 
     </span>
    </p>
   </div>
   <div class='ocr_carea' id='block_1_57' title="bbox 1111 970 1900 1008">
    <p class='ocr_par' dir='ltr' id='par_1_57' title="bbox 1111 970 1900 1008">
     <span class='ocr_line' id='line_1_57' title="bbox 1111 970 1900 1008; baseline 0.005 -12"><span class='ocrx_word' id='word_1_409' title='bbox 1111 974 1192 1003; x_wconf 84' lang='lat' dir='ltr'><strong>sunt,</strong></span> <span class='ocrx_word' id='word_1_410' title='bbox 1216 970 1251 998; x_wconf 91' lang='lat' dir='ltr'><strong>ita</strong></span> <span class='ocrx_word' id='word_1_411' title='bbox 1266 976 1294 998; x_wconf 84' lang='lat' dir='ltr'><strong>et</strong></span> <span class='ocrx_word' id='word_1_412' title='bbox 1306 979 1349 999; x_wconf 90' lang='lat' dir='ltr'><strong>res</strong></span> <span class='ocrx_word' id='word_1_413' title='bbox 1363 972 1504 1000; x_wconf 78' lang='lat' dir='ltr'><strong>mundana:</strong></span> <span class='ocrx_word' id='word_1_414' title='bbox 1516 981 1523 999; x_wconf 86' lang='lat'><strong>:</strong></span> <span class='ocrx_word' id='word_1_415' title='bbox 1535 980 1566 1000; x_wconf 90' lang='lat' dir='ltr'><strong>ac</strong></span> <span class='ocrx_word' id='word_1_416' title='bbox 1580 973 1649 1000; x_wconf 91' lang='lat' dir='ltr'><strong>sicut</strong></span> <span class='ocrx_word' id='word_1_417' title='bbox 1671 973 1697 1000; x_wconf 93' lang='lat' dir='ltr'><strong>in</strong></span> <span class='ocrx_word' id='word_1_418' title='bbox 1717 974 1800 1008; x_wconf 88' lang='lat' dir='ltr'><strong>spinis</strong></span> <span class='ocrx_word' id='word_1_419' title='bbox 1822 973 1900 1005; x_wconf 74' lang='lat' dir='ltr'><strong>fenr,</strong></span> 
     </span>
    </p>
   </div>
   <div class='ocr_carea' id='block_1_58' title="bbox 1111 1016 1900 1053">
    <p class='ocr_par' dir='ltr' id='par_1_58' title="bbox 1111 1016 1900 1053">
     <span class='ocr_line' id='line_1_58' title="bbox 1111 1016 1900 1053; baseline 0.005 -11"><span class='ocrx_word' id='word_1_420' title='bbox 1111 1016 1218 1052; x_wconf 70' lang='lat' dir='ltr'><strong>viperte,</strong></span> <span class='ocrx_word' id='word_1_421' title='bbox 1234 1019 1332 1053; x_wconf 89' lang='lat' dir='ltr'><strong>scorpii</strong></span> <span class='ocrx_word' id='word_1_422' title='bbox 1347 1019 1522 1052; x_wconf 88' lang='lat' dir='ltr'><strong>occultantur,</strong></span> <span class='ocrx_word' id='word_1_423' title='bbox 1539 1020 1573 1047; x_wconf 87' lang='lat' dir='ltr'><strong>ita</strong></span> <span class='ocrx_word' id='word_1_424' title='bbox 1584 1024 1611 1047; x_wconf 91' lang='lat' dir='ltr'><strong>et</strong></span> <span class='ocrx_word' id='word_1_425' title='bbox 1625 1020 1650 1047; x_wconf 94' lang='lat' dir='ltr'><strong>in</strong></span> <span class='ocrx_word' id='word_1_426' title='bbox 1663 1020 1813 1047; x_wconf 83' lang='lat' dir='ltr'><strong>divitiarum</strong></span> <span class='ocrx_word' id='word_1_427' title='bbox 1825 1020 1900 1048; x_wconf 83' lang='lat' dir='ltr'><strong>falla-</strong></span> 
     </span>
    </p>
   </div>
   <div class='ocr_carea' id='block_1_59' title="bbox 1109 1063 1900 1101">
    <p class='ocr_par' dir='ltr' id='par_1_59' title="bbox 1109 1063 1900 1101">
     <span class='ocr_line' id='line_1_59' title="bbox 1109 1063 1900 1101; baseline 0.005 -11"><span class='ocrx_word' id='word_1_428' title='bbox 1109 1063 1161 1090; x_wconf 87' lang='lat' dir='ltr'><strong>cia.</strong></span> <span class='ocrx_word' id='word_1_429' title='bbox 1178 1063 1274 1091; x_wconf 88' lang='lat' dir='ltr'><strong>Verum</strong></span> <span class='ocrx_word' id='word_1_430' title='bbox 1292 1065 1465 1093; x_wconf 88' lang='lat' dir='ltr'><strong>immittamus</strong></span> <span class='ocrx_word' id='word_1_431' title='bbox 1479 1065 1594 1100; x_wconf 86' lang='lat' dir='ltr'><strong>Spiritus</strong></span> <span class='ocrx_word' id='word_1_432' title='bbox 1609 1067 1713 1101; x_wconf 84' lang='lat' dir='ltr'><strong>ignem,</strong></span> <span class='ocrx_word' id='word_1_433' title='bbox 1729 1071 1756 1094; x_wconf 93' lang='lat' dir='ltr'><strong>ut</strong></span> <span class='ocrx_word' id='word_1_434' title='bbox 1770 1070 1796 1094; x_wconf 87' lang='lat' dir='ltr'><strong>et</strong></span> <span class='ocrx_word' id='word_1_435' title='bbox 1810 1067 1900 1101; x_wconf 85' lang='lat' dir='ltr'><strong>spinas</strong></span> 
     </span>
    </p>
   </div>
   <div class='ocr_carea' id='block_1_60' title="bbox 1109 1111 1900 1146">
    <p class='ocr_par' dir='ltr' id='par_1_60' title="bbox 1109 1111 1900 1146">
     <span class='ocr_line' id='line_1_60' title="bbox 1109 1111 1900 1146; baseline 0.005 -11"><span class='ocrx_word' id='word_1_436' title='bbox 1109 1116 1313 1142; x_wconf 81' lang='lat' dir='ltr'><strong>consutnamus.</strong></span> <span class='ocrx_word' id='word_1_437' title='bbox 1334 1115 1361 1138; x_wconf 92' lang='lat' dir='ltr'><strong>et</strong></span> <span class='ocrx_word' id='word_1_438' title='bbox 1381 1111 1451 1138; x_wconf 87' lang='lat' dir='ltr'><strong>feras</strong></span> <span class='ocrx_word' id='word_1_439' title='bbox 1465 1111 1599 1146; x_wconf 87' lang='lat' dir='ltr'><strong>fugemus,</strong></span> <span class='ocrx_word' id='word_1_440' title='bbox 1614 1117 1643 1138; x_wconf 90' lang='lat' dir='ltr'><strong>ut</strong></span> <span class='ocrx_word' id='word_1_441' title='bbox 1663 1119 1756 1146; x_wconf 83' lang='lat' dir='ltr'><strong>purum</strong></span> <span class='ocrx_word' id='word_1_442' title='bbox 1777 1119 1900 1146; x_wconf 88' lang='lat' dir='ltr'><strong>paremus</strong></span> 
     </span>
    </p>
   </div>
   <div class='ocr_carea' id='block_1_61' title="bbox 1109 1153 1901 1191">
    <p class='ocr_par' dir='ltr' id='par_1_61' title="bbox 1109 1153 1901 1191">
     <span class='ocr_line' id='line_1_61' title="bbox 1109 1153 1901 1191; baseline 0.003 -11"><span class='ocrx_word' id='word_1_443' title='bbox 1109 1153 1232 1187; x_wconf 79' lang='lat' dir='ltr'><strong>agricola:</strong></span> <span class='ocrx_word' id='word_1_444' title='bbox 1253 1162 1362 1187; x_wconf 86' lang='lat' dir='ltr'><strong>arvum;</strong></span> <span class='ocrx_word' id='word_1_445' title='bbox 1384 1155 1480 1183; x_wconf 81' lang='lat' dir='ltr'><strong>deinde</strong></span> <span class='ocrx_word' id='word_1_446' title='bbox 1494 1164 1557 1183; x_wconf 86' lang='lat' dir='ltr'><strong>vero</strong></span> <span class='ocrx_word' id='word_1_447' title='bbox 1572 1157 1752 1190; x_wconf 88' lang='lat' dir='ltr'><strong>spiritualibus</strong></span> <span class='ocrx_word' id='word_1_448' title='bbox 1765 1157 1849 1191; x_wconf 88' lang='lat' dir='ltr'><strong>ipsum</strong></span> <span class='ocrx_word' id='word_1_449' title='bbox 1865 1157 1901 1183; x_wconf 91' lang='lat' dir='ltr'><strong>ri-</strong></span> 
     </span>
    </p>
   </div>
   <div class='ocr_carea' id='block_1_62' title="bbox 1108 1199 1899 1234">
    <p class='ocr_par' dir='ltr' id='par_1_62' title="bbox 1108 1199 1899 1234">
     <span class='ocr_line' id='line_1_62' title="bbox 1108 1199 1899 1234; baseline 0.008 -11"><span class='ocrx_word' id='word_1_450' title='bbox 1108 1205 1200 1232; x_wconf 85' lang='lat' dir='ltr'><strong>gemus</strong></span> <span class='ocrx_word' id='word_1_451' title='bbox 1215 1199 1308 1226; x_wconf 85' lang='lat' dir='ltr'><strong>alveis.</strong></span> <span class='ocrx_word' id='word_1_452' title='bbox 1322 1200 1476 1228; x_wconf 79' lang='lat' dir='ltr'><strong>Piantcmus</strong></span> <span class='ocrx_word' id='word_1_453' title='bbox 1486 1201 1584 1228; x_wconf 88' lang='lat' dir='ltr'><strong>olivam</strong></span> <span class='ocrx_word' id='word_1_454' title='bbox 1600 1201 1774 1234; x_wconf 83' lang='lat' dir='ltr'><strong>fructiferam,</strong></span> <span class='ocrx_word' id='word_1_455' title='bbox 1791 1201 1899 1229; x_wconf 77' lang='lat' dir='ltr'><strong>mitissi-</strong></span> 
     </span>
    </p>
   </div>
   <div class='ocr_carea' id='block_1_63' title="bbox 1109 1244 1898 1281">
    <p class='ocr_par' dir='ltr' id='par_1_63' title="bbox 1109 1244 1898 1281">
     <span class='ocr_line' id='line_1_63' title="bbox 1109 1244 1898 1281; baseline 0.008 -12"><span class='ocrx_word' id='word_1_456' title='bbox 1109 1251 1178 1270; x_wconf 89' lang='lat' dir='ltr'><strong>mam</strong></span> <span class='ocrx_word' id='word_1_457' title='bbox 1194 1244 1317 1271; x_wconf 90' lang='lat' dir='ltr'><strong>arborcm</strong></span> <span class='ocrx_word' id='word_1_458' title='bbox 1333 1253 1491 1281; x_wconf 87' lang='lat' dir='ltr'><strong>setnperquc</strong></span> <span class='ocrx_word' id='word_1_459' title='bbox 1511 1247 1661 1280; x_wconf 87' lang='lat' dir='ltr'><strong>virentem,</strong></span> <span class='ocrx_word' id='word_1_460' title='bbox 1686 1247 1898 1281; x_wconf 88' lang='lat' dir='ltr'><strong>illuminantem,</strong></span> 
     </span>
    </p>
   </div>
   <div class='ocr_carea' id='block_1_64' title="bbox 1108 1289 1900 1327">
    <p class='ocr_par' dir='ltr' id='par_1_64' title="bbox 1108 1289 1900 1327">
     <span class='ocr_line' id='line_1_64' title="bbox 1108 1289 1900 1327; baseline 0.008 -11"><span class='ocrx_word' id='word_1_461' title='bbox 1108 1289 1281 1323; x_wconf 90' lang='lat' dir='ltr'><strong>nutrientetn,</strong></span> <span class='ocrx_word' id='word_1_462' title='bbox 1298 1291 1441 1319; x_wconf 81' lang='lat' dir='ltr'><strong>valetudini</strong></span> <span class='ocrx_word' id='word_1_463' title='bbox 1456 1296 1555 1327; x_wconf 77' lang='lat' dir='ltr'><strong>aptam.</strong></span> <span class='ocrx_word' id='word_1_464' title='bbox 1572 1293 1633 1320; x_wconf 71' lang='lat' dir='ltr'><strong>Haec</strong></span> <span class='ocrx_word' id='word_1_465' title='bbox 1644 1293 1769 1321; x_wconf 84' lang='lat' dir='ltr'><strong>omniain</strong></span> <span class='ocrx_word' id='word_1_466' title='bbox 1780 1302 1808 1320; x_wconf 86' lang='lat' dir='ltr'><strong>se</strong></span> <span class='ocrx_word' id='word_1_467' title='bbox 1819 1293 1900 1322; x_wconf 82' lang='lat' dir='ltr'><strong>habet</strong></span> 
     </span>
    </p>
   </div>
   <div class='ocr_carea' id='block_1_65' title="bbox 1106 1336 1898 1376">
    <p class='ocr_par' dir='ltr' id='par_1_65' title="bbox 1106 1336 1898 1376">
     <span class='ocr_line' id='line_1_65' title="bbox 1106 1336 1898 1376; baseline 0.006 -12"><span class='ocrx_word' id='word_1_468' title='bbox 1106 1336 1287 1372; x_wconf 83' lang='lat' dir='ltr'><strong>eleemosyna,</strong></span> <span class='ocrx_word' id='word_1_469' title='bbox 1302 1347 1361 1375; x_wconf 72' lang='lat' dir='ltr'><strong>qua:</strong></span> <span class='ocrx_word' id='word_1_470' title='bbox 1374 1340 1448 1374; x_wconf 86' lang='lat' dir='ltr'><strong>quasi</strong></span> <span class='ocrx_word' id='word_1_471' title='bbox 1459 1340 1574 1374; x_wconf 89' lang='lat' dir='ltr'><strong>sigillum</strong></span> <span class='ocrx_word' id='word_1_472' title='bbox 1585 1345 1626 1367; x_wconf 83' lang='lat' dir='ltr'><strong>est</strong></span> <span class='ocrx_word' id='word_1_473' title='bbox 1639 1341 1722 1375; x_wconf 86' lang='lat' dir='ltr'><strong>ipsam</strong></span> <span class='ocrx_word' id='word_1_474' title='bbox 1736 1341 1898 1376; x_wconf 88' lang='lat' dir='ltr'><strong>possidenti-</strong></span> 
     </span>
    </p>
   </div>
   <div class='ocr_carea' id='block_1_66' title="bbox 1106 1381 1897 1422">
    <p class='ocr_par' dir='ltr' id='par_1_66' title="bbox 1106 1381 1897 1422">
     <span class='ocr_line' id='line_1_66' title="bbox 1106 1381 1897 1422; baseline 0.008 -14"><span class='ocrx_word' id='word_1_475' title='bbox 1106 1381 1166 1409; x_wconf 88' lang='lat' dir='ltr'><strong>bus.</strong></span> <span class='ocrx_word' id='word_1_476' title='bbox 1189 1382 1262 1410; x_wconf 87' lang='lat' dir='ltr'><strong>Hauc</strong></span> <span class='ocrx_word' id='word_1_477' title='bbox 1277 1384 1399 1412; x_wconf 86' lang='lat' dir='ltr'><strong>arborem</strong></span> <span class='ocrx_word' id='word_1_478' title='bbox 1421 1393 1454 1412; x_wconf 90' lang='lat' dir='ltr'><strong>ne</strong></span> <span class='ocrx_word' id='word_1_479' title='bbox 1476 1393 1548 1413; x_wconf 86' lang='lat' dir='ltr'><strong>mors</strong></span> <span class='ocrx_word' id='word_1_480' title='bbox 1568 1386 1674 1421; x_wconf 88' lang='lat' dir='ltr'><strong>quidem</strong></span> <span class='ocrx_word' id='word_1_481' title='bbox 1698 1387 1753 1422; x_wconf 88' lang='lat' dir='ltr'><strong>ipsa</strong></span> <span class='ocrx_word' id='word_1_482' title='bbox 1768 1387 1897 1414; x_wconf 77' lang='lat' dir='ltr'><strong>arefacit:</strong></span> 
     </span>
    </p>
   </div>
   <div class='ocr_carea' id='block_1_67' title="bbox 1105 1427 1898 1466">
    <p class='ocr_par' dir='ltr' id='par_1_67' title="bbox 1105 1427 1898 1466">
     <span class='ocr_line' id='line_1_67' title="bbox 1105 1427 1898 1466; baseline 0.008 -12"><span class='ocrx_word' id='word_1_483' title='bbox 1105 1427 1152 1454; x_wconf 86' lang='lat' dir='ltr'><strong>sed</strong></span> <span class='ocrx_word' id='word_1_484' title='bbox 1166 1433 1217 1456; x_wconf 88' lang='lat' dir='ltr'><strong>stat</strong></span> <span class='ocrx_word' id='word_1_485' title='bbox 1228 1428 1270 1456; x_wconf 89' lang='lat' dir='ltr'><strong>illa</strong></span> <span class='ocrx_word' id='word_1_486' title='bbox 1282 1437 1388 1465; x_wconf 90' lang='lat' dir='ltr'><strong>semper</strong></span> <span class='ocrx_word' id='word_1_487' title='bbox 1397 1436 1512 1459; x_wconf 88' lang='lat' dir='ltr'><strong>mentem</strong></span> <span class='ocrx_word' id='word_1_488' title='bbox 1522 1432 1684 1466; x_wconf 85' lang='lat' dir='ltr'><strong>illuminans,</strong></span> <span class='ocrx_word' id='word_1_489' title='bbox 1696 1440 1793 1460; x_wconf 84' lang='lat' dir='ltr'><strong>nervos</strong></span> <span class='ocrx_word' id='word_1_490' title='bbox 1803 1433 1898 1460; x_wconf 79' lang='lat' dir='ltr'><strong>anima:</strong></span> 
     </span>
    </p>
   </div>
   <div class='ocr_carea' id='block_1_68' title="bbox 1106 1472 1899 1514">
    <p class='ocr_par' dir='ltr' id='par_1_68' title="bbox 1106 1472 1899 1514">
     <span class='ocr_line' id='line_1_68' title="bbox 1106 1472 1899 1514; baseline 0.01 -15"><span class='ocrx_word' id='word_1_491' title='bbox 1106 1472 1210 1507; x_wconf 88' lang='lat' dir='ltr'><strong>fovens,</strong></span> <span class='ocrx_word' id='word_1_492' title='bbox 1225 1475 1296 1502; x_wconf 88' lang='lat' dir='ltr'><strong>vires</strong></span> <span class='ocrx_word' id='word_1_493' title='bbox 1309 1475 1425 1511; x_wconf 76' lang='lat' dir='ltr'><strong>integras</strong></span> <span class='ocrx_word' id='word_1_494' title='bbox 1436 1485 1555 1509; x_wconf 89' lang='lat' dir='ltr'><strong>servans,</strong></span> <span class='ocrx_word' id='word_1_495' title='bbox 1569 1478 1800 1514; x_wconf 89' lang='lat' dir='ltr'><strong>robustioremque</strong></span> <span class='ocrx_word' id='word_1_496' title='bbox 1813 1479 1899 1507; x_wconf 85' lang='lat' dir='ltr'><strong>reddit</strong></span> 
     </span>
    </p>
   </div>
   <div class='ocr_carea' id='block_1_69' title="bbox 1105 1519 1896 1559">
    <p class='ocr_par' dir='ltr' id='par_1_69' title="bbox 1105 1519 1896 1559">
     <span class='ocr_line' id='line_1_69' title="bbox 1105 1519 1896 1559; baseline 0.01 -15"><span class='ocrx_word' id='word_1_497' title='bbox 1105 1519 1232 1547; x_wconf 84' lang='lat' dir='ltr'><strong>animam.</strong></span> <span class='ocrx_word' id='word_1_498' title='bbox 1246 1520 1274 1548; x_wconf 89' lang='lat' dir='ltr'><strong>Si</strong></span> <span class='ocrx_word' id='word_1_499' title='bbox 1288 1526 1415 1556; x_wconf 89' lang='lat' dir='ltr'><strong>perpetuo</strong></span> <span class='ocrx_word' id='word_1_500' title='bbox 1429 1523 1500 1550; x_wconf 87' lang='lat' dir='ltr'><strong>illam</strong></span> <span class='ocrx_word' id='word_1_501' title='bbox 1512 1523 1668 1557; x_wconf 77' lang='lat' dir='ltr'><strong>habeamus,</strong></span> <span class='ocrx_word' id='word_1_502' title='bbox 1682 1525 1827 1559; x_wconf 86' lang='lat' dir='ltr'><strong>poterimus</strong></span> <span class='ocrx_word' id='word_1_503' title='bbox 1837 1532 1896 1552; x_wconf 92' lang='lat' dir='ltr'><strong>cum</strong></span> 
     </span>
    </p>
   </div>
   <div class='ocr_carea' id='block_1_70' title="bbox 1106 1564 1895 1605">
    <p class='ocr_par' dir='ltr' id='par_1_70' title="bbox 1106 1564 1895 1605">
     <span class='ocr_line' id='line_1_70' title="bbox 1106 1564 1895 1605; baseline 0.01 -16"><span class='ocrx_word' id='word_1_504' title='bbox 1106 1564 1200 1591; x_wconf 65' lang='lat' dir='ltr'><strong>ﬁducia</strong></span> <span class='ocrx_word' id='word_1_505' title='bbox 1209 1565 1340 1600; x_wconf 89' lang='lat' dir='ltr'><strong>Sponsum</strong></span> <span class='ocrx_word' id='word_1_506' title='bbox 1349 1567 1449 1600; x_wconf 88' lang='lat' dir='ltr'><strong>videre,</strong></span> <span class='ocrx_word' id='word_1_507' title='bbox 1464 1573 1491 1596; x_wconf 95' lang='lat' dir='ltr'><strong>et</strong></span> <span class='ocrx_word' id='word_1_508' title='bbox 1499 1569 1525 1596; x_wconf 91' lang='lat' dir='ltr'><strong>in</strong></span> <span class='ocrx_word' id='word_1_509' title='bbox 1535 1568 1679 1596; x_wconf 63' lang='lat' dir='ltr'><strong>thalamum</strong></span> <span class='ocrx_word' id='word_1_510' title='bbox 1690 1570 1804 1601; x_wconf 78' lang='lat' dir='ltr'><strong>intrare;</strong></span> <span class='ocrx_word' id='word_1_511' title='bbox 1817 1578 1895 1605; x_wconf 89' lang='lat' dir='ltr'><strong>quem</strong></span> 
     </span>
    </p>
   </div>
   <div class='ocr_carea' id='block_1_71' title="bbox 1105 1613 1897 1649">
    <p class='ocr_par' dir='ltr' id='par_1_71' title="bbox 1105 1613 1897 1649">
     <span class='ocr_line' id='line_1_71' title="bbox 1105 1613 1897 1649; baseline 0.009 -14"><span class='ocrx_word' id='word_1_512' title='bbox 1105 1616 1154 1635; x_wconf 83' lang='lat' dir='ltr'><strong>nos</strong></span> <span class='ocrx_word' id='word_1_513' title='bbox 1178 1617 1271 1637; x_wconf 89' lang='lat' dir='ltr'><strong>omnes</strong></span> <span class='ocrx_word' id='word_1_514' title='bbox 1294 1613 1398 1646; x_wconf 83' lang='lat' dir='ltr'><strong>assequi</strong></span> <span class='ocrx_word' id='word_1_515' title='bbox 1424 1613 1559 1648; x_wconf 85' lang='lat' dir='ltr'><strong>conlingat</strong></span> <span class='ocrx_word' id='word_1_516' title='bbox 1582 1614 1664 1648; x_wconf 87' lang='lat' dir='ltr'><strong>gratia</strong></span> <span class='ocrx_word' id='word_1_517' title='bbox 1687 1619 1714 1642; x_wconf 90' lang='lat' dir='ltr'><strong>et</strong></span> <span class='ocrx_word' id='word_1_518' title='bbox 1735 1614 1897 1649; x_wconf 76' lang='lat' dir='ltr'><strong>benignitate</strong></span> 
     </span>
    </p>
   </div>
   <div class='ocr_carea' id='block_1_72' title="bbox 1105 1653 1894 1695">
    <p class='ocr_par' dir='ltr' id='par_1_72' title="bbox 1105 1653 1894 1695">
     <span class='ocr_line' id='line_1_72' title="bbox 1105 1653 1894 1695; baseline 0.01 -15"><span class='ocrx_word' id='word_1_519' title='bbox 1105 1653 1210 1682; x_wconf 90' lang='lat' dir='ltr'><strong>Domini</strong></span> <span class='ocrx_word' id='word_1_520' title='bbox 1226 1657 1308 1683; x_wconf 86' lang='lat' dir='ltr'><strong>nostri</strong></span> <span class='ocrx_word' id='word_1_521' title='bbox 1323 1656 1386 1685; x_wconf 83' lang='lat' dir='ltr'><strong>Jesu</strong></span> <span class='ocrx_word' id='word_1_522' title='bbox 1409 1658 1508 1686; x_wconf 69' lang='lat' dir='ltr'><strong>(Lhristi</strong></span> <span class='ocrx_word' id='word_1_523' title='bbox 1521 1680 1528 1691; x_wconf 87' lang='lat'><strong>,</strong></span> <span class='ocrx_word' id='word_1_524' title='bbox 1552 1660 1657 1693; x_wconf 87' lang='lat' dir='ltr'><strong>quicum</strong></span> <span class='ocrx_word' id='word_1_525' title='bbox 1676 1660 1746 1688; x_wconf 84' lang='lat' dir='ltr'><strong>Patri</strong></span> <span class='ocrx_word' id='word_1_526' title='bbox 1761 1660 1845 1695; x_wconf 81' lang='lat' dir='ltr'><strong>gloria</strong></span> <span class='ocrx_word' id='word_1_527' title='bbox 1857 1661 1894 1688; x_wconf 77' lang='lat' dir='ltr'><strong>si-</strong></span> 
     </span>
    </p>
   </div>
   <div class='ocr_carea' id='block_1_73' title="bbox 1105 1699 1895 1740">
    <p class='ocr_par' dir='ltr' id='par_1_73' title="bbox 1105 1699 1895 1740">
     <span class='ocr_line' id='line_1_73' title="bbox 1105 1699 1895 1740; baseline 0.01 -15"><span class='ocrx_word' id='word_1_528' title='bbox 1105 1699 1214 1734; x_wconf 88' lang='lat' dir='ltr'><strong>mulque</strong></span> <span class='ocrx_word' id='word_1_529' title='bbox 1227 1701 1336 1735; x_wconf 84' lang='lat' dir='ltr'><strong>Spiritui</strong></span> <span class='ocrx_word' id='word_1_530' title='bbox 1351 1709 1454 1737; x_wconf 88' lang='lat' dir='ltr'><strong>sancto,</strong></span> <span class='ocrx_word' id='word_1_531' title='bbox 1470 1711 1540 1732; x_wconf 91' lang='lat' dir='ltr'><strong>nunc</strong></span> <span class='ocrx_word' id='word_1_532' title='bbox 1551 1710 1577 1732; x_wconf 89' lang='lat' dir='ltr'><strong>et</strong></span> <span class='ocrx_word' id='word_1_533' title='bbox 1587 1713 1704 1740; x_wconf 84' lang='lat' dir='ltr'><strong>semper,</strong></span> <span class='ocrx_word' id='word_1_534' title='bbox 1720 1709 1746 1733; x_wconf 90' lang='lat' dir='ltr'><strong>et</strong></span> <span class='ocrx_word' id='word_1_535' title='bbox 1758 1706 1785 1733; x_wconf 90' lang='lat' dir='ltr'><strong>in</strong></span> <span class='ocrx_word' id='word_1_536' title='bbox 1799 1706 1895 1733; x_wconf 64' lang='lat' dir='ltr'><strong>sarcula</strong></span> 
     </span>
    </p>
   </div>
   <div class='ocr_carea' id='block_1_74' title="bbox 1104 1745 1383 1775">
    <p class='ocr_par' dir='ltr' id='par_1_74' title="bbox 1104 1745 1383 1775">
     <span class='ocr_line' id='line_1_74' title="bbox 1104 1745 1383 1775; baseline 0.018 -5"><span class='ocrx_word' id='word_1_537' title='bbox 1104 1745 1273 1773; x_wconf 78' lang='lat' dir='ltr'><strong>saeculorum.</strong></span> <span class='ocrx_word' id='word_1_538' title='bbox 1288 1747 1383 1775; x_wconf 79' lang='lat' dir='ltr'><strong>Amen.</strong></span> 
     </span>
    </p>
   </div>
   <div class='ocr_carea' id='block_1_75' title="bbox 1135 1801 1650 1838">
    <p class='ocr_par' dir='ltr' id='par_1_75' title="bbox 1135 1801 1650 1838">
     <span class='ocr_line' id='line_1_75' title="bbox 1135 1801 1650 1838; baseline 0.01 -12"><span class='ocrx_word' id='word_1_539' title='bbox 1135 1801 1143 1817; x_wconf 87' lang='grc'>¹</span> <span class='ocrx_word' id='word_1_540' title='bbox 1162 1806 1225 1828; x_wconf 80' lang='lat' dir='ltr'><strong>unus</strong></span> <span class='ocrx_word' id='word_1_541' title='bbox 1237 1803 1319 1835; x_wconf 79' lang='lat' dir='ltr'><strong>habet,</strong></span> <span class='ocrx_word' id='word_1_542' title='bbox 1331 1804 1514 1837; x_wconf 81' lang='lat' dir='ltr'><strong>illuminatione,</strong></span> <span class='ocrx_word' id='word_1_543' title='bbox 1527 1813 1580 1838; x_wconf 85' lang='lat' dir='ltr'><strong>pro,</strong></span> <span class='ocrx_word' id='word_1_544' title='bbox 1590 1806 1650 1832; x_wconf 71' lang='lat' dir='ltr'><strong>lucc.</strong></span> 
     </span>
    </p>
   </div>
   <div class='ocr_carea' id='block_1_76' title="bbox 260 1851 1889 1918">
    <p class='ocr_par' dir='ltr' id='par_1_76' title="bbox 260 1851 1889 1918">
     <span class='ocr_line' id='line_1_76' title="bbox 260 1851 1889 1918; baseline 0 -4"><span class='ocrx_word' id='word_1_545' title='bbox 260 1851 1889 1918; x_wconf 59' lang='grc' dir='ltr'><em>ᾜ</em></span> 
     </span>
    </p>
   </div>
   <div class='ocr_carea' id='block_1_77' title="bbox 259 1953 1051 1990">
    <p class='ocr_par' dir='ltr' id='par_1_77' title="bbox 259 1953 1051 1990">
     <span class='ocr_line' id='line_1_77' title="bbox 259 1953 1051 1990; baseline -0.001 -6"><span class='ocrx_word' id='word_1_546' title='bbox 259 1957 284 1984; x_wconf 83' lang='lat'><strong>5.</strong></span> <span class='ocrx_word' id='word_1_547' title='bbox 302 1955 443 1990; x_wconf 77' lang='lat' dir='ltr'><strong>Respondit</strong></span> <span class='ocrx_word' id='word_1_548' title='bbox 459 1955 534 1982; x_wconf 78' lang='lat' dir='ltr'><strong>Jerus</strong></span> <span class='ocrx_word' id='word_1_549' title='bbox 548 1962 557 1982; x_wconf 94' lang='lat'><em>:</em></span> <span class='ocrx_word' id='word_1_550' title='bbox 571 1955 649 1981; x_wconf 74' lang='lat' dir='ltr'><strong>Amen</strong></span> <span class='ocrx_word' id='word_1_551' title='bbox 671 1953 727 1980; x_wconf 85' lang='lat' dir='ltr'><strong>dico</strong></span> <span class='ocrx_word' id='word_1_552' title='bbox 747 1953 790 1980; x_wconf 88' lang='lat' dir='ltr'><strong>tibi</strong></span> <span class='ocrx_word' id='word_1_553' title='bbox 803 1961 812 1980; x_wconf 92' lang='lat'><strong><em>:</em></strong></span> <span class='ocrx_word' id='word_1_554' title='bbox 828 1953 886 1981; x_wconf 75' lang='lat' dir='ltr'><strong>Nisi</strong></span> <span class='ocrx_word' id='word_1_555' title='bbox 902 1955 957 1988; x_wconf 74' lang='lat' dir='ltr'><strong>quis</strong></span> <span class='ocrx_word' id='word_1_556' title='bbox 976 1961 1051 1983; x_wconf 73' lang='lat' dir='ltr'><strong>natur</strong></span> 
     </span>
    </p>
   </div>
   <div class='ocr_carea' id='block_1_78' title="bbox 293 1999 1048 2037">
    <p class='ocr_par' dir='ltr' id='par_1_78' title="bbox 293 1999 1048 2037">
     <span class='ocr_line' id='line_1_78' title="bbox 293 1999 1048 2037; baseline 0 -9"><span class='ocrx_word' id='word_1_557' title='bbox 293 2002 368 2037; x_wconf 75' lang='lat' dir='ltr'><strong>fuerit</strong></span> <span class='ocrx_word' id='word_1_558' title='bbox 388 2009 420 2028; x_wconf 71' lang='lat' dir='ltr'><strong>ex</strong></span> <span class='ocrx_word' id='word_1_559' title='bbox 432 2008 498 2036; x_wconf 85' lang='lat' dir='ltr'><strong>aqua</strong></span> <span class='ocrx_word' id='word_1_560' title='bbox 512 2004 535 2028; x_wconf 80' lang='lat' dir='ltr'><strong>et</strong></span> <span class='ocrx_word' id='word_1_561' title='bbox 556 2000 655 2036; x_wconf 84' lang='lat' dir='ltr'><strong>Spiritu</strong></span> <span class='ocrx_word' id='word_1_562' title='bbox 665 2020 672 2031; x_wconf 96' lang='lat'><strong>,</strong></span> <span class='ocrx_word' id='word_1_563' title='bbox 687 2007 738 2026; x_wconf 86' lang='lat' dir='ltr'><strong>non</strong></span> <span class='ocrx_word' id='word_1_564' title='bbox 751 2003 832 2034; x_wconf 80' lang='lat' dir='ltr'><strong>potest</strong></span> <span class='ocrx_word' id='word_1_565' title='bbox 849 1999 955 2028; x_wconf 79' lang='lat' dir='ltr'><strong>introire</strong></span> <span class='ocrx_word' id='word_1_566' title='bbox 967 2001 993 2028; x_wconf 88' lang='lat' dir='ltr'><strong>in</strong></span> <span class='ocrx_word' id='word_1_567' title='bbox 1008 2009 1048 2028; x_wconf 86' lang='lat' dir='ltr'><strong>re-</strong></span> 
     </span>
    </p>
   </div>
   <div class='ocr_carea' id='block_1_79' title="bbox 291 2048 441 2085">
    <p class='ocr_par' dir='ltr' id='par_1_79' title="bbox 291 2048 441 2085">
     <span class='ocr_line' id='line_1_79' title="bbox 291 2048 441 2085; baseline -0.013 -9"><span class='ocrx_word' id='word_1_568' title='bbox 291 2057 370 2085; x_wconf 79' lang='lat' dir='ltr'><strong>gnum</strong></span> <span class='ocrx_word' id='word_1_569' title='bbox 383 2048 441 2076; x_wconf 83' lang='lat' dir='ltr'><strong>Dei.</strong></span> 
     </span>
    </p>
   </div>
   <div class='ocr_carea' id='block_1_80' title="bbox 292 2121 1049 2160">
    <p class='ocr_par' dir='ltr' id='par_1_80' title="bbox 292 2121 1049 2160">
     <span class='ocr_line' id='line_1_80' title="bbox 292 2121 1049 2160; baseline -0.003 -6"><span class='ocrx_word' id='word_1_570' title='bbox 292 2127 319 2154; x_wconf 78' lang='grc' dir='ltr'><strong>ί.</strong></span> <span class='ocrx_word' id='word_1_571' title='bbox 336 2125 442 2154; x_wconf 81' lang='lat' dir='ltr'><strong>Pueruli</strong></span> <span class='ocrx_word' id='word_1_572' title='bbox 457 2123 577 2160; x_wconf 86' lang='lat' dir='ltr'><strong>quotidie</strong></span> <span class='ocrx_word' id='word_1_573' title='bbox 591 2123 732 2158; x_wconf 87' lang='lat' dir='ltr'><strong>magistros</strong></span> <span class='ocrx_word' id='word_1_574' title='bbox 747 2121 885 2155; x_wconf 89' lang='lat' dir='ltr'><strong>adeuntes,</strong></span> <span class='ocrx_word' id='word_1_575' title='bbox 900 2122 1049 2152; x_wconf 87' lang='lat' dir='ltr'><strong>doctrinam</strong></span> 
     </span>
    </p>
   </div>
   <div class='ocr_carea' id='block_1_81' title="bbox 259 2168 1049 2206">
    <p class='ocr_par' dir='ltr' id='par_1_81' title="bbox 259 2168 1049 2206">
     <span class='ocr_line' id='line_1_81' title="bbox 259 2168 1049 2206; baseline -0.003 -6"><span class='ocrx_word' id='word_1_576' title='bbox 259 2171 392 2206; x_wconf 86' lang='lat' dir='ltr'><strong>accipiunt</strong></span> <span class='ocrx_word' id='word_1_577' title='bbox 414 2176 441 2198; x_wconf 91' lang='lat' dir='ltr'><strong>et</strong></span> <span class='ocrx_word' id='word_1_578' title='bbox 454 2171 578 2203; x_wconf 85' lang='lat' dir='ltr'><strong>recitanl,</strong></span> <span class='ocrx_word' id='word_1_579' title='bbox 592 2174 619 2197; x_wconf 91' lang='lat' dir='ltr'><strong>et</strong></span> <span class='ocrx_word' id='word_1_580' title='bbox 633 2175 778 2203; x_wconf 89' lang='lat' dir='ltr'><strong>numquam</strong></span> <span class='ocrx_word' id='word_1_581' title='bbox 791 2168 843 2196; x_wconf 87' lang='lat' dir='ltr'><strong>hoc</strong></span> <span class='ocrx_word' id='word_1_582' title='bbox 857 2170 953 2204; x_wconf 85' lang='lat' dir='ltr'><strong>agendi</strong></span> <span class='ocrx_word' id='word_1_583' title='bbox 969 2170 1049 2198; x_wconf 79' lang='lat' dir='ltr'><strong>tinent</strong></span> 
     </span>
    </p>
   </div>
   <div class='ocr_carea' id='block_1_82' title="bbox 255 2213 1048 2250">
    <p class='ocr_par' dir='ltr' id='par_1_82' title="bbox 255 2213 1048 2250">
     <span class='ocr_line' id='line_1_82' title="bbox 255 2213 1048 2250; baseline -0.001 -6"><span class='ocrx_word' id='word_1_584' title='bbox 255 2218 356 2245; x_wconf 86' lang='lat' dir='ltr'><strong>faciunt</strong></span> <span class='ocrx_word' id='word_1_585' title='bbox 368 2237 375 2248; x_wconf 91' lang='lat'><strong>,</strong></span> <span class='ocrx_word' id='word_1_586' title='bbox 397 2216 451 2243; x_wconf 91' lang='lat' dir='ltr'><strong>imo</strong></span> <span class='ocrx_word' id='word_1_587' title='bbox 473 2222 674 2250; x_wconf 87' lang='lat' dir='ltr'><strong>nonnumquam</strong></span> <span class='ocrx_word' id='word_1_588' title='bbox 694 2213 818 2241; x_wconf 85' lang='lat' dir='ltr'><strong>noctibus</strong></span> <span class='ocrx_word' id='word_1_589' title='bbox 836 2213 893 2241; x_wconf 86' lang='lat' dir='ltr'><strong>dies</strong></span> <span class='ocrx_word' id='word_1_590' title='bbox 905 2215 1048 2250; x_wconf 83' lang='lat' dir='ltr'><strong>adjiciunt,</strong></span> 
     </span>
    </p>
   </div>
   <div class='ocr_carea' id='block_1_83' title="bbox 257 2261 1050 2298">
    <p class='ocr_par' dir='ltr' id='par_1_83' title="bbox 257 2261 1050 2298">
     <span class='ocr_line' id='line_1_83' title="bbox 257 2261 1050 2298; baseline 0 -8"><span class='ocrx_word' id='word_1_591' title='bbox 257 2262 337 2297; x_wconf 86' lang='lat' dir='ltr'><strong>idque</strong></span> <span class='ocrx_word' id='word_1_592' title='bbox 360 2269 409 2297; x_wconf 90' lang='lat' dir='ltr'><strong>pro</strong></span> <span class='ocrx_word' id='word_1_593' title='bbox 430 2261 508 2290; x_wconf 84' lang='lat' dir='ltr'><strong>fluxis</strong></span> <span class='ocrx_word' id='word_1_594' title='bbox 522 2263 604 2291; x_wconf 86' lang='lat' dir='ltr'><strong>rebus</strong></span> <span class='ocrx_word' id='word_1_595' title='bbox 617 2263 705 2290; x_wconf 89' lang='lat' dir='ltr'><strong>facere</strong></span> <span class='ocrx_word' id='word_1_596' title='bbox 719 2270 735 2291; x_wconf 89' lang='lat' dir='ltr'><strong>a</strong></span> <span class='ocrx_word' id='word_1_597' title='bbox 750 2264 826 2292; x_wconf 86' lang='lat' dir='ltr'><strong>vobis</strong></span> <span class='ocrx_word' id='word_1_598' title='bbox 841 2266 980 2298; x_wconf 90' lang='lat' dir='ltr'><strong>coguntur.</strong></span> <span class='ocrx_word' id='word_1_599' title='bbox 997 2261 1050 2290; x_wconf 86' lang='lat' dir='ltr'><strong>Nos</strong></span> 
     </span>
    </p>
   </div>
   <div class='ocr_carea' id='block_1_84' title="bbox 256 2307 1050 2343">
    <p class='ocr_par' dir='ltr' id='par_1_84' title="bbox 256 2307 1050 2343">
     <span class='ocr_line' id='line_1_84' title="bbox 256 2307 1050 2343; baseline 0.003 -9"><span class='ocrx_word' id='word_1_600' title='bbox 256 2313 345 2335; x_wconf 88' lang='lat' dir='ltr'><strong>autem</strong></span> <span class='ocrx_word' id='word_1_601' title='bbox 359 2315 412 2335; x_wconf 92' lang='lat' dir='ltr'><strong>non</strong></span> <span class='ocrx_word' id='word_1_602' title='bbox 426 2315 442 2335; x_wconf 90' lang='lat' dir='ltr'><strong>a</strong></span> <span class='ocrx_word' id='word_1_603' title='bbox 456 2308 542 2341; x_wconf 89' lang='lat' dir='ltr'><strong>vobis,</strong></span> <span class='ocrx_word' id='word_1_604' title='bbox 554 2308 598 2343; x_wconf 91' lang='lat' dir='ltr'><strong>qui</strong></span> <span class='ocrx_word' id='word_1_605' title='bbox 611 2308 636 2335; x_wconf 93' lang='lat' dir='ltr'><strong>in</strong></span> <span class='ocrx_word' id='word_1_606' title='bbox 648 2308 809 2343; x_wconf 88' lang='lat' dir='ltr'><strong>perfectiore</strong></span> <span class='ocrx_word' id='word_1_607' title='bbox 820 2312 898 2336; x_wconf 81' lang='lat' dir='ltr'><strong>aetate</strong></span> <span class='ocrx_word' id='word_1_608' title='bbox 910 2307 985 2340; x_wconf 89' lang='lat' dir='ltr'><strong>estis,</strong></span> <span class='ocrx_word' id='word_1_609' title='bbox 1000 2308 1050 2336; x_wconf 82' lang='lat' dir='ltr'><strong>hoc</strong></span> 
     </span>
    </p>
   </div>
   <div class='ocr_carea' id='block_1_85' title="bbox 257 2353 1050 2389">
    <p class='ocr_par' dir='ltr' id='par_1_85' title="bbox 257 2353 1050 2389">
     <span class='ocr_line' id='line_1_85' title="bbox 257 2353 1050 2389; baseline 0.001 -10"><span class='ocrx_word' id='word_1_610' title='bbox 257 2353 433 2388; x_wconf 85' lang='lat' dir='ltr'><strong>requirimus,</strong></span> <span class='ocrx_word' id='word_1_611' title='bbox 459 2353 530 2388; x_wconf 93' lang='lat' dir='ltr'><strong>quod</strong></span> <span class='ocrx_word' id='word_1_612' title='bbox 547 2360 594 2380; x_wconf 90' lang='lat' dir='ltr'><strong>vos</strong></span> <span class='ocrx_word' id='word_1_613' title='bbox 608 2360 622 2380; x_wconf 89' lang='lat' dir='ltr'><strong>a</strong></span> <span class='ocrx_word' id='word_1_614' title='bbox 638 2353 701 2381; x_wconf 88' lang='lat' dir='ltr'><strong>ﬁliis</strong></span> <span class='ocrx_word' id='word_1_615' title='bbox 715 2354 813 2381; x_wconf 83' lang='lat' dir='ltr'><strong>vestris</strong></span> <span class='ocrx_word' id='word_1_616' title='bbox 828 2353 943 2389; x_wconf 85' lang='lat' dir='ltr'><strong>exigitis.</strong></span> <span class='ocrx_word' id='word_1_617' title='bbox 959 2353 1050 2388; x_wconf 86' lang='lat' dir='ltr'><strong>Neque</strong></span> 
     </span>
    </p>
   </div>
   <div class='ocr_carea' id='block_1_86' title="bbox 257 2399 1050 2434">
    <p class='ocr_par' dir='ltr' id='par_1_86' title="bbox 257 2399 1050 2434">
     <span class='ocr_line' id='line_1_86' title="bbox 257 2399 1050 2434; baseline -0.001 -8"><span class='ocrx_word' id='word_1_618' title='bbox 257 2399 329 2427; x_wconf 81' lang='lat' dir='ltr'><strong>enim</strong></span> <span class='ocrx_word' id='word_1_619' title='bbox 340 2399 468 2434; x_wconf 89' lang='lat' dir='ltr'><strong>quotidie,</strong></span> <span class='ocrx_word' id='word_1_620' title='bbox 478 2399 524 2426; x_wconf 89' lang='lat' dir='ltr'><strong>sed</strong></span> <span class='ocrx_word' id='word_1_621' title='bbox 534 2399 574 2426; x_wconf 93' lang='lat' dir='ltr'><strong>bis</strong></span> <span class='ocrx_word' id='word_1_622' title='bbox 583 2403 684 2426; x_wconf 83' lang='lat' dir='ltr'><strong>tantum</strong></span> <span class='ocrx_word' id='word_1_623' title='bbox 698 2401 723 2427; x_wconf 88' lang='lat' dir='ltr'><strong>in</strong></span> <span class='ocrx_word' id='word_1_624' title='bbox 734 2399 900 2427; x_wconf 89' lang='lat' dir='ltr'><strong>hebdomada</strong></span> <span class='ocrx_word' id='word_1_625' title='bbox 909 2399 960 2434; x_wconf 84' lang='lat' dir='ltr'><strong>(a),</strong></span> <span class='ocrx_word' id='word_1_626' title='bbox 971 2399 1050 2434; x_wconf 90' lang='lat' dir='ltr'><strong>idque</strong></span> 
     </span>
    </p>
   </div>
   <div class='ocr_carea' id='block_1_87' title="bbox 257 2443 1050 2479">
    <p class='ocr_par' dir='ltr' id='par_1_87' title="bbox 257 2443 1050 2479">
     <span class='ocr_line' id='line_1_87' title="bbox 257 2443 1050 2479; baseline -0.001 -8"><span class='ocrx_word' id='word_1_627' title='bbox 257 2452 304 2479; x_wconf 85' lang='lat' dir='ltr'><strong>per</strong></span> <span class='ocrx_word' id='word_1_628' title='bbox 319 2444 427 2472; x_wconf 85' lang='lat' dir='ltr'><strong>brevem</strong></span> <span class='ocrx_word' id='word_1_629' title='bbox 446 2443 498 2471; x_wconf 87' lang='lat' dir='ltr'><strong>diei</strong></span> <span class='ocrx_word' id='word_1_630' title='bbox 519 2448 640 2479; x_wconf 89' lang='lat' dir='ltr'><strong>partem,</strong></span> <span class='ocrx_word' id='word_1_631' title='bbox 665 2449 692 2472; x_wconf 91' lang='lat' dir='ltr'><strong>ut</strong></span> <span class='ocrx_word' id='word_1_632' title='bbox 715 2444 833 2471; x_wconf 86' lang='lat' dir='ltr'><strong>laborem</strong></span> <span class='ocrx_word' id='word_1_633' title='bbox 847 2443 983 2476; x_wconf 89' lang='lat' dir='ltr'><strong>levemus,</strong></span> <span class='ocrx_word' id='word_1_634' title='bbox 1001 2451 1050 2471; x_wconf 89' lang='lat' dir='ltr'><strong>vos</strong></span> 
     </span>
    </p>
   </div>
   <div class='ocr_carea' id='block_1_88' title="bbox 256 2488 1048 2524">
    <p class='ocr_par' dir='ltr' id='par_1_88' title="bbox 256 2488 1048 2524">
     <span class='ocr_line' id='line_1_88' title="bbox 256 2488 1048 2524; baseline -0.003 -7"><span class='ocrx_word' id='word_1_635' title='bbox 256 2489 378 2518; x_wconf 85' lang='lat' dir='ltr'><strong>concioni</strong></span> <span class='ocrx_word' id='word_1_636' title='bbox 391 2489 486 2517; x_wconf 88' lang='lat' dir='ltr'><strong>adesse</strong></span> <span class='ocrx_word' id='word_1_637' title='bbox 496 2493 522 2516; x_wconf 90' lang='lat' dir='ltr'><strong>et</strong></span> <span class='ocrx_word' id='word_1_638' title='bbox 533 2489 670 2516; x_wconf 90' lang='lat' dir='ltr'><strong>attendere</strong></span> <span class='ocrx_word' id='word_1_639' title='bbox 685 2489 830 2516; x_wconf 89' lang='lat' dir='ltr'><strong>hortamur.</strong></span> <span class='ocrx_word' id='word_1_640' title='bbox 847 2488 908 2517; x_wconf 85' lang='lat' dir='ltr'><strong>Ideo</strong></span> <span class='ocrx_word' id='word_1_641' title='bbox 923 2489 1048 2524; x_wconf 88' lang='lat' dir='ltr'><strong>paulatim</strong></span> 
     </span>
    </p>
   </div>
   <div class='ocr_carea' id='block_1_89' title="bbox 257 2535 1049 2571">
    <p class='ocr_par' dir='ltr' id='par_1_89' title="bbox 257 2535 1049 2571">
     <span class='ocr_line' id='line_1_89' title="bbox 257 2535 1049 2571; baseline -0.003 -8"><span class='ocrx_word' id='word_1_642' title='bbox 257 2536 333 2563; x_wconf 91' lang='lat' dir='ltr'><strong>vobis</strong></span> <span class='ocrx_word' id='word_1_643' title='bbox 345 2535 543 2571; x_wconf 90' lang='lat' dir='ltr'><strong>Scripturarum</strong></span> <span class='ocrx_word' id='word_1_644' title='bbox 556 2535 628 2563; x_wconf 87' lang='lat' dir='ltr'><strong>dicta</strong></span> <span class='ocrx_word' id='word_1_645' title='bbox 641 2535 810 2570; x_wconf 89' lang='lat' dir='ltr'><strong>decerpimus</strong></span> <span class='ocrx_word' id='word_1_646' title='bbox 822 2556 830 2569; x_wconf 95' lang='lat'><strong>,</strong></span> <span class='ocrx_word' id='word_1_647' title='bbox 854 2539 883 2562; x_wconf 91' lang='lat' dir='ltr'><strong>ut</strong></span> <span class='ocrx_word' id='word_1_648' title='bbox 901 2542 932 2562; x_wconf 90' lang='lat' dir='ltr'><strong>ea</strong></span> <span class='ocrx_word' id='word_1_649' title='bbox 948 2535 1049 2562; x_wconf 83' lang='lat' dir='ltr'><strong>facilius</strong></span> 
     </span>
    </p>
   </div>
   <div class='ocr_carea' id='block_1_90' title="bbox 256 2581 1049 2619">
    <p class='ocr_par' dir='ltr' id='par_1_90' title="bbox 256 2581 1049 2619">
     <span class='ocr_line' id='line_1_90' title="bbox 256 2581 1049 2619; baseline -0.003 -9"><span class='ocrx_word' id='word_1_650' title='bbox 256 2590 352 2619; x_wconf 84' lang='lat' dir='ltr'><strong>capere</strong></span> <span class='ocrx_word' id='word_1_651' title='bbox 364 2604 372 2616; x_wconf 94' lang='lat'><strong>,</strong></span> <span class='ocrx_word' id='word_1_652' title='bbox 387 2588 415 2611; x_wconf 89' lang='lat' dir='ltr'><strong>et</strong></span> <span class='ocrx_word' id='word_1_653' title='bbox 436 2582 462 2610; x_wconf 91' lang='lat' dir='ltr'><strong>in</strong></span> <span class='ocrx_word' id='word_1_654' title='bbox 482 2583 579 2610; x_wconf 87' lang='lat' dir='ltr'><strong>mentis</strong></span> <span class='ocrx_word' id='word_1_655' title='bbox 599 2586 694 2609; x_wconf 72' lang='lat' dir='ltr'><strong>vestra:</strong></span> <span class='ocrx_word' id='word_1_656' title='bbox 716 2582 892 2618; x_wconf 85' lang='lat' dir='ltr'><strong>receptaculis</strong></span> <span class='ocrx_word' id='word_1_657' title='bbox 915 2581 1049 2616; x_wconf 81' lang='lat' dir='ltr'><strong>deponere</strong></span> 
     </span>
    </p>
   </div>
   <div class='ocr_carea' id='block_1_91' title="bbox 257 2627 1048 2664">
    <p class='ocr_par' dir='ltr' id='par_1_91' title="bbox 257 2627 1048 2664">
     <span class='ocr_line' id='line_1_91' title="bbox 257 2627 1048 2664; baseline -0.004 -8"><span class='ocrx_word' id='word_1_658' title='bbox 257 2629 384 2662; x_wconf 83' lang='lat' dir='ltr'><strong>valeatis,</strong></span> <span class='ocrx_word' id='word_1_659' title='bbox 401 2633 481 2664; x_wconf 85' lang='lat' dir='ltr'><strong>atque</strong></span> <span class='ocrx_word' id='word_1_660' title='bbox 500 2628 527 2655; x_wconf 91' lang='lat' dir='ltr'><strong>in</strong></span> <span class='ocrx_word' id='word_1_661' title='bbox 543 2628 673 2656; x_wconf 87' lang='lat' dir='ltr'><strong>memoria</strong></span> <span class='ocrx_word' id='word_1_662' title='bbox 687 2628 819 2661; x_wconf 77' lang='lat' dir='ltr'><strong>retinere,</strong></span> <span class='ocrx_word' id='word_1_663' title='bbox 844 2633 872 2656; x_wconf 92' lang='lat' dir='ltr'><strong>ut</strong></span> <span class='ocrx_word' id='word_1_664' title='bbox 896 2627 1003 2663; x_wconf 88' lang='lat' dir='ltr'><strong>possitis</strong></span> <span class='ocrx_word' id='word_1_665' title='bbox 1017 2635 1048 2654; x_wconf 86' lang='lat' dir='ltr'><strong>ea</strong></span> 
     </span>
    </p>
   </div>
   <div class='ocr_carea' id='block_1_92' title="bbox 256 2672 1049 2708">
    <p class='ocr_par' dir='ltr' id='par_1_92' title="bbox 256 2672 1049 2708">
     <span class='ocr_line' id='line_1_92' title="bbox 256 2672 1049 2708; baseline -0.003 -7"><span class='ocrx_word' id='word_1_666' title='bbox 256 2675 315 2702; x_wconf 86' lang='lat' dir='ltr'><strong>aliis</strong></span> <span class='ocrx_word' id='word_1_667' title='bbox 328 2674 437 2701; x_wconf 86' lang='lat' dir='ltr'><strong>referre.</strong></span> <span class='ocrx_word' id='word_1_668' title='bbox 452 2673 507 2701; x_wconf 90' lang='lat' dir='ltr'><strong>Nisi</strong></span> <span class='ocrx_word' id='word_1_669' title='bbox 521 2672 633 2701; x_wconf 86' lang='lat' dir='ltr'><strong>fortasse</strong></span> <span class='ocrx_word' id='word_1_670' title='bbox 645 2673 776 2708; x_wconf 74' lang='lat' dir='ltr'><strong>quiSpiam</strong></span> <span class='ocrx_word' id='word_1_671' title='bbox 789 2673 934 2701; x_wconf 81' lang='lat' dir='ltr'><strong>admodum</strong></span> <span class='ocrx_word' id='word_1_672' title='bbox 949 2673 1049 2700; x_wconf 83' lang='lat' dir='ltr'><strong>sornni-</strong></span> 
     </span>
    </p>
   </div>
   <div class='ocr_carea' id='block_1_93' title="bbox 256 2717 1048 2753">
    <p class='ocr_par' dir='ltr' id='par_1_93' title="bbox 256 2717 1048 2753">
     <span class='ocr_line' id='line_1_93' title="bbox 256 2717 1048 2753; baseline -0.003 -7"><span class='ocrx_word' id='word_1_673' title='bbox 256 2720 364 2747; x_wconf 88' lang='lat' dir='ltr'><strong>culosus</strong></span> <span class='ocrx_word' id='word_1_674' title='bbox 378 2719 413 2746; x_wconf 82' lang='lat' dir='ltr'><strong>sit</strong></span> <span class='ocrx_word' id='word_1_675' title='bbox 425 2723 452 2746; x_wconf 89' lang='lat' dir='ltr'><strong>et</strong></span> <span class='ocrx_word' id='word_1_676' title='bbox 465 2719 574 2753; x_wconf 85' lang='lat' dir='ltr'><strong>ignavus</strong></span> <span class='ocrx_word' id='word_1_677' title='bbox 590 2718 752 2753; x_wconf 90' lang='lat' dir='ltr'><strong>pueruloque</strong></span> <span class='ocrx_word' id='word_1_678' title='bbox 767 2718 898 2746; x_wconf 88' lang='lat' dir='ltr'><strong>hebetior.</strong></span> <span class='ocrx_word' id='word_1_679' title='bbox 915 2717 1048 2745; x_wconf 86' lang='lat' dir='ltr'><strong>Dictorum</strong></span> 
     </span>
    </p>
   </div>
   <div class='ocr_carea' id='block_1_94' title="bbox 256 2763 1047 2801">
    <p class='ocr_par' dir='ltr' id='par_1_94' title="bbox 256 2763 1047 2801">
     <span class='ocr_line' id='line_1_94' title="bbox 256 2763 1047 2801; baseline -0.004 -8"><span class='ocrx_word' id='word_1_680' title='bbox 256 2767 346 2801; x_wconf 85' lang='lat' dir='ltr'><strong>itaque</strong></span> <span class='ocrx_word' id='word_1_681' title='bbox 362 2766 459 2794; x_wconf 87' lang='lat' dir='ltr'><strong>seriem</strong></span> <span class='ocrx_word' id='word_1_682' title='bbox 474 2765 653 2800; x_wconf 82' lang='lat' dir='ltr'><strong>arripiamus;</strong></span> <span class='ocrx_word' id='word_1_683' title='bbox 672 2764 817 2792; x_wconf 83' lang='lat' dir='ltr'><strong>Nicodemo</strong></span> <span class='ocrx_word' id='word_1_684' title='bbox 830 2771 943 2798; x_wconf 85' lang='lat' dir='ltr'><strong>namque</strong></span> <span class='ocrx_word' id='word_1_685' title='bbox 959 2764 984 2791; x_wconf 91' lang='lat' dir='ltr'><strong>in</strong></span> <span class='ocrx_word' id='word_1_686' title='bbox 999 2763 1047 2791; x_wconf 90' lang='lat' dir='ltr'><strong>hu-</strong></span> 
     </span>
    </p>
   </div>
   <div class='ocr_carea' id='block_1_95' title="bbox 288 2841 965 2876">
    <p class='ocr_par' dir='ltr' id='par_1_95' title="bbox 288 2841 965 2876">
     <span class='ocr_line' id='line_1_95' title="bbox 288 2841 965 2876; baseline -0.012 -6"><span class='ocrx_word' id='word_1_687' title='bbox 288 2843 325 2876; x_wconf 75' lang='grc' dir='ltr'><strong>(α)</strong></span> <span class='ocrx_word' id='word_1_688' title='bbox 342 2843 524 2876; x_wconf 71' lang='lat' dir='ltr'><strong>Chrysostomus</strong></span> <span class='ocrx_word' id='word_1_689' title='bbox 533 2843 570 2868; x_wconf 83' lang='lat' dir='ltr'><strong>bis</strong></span> <span class='ocrx_word' id='word_1_690' title='bbox 579 2843 602 2868; x_wconf 90' lang='lat' dir='ltr'><strong>in</strong></span> <span class='ocrx_word' id='word_1_691' title='bbox 615 2842 765 2867; x_wconf 80' lang='lat' dir='ltr'><strong>hebdomade</strong></span> <span class='ocrx_word' id='word_1_692' title='bbox 776 2841 965 2867; x_wconf 83' lang='lat' dir='ltr'><strong>conciouabatur.</strong></span> 
     </span>
    </p>
   </div>
   <div class='ocr_carea' id='block_1_96' title="bbox 1104 1959 1892 2001">
    <p class='ocr_par' dir='ltr' id='par_1_96' title="bbox 1104 1959 1892 2001">
     <span class='ocr_line' id='line_1_96' title="bbox 1104 1959 1892 2001; baseline 0.008 -15"><span class='ocrx_word' id='word_1_693' title='bbox 1104 1959 1208 1988; x_wconf 87' lang='lat' dir='ltr'><strong>tuiliora</strong></span> <span class='ocrx_word' id='word_1_694' title='bbox 1223 1961 1372 1995; x_wconf 83' lang='lat' dir='ltr'><strong>dccidente,</strong></span> <span class='ocrx_word' id='word_1_695' title='bbox 1389 1968 1416 1990; x_wconf 88' lang='lat' dir='ltr'><strong>et</strong></span> <span class='ocrx_word' id='word_1_696' title='bbox 1430 1963 1526 1991; x_wconf 87' lang='lat' dir='ltr'><strong>Christi</strong></span> <span class='ocrx_word' id='word_1_697' title='bbox 1541 1963 1640 1991; x_wconf 79' lang='lat' dir='ltr'><strong>dictum</strong></span> <span class='ocrx_word' id='word_1_698' title='bbox 1655 1964 1686 1992; x_wconf 87' lang='lat' dir='ltr'><strong>ad</strong></span> <span class='ocrx_word' id='word_1_699' title='bbox 1703 1969 1835 1992; x_wconf 83' lang='lat' dir='ltr'><strong>terrenam</strong></span> <span class='ocrx_word' id='word_1_700' title='bbox 1845 1973 1892 2001; x_wconf 86' lang='lat' dir='ltr'><strong>ge-</strong></span> 
     </span>
    </p>
   </div>
   <div class='ocr_carea' id='block_1_97' title="bbox 1104 2005 1893 2045">
    <p class='ocr_par' dir='ltr' id='par_1_97' title="bbox 1104 2005 1893 2045">
     <span class='ocr_line' id='line_1_97' title="bbox 1104 2005 1893 2045; baseline 0.009 -14"><span class='ocrx_word' id='word_1_701' title='bbox 1104 2005 1268 2034; x_wconf 86' lang='lat' dir='ltr'><strong>nerationem</strong></span> <span class='ocrx_word' id='word_1_702' title='bbox 1284 2007 1450 2042; x_wconf 90' lang='lat' dir='ltr'><strong>deprimente</strong></span> <span class='ocrx_word' id='word_1_703' title='bbox 1461 2029 1469 2042; x_wconf 83' lang='lat'><strong>,</strong></span> <span class='ocrx_word' id='word_1_704' title='bbox 1485 2017 1516 2036; x_wconf 90' lang='lat' dir='ltr'><strong>ac</strong></span> <span class='ocrx_word' id='word_1_705' title='bbox 1532 2009 1638 2037; x_wconf 87' lang='lat' dir='ltr'><strong>dicente</strong></span> <span class='ocrx_word' id='word_1_706' title='bbox 1654 2010 1818 2045; x_wconf 54' lang='lat' dir='ltr'><strong>impossibile</strong></span> <span class='ocrx_word' id='word_1_707' title='bbox 1833 2018 1893 2039; x_wconf 83' lang='lat' dir='ltr'><strong>esse</strong></span> 
     </span>
    </p>
   </div>
   <div class='ocr_carea' id='block_1_98' title="bbox 1102 2052 1893 2090">
    <p class='ocr_par' dir='ltr' id='par_1_98' title="bbox 1102 2052 1893 2090">
     <span class='ocr_line' id='line_1_98' title="bbox 1102 2052 1893 2090; baseline 0.006 -11"><span class='ocrx_word' id='word_1_708' title='bbox 1102 2060 1193 2080; x_wconf 84' lang='lat' dir='ltr'><strong>senem</strong></span> <span class='ocrx_word' id='word_1_709' title='bbox 1212 2052 1302 2081; x_wconf 88' lang='lat' dir='ltr'><strong>denuo</strong></span> <span class='ocrx_word' id='word_1_710' title='bbox 1317 2055 1408 2087; x_wconf 88' lang='lat' dir='ltr'><strong>nasci,</strong></span> <span class='ocrx_word' id='word_1_711' title='bbox 1425 2055 1546 2083; x_wconf 82' lang='lat' dir='ltr'><strong>Christus</strong></span> <span class='ocrx_word' id='word_1_712' title='bbox 1559 2057 1736 2090; x_wconf 76' lang='lat' dir='ltr'><strong>generationis</strong></span> <span class='ocrx_word' id='word_1_713' title='bbox 1753 2057 1822 2084; x_wconf 91' lang='lat' dir='ltr'><strong>illius</strong></span> <span class='ocrx_word' id='word_1_714' title='bbox 1837 2065 1893 2084; x_wconf 85' lang='lat' dir='ltr'><strong>mo—</strong></span> 
     </span>
    </p>
   </div>
   <div class='ocr_carea' id='block_1_99' title="bbox 1101 2097 1891 2138">
    <p class='ocr_par' dir='ltr' id='par_1_99' title="bbox 1101 2097 1891 2138">
     <span class='ocr_line' id='line_1_99' title="bbox 1101 2097 1891 2138; baseline 0.008 -14"><span class='ocrx_word' id='word_1_715' title='bbox 1101 2097 1164 2125; x_wconf 90' lang='lat' dir='ltr'><strong>dum</strong></span> <span class='ocrx_word' id='word_1_716' title='bbox 1177 2098 1276 2126; x_wconf 85' lang='lat' dir='ltr'><strong>clarius</strong></span> <span class='ocrx_word' id='word_1_717' title='bbox 1289 2100 1413 2134; x_wconf 78' lang='lat' dir='ltr'><strong>explicat,</strong></span> <span class='ocrx_word' id='word_1_718' title='bbox 1430 2101 1474 2135; x_wconf 90' lang='lat' dir='ltr'><strong>qui</strong></span> <span class='ocrx_word' id='word_1_719' title='bbox 1488 2101 1595 2129; x_wconf 86' lang='lat' dir='ltr'><strong>difficile</strong></span> <span class='ocrx_word' id='word_1_720' title='bbox 1608 2102 1714 2136; x_wconf 91' lang='lat' dir='ltr'><strong>quidem</strong></span> <span class='ocrx_word' id='word_1_721' title='bbox 1729 2102 1891 2138; x_wconf 71' lang='lat' dir='ltr'><strong>intelligere—</strong></span> 
     </span>
    </p>
   </div>
   <div class='ocr_carea' id='block_1_100' title="bbox 1102 2144 1893 2183">
    <p class='ocr_par' dir='ltr' id='par_1_100' title="bbox 1102 2144 1893 2183">
     <span class='ocr_line' id='line_1_100' title="bbox 1102 2144 1893 2183; baseline 0.008 -13"><span class='ocrx_word' id='word_1_722' title='bbox 1102 2148 1145 2170; x_wconf 88' lang='lat' dir='ltr'><strong>tur</strong></span> <span class='ocrx_word' id='word_1_723' title='bbox 1157 2144 1190 2171; x_wconf 89' lang='lat' dir='ltr'><strong>ab</strong></span> <span class='ocrx_word' id='word_1_724' title='bbox 1204 2152 1246 2177; x_wconf 89' lang='lat' dir='ltr'><strong>eo,</strong></span> <span class='ocrx_word' id='word_1_725' title='bbox 1261 2146 1305 2180; x_wconf 91' lang='lat' dir='ltr'><strong>qui</strong></span> <span class='ocrx_word' id='word_1_726' title='bbox 1319 2146 1426 2173; x_wconf 76' lang='lat' dir='ltr'><strong>animali</strong></span> <span class='ocrx_word' id='word_1_727' title='bbox 1443 2147 1522 2174; x_wconf 86' lang='lat' dir='ltr'><strong>modo</strong></span> <span class='ocrx_word' id='word_1_728' title='bbox 1536 2147 1734 2182; x_wconf 85' lang='lat' dir='ltr'><strong>interrogasset,</strong></span> <span class='ocrx_word' id='word_1_729' title='bbox 1750 2153 1893 2183; x_wconf 73' lang='lat' dir='ltr'><strong>pOSsetque</strong></span> 
     </span>
    </p>
   </div>
   <div class='ocr_carea' id='block_1_101' title="bbox 1103 2191 1893 2228">
    <p class='ocr_par' dir='ltr' id='par_1_101' title="bbox 1103 2191 1893 2228">
     <span class='ocr_line' id='line_1_101' title="bbox 1103 2191 1893 2228; baseline 0.009 -13"><span class='ocrx_word' id='word_1_730' title='bbox 1103 2193 1190 2216; x_wconf 90' lang='lat' dir='ltr'><strong>tamen</strong></span> <span class='ocrx_word' id='word_1_731' title='bbox 1212 2191 1246 2218; x_wconf 88' lang='lat' dir='ltr'><strong>ab</strong></span> <span class='ocrx_word' id='word_1_732' title='bbox 1260 2191 1309 2218; x_wconf 88' lang='lat' dir='ltr'><strong>hac</strong></span> <span class='ocrx_word' id='word_1_733' title='bbox 1322 2191 1424 2226; x_wconf 87' lang='lat' dir='ltr'><strong>abjecta</strong></span> <span class='ocrx_word' id='word_1_734' title='bbox 1439 2193 1601 2227; x_wconf 87' lang='lat' dir='ltr'><strong>cogitatione</strong></span> <span class='ocrx_word' id='word_1_735' title='bbox 1618 2193 1825 2228; x_wconf 85' lang='lat' dir='ltr'><strong>interrogantem</strong></span> <span class='ocrx_word' id='word_1_736' title='bbox 1841 2195 1893 2222; x_wconf 53' lang='lat' dir='ltr'><strong>eri.</strong></span> 
     </span>
    </p>
   </div>
   <div class='ocr_carea' id='block_1_102' title="bbox 1101 2235 1892 2273">
    <p class='ocr_par' dir='ltr' id='par_1_102' title="bbox 1101 2235 1892 2273">
     <span class='ocr_line' id='line_1_102' title="bbox 1101 2235 1892 2273; baseline 0.005 -11"><span class='ocrx_word' id='word_1_737' title='bbox 1101 2243 1174 2270; x_wconf 80' lang='lat' dir='ltr'><strong>gere.</strong></span> <span class='ocrx_word' id='word_1_738' title='bbox 1189 2235 1257 2269; x_wconf 86' lang='lat' dir='ltr'><strong>Quid</strong></span> <span class='ocrx_word' id='word_1_739' title='bbox 1271 2237 1342 2264; x_wconf 89' lang='lat' dir='ltr'><strong>enim</strong></span> <span class='ocrx_word' id='word_1_740' title='bbox 1356 2237 1439 2265; x_wconf 83' lang='lat' dir='ltr'><strong>dicit?</strong></span> <span class='ocrx_word' id='word_1_741' title='bbox 1454 2239 1531 2265; x_wconf 79' lang='lat' dir='ltr'><strong>Amen</strong></span> <span class='ocrx_word' id='word_1_742' title='bbox 1547 2239 1602 2265; x_wconf 83' lang='lat' dir='ltr'><strong>dico</strong></span> <span class='ocrx_word' id='word_1_743' title='bbox 1615 2238 1673 2272; x_wconf 89' lang='lat' dir='ltr'><strong>tibi,</strong></span> <span class='ocrx_word' id='word_1_744' title='bbox 1691 2239 1739 2266; x_wconf 79' lang='lat' dir='ltr'><strong>nisi</strong></span> <span class='ocrx_word' id='word_1_745' title='bbox 1751 2240 1806 2273; x_wconf 74' lang='lat' dir='ltr'><strong>quis</strong></span> <span class='ocrx_word' id='word_1_746' title='bbox 1819 2245 1892 2267; x_wconf 77' lang='lat' dir='ltr'><strong>natus</strong></span> 
     </span>
    </p>
   </div>
   <div class='ocr_carea' id='block_1_103' title="bbox 1103 2282 1892 2321">
    <p class='ocr_par' dir='ltr' id='par_1_103' title="bbox 1103 2282 1892 2321">
     <span class='ocr_line' id='line_1_103' title="bbox 1103 2282 1892 2321; baseline 0.005 -13"><span class='ocrx_word' id='word_1_747' title='bbox 1103 2282 1178 2317; x_wconf 85' lang='lat' dir='ltr'><strong>fuerit</strong></span> <span class='ocrx_word' id='word_1_748' title='bbox 1194 2290 1225 2309; x_wconf 79' lang='lat' dir='ltr'><strong>ea:</strong></span> <span class='ocrx_word' id='word_1_749' title='bbox 1237 2291 1302 2317; x_wconf 85' lang='lat' dir='ltr'><strong>aqua</strong></span> <span class='ocrx_word' id='word_1_750' title='bbox 1316 2289 1339 2310; x_wconf 90' lang='lat' dir='ltr'><strong>et</strong></span> <span class='ocrx_word' id='word_1_751' title='bbox 1353 2284 1453 2319; x_wconf 84' lang='lat' dir='ltr'><strong>Spiritu</strong></span> <span class='ocrx_word' id='word_1_752' title='bbox 1465 2304 1472 2315; x_wconf 80' lang='lat'><em>.</em></span> <span class='ocrx_word' id='word_1_753' title='bbox 1487 2292 1538 2311; x_wconf 86' lang='lat' dir='ltr'><strong>non</strong></span> <span class='ocrx_word' id='word_1_754' title='bbox 1551 2290 1632 2320; x_wconf 80' lang='lat' dir='ltr'><strong>potest</strong></span> <span class='ocrx_word' id='word_1_755' title='bbox 1645 2286 1739 2312; x_wconf 82' lang='lat' dir='ltr'><strong>intrare</strong></span> <span class='ocrx_word' id='word_1_756' title='bbox 1750 2286 1776 2312; x_wconf 88' lang='lat' dir='ltr'><strong>in</strong></span> <span class='ocrx_word' id='word_1_757' title='bbox 1787 2294 1892 2321; x_wconf 83' lang='lat' dir='ltr'><strong>regnum</strong></span> 
     </span>
    </p>
   </div>
   <div class='ocr_carea' id='block_1_104' title="bbox 1101 2327 1891 2366">
    <p class='ocr_par' dir='ltr' id='par_1_104' title="bbox 1101 2327 1891 2366">
     <span class='ocr_line' id='line_1_104' title="bbox 1101 2327 1891 2366; baseline 0.004 -12"><span class='ocrx_word' id='word_1_758' title='bbox 1101 2327 1166 2360; x_wconf 81' lang='lat' dir='ltr'><strong>Dei;</strong></span> <span class='ocrx_word' id='word_1_759' title='bbox 1188 2328 1213 2356; x_wconf 92' lang='lat' dir='ltr'><strong>id</strong></span> <span class='ocrx_word' id='word_1_760' title='bbox 1234 2335 1273 2357; x_wconf 86' lang='lat' dir='ltr'><strong>est</strong></span> <span class='ocrx_word' id='word_1_761' title='bbox 1287 2339 1293 2357; x_wconf 86' lang='lat'><strong>:</strong></span> <span class='ocrx_word' id='word_1_762' title='bbox 1306 2329 1345 2357; x_wconf 95' lang='lat' dir='ltr'><strong>Tu</strong></span> <span class='ocrx_word' id='word_1_763' title='bbox 1359 2331 1464 2366; x_wconf 86' lang='lat' dir='ltr'><strong>quidem</strong></span> <span class='ocrx_word' id='word_1_764' title='bbox 1481 2330 1532 2358; x_wconf 87' lang='lat' dir='ltr'><strong>hoc</strong></span> <span class='ocrx_word' id='word_1_765' title='bbox 1555 2331 1718 2366; x_wconf 89' lang='lat' dir='ltr'><strong>impossibile</strong></span> <span class='ocrx_word' id='word_1_766' title='bbox 1733 2339 1793 2359; x_wconf 83' lang='lat' dir='ltr'><strong>esse</strong></span> <span class='ocrx_word' id='word_1_767' title='bbox 1807 2331 1872 2358; x_wconf 83' lang='lat' dir='ltr'><strong>dicis</strong></span> <span class='ocrx_word' id='word_1_768' title='bbox 1885 2340 1891 2357; x_wconf 90' lang='lat'>:</span> 
     </span>
    </p>
   </div>
   <div class='ocr_carea' id='block_1_105' title="bbox 1101 2375 1892 2411">
    <p class='ocr_par' dir='ltr' id='par_1_105' title="bbox 1101 2375 1892 2411">
     <span class='ocr_line' id='line_1_105' title="bbox 1101 2375 1892 2411; baseline 0.003 -10"><span class='ocrx_word' id='word_1_769' title='bbox 1101 2382 1150 2410; x_wconf 86' lang='lat' dir='ltr'><strong>ego</strong></span> <span class='ocrx_word' id='word_1_770' title='bbox 1163 2382 1226 2402; x_wconf 85' lang='lat' dir='ltr'><strong>vero</strong></span> <span class='ocrx_word' id='word_1_771' title='bbox 1241 2375 1383 2403; x_wconf 89' lang='lat' dir='ltr'><strong>admodum</strong></span> <span class='ocrx_word' id='word_1_772' title='bbox 1400 2376 1526 2411; x_wconf 86' lang='lat' dir='ltr'><strong>possibile</strong></span> <span class='ocrx_word' id='word_1_773' title='bbox 1541 2376 1615 2409; x_wconf 85' lang='lat' dir='ltr'><strong>dico;</strong></span> <span class='ocrx_word' id='word_1_774' title='bbox 1633 2381 1661 2403; x_wconf 92' lang='lat' dir='ltr'><strong>ut</strong></span> <span class='ocrx_word' id='word_1_775' title='bbox 1672 2377 1752 2404; x_wconf 89' lang='lat' dir='ltr'><strong>etiam</strong></span> <span class='ocrx_word' id='word_1_776' title='bbox 1767 2384 1892 2404; x_wconf 83' lang='lat' dir='ltr'><strong>necessa-</strong></span> 
     </span>
    </p>
   </div>
   <div class='ocr_carea' id='block_1_106' title="bbox 1102 2421 1891 2457">
    <p class='ocr_par' dir='ltr' id='par_1_106' title="bbox 1102 2421 1891 2457">
     <span class='ocr_line' id='line_1_106' title="bbox 1102 2421 1891 2457; baseline 0.001 -9"><span class='ocrx_word' id='word_1_777' title='bbox 1102 2421 1169 2448; x_wconf 92' lang='lat' dir='ltr'><strong>rium</strong></span> <span class='ocrx_word' id='word_1_778' title='bbox 1183 2422 1231 2454; x_wconf 86' lang='lat' dir='ltr'><strong>sit,</strong></span> <span class='ocrx_word' id='word_1_779' title='bbox 1247 2427 1274 2450; x_wconf 90' lang='lat' dir='ltr'><strong>et</strong></span> <span class='ocrx_word' id='word_1_780' title='bbox 1288 2423 1346 2449; x_wconf 90' lang='lat' dir='ltr'><strong>sine</strong></span> <span class='ocrx_word' id='word_1_781' title='bbox 1362 2423 1406 2450; x_wconf 93' lang='lat' dir='ltr'><strong>illo</strong></span> <span class='ocrx_word' id='word_1_782' title='bbox 1420 2431 1499 2450; x_wconf 87' lang='lat' dir='ltr'><strong>nemo</strong></span> <span class='ocrx_word' id='word_1_783' title='bbox 1512 2422 1600 2450; x_wconf 80' lang='lat' dir='ltr'><strong>salvus</strong></span> <span class='ocrx_word' id='word_1_784' title='bbox 1614 2430 1674 2450; x_wconf 67' lang='lat' dir='ltr'><strong>esse</strong></span> <span class='ocrx_word' id='word_1_785' title='bbox 1689 2423 1780 2457; x_wconf 90' lang='lat' dir='ltr'><strong>possit.</strong></span> <span class='ocrx_word' id='word_1_786' title='bbox 1796 2423 1891 2450; x_wconf 76' lang='lat' dir='ltr'><strong>Neces-</strong></span> 
     </span>
    </p>
   </div>
   <div class='ocr_carea' id='block_1_107' title="bbox 1101 2468 1891 2500">
    <p class='ocr_par' dir='ltr' id='par_1_107' title="bbox 1101 2468 1891 2500">
     <span class='ocr_line' id='line_1_107' title="bbox 1101 2468 1891 2500; baseline 0.004 -7"><span class='ocrx_word' id='word_1_787' title='bbox 1101 2468 1170 2494; x_wconf 83' lang='lat' dir='ltr'><strong>saria</strong></span> <span class='ocrx_word' id='word_1_788' title='bbox 1184 2468 1254 2495; x_wconf 68' lang='lat' dir='ltr'><strong>enim</strong></span> <span class='ocrx_word' id='word_1_789' title='bbox 1265 2489 1272 2500; x_wconf 83' lang='lat'><strong>,</strong></span> <span class='ocrx_word' id='word_1_790' title='bbox 1297 2468 1373 2495; x_wconf 89' lang='lat' dir='ltr'><strong>nobis</strong></span> <span class='ocrx_word' id='word_1_791' title='bbox 1388 2468 1530 2496; x_wconf 88' lang='lat' dir='ltr'><strong>admodum</strong></span> <span class='ocrx_word' id='word_1_792' title='bbox 1548 2468 1632 2495; x_wconf 89' lang='lat' dir='ltr'><strong>facilia</strong></span> <span class='ocrx_word' id='word_1_793' title='bbox 1657 2468 1719 2496; x_wconf 87' lang='lat' dir='ltr'><strong>fecit</strong></span> <span class='ocrx_word' id='word_1_794' title='bbox 1732 2469 1812 2496; x_wconf 90' lang='lat' dir='ltr'><strong>Deus.</strong></span> <span class='ocrx_word' id='word_1_795' title='bbox 1827 2469 1891 2496; x_wconf 90' lang='lat' dir='ltr'><strong>Nam</strong></span> 
     </span>
    </p>
   </div>
   <div class='ocr_carea' id='block_1_108' title="bbox 1101 2513 1890 2549">
    <p class='ocr_par' dir='ltr' id='par_1_108' title="bbox 1101 2513 1890 2549">
     <span class='ocr_line' id='line_1_108' title="bbox 1101 2513 1890 2549; baseline 0.001 -9"><span class='ocrx_word' id='word_1_796' title='bbox 1101 2517 1206 2540; x_wconf 85' lang='lat' dir='ltr'><strong>terrena</strong></span> <span class='ocrx_word' id='word_1_797' title='bbox 1229 2513 1335 2548; x_wconf 85' lang='lat' dir='ltr'><strong>quidem</strong></span> <span class='ocrx_word' id='word_1_798' title='bbox 1358 2516 1513 2549; x_wconf 80' lang='lat' dir='ltr'><strong>generatio,</strong></span> <span class='ocrx_word' id='word_1_799' title='bbox 1535 2514 1681 2541; x_wconf 88' lang='lat' dir='ltr'><strong>secundum</strong></span> <span class='ocrx_word' id='word_1_800' title='bbox 1706 2521 1813 2541; x_wconf 87' lang='lat' dir='ltr'><strong>carnem</strong></span> <span class='ocrx_word' id='word_1_801' title='bbox 1827 2535 1834 2547; x_wconf 92' lang='lat'><strong>,</strong></span> <span class='ocrx_word' id='word_1_802' title='bbox 1860 2522 1890 2541; x_wconf 77' lang='lat' dir='ltr'><strong>ex</strong></span> 
     </span>
    </p>
   </div>
   <div class='ocr_carea' id='block_1_109' title="bbox 1101 2559 1891 2594">
    <p class='ocr_par' dir='ltr' id='par_1_109' title="bbox 1101 2559 1891 2594">
     <span class='ocr_line' id='line_1_109' title="bbox 1101 2559 1891 2594; baseline 0.003 -10"><span class='ocrx_word' id='word_1_803' title='bbox 1101 2559 1209 2592; x_wconf 85' lang='lat' dir='ltr'><strong>pulvere</strong></span> <span class='ocrx_word' id='word_1_804' title='bbox 1224 2564 1264 2586; x_wconf 72' lang='lat' dir='ltr'><strong>est</strong></span> <span class='ocrx_word' id='word_1_805' title='bbox 1276 2568 1282 2584; x_wconf 88' lang='lat'><strong>:</strong></span> <span class='ocrx_word' id='word_1_806' title='bbox 1295 2564 1458 2594; x_wconf 87' lang='lat' dir='ltr'><strong>quapropter</strong></span> <span class='ocrx_word' id='word_1_807' title='bbox 1471 2567 1485 2586; x_wconf 89' lang='lat' dir='ltr'><strong>a</strong></span> <span class='ocrx_word' id='word_1_808' title='bbox 1501 2559 1651 2586; x_wconf 65' lang='lat' dir='ltr'><strong>carlestihus</strong></span> <span class='ocrx_word' id='word_1_809' title='bbox 1667 2559 1710 2587; x_wconf 88' lang='lat' dir='ltr'><strong>illa</strong></span> <span class='ocrx_word' id='word_1_810' title='bbox 1734 2559 1891 2586; x_wconf 85' lang='lat' dir='ltr'><strong>intercludi-</strong></span> 
     </span>
    </p>
   </div>
   <div class='ocr_carea' id='block_1_110' title="bbox 1102 2604 1890 2638">
    <p class='ocr_par' dir='ltr' id='par_1_110' title="bbox 1102 2604 1890 2638">
     <span class='ocr_line' id='line_1_110' title="bbox 1102 2604 1890 2638; baseline 0.001 -8"><span class='ocrx_word' id='word_1_811' title='bbox 1102 2609 1162 2631; x_wconf 90' lang='lat' dir='ltr'><strong>tur:</strong></span> <span class='ocrx_word' id='word_1_812' title='bbox 1174 2604 1235 2638; x_wconf 89' lang='lat' dir='ltr'><strong>quid</strong></span> <span class='ocrx_word' id='word_1_813' title='bbox 1251 2605 1321 2631; x_wconf 90' lang='lat' dir='ltr'><strong>enim</strong></span> <span class='ocrx_word' id='word_1_814' title='bbox 1337 2605 1414 2632; x_wconf 86' lang='lat' dir='ltr'><strong>habet</strong></span> <span class='ocrx_word' id='word_1_815' title='bbox 1433 2610 1502 2632; x_wconf 77' lang='lat' dir='ltr'><strong>terra</strong></span> <span class='ocrx_word' id='word_1_816' title='bbox 1517 2613 1577 2632; x_wconf 83' lang='lat' dir='ltr'><strong>cum</strong></span> <span class='ocrx_word' id='word_1_817' title='bbox 1591 2605 1656 2633; x_wconf 82' lang='lat' dir='ltr'><strong>ca-lo</strong></span> <span class='ocrx_word' id='word_1_818' title='bbox 1670 2605 1832 2632; x_wconf 80' lang='lat' dir='ltr'><strong>commune?</strong></span> <span class='ocrx_word' id='word_1_819' title='bbox 1847 2604 1890 2632; x_wconf 86' lang='lat' dir='ltr'><strong>Illa</strong></span> 
     </span>
    </p>
   </div>
   <div class='ocr_carea' id='block_1_111' title="bbox 1101 2650 1892 2684">
    <p class='ocr_par' dir='ltr' id='par_1_111' title="bbox 1101 2650 1892 2684">
     <span class='ocr_line' id='line_1_111' title="bbox 1101 2650 1892 2684; baseline 0 -7"><span class='ocrx_word' id='word_1_820' title='bbox 1101 2658 1164 2677; x_wconf 87' lang='lat' dir='ltr'><strong>vero</strong></span> <span class='ocrx_word' id='word_1_821' title='bbox 1179 2658 1211 2678; x_wconf 80' lang='lat' dir='ltr'><strong>ex</strong></span> <span class='ocrx_word' id='word_1_822' title='bbox 1228 2650 1325 2684; x_wconf 81' lang='lat' dir='ltr'><strong>Spiritu</strong></span> <span class='ocrx_word' id='word_1_823' title='bbox 1346 2650 1424 2678; x_wconf 84' lang='lat' dir='ltr'><strong>facile</strong></span> <span class='ocrx_word' id='word_1_824' title='bbox 1449 2650 1526 2678; x_wconf 85' lang='lat' dir='ltr'><strong>nobis</strong></span> <span class='ocrx_word' id='word_1_825' title='bbox 1547 2651 1668 2678; x_wconf 75' lang='lat' dir='ltr'><strong>ca-lestes</strong></span> <span class='ocrx_word' id='word_1_826' title='bbox 1693 2650 1754 2678; x_wconf 91' lang='lat' dir='ltr'><strong>illos</strong></span> <span class='ocrx_word' id='word_1_827' title='bbox 1777 2650 1892 2677; x_wconf 82' lang='lat' dir='ltr'><strong>fornices</strong></span> 
     </span>
    </p>
   </div>
   <div class='ocr_carea' id='block_1_112' title="bbox 1101 2696 1889 2731">
    <p class='ocr_par' dir='ltr' id='par_1_112' title="bbox 1101 2696 1889 2731">
     <span class='ocr_line' id='line_1_112' title="bbox 1101 2696 1889 2731; baseline 0 -9"><span class='ocrx_word' id='word_1_828' title='bbox 1101 2696 1196 2730; x_wconf 85' lang='lat' dir='ltr'><strong>aperit.</strong></span> <span class='ocrx_word' id='word_1_829' title='bbox 1221 2696 1317 2723; x_wconf 77' lang='lat' dir='ltr'><strong>Audite</strong></span> <span class='ocrx_word' id='word_1_830' title='bbox 1344 2701 1470 2731; x_wconf 89' lang='lat' dir='ltr'><strong>quotquot</strong></span> <span class='ocrx_word' id='word_1_831' title='bbox 1495 2696 1612 2723; x_wconf 88' lang='lat' dir='ltr'><strong>nondum</strong></span> <span class='ocrx_word' id='word_1_832' title='bbox 1638 2696 1777 2723; x_wconf 89' lang='lat' dir='ltr'><strong>illuminati</strong></span> <span class='ocrx_word' id='word_1_833' title='bbox 1805 2697 1889 2723; x_wconf 85' lang='lat' dir='ltr'><strong>estis:</strong></span> 
     </span>
    </p>
   </div>
   <div class='ocr_carea' id='block_1_113' title="bbox 1101 2741 1890 2776">
    <p class='ocr_par' dir='ltr' id='par_1_113' title="bbox 1101 2741 1890 2776">
     <span class='ocr_line' id='line_1_113' title="bbox 1101 2741 1890 2776; baseline -0.003 -8"><span class='ocrx_word' id='word_1_834' title='bbox 1101 2741 1295 2773; x_wconf 79' lang='lat' dir='ltr'><strong>exborrescite,</strong></span> <span class='ocrx_word' id='word_1_835' title='bbox 1311 2741 1408 2776; x_wconf 84' lang='lat' dir='ltr'><strong>gemitc</strong></span> <span class='ocrx_word' id='word_1_836' title='bbox 1419 2751 1425 2768; x_wconf 95' lang='lat'>:</span> <span class='ocrx_word' id='word_1_837' title='bbox 1436 2741 1572 2769; x_wconf 83' lang='lat' dir='ltr'><strong>tremenda</strong></span> <span class='ocrx_word' id='word_1_838' title='bbox 1585 2742 1682 2776; x_wconf 87' lang='lat' dir='ltr'><strong>quippe</strong></span> <span class='ocrx_word' id='word_1_839' title='bbox 1694 2745 1734 2768; x_wconf 74' lang='lat' dir='ltr'><strong>est</strong></span> <span class='ocrx_word' id='word_1_840' title='bbox 1747 2741 1890 2767; x_wconf 87' lang='lat' dir='ltr'><strong>commina-</strong></span> 
     </span>
    </p>
   </div>
   <div class='ocr_carea' id='block_1_114' title="bbox 1102 2786 1889 2821">
    <p class='ocr_par' dir='ltr' id='par_1_114' title="bbox 1102 2786 1889 2821">
     <span class='ocr_line' id='line_1_114' title="bbox 1102 2786 1889 2821; baseline -0.001 -8"><span class='ocrx_word' id='word_1_841' title='bbox 1102 2787 1155 2819; x_wconf 85' lang='lat' dir='ltr'><strong>tio,</strong></span> <span class='ocrx_word' id='word_1_842' title='bbox 1171 2787 1297 2814; x_wconf 69' lang='lat' dir='ltr'><strong>terribilis</strong></span> <span class='ocrx_word' id='word_1_843' title='bbox 1316 2787 1462 2816; x_wconf 84' lang='lat' dir='ltr'><strong>seutcntia;</strong></span> <span class='ocrx_word' id='word_1_844' title='bbox 1481 2786 1539 2813; x_wconf 87' lang='lat' dir='ltr'><strong>Non</strong></span> <span class='ocrx_word' id='word_1_845' title='bbox 1555 2792 1645 2820; x_wconf 76' lang='lat' dir='ltr'><strong>potest,</strong></span> <span class='ocrx_word' id='word_1_846' title='bbox 1663 2786 1763 2821; x_wconf 85' lang='lat' dir='ltr'><strong>inquit,</strong></span> <span class='ocrx_word' id='word_1_847' title='bbox 1785 2786 1829 2821; x_wconf 76' lang='lat' dir='ltr'><strong>qui</strong></span> <span class='ocrx_word' id='word_1_848' title='bbox 1843 2794 1889 2813; x_wconf 87' lang='lat' dir='ltr'><strong>non</strong></span> 
     </span>
    </p>
   </div>
   <div class='ocr_carea' id='block_1_115' title="bbox 1102 2832 1889 2868">
    <p class='ocr_par' dir='ltr' id='par_1_115' title="bbox 1102 2832 1889 2868">
     <span class='ocr_line' id='line_1_115' title="bbox 1102 2832 1889 2868; baseline 0 -9"><span class='ocrx_word' id='word_1_849' title='bbox 1102 2838 1174 2860; x_wconf 64' lang='lat' dir='ltr'><strong>unius</strong></span> <span class='ocrx_word' id='word_1_850' title='bbox 1196 2839 1230 2859; x_wconf 61' lang='lat' dir='ltr'><strong>.‘st</strong></span> <span class='ocrx_word' id='word_1_851' title='bbox 1244 2842 1274 2860; x_wconf 63' lang='lat' dir='ltr'><strong>ex</strong></span> <span class='ocrx_word' id='word_1_852' title='bbox 1287 2842 1351 2868; x_wconf 79' lang='lat' dir='ltr'><strong>aqua</strong></span> <span class='ocrx_word' id='word_1_853' title='bbox 1373 2837 1394 2860; x_wconf 80' lang='lat' dir='ltr'><strong>et</strong></span> <span class='ocrx_word' id='word_1_854' title='bbox 1409 2832 1507 2868; x_wconf 77' lang='lat' dir='ltr'><strong>Spiritu</strong></span> <span class='ocrx_word' id='word_1_855' title='bbox 1521 2854 1526 2866; x_wconf 87' lang='lat'><strong>,</strong></span> <span class='ocrx_word' id='word_1_856' title='bbox 1547 2833 1640 2860; x_wconf 80' lang='lat' dir='ltr'><strong>intrare</strong></span> <span class='ocrx_word' id='word_1_857' title='bbox 1656 2833 1681 2859; x_wconf 74' lang='lat' dir='ltr'><strong>in</strong></span> <span class='ocrx_word' id='word_1_858' title='bbox 1696 2840 1802 2867; x_wconf 76' lang='lat' dir='ltr'><strong>regnum</strong></span> <span class='ocrx_word' id='word_1_859' title='bbox 1817 2832 1889 2860; x_wconf 65' lang='lat' dir='ltr'><strong>talo-</strong></span> 
     </span>
    </p>
   </div>
  </div>
