2040 3113
278 163 331 192 H9

277 220 334 249 ἐστὶ
347 219 392 246 καὶ
407 217 543 252 ἀλλότριος
557 223 563 232 ”
576 217 626 243 οὐκ
641 215 698 251 ἔχες
719 215 750 242 τὸ
772 215 896 250 σύνθημα
911 213 942 240 τὺ
956 212 1062 248 βασιλι-

276 263 333 290 κόν.
351 261 421 288 Ἐὰν
437 259 480 294 μή
504 267 558 290 τις.
579 258 657 293 φησὶ,
680 256 811 292 γεννηθῇ
829 256 864 288 ἐξ
885 255 994 286 ὓδατος
1012 253 1062 280 καί

274 303 456 336 Πνεύματος,
473 300 509 327 οὐ
526 298 649 326 δύναται
662 298 814 326 εισελθεῐν
835 299 879 330 εις
896 296 954 330 τὴν
969 296 1061 336 ,βασιξ

273 335 360 372 ,πείαῆ
373 342 432 370 τῶν
445 340 590 376 οὐρανῶν.
616 340 684 366 nam
704 341 718 366 δ
739 339 892 374 Νικόδημος
913 335 987 373 [ιιι]
1001 335 1061 362 οὐδὲ

274 385 346 412 οὕτω
361 383 486 419 συνῆκεν.
503 381 586 409 Οὐδὲν
602 381 656 417 γὰρ
672 383 763 416 χεῖρον
787 380 836 407 τοῦ
851 380 907 411 τοϊς
922 378 1061 412 λογισμοῖς

273 427 309 453 τά
323 423 494 459 πνευματικά
519 422 688 457 ἐπιτρέπειν.
713 422 798 448 Τοῦτο
823 421 870 448 καὶ
894 419 987 446 τοῦτον
1011 419 1060 444 οὐκ

273 468 380 503 ἀφῆκεν
392 465 493 500 ὑψηλόν
504 473 531 491 τι
549 465 596 490 καὶ
614 464 685 499 μέγα
705 462 899 503 φαντασθῆναι.
917 459 1060 503 Διὰ-τοῦτο

274 499 330 533 κάκ’
340 507 421 542 ἡμεῖς
432 499 522 532 πιστοὶ
541 503 708 538 καλούμεθα,
731 503 775 529 ἵνα
791 501 845 529 τῶν
861 500 998 535 λογισμῶν
1011 499 1060 542 τήν

273 541 414 575 ἀσθένειαν
430 546 543 580 ἀφέντες
559 545 608 580 τὴν
622 544 706 576 κάτω,
727 544 795 579 πρὸς
818 543 849 569 τὸ
868 542 934 577 ὕψος
951 542 1000 576 τῆς
1015 541 1060 567 πί-

275 598 358 621 στεως
373 587 528 623 ἀναδῶμεν,
548 586 596 612 καὶ
615 585 650 612 τά
671 585 780 612 πλείονα
800 584 854 612 τῶν
874 582 984 617 ἀγαθῶν
1005 582 1059 608 τῶν

273 630 415 666 ἡμετέρων
428 631 460 664 τῇ
473 627 630 662 διδασκαλίᾳ
641 626 728 662 ταύτῃ
739 630 751 644 ι
767 625 955 666 ἐπιτρέψωμεν
966 632 974 639 ·
991 624 1058 658 ὅπερ

273 665 300 699 εί
313 672 360 698 καὶ
376 670 530 705 Νικόδημος
542 668 679 703 ἐποίησεν,
691 667 741 693 οὐκ
756 665 788 693 ἂν
801 665 874 701 αὐτῷ
888 665 919 692 τὸ
943 666 1058 700 πρᾶγμα

272 713 402 739 ἀδύνατον
416 709 484 738 εἶναι
499 709 639 745 ἐνομίσθη.
652 709 684 735 Τί
695 706 740 735 οὖν
749 709 763 735 ὁ
774 707 890 744 Χριστός
901 717 909 739 ς
933 706 1058 741 Ἀπάγων

272 754 354 781 αὑτὸν
369 753 418 788 τῆς
431 751 535 782 ἐννοίας
548 750 650 786 ταύτης
661 750 710 785 τῆς
726 749 814 785 χαμαὶ
838 747 999 784 συρομένης,
1013 747 1059 774 καὶ

271 796 378 827 δεικνὺς
391 794 471 822 ὅτιού
483 793 547 828 περὶ
560 792 662 827 ταύτης
672 791 824 825 διαλέγεται
836 791 886 826 τῆς
895 790 1057 825 γεννήσεως,

272 837 392 871 λέγειτδ,
410 834 482 862 Ἐὰν
488 834 530 869 μή
542 843 587 867 τις
596 833 727 868 γεννηθῇ
738 833 772 866 ἐξ
785 833 892 865 ὕδατος
902 832 951 858 καὶ
965 831 1058 858 Πνεύ-

269 887 374 913 ματος,
396 878 432 904 οὐ
453 876 576 903 δύναται
592 874 741 902 εἰσελθεῖν
762 875 805 907 είς
824 873 881 907 τὴν
895 872 1059 906 ,ϐασιλείαν

271 920 333 948 τῶν
344 920 491 954 οὐρανῶν.
510 918 602 945 Ταῦτα
626 917 655 944 δὲ
676 916 834 951 ἐφθέγγετο,
860 915 899 950 τῷ
923 915 997 950 φόϐῳ
1009 914 1058 950 τῆς

273 961 387 996 ἀπειλῆς
397 959 598 988 ἐπισπάσασθαι
614 958 682 994 πρὸς
700 958 749 993 τὴν
763 957 854 984 πίστιν
870 956 950 983 αὐτὸν
965 955 1056 991 βουλό-

273 1012 363 1038 μενος,
380 1003 427 1029 καὶ
442 1002 533 1028 πεῖσαι
546 1001 576 1027 τὸ
586 1001 701 1035 πρᾶγμα
717 1000 754 1035 μὴ
771 999 890 1034 νομίζειν
905 996 974 1024 εἶναι
992 996 1058 1024 ἀδύ-

271 1052 360 1077 νατον,
374 1044 421 1071 καὶ
433 1043 481 1077 τῆς
489 1042 552 1078 περὶ
566 1042 615 1077 τὴν
628 1041 762 1077 σαρκικὴν
774 1040 900 1076 γέννησιν
909 1039 1057 1075 φαντασίας

271 1086 422 1119 ἀποστῆσαι
434 1082 599 1115 σπουδάζων.
613 1082 725 1117 Ἑτέραν
735 1082 806 1116 λέγω
820 1081 1056 1116 γέννησιν,φησὶν,

270 1125 294 1155 ὦ
305 1127 442 1162 Νικόδημε
454 1135 461 1142 ·
474 1126 500 1152 τί
513 1125 558 1151 τὸν
567 1125 645 1159 λόγον
654 1124 743 1156 ἐλκεις
757 1124 826 1160 πρὸς
839 1123 889 1159 τὴν
899 1123 967 1158 γῆν;
983 1122 1010 1148 τί
1023 1123 1055 1158 τῇ

270 1167 320 1203 τῆς
337 1166 444 1202 φύσεως
470 1167 576 1202 ἀνάγκῃ
595 1165 626 1193 τὸ
640 1166 756 1201 πρᾶγμα
772 1164 952 1197 ὑποϐάλλεις
973 1163 1056 1190 Ἀνώ-

270 1202 349 1245 τερός
365 1210 423 1235 ἐστι
437 1208 490 1235 τῶν
500 1207 628 1235 τοιούτων
635 1207 736 1234 ὠδίνων
749 1202 825 1238 οὗτος
842 1207 856 1233 ό
872 1206 966 1238 τόκος,
982 1205 1057 1231 οὐδὲν

271 1250 327 1285 ἔχει
341 1250 428 1277 κοινὸν
446 1250 514 1286 πρὸς
528 1249 614 1284 ὑμᾶς’
634 1248 760 1283 γέννησις
778 1247 827 1283 μὲν
850 1248 904 1283 7&9
924 1248 970 1274 καὶ
988 1247 1056 1282 αὐτ-η

271 1292 389 1326 λέγεται,
402 1291 469 1318 ἀλλά
483 1290 520 1326 τῷ
534 1290 646 1325 ὀνόματι
661 1290 795 1320 κοινωνεῖ,
812 1289 851 1324 τῷ
871 1289 899 1315 δέ
915 1288 1056 1324 πράγματι

270 1333 420 1368 διέστηκεν.
443 1331 608 1367 ’Δπόστησον
625 1330 722 1357 σαυτὸν
737 1331 786 1366 τῆς
802 1330 892 1365 κοινῆς
905 1329 1055 1365 συνηθείας·

271 1374 367 1410 ἑτέραν
383 1373 485 1407 είσάγω
504 1372 611 1408 λοχείαν
634 1373 673 1403 είς
696 1372 741 1398 τδν
758 1372 873 1406 κόσμον·
894 1371 980 1402 ἄλλως
996 1370 1058 1405 βού-

271 1415 352 1450 λομαι
366 1414 512 1450 γεννᾶσθαι
526 1415 588 1445 τοὺς
602 1413 761 1450 ἀνθρώπους
772 1422 778 1428 ·
798 1413 870 1445 ξένον
884 1410 964 1448 ἦλθον
976 1411 1056 1446 κομί-

271 1457 325 1488 ζων
339 1456 516 1491 δημιουργίας
529 1456 638 1490 τρόπον.
658 1455 784 1482 Ἐπλασα
800 1454 854 1481 ἀπὸ
868 1455 919 1488 γῆς
935 1453 982 1480 καὶ
995 1452 1057 1479 ὓδα-

270 1506 335 1529 τος’
360 1498 410 1524 οὑκ
431 1497 542 1531 ἐγένετο
569 1497 703 1531 χρήσιμον
727 1497 760 1522 τὸ
787 1495 916 1528 πλασθὲν,
935 1494 1003 1521 ἀλλά
1022 1494 1058 1521 δι-

270 1539 393 1574 εττράφη
402 1539 431 1565 τὺ
440 1537 545 1570 σκεῦος.
554 1539 611 1564 οὑκ
624 1537 663 1564 ἔτι
676 1537 768 1564 λοιπὸν
781 1537 835 1564 ἀπὸ
843 1537 895 1571 γῆς
908 1537 954 1563 καὶ
963 1536 1057 1568 ὓδατος

271 1581 371 1608 πλάσαι
387 1580 526 1616 βούλομαι,
545 1580 603 1607 ἀλλ’
620 1580 650 1612 ἐξ
665 1580 760 1611 ὓδατος
778 1580 826 1606 καὶ
842 1579 1008 1614 Πνεύματος.
1026 1579 1057 1604 Εἰ

270 1623 299 1650 δέ
312 1631 354 1654 τις
373 1623 471 1658 ἐρωτᾷ,
487 1622 550 1653 Πῶς
564 1622 617 1648 ἀπὺ
632 1621 744 1653 ὒδατος;
769 1621 862 1656 ἐρωτῶ
888 1619 974 1654 κάγὼ.
996 1619 1056 1651 Πῶς

270 1663 325 1691 ἀπὸ
338 1664 408 1698 γῆς;
427 1663 484 1695 πῶς
498 1663 573 1698 γὰρὸ
584 1662 667 1697 πηλὸς
680 1663 719 1694 εἰς
730 1662 844 1697 διάφορα
860 1661 928 1696 μέρη
943 1668 1058 1695 κατεμε-

273 1704 372 1740 ρίσθη;
390 1703 447 1736 πῶς
467 1704 497 1730 τὺ
513 1704 562 1739 μὲν
581 1703 761 1739 ὑποκείμενον
780 1703 913 1738 μονοειδὲς
942 1701 988 1737 (γῆ
1004 1701 1058 1736 7&9

231 1741 234 1743 λ
270 1743 305 1782 ἦν
321 1745 399 1781 μόνη)
409 1765 415 1775 .
433 1745 467 1772 τὰ
480 1745 508 1772 δέ
520 1745 549 1778 ἐξ
562 1745 647 1781 αὐτῆς
657 1745 790 1780 γενόμενα
805 1744 913 1771 ποικίλα
924 1744 970 1770 καὶ
989 1752 1058 1770 παν-

270 1787 392 1819 τοδαπά;
410 1786 496 1813 Πόθεν
517 1787 594 1819 ὀστᾶ,
613 1787 660 1813 καὶ
677 1785 770 1821 νεῦρα,
789 1785 836 1812 καὶ
859 1786 996 1821 ἀρτηρίαι,
1011 1785 1058 1812 καὶ

271 1828 385 1863 φλέδεςς
402 1827 483 1854 πόθεν
494 1828 601 1863 ὑμένες,
616 1828 663 1854 καὶ
677 1827 775 1862 ἀγγεῖα
785 1826 927 1862 ὀργανικὰ,
940 1827 987 1853 καὶ
1001 1826 1059 1862 χόν-

270 1869 339 1905 δροι,
354 1869 401 1896 καὶ
415 1869 537 1904 χιτῶνες,
545 1867 632 1906 ἧπαρ,
647 1869 694 1896 καὶ
706 1869 802 1905 σπλὴν,
817 1869 864 1895 καὶ
877 1868 992 1904 καρδίας
1009 1868 1058 1895 πό-

271 1911 318 1938 θεν
329 1911 426 1947 δέρμα,
444 1910 490 1937 καὶ
512 1907 591 1946 αἷμα,
610 1911 657 1937 καὶ
674 1910 792 1946 φλέγμα,
810 1911 857 1936 καὶ
871 1910 954 1945 χολή;
977 1910 1058 1936 πόθεν

271 1953 299 1979 αί
309 1951 437 1979 τοσαῦται
445 1952 595 1988 ἐνέργειαι;
610 1952 691 1979 πόθεν
698 1951 829 1987 χρώματα
839 1951 961 1984 ποικίλας
972 1951 1059 1978 ταῦτα

270 1994 324 2030 γὰρ
338 1993 368 2019 οὐ
380 1993 442 2029 γῆς,
458 1993 518 2020 οὐδὲ
533 1993 629 2029 πηλοῦ.
644 1993 705 2025 Πῶς
729 1995 745 2029 ἡ
768 1993 805 2028 γῆ
825 1993 955 2028 δεχομένη
979 1992 1059 2028 σπέρ-

272 2044 345 2071 ματα
356 2035 507 2071 βλαστάνει,
517 2036 569 2072 ἠδὲ
579 2036 646 2072 σάρξ
656 2037 788 2072 δεχομένη
805 2036 949 2072 σπέρματα
960 2037 1055 2071 σήπει;

269 2078 329 2110 πῶς
344 2079 360 2114 ἡ
373 2078 408 2114 γῆ
422 2078 516 2113 τρέφει
530 2078 563 2105 1&
578 2078 739 2114 βαλλόμενα,
764 2079 780 2114 ή
797 2079 825 2105 δέ
841 2078 910 2114 σὰρξ
927 2078 1056 2114 τρέφεται

269 2119 322 2146 ὑπὸ
336 2119 447 2151 τούτων,
460 2120 491 2146 οὑ
506 2121 601 2156 τρέφει
615 2121 722 2154 ταῦτα;
737 2118 799 2148 Οἷον
817 2121 833 2156 ἡ
848 2121 882 2156 γῆ
900 2120 1055 2156 ήδεχομένη

270 2161 351 2197 ὕδωρ,
368 2160 438 2190 οἶνον
454 2163 526 2189 ποιεῖ
537 2170 544 2177 ·
563 2163 579 2198 ή
594 2162 661 2198 σὰρξ
682 2163 815 2198 δεχομένη
834 2161 962 2193 πολλάκις
976 2159 1056 2194 οἶνον,

269 2203 310 2231 είς
325 2202 396 2238 ὕδωρ
414 2204 555 2238 μετέϐαλε.
573 2204 658 2230 Πόθεν
672 2202 718 2231 οὖν
731 2204 810 2238 δῆλον
828 2205 868 2230 ὅτι
882 2203 936 2230 ἀπὸ
945 2203 995 2237 τῆς
1006 2203 1058 2237 γῆς

268 2243 357 2270 ταῦτα
376 2245 401 2276 ιτ,
422 2245 472 2280 τῆς
484 2246 534 2280 γῆς
549 2245 675 2277 ἐναντίως
691 2245 805 2280 ἐχούσης
825 2244 892 2279 πρὸς
913 2244 943 2270 τὸ
966 2243 1056 2278 σῶμα,

269 2285 340 2313 κατὰ
351 2285 385 2313 τὰ
396 2287 529 2322 εἰρημένα
542 2297 549 2320 ;
565 2286 695 2322 Λογισμῷ
714 2287 763 2322 μὲν
778 2286 867 2321 εὑρεῖν
883 2286 913 2312 οὐ
929 2285 1056 2320 δύναμαι,

268 2327 359 2354 πίστει
374 2327 402 2354 δὲ
420 2328 532 2363 δέχομαι
556 2329 634 2364 μόνῃ,
652 2329 683 2354 Εἰ
704 2328 793 2355 τοίνυν
817 2327 850 2354 τὰ
871 2326 931 2354 καθ’
951 2327 1057 2362 ἡμέραν

269 2368 399 2403 γινόμενα
423 2370 470 2396 καὶ
489 2369 677 2405 ψηλαφώμενα
702 2370 819 2400 πίστεως
845 2368 939 2401 δεῖται,
967 2368 1057 2404 πολλῷ

270 2410 369 2444 μᾶλλον
380 2411 413 2437 τὰ
421 2411 626 2447 ἁπορῤητότερα
637 2411 739 2438 τούτων
747 2411 794 2437 καὶ
803 2409 1056 2446 πνευματικώτερα.

268 2450 403 2487 Καθάπερ
416 2452 470 2487 γὰρ
490 2453 506 2488 ἡ
521 2453 557 2488 γῆ
577 2454 593 2488 ή
609 2453 719 2488 ἄψυχος,
735 2453 752 2488 ἡ
773 2452 909 2488 ἀκίνητος,
933 2452 1056 2479 ἐνεδυνα-

270 2492 347 2528 μὼοη
364 2493 402 2529 τῷ
411 2494 542 2530 θελήματι
557 2495 604 2521 τοῦ
615 2494 694 2525 Θεοῦ,
709 2495 755 2521 καὶ
765 2493 881 2520 τοσαῦτα
891 2494 920 2527 ἐξ
928 2494 1012 2528 αὑτῆς
1022 2493 1057 2520 τά

268 2533 395 2569 θαύματα
411 2536 523 2569 γέγονεν
532 2544 539 2552 ·
555 2536 627 2563 οὑτω
639 2537 685 2563 καὶ
699 2536 746 2563 τοῦ
761 2536 916 2571 Πνεύματος
928 2535 966 2571 τῷ
980 2535 1056 2562 ὕδατι

267 2576 411 2611 παρόντος,
426 2577 460 2603 τὰ
473 2578 611 2612 παράδοξα
625 2577 712 2604 ταῦτα
725 2578 771 2604 καὶ
784 2577 912 2613 λογισμὸν
925 2577 1055 2613 ὑπερϐαί-

268 2625 348 2644 νοντα
365 2618 481 2650 εὐκόλως
499 2620 587 2646 πάντα
602 2619 715 2654 γίνεται.

306 2658 338 2693 β’.
354 2659 400 2694 Μὴ
414 2659 612 2696 τοίνυν,ἐπειδὴ
621 2666 632 2679 θ
641 2661 678 2696 μὴ
690 2661 755 2696 ὁρᾷς
762 2660 841 2693 αὑτά,
853 2659 963 2687 ἀπίστει
975 2669 982 2676 ο
993 2661 1055 2687 ἐπεὶ

269 2699 355 2736 [MS],
385 2701 445 2728 οὐδὲ
471 2701 519 2737 τὴν
535 2702 624 2738 ψυχὴν
645 2703 721 2738 ὁρᾷς,
745 2703 792 2729 καὶ
818 2703 893 2735 ὅμως
918 2702 1055 2734 πιστεύεις

268 2741 339 2775 ἔχειν
351 2741 449 2777 ψυχὴν,
465 2743 511 2770 καὶ
523 2743 586 2770 ἄλλο
599 2744 687 2779 ψυχὴν
700 2742 770 2771 εἶναί
786 2753 811 2771 τι
827 2743 902 2779 παρά
915 2744 946 2770 τὸ
965 2743 1054 2778 σῶμα.

274 2782 345 2809 Ἀλλ’
363 2785 376 2810 ό
390 2785 505 2819 Χριστὸς
520 2786 570 2812 οὐκ
587 2785 640 2812 ἀπὸ
661 2785 758 2812 τούτου
773 2785 819 2812 τοῦ
837 2785 1055 2820 παραδείγματος

267 2826 348 2851 αὑτὸν
369 2827 476 2861 ἐνῆγεν,
497 2827 553 2853 ἀλλ’
576 2828 679 2863 ἐτέρου.
695 2827 780 2853 Τοῦτο
803 2827 853 2862 μὲν
872 2827 935 2861 γὰρ,
960 2827 984 2852 εἰ
1009 2826 1055 2852 καὶ

268 2868 411 2903 ἀσώματόν
430 2870 512 2902 ἐστιν,
528 2871 544 2900 ί)
556 2869 628 2904 ψυχὴ
642 2869 722 2903 λέγω,
734 2869 777 2895 διὰ
788 2868 865 2896 τοῦτο
881 2869 911 2895 οὐ
931 2869 1053 2906 παρήγα-

299 2943 310 2957 ³
325 2943 398 2968 Smil,
422 2947 449 2971 τῆ
475 2944 598 2967 itam:sz

268 2981 370 2998 10:13::

441 2948 449 2973 ᾗ
475 2944 614 2978 agam-4.2m
638 2944 731 2978 19:611.;-
780 2945 794 2965 δ
817 2945 891 2970 Morel
920 2944 993 2968 ταὺτα
1015 2946 1053 2969 καὶ

416 2977 425 2990 ε
438 2976 512 3000 δίιὶὶι.
530 2976 560 3005 μὴ
573 2983 625 3006 7:9,
649 2976 737 3004 ἐπειδὴ.

625 159 656 188 S.
676 156 818 187 JOANNlS
837 153 1082 186 CHRYSOSTOMI
1101 154 1249 182 ARCHIEP
1280 153 1552 183 CONSTANTINOP.

1850 154 1901 182 150

1116 220 1163 245 γεν
1178 211 1253 243 αὐτὸ,
1269 212 1360 248 ἐπειδὴ
1377 212 1417 238 ἔτι
1437 212 1590 248 παχύτερον
1603 212 1705 242 ἐκεῖνος
1719 209 1842 238 διέκειτο.
1856 211 1902 238 Τί-

1116 252 1178 288 θησι
1200 253 1228 280 δέ
1253 253 1346 289 ἕτερον
1365 253 1528 288 ὑπόδειγμα,
1550 253 1565 279 δ
1588 254 1656 288 μήτε
1681 252 1824 279 κοινωνίαν
1842 253 1902 280 τινὰ

1114 294 1182 329 πρὸς
1189 294 1238 329 τὴν
1253 294 1307 321 τῶν
1320 295 1453 330 σωμάτων
1469 295 1525 330 ἔχει
1541 293 1695 329 παχύτητα,
1718 293 1787 329 μήτε
1802 294 1841 325 είς
1852 295 1902 328 τὴν

1112 335 1166 361 τῶν
1180 335 1332 370 ἀσωμάτων
1351 335 1435 371 ἀνέὸη
1449 335 1530 370 φύσιν
1540 345 1547 351 ·
1564 336 1632 371 ὅπερ
1646 335 1720 362 ἐστὶν
1739 336 1755 370 ἡ
1780 334 1828 360 τοῦ
1841 335 1901 361 ἀνέ-

1114 384 1165 411 μου
1181 377 1260 411 φορά.
1274 377 1329 403 Καὶ
1344 378 1450 412 πρῶτον
1471 378 1524 405 ἀπὸ
1540 377 1587 404 τοῦ
1607 377 1703 407 ὓδατος
1716 377 1840 412 ἄρχεται.
1855 377 1901 403 τοῦ

1112 417 1273 453 λεπτοτέρου
1291 419 1339 453 μὲν
1358 419 1407 453 τῆς
1420 419 1481 454 γῆς,
1506 418 1660 454 παχυτέρου
1679 419 1708 445 δέ
1725 417 1773 444 τοῦ
1788 418 1900 453 ἀνέμου.

1113 459 1220 494 ’Ὠσπερ
1232 459 1286 495 7&9
1297 461 1327 486 ἐν
1341 460 1411 495 ἀρχῇ
1428 460 1554 487 ὑπέκειτο
1570 461 1701 495 στοιχεῖον
1719 460 1735 494 ἡ
1755 459 1801 494 γῆ,
1820 459 1851 486 τὸ
1873 459 1901 485 δὲ

1112 501 1166 527 πᾶν
1184 501 1233 528 τοῦ
1248 502 1455 533 διαπλάττοντος
1469 499 1516 537 ἦν·
1539 502 1610 528 οὕτω
1626 502 1672 528 καὶ
1691 501 1739 528 νῦν
1761 501 1901 528 ὑπόκειται

1114 542 1163 576 μὲν
1179 544 1309 577 στοιχεῖον
1325 543 1356 569 τδ
1366 542 1447 578 ὕδωρ,
1464 543 1495 570 τὸ
1507 543 1536 569 δέ
1555 544 1609 569 πᾶν
1622 542 1672 577 τῆς
1684 541 1731 569 τοῦ
1743 541 1902 576 Πνεύματός

1111 583 1169 609 ἐστι
1184 583 1294 618 χάριτος
1308 592 1314 599 ·
1329 584 1376 610 καὶ
1387 584 1448 610 τότε
1467 584 1516 619 μὲν
1534 585 1582 617 El;
1600 583 1708 618 ψυχὴν
1722 581 1821 613 ζῶσαν
1836 582 1901 617 ἐγέ-

1096 627 1179 651 ’νετο
1202 627 1218 652 ό
1237 625 1401 659 ἅνθρωπος,
1426 625 1473 652 νῦν
1488 626 1515 652 δὲ
1541 626 1581 657 είς
1599 624 1710 659 Πνεῦμα
1741 623 1899 655 ζωοποιοῦν.

1111 666 1183 692 Πολὺ
1204 666 1233 693 δὲ
1253 667 1284 693 τὸ
1300 667 1382 702 μέσον
1401 667 1550 701 ἑκατέρων.
1584 667 1616 693 Ἠ
1636 667 1684 701 μὲν
1698 665 1753 701 γὰρ
1765 665 1837 701 ψυχή
1851 666 1901 700 οὐχ

1112 707 1197 743 ἑτέρῳ
1215 707 1329 743 παρέχει
1343 708 1373 735 τὸ
1387 707 1447 743 ζῇν,
1471 708 1501 734 τὸ
1516 708 1543 734 δὲ
1566 707 1677 743 Πνεῦμα
1693 708 1725 734 οὐ
1741 707 1802 734 καθ’
1820 707 1901 734 ἑαυτὸ

1112 742 1151 784 ζῇ
1159 748 1248 783 μόνον,
1258 742 1326 774 ἀλλὰ
1339 749 1386 775 ναὶ
1401 742 1503 784 ἑτέροις
1520 749 1633 784 παρέχει
1643 747 1731 776 τοῦτο.
1745 747 1824 774 Οὕτω
1835 747 1900 782 γοῦν

1111 789 1158 816 καὶ
1175 789 1287 823 νεκροὺς
1307 789 1458 825 ἀνέστησαν
1473 790 1498 817 οί
1520 790 1672 817 ἀπόστολοι.
1698 790 1754 816 Καὶ
1772 790 1832 816 τότε
1849 790 1899 824 μὲν

1111 830 1160 866 τῆς
1173 831 1288 862 κτίσεως
1304 831 1463 867 γενομένης,
1478 833 1492 858 ό
1508 831 1650 867 ἄνθρωπος
1664 830 1778 866 ὕστερον
1787 831 1897 857 πλάττε-

1111 881 1155 899 ται
1167 880 1174 888 ⁸
1189 872 1236 899 νῦν
1247 873 1274 900 δὲ
1290 873 1443 900 τούναντίον
1456 881 1462 889 ·
1479 874 1532 909 πρὸ
1546 874 1599 908 γὰρ
1614 873 1665 909 τῆς
1678 873 1774 908 καινῆς
1785 873 1897 904 κτίσεως

1111 915 1125 940 6
1136 914 1279 950 ἄνθρωπος
1302 915 1317 941 ό
1338 913 1397 946 νέος
1419 914 1634 950 δημιουργεῖται.
1649 914 1703 941 Καὶ
1721 914 1776 949 7&9
1791 914 1898 949 πρῶτος

1112 952 1187 988 οὗτος
1200 956 1337 990 γεννᾶται,
1350 957 1397 983 καὶ
1407 956 1468 982 τότε
1476 957 1490 982 ὁ
1503 956 1605 990 κόσμος
1619 956 1896 991 μετασχηματίζεται.

1111 997 1166 1023 Καὶ
1180 997 1305 1032 καθάπερ
1317 997 1346 1030 ἐξ
1360 997 1448 1032 ἀρχῆς
1461 997 1607 1032 ὁλόκληρον
1622 997 1748 1029 ἔπλασεν,
1764 997 1834 1023 οὕτω
1851 997 1897 1023 καὶ

1110 1038 1157 1065 νῦν
1169 1038 1315 1074 ὁλόκληρον
1332 1038 1414 1066 αὐτὸν
1428 1038 1598 1074 δημιουργεῖ.
1617 1037 1668 1064 Καὶ
1682 1039 1742 1064 τότε
1756 1039 1805 1074 μέν
1820 1046 1895 1073 φησι,

1109 1080 1284 1115 Ποιήσωμεν
1293 1080 1372 1113 αὐτῷ
1379 1081 1508 1115 ,ϐοηθόν-
1521 1080 1636 1107 ἐνταῦθα
1643 1080 1671 1106 δέ
1682 1080 1757 1107 οὐδὲν
1767 1079 1896 1107 τοιοῦτον.

1115 1122 1145 1148 '0
1158 1122 1212 1158 7&9
1223 1123 1271 1157 τὴν
1290 1122 1336 1149 τοῦ
1355 1122 1512 1157 Πνεύματος
1528 1121 1618 1149 λαϐὼν
1637 1122 1727 1157 χάριν,
1751 1122 1821 1153 τίνος
1834 1121 1896 1156 δεή-

1111 1172 1186 1190 σεται
1201 1163 1298 1199 βοηθοῦ
1313 1164 1423 1199 ἐτέρου;
1449 1165 1463 1190 ό
1489 1165 1528 1196 είς
1550 1164 1581 1190 τὺ
1610 1163 1688 1199 σῶμα
1713 1164 1760 1191 τοῦ
1779 1163 1896 1199 Χριστοῦ

1108 1206 1204 1238 τελῶν,
1228 1206 1307 1232 ποίαν
1324 1205 1379 1241 ἔχει
1397 1206 1490 1233 λοιπὸν
1518 1206 1675 1241 συμμαχίας
1693 1205 1803 1242 χρείαν;
1831 1206 1898 1232 Τότε

1109 1247 1169 1273 κατ’
1186 1247 1277 1274 εἰκόνα
1292 1247 1359 1274 Θεοῦ
1383 1248 1492 1283 ἐποίησε
1509 1247 1555 1274 τὸν
1571 1247 1724 1282 ἄνθρωπον,
1754 1247 1801 1273 νῦν
1824 1247 1898 1281 αὐτῷ

1109 1289 1147 1324 τῷ
1161 1289 1219 1324 Θεῷ
1234 1290 1322 1325 ἤνωσε
1332 1297 1339 1304 '
1359 1290 1419 1316 τότε
1438 1289 1537 1324 ίχθύων
1552 1289 1646 1326 ἄρχειν
1658 1290 1704 1316 καὶ
1722 1289 1823 1324 θηρίων
1837 1289 1898 1315 ἐκέ-

1109 1331 1197 1362 λευσε,
1217 1331 1264 1358 νῦν
1275 1331 1402 1366 ὑπεράνω
1415 1331 1468 1358 τῶν
1480 1331 1603 1368 οὐρανῶν
1619 1331 1668 1366 τὴν
1680 1331 1806 1366 ἀπαρχὴν
1819 1331 1898 1366 ήμῶν

1109 1374 1246 1408 ἀνήγαγεν
1258 1382 1266 1389 ο
1290 1373 1351 1400 τότε
1364 1373 1527 1408 παράδεισον
1549 1373 1632 1400 ἔδωκε
1647 1373 1696 1408 τὴν
1717 1373 1832 1403 δίαιταν,
1850 1371 1899 1399 νῦν

1109 1414 1138 1440 δὲ
1156 1414 1200 1441 τὸν
1216 1414 1330 1450 οὐρανὸν
1344 1415 1409 1450 ἡμῖν
1422 1415 1522 1450 ἀνέῳξε
1532 1423 1540 1430 ο
1563 1415 1622 1441 τότε
1636 1415 1758 1448 ἐπλάσθη
1782 1416 1815 1449 τῇ
1831 1414 1899 1451 ἕκτῃ

1110 1456 1211 1492 ἡμέρᾳ,
1228 1456 1322 1492 ἐπειδὴ
1340 1456 1433 1492 ἔμελλε
1449 1457 1493 1483 καὶ
1517 1456 1701 1483 συντελεῖσθαι
1714 1457 1727 1482 ό
1742 1456 1809 1482 αῑών
1820 1463 1827 1471 ·
1850 1455 1899 1482 νῦν

1109 1497 1136 1523 δέ
1147 1499 1179 1532 τῇ
1193 1497 1289 1534 πρώτῃ
1301 1498 1391 1533 ἡμέρᾳ
1402 1498 1448 1524 καὶ
1460 1498 1488 1523 ὲν
1501 1497 1661 1533 προοιμίοις,
1674 1498 1717 1524 ὅτε
1729 1497 1775 1523 καὶ
1787 1497 1816 1523 τὸ
1829 1496 1897 1530 φῶς.

1117 1539 1160 1571 Ἐξ
1173 1536 1209 1565 ὧν
1225 1539 1332 1566 πάντων
1346 1540 1434 1575 δῆλον,
1451 1540 1492 1566 ὅτι
1503 1538 1617 1574 ἐτέραςά
1632 1539 1703 1574 ζωῆς
1713 1539 1854 1573 ἀμείνονος
1864 1538 1899 1565 τὰ

1109 1580 1259 1615 τελούμενα
1272 1579 1316 1616 ἦν,
1333 1581 1379 1607 καὶ
1399 1581 1591 1612 καταστάσεως
1610 1580 1694 1616 πέρας
1710 1581 1760 1607 οὐκ
1773 1580 1897 1616 ἐχούσης.

1116 1621 1147 1648 'H
1161 1622 1209 1657 μὲν
1224 1620 1270 1648 οὖν
1285 1622 1405 1658 προτέρα
1419 1622 1516 1653 πλάσις
1535 1622 1587 1649 ἀπὸ
1602 1622 1664 1656 γῆς,
1728 1621 1775 1648 τοῦ
1803 1621 1899 1657 Ἀδὰμ,

1110 1663 1157 1690 καὶ
1172 1663 1225 1690 ἀπὸ
1236 1663 1354 1699 πλευρᾶς
1370 1665 1386 1700 ἡ
1403 1665 1462 1700 μετ’
1477 1664 1594 1699 ἐκείνην,
1608 1664 1624 1698 ἡ
1639 1664 1687 1698 τῆς
1698 1663 1836 1697 γυναικὸς.
1851 1663 1900 1689 καὶ

1111 1705 1164 1731 ἀπὸ
1189 1706 1344 1742 σπέρματος
1365 1707 1381 1740 ἡ
1410 1707 1469 1741 μετ’
1489 1705 1583 1742 αὐτὴν,
1605 1707 1622 1741 ἡ
1648 1705 1695 1732 τοῦ
1717 1705 1816 1731 Ἀδελ’
1841 1705 1900 1732 ἀλλ’

1110 1747 1183 1783 ὅμως
1198 1747 1325 1782 οὐδεμιᾶς
1336 1748 1477 1781 ἐφικέσθαι
1488 1747 1625 1783 δυνάμεθα
1638 1747 1751 1777 τούτων,
1768 1747 1828 1774 ούδέ
1844 1755 1900 1773 πα-

1112 1789 1245 1825 ραστῆσαι
1260 1790 1331 1824 λόγῳ
1341 1789 1375 1816 τὰ
1394 1790 1538 1825 γενόμενα,
1554 1789 1642 1816 καίτοι
1660 1788 1805 1824 παχύτατα
1824 1788 1899 1815 ὅντα.

1111 1830 1173 1862 Πῶς
1187 1829 1235 1857 οὖν
1253 1831 1316 1866 περὶ
1332 1831 1381 1866 τῆς
1399 1832 1497 1867 νοητῆς
1518 1831 1567 1866 τῆς
1585 1830 1628 1857 διὰ
1648 1830 1694 1856 τοῦ
1711 1829 1900 1864 βαπτίσματος

1110 1873 1263 1907 γεννήσεως
1290 1872 1459 1907 δυνησόμεθα
1484 1872 1574 1899 δοῦναι
1596 1871 1710 1903 εὐθύνας
1732 1871 1783 1906 τῆς
1809 1871 1900 1907 πολλῷ

1110 1914 1212 1940 τούτων
1228 1914 1405 1949 ὑψηλοτέρας,
1420 1914 1466 1940 καὶ
1478 1913 1623 1949 λογισμοὺς
1638 1913 1811 1940 ἀπαιτεῖσθαι
1825 1919 1837 1933 ⁸
1850 1914 1900 1948 τῆς

1111 1956 1267 1991 θαυμαστῆς
1282 1956 1329 1983 καὶ
1341 1956 1491 1992 παραδόξου
1508 1956 1608 1991 ταύτης
1625 1956 1751 1991 λοχείας;
1774 1956 1834 1982 ἐπεὶ
1852 1955 1900 1982 καὶ

1111 1998 1221 2032 ἄγγελοι
1239 2000 1271 2034 τῇ
1293 1999 1416 2034 γεννήσει
1436 1999 1521 2034 ταύτῃ
1547 1999 1735 2034 παρεστήκασι
1757 1998 1898 2034 γινομένῃ.

1110 2040 1205 2066 Είπεῖν
1215 2040 1243 2066 δέ
1257 2039 1303 2066 τὸν
1317 2041 1417 2076 τρόπον
1430 2041 1480 2067 οὐκ
1497 2039 1530 2066 ἂν
1547 2039 1603 2074 ἔχοι
1616 2048 1657 2071 τις
1676 2040 1723 2075 τῆς
1739 2039 1900 2074 θαυμαστῆς

1110 2081 1218 2116 ἐκείνης
1235 2080 1244 2100 ί
1261 2082 1414 2117 γεννήσεως
1430 2082 1478 2116 τῆς
1501 2081 1545 2108 διὰ
1568 2080 1614 2108 τοῦ
1631 2081 1827 2116 βαπτίσματος.
1845 2080 1898 2106 Καὶ

1111 2124 1299 2159 παρεστήκασι
1312 2123 1452 2154 τελοῦντες
1471 2123 1520 2158 μὲν
1533 2123 1618 2154 οὐδὲν,
1639 2123 1719 2157 μόνον
1736 2123 1854 2158 ὁρῶντες
1869 2122 1899 2149 δέ

1110 2164 1144 2191 τὰ
1166 2164 1304 2200 γινόμενα.
1332 2165 1427 2200 Πατὴρ
1453 2165 1499 2190 καὶ
1526 2164 1589 2195 Υἱὸς
1608 2163 1655 2190 καὶ
1684 2164 1760 2197 ἆγιον
1787 2163 1899 2198 Πνεῦμα.

1110 2205 1198 2232 πάντα
1208 2204 1283 2241 [146]
1300 2205 1454 2241 ἐργάζεται.
1473 2205 1635 2240 Πειθώμεθα
1647 2205 1735 2231 τοίνυν
1746 2206 1779 2239 τῇ
1795 2205 1900 2239 ἀποφά-

1112 2253 1152 2271 σει
1165 2245 1210 2271 τοῦ
1225 2244 1293 2270 Θεοῦ
1303 2252 1310 2259 ⁸
1338 2244 1424 2279 ὂψεως
1437 2245 1492 2280 γάρ
1503 2246 1575 2270 ἐστιν
1597 2244 1666 2280 αὑτὴ
1682 2244 1838 2280 πιστοτέρα.
1866 2244 1899 2271 Ἡ

1112 2285 1161 2320 μὲν
1176 2285 1230 2321 7&9
1252 2285 1312 2319 ὄψις
1329 2285 1463 2320 πολλαχοῦ
1484 2286 1531 2312 καὶ
1553 2285 1719 2319 σφάλλεταια
1742 2285 1848 2320 ἐκείνην
1870 2285 1900 2311 δέ

1109 2327 1248 2362 ἀμήχανον
1260 2327 1406 2354 διαπεσεῖν.
1419 2326 1578 2362 Πειθώμεθα
1591 2326 1679 2353 τοίνυν
1693 2327 1772 2362 αὑτῇ.
1797 2326 1829 2353 'H
1844 2327 1899 2362 7&9

1109 2369 1143 2396 1&
1158 2370 1194 2404 μὴ
1213 2369 1276 2395 ὅντα
1292 2369 1498 2403 παραγαγοῦσα.
1514 2368 1667 2400 ἀξιόπιστος
1678 2368 1710 2394 ἂν
1722 2369 1764 2403 εεη
1773 2368 1820 2395 καὶ
1835 2368 1900 2403 περὶ

1108 2411 1157 2445 τῆς
1175 2410 1281 2445 φύσεως
1297 2411 1385 2437 αὐτῶν
1400 2409 1589 2445 διαλεγομένη.
1608 2410 1640 2436 Τί
1656 2407 1703 2436 οὖν
1712 2410 1781 2445 αὕτη
1796 2410 1877 2444 φησίν
1890 2418 1898 2443 ;

1110 2452 1171 2478 ’Ὁτι
1181 2452 1306 2486 γέννησίς
1321 2453 1378 2478 ἐστι
1392 2452 1423 2478 τὸ
1436 2451 1606 2487 τελούμενον.
1618 2451 1649 2477 Et
1663 2451 1692 2477 δέ
1703 2451 1744 2482 τίς
1760 2459 1802 2477 σοι
1812 2451 1900 2485 λέγοι,

1108 2494 1190 2527 ﬂag;
1207 2494 1381 2529 ἐπιστόμισον
1403 2493 1482 2520 αὑτὸν
1501 2494 1534 2528 τῇ
1554 2493 1690 2528 ἀποφάσει
1702 2492 1748 2519 τοῦ
1768 2493 1899 2528 Χριστοῦ,

1107 2535 1180 2570 ἤπερ
1207 2536 1266 2561 ἐστὶ
1285 2534 1399 2569 μεγίστη
1418 2535 1465 2560 καὶ
1487 2534 1576 2569 σαφὴς
1600 2533 1748 2566 ἀπόδειξις.
1765 2534 1796 2560 EE
1815 2533 1844 2560 δέ
1858 2542 1901 2565 τις

1108 2577 1220 2612 ἐρωτῴη
1235 2578 1258 2610 ⁸,
1274 2577 1344 2608 τίνος
1365 2577 1457 2603 ἕνεκεν
1473 2577 1503 2604 τὸ
1522 2576 1594 2612 ὓδωρ
1611 2576 1796 2612 παρείληπται
1811 2584 1818 2608 ;
1837 2576 1901 2602 ἀντ-

1108 2619 1196 2654 ερωτή
1201 2627 1290 2653 σωμεν
1298 2618 1346 2644 καὶ
1358 2619 1448 2653 ἡμεῖς·
1456 2618 1534 2650 Τίνος
1544 2617 1571 2644 δὲ
1583 2618 1675 2644 ἕνεκεν
1685 2618 1702 2653 ἡ
1716 2617 1750 2652 γῆ
1765 2617 1841 2652 παρὰ
1851 2616 1902 2651 τὴν

1107 2660 1193 2696 ἀρχὴν
1209 2660 1248 2692 είς
1267 2660 1316 2694 τὴν
1342 2660 1389 2687 τοῦ
1415 2659 1558 2695 ἀνθρώπου
1584 2659 1728 2686 διάπλασιν
1742 2660 1900 2694 παρήγετο;

1109 2702 1170 2728 ὀτι
1185 2702 1239 2736 7&9
1256 2702 1364 2737 καὶτῆς
1378 2702 1430 2736 γῆς
1443 2702 1526 2737 χωρὶς
1541 2701 1652 2736 ποιῆσαι
1667 2700 1810 2736 ἄνθρωπον
1825 2698 1902 2733 αὑτῷ

1107 2743 1217 2770 δυνατὸν
1228 2741 1272 2777 ἦν,
1287 2743 1367 2770 παντί
1383 2753 1434 2770 που
1452 2744 1541 2779 δῆλον.
1560 2743 1651 2778 Μηδὲν
1674 2743 1764 2769 τοίνυν
1787 2748 1896 2776 περιερ-

1138 2790 1152 2810 d
1165 2791 1251 2825 Mggej‘.
1264 2791 1300 2825 ὅτι
1311 2791 1507 2825 annexum“:
1516 2822 1524 2825 _
1533 2792 1552 2825 ,⁸
1563 2791 1597 2815 Ita
1611 2789 1686 2825 Satil.
1700 2793 1726 2814 et
1740 2796 1798 2825 ιιιςξ.
1811 2788 1900 2825 More].

1107 2822 1172 2845 ὄντα.
1186 2822 1214 2845 Εἰ
1227 2822 1252 2845 δὲ
1260 2822 1317 2852 πρὸς
1329 2821 1404 2845 ταῦτα
1413 2821 1487 2858 λέγειν
1497 2821 1620 2850 ἀδύνατον,
1626 2822 1676 2848 πῶς
1695 2821 1748 2874 περὶ
1762 2823 1804 2847 τῆς
1815 2821 1903 2847 νοητῆς

1107 2853 1147 2874 καὶ
1159 2853 1219 2874 πολὺ
1237 2852 1327 2874 τούτων
1343 2853 1490 2874 fulmineam:
1512 2852 1643 2874 γεννήσεως
1665 2851 1709 2874 οὐκ
1740 2850 1903 2874 δυνατώτερον

1107 2853 1147 2876 καὶ
1159 2853 1219 2876 πολὺ
1237 2851 1327 2875 τούτων
1343 2851 1491 2883 ὑψηλοτέρας
1512 2852 1643 2882 γεννήσεως
1665 2851 1709 2883 οὐκ
1722 2851 1903 2883 ἀδυνατρτερω

1108 2883 1174 2915 ξιττσι
1185 2883 1212 2905 τὸ
1222 2883 1304 2912 λέγειν·
1319 2880 1438 2915 μᾶλλονδὲ
1448 2880 1498 2910 πῶς
1507 2880 1535 2906 ὡὺ
1546 2883 1655 2915 περιττὸν
1663 2882 1733 2911 λόγον
1739 2880 1900 2915 ἀπαιτεῖσθαι.

1111 2912 1118 2930 ί
1134 2914 1180 2937 Alii
1194 2920 1250 2936 mss.
1273 2917 1296 2935 (ιι
1310 2913 1384 2937 Saevi].
1399 2914 1442 2936 οὐκ
1453 2914 1480 2937 ἀν
1491 2914 1566 2944 ἔχοιεν
1579 2912 1627 2940 ’τῆς
1647 2913 1784 2944 θαυμαστῆς
1803 2912 1899 2944 τα»ρτηῇ-

1111 2943 1185 2967 I’aulo
1205 2946 1259 2973 {mal
1283 2944 1364 2973 Πατὴρ
1376 2944 1428 2973 γὰρ,
1442 2946 1494 2970 Υἱὸς
1503 2940 1545 2967 καὶ
1556 2944 1621 2972 ἅγιον
1633 2940 1729 2971 Πνεῦμα
1741 2942 1817 2964 πάντα
1830 2940 1901 2971 ἔφηείς

1109 2976 1180 3001 ζετῖι.
1215 2975 1226 2994 ε
1242 2974 1281 2998 δίς
1293 2975 1334 2998 ulli
1346 2977 1369 2998 υι
1382 2973 1455 2999 Sui}.
1469 2974 1554 2999 Morel,
1570 2974 1618 2998 ἐπ,ὶ
1632 2974 1671 2997 τὸν
1685 2973 1817 3004 ἐρωτῶντα.
