2040 3113
221 111 272 139 M9

219 177 285 196 rum.
299 168 365 202 Quia
379 169 472 197 mortis
486 168 668 196 indumentum
681 173 777 204 gestat,
790 176 886 203 nempe
899 167 1007 196 maledi-

219 215 316 242 ctionis
331 219 357 241 et
371 215 552 250 corruptionis
568 223 573 241 :
588 214 705 242 nondum
727 214 892 242 Dominicum
908 213 1011 248 accepit

218 259 388 295 symbolum;
402 260 559 295 peregrinus
574 265 615 287 est
631 264 656 287 et
670 260 787 292 alienus;
803 267 856 287 non
873 259 953 286 habet
966 266 1010 286 re-

217 306 289 340 gium
304 306 419 340 signum.
434 305 493 333 Nisi
508 306 564 341 quis
578 311 653 333 natus
666 307 758 342 fuerit,
779 306 879 341 inquit,
900 314 932 333 ea:
945 314 1010 340 aqua

218 355 242 377 et
264 350 382 385 Spiritu,
408 359 459 378 non
480 356 561 386 potest
578 352 684 379 introire
705 352 732 379 in
752 360 856 388 regnum
878 352 1008 379 ueterum.

220 395 320 422 Verum
335 395 496 423 Nicodcmus
519 404 607 431 neque
630 397 670 424 sic
689 396 830 424 intellexit.
852 396 922 424 Nihil
938 397 1009 424 enim

219 440 357 474 deterius,
377 448 456 475 quam
480 440 605 469 humanis
626 441 772 469 ratiociniis
786 442 934 476 spiritualia
948 449 1010 478 per-

220 486 337 513 mittere.
353 486 408 513 Hoc
423 486 573 521 impedivit,
589 487 732 522 quominus
748 486 792 514 ille
807 486 919 514 sublime
933 487 1010 522 quid-

218 533 290 568 piam
304 538 330 561 et
343 541 468 569 magnum
481 534 621 569 cogitaret.
637 533 699 561 ldeo
711 541 760 561 nos
771 533 863 562 ﬁdeles
873 541 1008 567 vocamur,

219 583 248 606 ut
262 578 437 606 humanarum
453 580 586 606 rationum
603 579 784 607 imbecillitate
799 583 960 614 contempta,
976 579 1009 607 ad

220 624 283 651 ﬁdei
303 624 493 652 sublimitatem
508 624 701 658 ascendamus,
717 629 745 652 et
759 625 889 652 bonorum
906 630 1011 652 nostro-

218 676 277 696 rum
302 676 433 697 summam
455 669 609 705 bujusmodi
634 670 763 698 doctrina:
790 670 1008 697 committamus:

216 714 289 749 quod
305 715 329 742 si
343 715 450 743 fecisset
461 715 622 743 Nicodemus
635 736 643 749 ,
665 723 710 744 res
722 723 775 743 non
789 716 826 743 illi
840 715 1010 750 impossibilia

216 760 273 787 visa
287 759 390 788 fuisset.
404 761 472 794 Quid
487 768 550 797 ergo
565 761 704 789 Christus?
715 760 751 789 Ut
765 761 839 788 illum
851 760 964 788 abducat
976 761 1010 788 ab

218 805 268 834 hac
282 807 443 842 cogitatione
458 807 529 834 humi
543 812 668 843 repente,
692 812 719 836 et
731 807 855 835 Ostendat
866 814 896 834 se
910 814 963 834 non
976 806 1010 834 de

219 849 269 878 hac
290 852 462 887 generatione
480 852 570 887 loqui,
593 853 629 880 ait
641 863 648 881 :
662 852 720 879 Nisi
733 853 788 887 quis
802 857 875 880 natus
890 852 965 888 fuerit
979 861 1011 880 ea:

217 905 284 932 aqua
295 902 319 924 et
331 898 440 932 Spiritu,
456 906 507 925 non
520 903 598 934 potest
610 899 714 926 introire
726 899 752 926 in
761 907 865 934 regnum
875 898 1005 927 actorum.

217 943 264 971 Sic
278 948 366 972 autem
386 943 511 979 loquutus
524 949 576 977 est,
592 949 620 972 ut
633 952 681 980 per
695 945 765 972 hanc
775 944 1009 972 comminationem

217 989 306 1024 ipsum
320 989 352 1016 ad
365 989 443 1017 ﬁdem
457 990 635 1024 pertraheret,
650 990 828 1025 suaderetquc
842 991 891 1026 ipsi
906 998 940 1018 ne
952 998 1008 1018 rem

216 1041 279 1062 esse
293 1034 484 1070 impossibilem
498 1035 677 1068 existimaret,
691 1041 770 1070 atque
781 1036 853 1063 illum
867 1044 882 1063 a
895 1036 1009 1064 carnalis

215 1081 398 1114 generationis
409 1080 570 1115 cogitatione
584 1081 761 1109 abstraheret.
777 1081 815 1109 De
829 1082 879 1109 alia
890 1103 897 1116 ,
913 1082 1007 1117 inquit,

215 1125 313 1160 loquor
330 1126 522 1161 generatione,
537 1133 554 1154 ο
573 1125 734 1159 Nicodeme;
749 1134 797 1154 cur
812 1135 962 1155 sermonem
976 1128 1008 1154 ad

216 1175 316 1198 terram
331 1171 466 1199 detrahis?
487 1179 535 1199 cur
557 1176 660 1199 natura:
682 1172 834 1200 necessitati
857 1180 913 1200 rem
936 1173 1008 1200 illam

215 1216 342 1251 subjicis?
358 1217 406 1244 llic
418 1222 508 1252 partus
519 1218 621 1252 vulgari
633 1217 679 1245 illo
689 1218 810 1252 superior
821 1222 872 1251 est,
885 1225 933 1245 nee
946 1218 1008 1253 quid

215 1269 359 1289 commune
381 1262 518 1290 nobiscum
540 1262 634 1290 habet.
660 1262 724 1290 Hinc
748 1271 854 1298 quoque
873 1263 1009 1298 generatio

215 1313 341 1341 vocatur,
365 1309 413 1336 sed
433 1309 543 1337 nomine
556 1313 658 1337 tantum
679 1310 841 1342 communis,
862 1317 892 1337 re
909 1309 1007 1336 differt.

215 1353 339 1381 Abscede
360 1361 375 1381 a
398 1354 498 1388 vulgari
520 1361 596 1382 more
610 1363 617 1380 :
631 1354 712 1381 alium
733 1354 830 1382 induco
855 1358 957 1388 partum
983 1354 1008 1381 in

217 1399 346 1426 mundum
363 1408 370 1426 :
386 1399 438 1426 alio
463 1399 544 1427 modo
571 1399 642 1434 gigni
668 1399 789 1427 homines
811 1399 872 1426 volo
888 1408 895 1426 :
912 1406 1009 1426 novum

216 1444 410 1479 procreationis
435 1445 543 1472 modum
569 1444 663 1472 affero.
687 1444 811 1472 Formavi
834 1451 867 1471 ex
890 1449 959 1472 terra
982 1448 1010 1472 et

213 1497 299 1524 aqua;
315 1497 368 1517 non
382 1490 446 1517 utile
461 1489 615 1525 ﬁgmentum
628 1489 696 1522 fuit,
715 1489 763 1517 sed
779 1497 826 1516 vas
839 1489 957 1517 deterius
971 1488 1009 1516 fa-

215 1540 288 1562 ctum
314 1539 365 1562 est.
392 1535 449 1562 Non
474 1535 541 1562 ultra
564 1543 598 1563 ex
625 1540 694 1562 terra
719 1539 747 1563 et
773 1542 839 1570 aqua
867 1534 1009 1563 efformare

215 1581 292 1614 volo,
313 1581 361 1609 sed
382 1589 414 1609 ex
437 1589 503 1616 aqua
520 1586 547 1609 et
560 1581 672 1616 Spiritu.
694 1580 769 1615 Quod
783 1581 805 1608 si
820 1581 880 1616 quis
893 1581 1009 1608 interro-

213 1632 271 1663 get,
296 1627 431 1662 quomodo
454 1635 486 1655 ex
511 1628 597 1663 aqua?
619 1627 790 1663 interrogabo
809 1631 836 1654 et
854 1635 904 1661 ego
923 1627 1007 1660 illum,

214 1673 356 1706 Quomodo
368 1680 401 1700 ex
416 1673 507 1700 terra?
528 1673 663 1708 quomodo
677 1672 761 1700 lutum
778 1672 865 1700 varias
879 1673 904 1700 in
919 1677 1009 1707 partes

213 1718 387 1745 distributum
410 1711 474 1745 est?
492 1718 627 1754 quomodo
648 1718 725 1745 unius
745 1718 844 1753 speciei
866 1722 923 1745 erat
944 1718 1008 1745 illud

212 1763 286 1799 quod
301 1763 450 1798 subjectum
467 1764 524 1791 est?
539 1764 622 1792 Terra
638 1769 741 1791 tantum
757 1767 831 1796 erat;
845 1771 904 1798 qua:
917 1768 1007 1791 autem

212 1817 246 1837 ex
263 1809 308 1836 illa
324 1809 393 1836 facta
409 1813 482 1843 sunt,
499 1809 612 1837 diversa:
633 1815 695 1837 sunt
714 1809 825 1844 speciei.
841 1808 916 1837 Unde
928 1816 1006 1842 ossa,

213 1855 299 1886 nervi,
310 1856 429 1888 arterise,
437 1856 531 1883 vente?
541 1855 610 1883 unde
621 1855 793 1888 membratim,
802 1863 863 1882 vasa
872 1855 1006 1890 organica,

211 1902 398 1936 cartilagines,
416 1902 522 1934 tunicas,
539 1901 633 1936 bepar,
648 1902 734 1936 splen,
749 1901 813 1928 cor?
828 1901 897 1929 unde
912 1902 1006 1937 pellis,

212 1947 340 1981 sanguis,
357 1947 467 1981 pituita,
488 1947 566 1974 bilis?
587 1947 657 1975 unde
679 1951 718 1975 tot
737 1947 925 1981 operationes?
938 1947 1008 1975 unde

211 1992 279 2019 varii
293 1991 415 2019 colores?
431 1991 488 2019 haec
507 1992 577 2019 enim
599 2000 650 2019 non
665 1999 698 2019 ex
718 1997 789 2019 terra
803 1992 844 2019 vel
858 1993 913 2019 luto
928 1992 1007 2027 proﬁ-

212 2037 362 2065 ciscuntur.
377 2037 518 2071 Quomodo
533 2041 603 2065 terra
619 2042 728 2072 accepto
742 2037 844 2065 semine
859 2038 1006 2072 germinat,

213 2090 277 2110 caro
291 2087 380 2109 autem
399 2082 457 2110 haec
478 2087 588 2117 accepta
603 2083 768 2118 corrumpit?
787 2083 920 2118 quomodo
936 2087 1006 2110 terra

208 2127 283 2162 jacla
296 2128 397 2155 semina
413 2129 506 2161 nutrit,
520 2136 583 2155 caro
598 2132 686 2155 autem
701 2128 735 2154 ab
749 2128 799 2154 illis
813 2127 937 2160 nutritur,
952 2135 1005 2155 non

213 2173 257 2201 illa
272 2174 373 2201 nutrit?
395 2174 517 2210 Exempli
539 2182 629 2207 causa,
649 2179 719 2202 terra
743 2181 838 2209 aquam
853 2173 1003 2209 excipiens,

212 2220 305 2246 vinum
320 2220 398 2252 fecit;
421 2227 484 2248 caro
496 2228 567 2255 stt-pe
587 2220 676 2247 vimun
691 2219 844 2255 accipiens,
865 2219 890 2246 in
909 2226 1005 2254 aquam

212 2267 356 2293 convertit.
374 2265 450 2294 Unde
464 2273 529 2302 ergo
549 2266 633 2301 liquet
645 2265 702 2293 lure
714 2273 746 2292 ex
764 2269 832 2292 terra
848 2271 925 2298 esse,
945 2272 1004 2292 cum

213 2315 285 2340 terra
306 2312 466 2339 contrariam
481 2311 606 2339 exhibeat
621 2310 803 2345 operationem
816 2330 824 2343 ,
848 2314 877 2337 ut
890 2309 964 2337 dixi?
978 2309 1005 2336 ld

212 2356 353 2384 ratiocinio
366 2357 470 2391 assequi
494 2363 615 2391 nequeo;
637 2355 692 2383 sola
709 2355 760 2382 ﬁde
775 2354 886 2390 accipio.
900 2354 927 2382 Si
942 2362 1006 2390 ergo

212 2404 257 2431 illa
272 2411 331 2438 quae
342 2403 460 2438 quotidie
472 2403 538 2430 ﬁunt
549 2407 576 2430 et
587 2406 739 2438 tanguntur,
752 2401 804 2429 fide
814 2408 881 2437 opus
891 2400 1004 2428 habent:

212 2449 295 2477 multo
305 2449 389 2483 magis
398 2449 440 2475 illa
449 2448 591 2476 admodum
600 2455 697 2475 arcana
706 2451 734 2474 et
741 2446 898 2481 spiritualia.
908 2445 1006 2479 Quem-

211 2494 354 2521 admodum
373 2494 443 2521 enim
468 2498 537 2520 terra
559 2493 720 2526 inanimato,
745 2493 871 2524 inunota,
893 2492 948 2519 Deo
967 2492 1006 2519 sic

211 2540 317 2567 volente
339 2540 464 2567 virtutem
488 2539 600 2574 accepit,
624 2543 652 2565 ut
675 2542 728 2565 tam
752 2537 882 2565 mirabilia
905 2545 937 2565 ex
960 2537 1005 2564 illa

212 2586 350 2621 prodirent
365 2595 372 2613 :
388 2586 423 2612 ita
439 2593 470 2613 ex
484 2585 583 2620 Spiritu
596 2589 622 2612 et
635 2592 702 2619 aqua
714 2584 791 2611 simul
805 2583 864 2611 hmo
876 2583 1006 2610 mirabilia

209 2637 237 2658 et
251 2633 384 2659 rationem
399 2633 552 2666 superantia
565 2631 653 2658 omnia
667 2630 743 2658 facile
757 2633 896 2664 parantur.

246 2678 272 2705 2.
289 2678 422 2711 Quomodo
442 2677 609 2705 Nicodamum
622 2676 756 2704 instituerit
773 2676 896 2703 Christus.
911 2674 1007 2702 Discri-

211 2732 266 2750 men
280 2724 345 2751 inter
363 2723 471 2758 primum
488 2722 596 2749 hominis
610 2722 758 2749 creationem
769 2725 792 2748 et
802 2720 936 2748 secundum
952 2727 1007 2755 qute

211 2770 239 2803 fit
250 2778 293 2804 per
301 2769 427 2805 Spiritum
438 2773 560 2795 sanctum.
570 2767 626 2794 Vita
635 2767 686 2794 alia
696 2767 773 2794 multa
782 2767 868 2794 metior
879 2770 1007 2801 exspecta-

211 2820 259 2843 tur.
282 2816 407 2852 Baptisini
427 2815 575 2842 sublimitas.
603 2814 653 2841 Cur
673 2821 737 2849 aqua
751 2813 784 2840 ad
797 2812 1006 2840 illuminationem

750 110 782 139 IN
801 109 954 139 JOANNEM
974 109 1089 138 HOMIL.
1111 110 1194 139 XXV.
1215 113 1250 140 al.
1271 113 1367 142 XXIV.

1800 120 1852 148 150

1063 170 1214 196 necessaria.
1225 185 1259 190 —
1268 170 1306 199 Ne
1317 172 1404 208 itaque
1417 172 1543 208 quoniam
1555 173 1600 202 illa
1611 182 1664 203 non
1677 175 1760 210 vides,
1775 177 1852 206 ﬁdem

1063 221 1152 249 neges.
1166 215 1234 242 Nam
1246 224 1295 244 nec
1307 218 1422 246 animam
1447 219 1522 248 vides
1532 240 1540 254 ,
1555 226 1582 248 ct
1593 225 1683 250 tamen
1693 223 1781 250 credis
1793 225 1852 251 ani-

1062 268 1132 287 mam
1156 268 1230 294 esse,
1245 267 1272 290 et
1286 262 1417 291 diversam
1430 272 1445 292 a
1458 273 1580 301 corpore.
1607 267 1703 295 Verum
1731 267 1854 297 Christus

1062 313 1115 333 non
1133 306 1184 334 hoc
1195 308 1318 343 exemplo
1330 308 1501 338 Nieodemum
1515 311 1643 347 instituit,
1659 313 1705 341 sed
1720 314 1781 342 alio.
1797 314 1854 342 lluc

1062 351 1132 379 enim
1145 372 1153 384 ,
1165 360 1260 388 nempe
1273 354 1377 388 anima,
1388 362 1447 382 cum
1463 357 1648 392 incorporeum
1662 362 1712 391 sit,
1726 359 1787 388 ideo
1800 369 1852 387 non

1062 396 1088 423 in
1102 397 1217 424 medium
1230 397 1350 431 adduxit,
1361 399 1422 434 quia
1433 400 1479 428 ille
1488 401 1575 430 adhuc
1586 403 1679 430 rudior
1691 408 1759 431 erat.
1774 405 1853 432 Aliud

1062 449 1125 477 ergo
1136 444 1289 478 exemplum
1305 445 1390 480 ponit,
1401 446 1471 481 quod
1484 454 1542 474 cum
1563 455 1704 483 corporum
1723 451 1852 478 crassitu-

1061 487 1124 515 dine
1137 490 1351 517 communionem
1367 491 1473 525 quidem
1487 492 1587 520 nullam
1603 494 1713 526 habeat.
1728 504 1813 531 neque
1827 497 1852 524 in

1063 533 1247 568 incorporeum
1258 535 1377 563 ascendit
1390 531 1509 564 naturam
1523 545 1531 569 ;
1549 538 1574 565 id
1587 544 1638 570 est,
1651 545 1788 568 ventorum
1801 542 1853 569 im-

1062 583 1162 613 petum.
1179 580 1211 607 Et
1224 580 1338 615 primum
1353 581 1386 609 ab
1398 589 1467 617 aqua
1489 582 1608 616 orditur,
1623 592 1682 618 qua:
1696 586 1800 613 tenuior
1810 593 1854 614 est

1061 631 1140 658 quam
1163 629 1232 652 terra
1244 646 1251 657 ,
1266 625 1382 653 crassior
1403 634 1481 661 quam
1505 632 1611 656 ventus.
1628 627 1853 661 Quemadmodum

1062 669 1132 696 enim
1145 677 1159 697 a
1176 670 1304 705 principio
1318 671 1480 699 elementum
1492 677 1562 700 terra
1574 673 1694 709 subjecta
1705 680 1756 705 est.
1769 679 1853 703 totum

1061 718 1150 741 autem
1164 715 1267 749 opillcis
1281 715 1330 743 fuit
1342 727 1348 744 :
1360 716 1398 744 sic
1409 721 1436 745 et
1446 725 1518 745 nunc
1531 725 1599 753 aqua
1615 719 1776 747 elementum
1790 721 1855 748 sub-

1059 759 1150 794 jicitur
1164 769 1170 787 :
1187 764 1270 787 totum
1283 765 1371 789 autem
1394 766 1435 789 est
1449 770 1480 790 ex
1500 762 1613 798 Spiritus
1633 765 1717 799 gratia
1732 774 1739 791 :
1753 769 1780 792 et
1793 770 1855 793 tunc

1061 804 1168 838 quidem
1181 804 1277 833 Factus
1292 811 1328 833 est
1341 806 1415 834 homo
1430 807 1456 834 in
1471 807 1583 835 animum
1597 809 1718 836 viventem
1730 809 1811 845 (Gen.
1825 810 1854 838 2.

1063 850 1078 876 7
1092 850 1112 884 );
1128 858 1200 878 nunc
1213 859 1275 879 vero
1290 852 1315 879 in
1328 851 1455 887 Spiritum
1471 852 1659 882 viviﬁcantem.
1681 855 1791 882 Multum
1804 863 1853 882 au-

1063 900 1115 923 tem
1128 902 1169 924 est
1179 897 1249 924 inter
1259 902 1401 933 utrumque
1411 897 1554 926 discrimen
1570 907 1577 926 :
1590 899 1678 927 anima
1691 901 1761 927 enim
1774 901 1855 928 vitam

1061 943 1138 970 alteri
1150 951 1203 970 non
1213 943 1273 977 dat;
1287 943 1403 979 Spiritus
1418 952 1482 972 vero
1496 952 1548 972 non
1565 952 1613 980 per
1625 953 1654 973 se
1665 950 1766 974 tantum
1780 947 1854 980 vivit,

1061 987 1108 1014 sed
1124 993 1150 1014 et
1165 987 1224 1015 aliis
1244 988 1324 1016 vitam
1346 989 1458 1024 praebet.
1485 989 1529 1017 Sic
1551 994 1671 1017 mortuos
1693 991 1856 1019 suscitarunt

1061 1033 1183 1067 apostoli.
1201 1033 1233 1060 Et
1248 1033 1310 1061 olim
1333 1033 1441 1069 quidem
1457 1039 1515 1069 post
1537 1035 1699 1063 creationem
1714 1035 1794 1064 homo
1807 1035 1856 1064 de-

1061 1086 1133 1105 mum
1145 1078 1288 1112 formatur;
1300 1087 1370 1106 nunc
1383 1086 1446 1106 vero
1457 1083 1549 1106 contra
1560 1084 1622 1107 ante
1633 1088 1727 1107 novam
1739 1081 1854 1108 creatio-

1061 1130 1122 1150 nem
1137 1130 1220 1150 novus
1234 1123 1315 1150 homo
1328 1128 1444 1151 creatur.
1471 1123 1536 1151 Nam
1551 1124 1594 1152 hic
1612 1125 1687 1159 prior
1698 1130 1854 1161 generatur,

1061 1168 1157 1195 deinde
1170 1168 1284 1196 mundus
1307 1169 1521 1197 transformatur.
1547 1169 1580 1197 Et
1595 1175 1623 1197 ut
1636 1178 1650 1197 a
1667 1171 1799 1205 principio
1814 1176 1855 1198 to-

1063 1218 1117 1240 tum
1132 1213 1264 1247 formavit,
1273 1214 1312 1241 sic
1324 1219 1351 1242 et
1366 1223 1436 1242 nunc
1450 1218 1533 1242 totum
1546 1217 1632 1250 ipsum
1646 1221 1728 1244 creat.
1745 1217 1778 1243 Et
1790 1221 1855 1244 tulit:

1061 1259 1167 1295 quidem
1191 1261 1245 1288 ait:
1261 1259 1398 1287 Faciamus
1422 1261 1444 1288 ei
1469 1261 1624 1295 adiutorium
1638 1261 1724 1297 (Ibid.
1740 1271 1765 1289 υ.
1781 1263 1853 1298 i8);

1062 1305 1104 1333 hic
1120 1313 1183 1333 vero
1197 1306 1259 1333 nihil
1274 1306 1370 1334 simile.
1391 1306 1456 1334 Nam
1468 1307 1511 1341 qui
1523 1307 1636 1341 Spiritus
1650 1307 1762 1342 gratiam
1777 1315 1853 1335 acce-

1062 1352 1109 1387 pit,
1123 1360 1175 1387 quo
1186 1353 1270 1379 altero
1285 1352 1372 1387 egebit
1397 1352 1540 1386 adjutore?
1554 1352 1598 1387 qui
1614 1353 1639 1379 in
1653 1360 1765 1388 corpore
1778 1352 1854 1381 Chri-

1061 1398 1094 1424 sti
1113 1398 1252 1431 consistit,
1264 1405 1315 1433 qua
1327 1397 1424 1425 deinde
1437 1398 1526 1433 egebit
1540 1398 1613 1432 ope?
1627 1399 1702 1426 Tunc
1715 1399 1748 1426 ad
1763 1399 1855 1434 imagi-

1061 1451 1123 1472 nem
1139 1444 1184 1472 Dei
1200 1444 1262 1472 fecit
1275 1444 1427 1478 hominem,
1449 1451 1520 1472 nunc
1543 1444 1593 1478 ipsi
1617 1445 1671 1472 Deo
1692 1445 1854 1480 conjunxit:

1062 1494 1124 1517 tunc
1134 1489 1215 1524 jussit
1228 1489 1302 1517 illum
1329 1490 1463 1524 imperare
1486 1489 1605 1524 piscibus
1617 1494 1644 1517 et
1657 1490 1748 1518 bestiis
1758 1511 1766 1523 ,
1782 1498 1853 1518 nunc

1060 1542 1140 1570 supra
1152 1535 1233 1562 cazlos
1248 1535 1377 1570 primitias
1386 1540 1490 1563 nostras
1498 1535 1642 1570 assumpsit
1654 1544 1660 1562 :
1675 1539 1736 1563 tunc
1751 1536 1854 1571 paradi-

1061 1588 1120 1608 sum
1135 1581 1305 1609 habitandum
1321 1581 1415 1614 dedit,
1430 1588 1502 1608 nunc
1520 1582 1615 1609 cadum
1636 1581 1713 1609 nobis
1726 1582 1828 1615 aperuit
1845 1591 1853 1609 :

1061 1631 1124 1654 tunc
1137 1626 1265 1654 formatus
1284 1626 1365 1654 homo
1377 1631 1418 1654 est
1431 1626 1475 1654 die
1488 1631 1561 1654 sexta
1572 1647 1580 1660 ,
1593 1626 1655 1661 quia
1667 1627 1854 1662 complendum

1060 1678 1118 1700 crat
1144 1673 1290 1705 smeulum;
1311 1679 1382 1700 nunc
1404 1672 1488 1706 prima
1510 1671 1553 1699 die
1567 1672 1640 1699 etab
1653 1672 1738 1705 initio,
1754 1676 1853 1699 etcum

1061 1719 1128 1746 luce.
1141 1718 1180 1746 Ex
1192 1718 1286 1754 quibus
1296 1718 1420 1745 omnibus
1430 1718 1524 1752 liquet,
1535 1725 1566 1745 ea
1577 1725 1636 1752 qua:
1648 1717 1854 1752 perﬁciebautnr

1059 1765 1092 1792 ad
1102 1765 1180 1792 aliam
1191 1764 1329 1792 meliorem
1338 1763 1417 1791 vitam
1428 1763 1573 1798 pertinere,
1583 1766 1610 1790 et
1620 1763 1653 1790 ad
1664 1766 1764 1790 statum
1775 1771 1853 1790 num-

1060 1819 1138 1846 quam
1154 1810 1360 1838 tcrminandum.
1377 1809 1465 1837 Prima
1479 1810 1568 1844 itaque
1582 1808 1707 1836 formatio
1719 1808 1784 1835 Adae
1797 1812 1852 1836 ter-

1060 1865 1122 1884 rena
1134 1861 1184 1888 est,
1196 1861 1223 1884 et
1235 1860 1295 1891 post
1304 1855 1372 1883 hanc
1384 1863 1417 1882 ex
1429 1854 1494 1882 Adae
1504 1854 1599 1886 latere,
1611 1854 1745 1886 mulieris,
1756 1857 1783 1881 et
1793 1857 1854 1888 post

1060 1903 1132 1931 illam
1151 1911 1184 1930 ex
1199 1903 1310 1935 semine,
1327 1901 1427 1929 Abelis.
1451 1901 1575 1928 Attamen
1594 1899 1693 1927 nullam
1713 1899 1854 1933 explorare

1060 1957 1212 1985 possumus,
1227 1955 1276 1977 nec
1287 1955 1412 1976 sermone
1426 1946 1589 1979 describere,
1600 1945 1650 1973 etsi
1662 1945 1706 1972 illa
1722 1944 1851 1972 crassiora

1059 1996 1122 2024 sint.
1143 1994 1281 2029 Quomodo
1293 2000 1358 2028 ergo
1372 1992 1521 2027 spiritualis
1536 1998 1584 2026 per
1597 1990 1755 2025 baptismum
1771 1996 1851 2024 gene-

1059 2041 1169 2068 rationis
1188 2047 1246 2074 qua:
1258 2040 1335 2073 longe
1355 2038 1494 2065 sublimior
1505 2040 1565 2069 est,
1581 2036 1711 2062 rationem
1726 2034 1789 2061 dare
1803 2041 1851 2068 po-

1060 2085 1191 2113 terimus?
1203 2092 1256 2120 quo
1279 2087 1355 2119 pacto
1366 2081 1490 2117 stupendi
1505 2085 1596 2116 partus
1609 2079 1677 2107 ratio
1690 2087 1703 2105 a
1716 2080 1792 2106 nobis
1804 2086 1852 2106 ex—

1059 2130 1203 2167 petatur‘?
1218 2137 1277 2157 nam
1292 2133 1319 2156 et
1330 2128 1418 2163 angeli
1431 2127 1492 2154 huic
1505 2125 1668 2161 generationi
1683 2124 1802 2152 adfuere.
1817 2124 1852 2151 At

1058 2184 1122 2205 vero
1133 2176 1240 2204 modum
1252 2174 1386 2210 explicare
1399 2172 1528 2200 mirabilis
1542 2171 1613 2198 illius
1627 2178 1674 2206 per
1688 2169 1848 2204 baptismum

1058 2222 1255 2258 generationis,
1271 2227 1351 2247 nemo
1374 2217 1501 2254 potuerit.
1527 2215 1676 2244 Adfuerunt
1700 2215 1754 2248 illi,
1784 2214 1850 2242 nihil

1058 2269 1215 2300 efﬁcientes,
1229 2266 1275 2294 sed
1288 2274 1319 2294 ea
1333 2273 1392 2301 quae
1405 2264 1503 2292 ﬁebant
1516 2262 1602 2290 solum
1615 2261 1745 2289 videntes.
1760 2261 1849 2293 Pater,

1059 2317 1141 2344 Filius
1154 2321 1180 2343 et
1189 2315 1303 2350 Spiritus
1313 2317 1420 2341 sanctus
1432 2311 1521 2339 omnia
1533 2314 1659 2345 operatur
1670 2307 1706 2344 (ιι)
1721 2329 1728 2336 .
1741 2307 1850 2335 Obtem-

1059 2368 1182 2397 peremus
1195 2367 1259 2394 ergo
1270 2359 1315 2386 Dei
1326 2357 1477 2389 sententiae,
1486 2363 1545 2390 qua:
1553 2359 1594 2382 est
1604 2354 1662 2389 ipso
1673 2354 1730 2380 visu
1740 2353 1848 2380 certior.

1058 2409 1125 2436 Nam
1136 2408 1208 2434 visus
1223 2413 1293 2441 sacpe
1304 2404 1402 2432 fallitur
1415 2411 1422 2429 :
1436 2403 1479 2429 illa
1493 2401 1546 2428 falli
1562 2399 1848 2435 nequit.0btempcre-

1059 2461 1119 2481 mus
1134 2453 1223 2487 itaque
1236 2451 1296 2486 ipsi.
1323 2449 1388 2477 Nam
1410 2455 1469 2483 qua:
1489 2447 1533 2474 illa
1555 2453 1614 2480 qua:
1627 2452 1680 2472 non
1695 2449 1770 2471 erant
1783 2451 1847 2478 pro-

1058 2498 1144 2531 duxit,
1157 2497 1191 2525 de
1205 2503 1297 2524 eorum
1312 2499 1405 2521 natura
1420 2493 1532 2528 loquens
1548 2491 1625 2518 ﬁdem
1640 2494 1766 2516 meretur.
1781 2487 1847 2521 Quid

1060 2544 1138 2580 igitur
1150 2543 1192 2570 illa
1201 2541 1286 2569 dicit?
1302 2540 1329 2567 Id
1346 2539 1416 2574 quod
1430 2537 1543 2566 efﬁcitur
1562 2542 1622 2563 esse
1634 2534 1846 2569 generationem.

1092 2630 1099 2644 ¹
1119 2627 1199 2652 Morel.
1213 2628 1249 2652 sic
1260 2626 1334 2651 effert
1349 2625 1413 2656 hunc
1575 2620 1700 2656 crassiora
1710 2620 1765 2656 sint.
1778 2620 1845 2656 Quod

1058 2659 1081 2685 si
1092 2651 1124 2684 de
1131 2651 1187 2684 illis
1195 2651 1321 2683 disserere
1332 2655 1361 2680 sit
1370 2653 1522 2686 impossibite.
1536 2651 1652 2686 quoan
1662 2656 1720 2686 ergo
1736 2653 1766 2675 tte
1776 2651 1850 2683 spiri-

1059 2682 1119 2716 iuaii
1128 2682 1287 2720 (inﬂatione,
1294 2693 1348 2734 (luce
1358 2686 1395 2710 his
1405 2682 1441 2710 est
1449 2683 1522 2718 mqu
1532 2682 1662 2710 sublimior,
1670 2682 1788 2706 disserere
1799 2687 1846 2706 non

1062 2721 1104 2734 -..έο
1117 2716 1283 2734 έίηηηιςι-ὲιιηὶηρ
1296 2718 1300 2725 ‘
1316 2716 1435 2734 numnndn
1455 2718 1527 2734 alium
1549 2719 1595 2734 non
1605 2718 1809 2734 supervacaneum
1829 2717 1846 2734 α

1059 2721 1104 2747 erit
1117 2716 1283 2751 iiitpossibitius
1294 2716 1306 2742 ?
1316 2716 1435 2751 Quomodo
1455 2716 1527 2739 etiam
1549 2719 1595 2738 non
1605 2718 1809 2744 supervacaneum
1829 2717 1846 2737 α

1059 2746 1125 2777 nobis
1136 2746 1381 2781 rhtionempostulut‘e
1393 2746 1420 2781 .9‘
1475 2774 1480 2781 η
1511 2775 1516 2781 ί
1578 2774 1584 2781 ι
1644 2774 1660 2781 ,,

1095 2774 1132 2813 (ᾖ)
1151 2774 1184 2806 iul
1204 2781 1249 2805 tria
1263 2774 1389 2813 supposita
1395 2774 1518 2813 singulari
1531 2774 1759 2813 rverboutituriut
1781 2779 1849 2801 notat

1060 2804 1172 2844 satillius,
1184 2804 1232 2843 quo
1249 2804 1341 2835 stalie'ct
1351 2809 1430 2833 unitas
1440 2804 1581 2832 substantiae
1591 2804 1736 2830 declaratur.
