2040 3113
209 108 255 135 i5!

207 163 284 198 Quod
305 163 326 190 si
350 161 396 189 tibi
419 159 548 194 quispiam
563 157 670 187 dixerit,
682 154 820 189 Quomodo
830 154 842 180 ?
854 161 887 180 ex
900 152 998 180 Christi

209 209 338 237 sententia
353 214 384 234 os
397 206 454 241 ejus
477 204 585 231 obstrue
596 223 603 234 ,
617 209 677 236 quae
698 208 792 235 magna
812 200 936 234 claraque
958 203 999 226 est

208 253 409 282 demonstratio.
434 249 462 277 Si
475 250 534 283 quis
549 255 615 276 vero
630 247 834 282 interrogaverit
845 267 852 278 ,
864 253 912 272 cur
931 253 998 280 aqua

208 304 373 329 assumatur;
399 296 514 323 vicissim
538 295 734 329 interrogemus
747 298 774 320 et
786 300 834 320 nos
845 313 852 325 .
866 299 914 319 cur
928 297 997 319 terra

208 346 241 373 ab
254 345 328 372 initio
341 343 372 370 ad
388 343 502 370 hominis
517 341 703 368 formationem
719 339 846 374 producta
862 340 907 366 sit.
931 337 997 365 Nam

207 391 276 427 qttqd
297 391 355 418 sine
375 394 444 416 terra
473 393 562 423 posset
589 387 723 415 hominem
749 385 883 417 formare,
899 384 999 412 nemini

208 445 259 464 ttun
282 437 453 470 conspicuum
467 439 519 462 est.
543 434 581 461 Ne
598 434 686 468 itaque
713 431 845 460 curiosius
870 430 998 465 inquiras.

206 481 282 515 Quod
295 482 365 509 enim
380 479 530 508 necessaria
541 480 576 506 sit
586 486 652 513 aqua
664 478 725 505 hinc
738 476 860 504 ediscas:
874 483 934 503 cum
949 475 1000 502 ali-

207 527 313 562 quando
340 526 457 560 Spiritus
479 530 540 552 ante
555 531 649 559 aquam
676 522 875 554 descendisset,
891 529 944 548 non
957 520 1000 548 hic

207 573 279 600 stetit
294 572 442 606 apostolus,
458 571 504 597 sed
528 574 557 597 ut
579 568 702 597 ostendat
730 568 798 595 Itane
821 567 999 594 necessariam

208 626 257 645 nec
267 618 426 652 Supcrlluam
438 623 508 649 esse,
520 615 580 643 vide
588 614 650 650 quid
660 614 730 641 dicat
744 623 750 641 :
763 612 896 646 Numquid
907 620 999 646 aquam

207 664 264 698 quis
278 663 408 698 prohibere
421 666 515 697 potest,
529 665 556 687 ut
568 669 619 687 non
634 660 791 693 baptizentur
805 658 842 691 lti,
856 659 898 692 qui
914 657 1000 692 Spiri-

208 715 261 735 tum
270 714 383 735 sanctum
394 711 541 742 acceperunt
554 705 619 732 sicut
628 709 651 731 et
660 704 720 740 ηαδ(
731 704 786 730 Act.
799 705 841 730 i0.
851 704 884 731 47
894 703 922 738 )2
933 702 1001 736 Quid

208 762 272 789 ergo
286 761 352 789 optts
366 757 406 780 est
418 751 506 787 aqua?
521 751 577 779 Hoc
586 750 641 785 jam
656 750 741 777 dicant
756 753 784 776 ut
795 749 926 776 occultum
942 756 1001 783 my-

209 801 319 827 sterium
335 799 408 826 vobis
421 797 552 834 aperiam.
564 798 633 826 Sunt
645 797 751 833 quidem
768 797 816 823 hac
827 796 860 823 de
871 804 900 823 re
912 795 1001 822 arcani

209 845 315 879 quidam
327 845 368 871 alii
382 852 536 876 sermones;
550 844 655 871 interim
666 847 753 870 autem
768 842 843 869 vobis
861 849 895 869 ex
913 841 1002 868 ntultis

210 898 290 917 unum
303 890 400 917 dicam.
414 890 478 924 Quis
494 890 537 916 ille
549 889 606 916 est?
621 889 715 916 Divina
731 888 899 915 celebrantur
913 887 938 913 in
953 886 1003 913 huc

210 935 330 970 symbolo
346 944 352 961 :
369 936 517 970 sepultura,
536 933 703 961 mortificatiu
714 954 721 965 ,
737 933 915 964 resurrectio,
931 932 982 958 vita
994 952 1001 963 ,

211 986 238 1008 et
251 981 307 1008 lt.t.-c
323 981 400 1007 simul
415 981 480 1007 Iinnt
492 980 591 1007 omnia.
619 979 646 1006 In
662 987 730 1014 aqua
745 979 815 1005 enim
830 983 962 1011 tamquam
977 978 1001 1003 in

211 1027 334 1060 sepulcro
347 1031 425 1060 caput
437 1024 656 1060 imtnergentibus
671 1024 758 1056 nobis,
779 1028 854 1050 vetus
869 1024 948 1050 homo
960 1030 1002 1049 se-

212 1072 308 1105 pelitur
320 1079 350 1098 ac
364 1071 525 1105 dentergitur
547 1074 617 1097 tutus
635 1079 641 1097 ε
657 1069 753 1097 deinde
769 1069 845 1096 nobis
861 1076 1002 1103 emergen-

213 1116 290 1148 tibus,
308 1124 390 1143 novus
404 1116 530 1150 exsurgit.
547 1115 580 1143 Ut
595 1116 665 1143 enim
694 1114 770 1141 nobis
793 1113 869 1141 facile
891 1117 931 1140 est
953 1113 1003 1139 im-

212 1164 294 1197 tuergi
308 1167 335 1189 et
349 1168 438 1197 postea
452 1169 589 1197 cmergere
603 1171 609 1188 :
625 1162 663 1188 sic
675 1161 729 1188 Deo
746 1161 822 1187 facile
832 1166 873 1187 est
887 1164 1003 1186 veterem

212 1208 326 1242 sepelire
340 1208 486 1241 hominem,
500 1213 527 1235 et
542 1215 639 1234 novum
668 1207 806 1234 inducere.
833 1207 884 1234 Ter
899 1206 950 1233 ltoc
964 1205 1003 1238 fit,

214 1258 242 1279 ut
263 1253 348 1280 discas
370 1254 493 1280 virtutem
522 1253 605 1280 Patris
621 1257 647 1280 et
663 1252 726 1279 Filii
740 1256 766 1279 et
780 1252 894 1286 Spiritus
920 1251 1003 1278 sancti

216 1299 272 1326 huic
292 1300 379 1326 omnia
396 1299 516 1334 implere.
541 1299 617 1332 Quod
638 1304 726 1326 autent
743 1299 799 1325 hzec
813 1306 865 1325 non
880 1306 926 1332 per
940 1305 1004 1324 catt-

213 1345 343 1380 jecturam
357 1345 425 1372 dicta
441 1347 494 1373 sint
505 1366 512 1378 ,
529 1346 589 1373 audi
612 1345 720 1372 Paulum
737 1355 744 1372 ι
759 1345 904 1379 Consepulti
919 1352 1005 1371 sumus

215 1399 273 1417 cum
287 1391 331 1418 illo
346 1399 390 1426 per
401 1391 550 1425 baptismum
564 1392 589 1418 in
605 1397 707 1418 mortem
720 1391 835 1426 (Colon.
847 1390 874 1418 2.
889 1390 939 1425 12)
951 1399 958 1422 ί
974 1398 1005 1417 ac

216 1446 332 1471 rursum,
352 1438 427 1465 Vetus
440 1440 514 1466 homo
528 1445 611 1466 noster
626 1439 701 1465 simul
715 1439 852 1472 cruci/imus
863 1443 897 1465 est
912 1438 1003 1472 (Rom.

218 1484 244 1510 6.
259 1484 310 1518 6);
323 1488 349 1511 et
363 1484 458 1511 iterum
469 1505 475 1515 ,
492 1483 661 1518 Complantati
674 1484 735 1518 facti
748 1492 833 1510 sumus
847 1484 1006 1511 similitudini

216 1529 301 1556 mortis
311 1530 365 1564 ejus
375 1529 481 1561 (lbid.v.
491 1529 529 1564 5).
541 1530 596 1557 Non
611 1530 689 1556 modo
700 1534 786 1556 autem
799 1530 927 1565 baptisma
941 1538 1006 1557 crux

216 1574 322 1607 dicitur,
338 1574 383 1602 sed
398 1582 461 1602 crux
477 1583 582 1610 quoque
596 1576 735 1609 baptisma.
750 1575 882 1609 Baptismo
897 1584 946 1610 quo
960 1584 1005 1611 ego

217 1619 339 1653 baptizor,
350 1627 392 1646 vos
403 1619 590 1653 bttptizubitttitti
599 1620 692 1651 (Marc.
707 1620 750 1647 10.
761 1620 813 1655 59)
825 1629 832 1652 ;
847 1627 878 1646 ac
889 1628 1004 1654 rursum,

219 1662 348 1698 Buptismo
363 1664 441 1691 habeo
454 1665 586 1699 baptizari,
610 1673 682 1699 quem
695 1673 737 1692 vos
750 1666 849 1692 nescitis
861 1666 869 1700 (
883 1665 943 1692 Luc.
962 1666 1004 1693 12.

216 1709 283 1744 50).
306 1710 534 1742 Quemadmodum
550 1711 621 1738 enim
637 1718 685 1738 nos
707 1711 782 1739 facile
802 1712 967 1746 baptizamur
980 1717 1006 1740 et

217 1755 386 1788 cntergimus,
396 1755 434 1782 sic
446 1759 473 1782 et
485 1756 528 1783 ille
541 1760 658 1783 mortuus
670 1764 729 1783 eum
742 1757 834 1789 volttit,
844 1758 1004 1790 resurrexit;

218 1800 271 1826 imo
292 1800 370 1834 longe
385 1800 496 1833 facilius.
514 1802 617 1829 etiamsi
642 1803 728 1830 triduo
742 1810 789 1837 per
804 1806 958 1839 mysterium
980 1809 1007 1832 et

218 1853 394 1873 ωεοιιοιιιιιιιιι
410 1852 545 1874 manserit.

253 1891 279 1918 ὅ.
301 1890 447 1925 Baptizatos
462 1897 488 1918 ut
504 1892 577 1927 digne
592 1893 716 1924 baptismo
728 1899 814 1929 agant,
836 1895 946 1922 nondum
966 1896 1006 1922 ba-

221 1936 327 1969 ptizatos
350 1942 377 1962 ut
392 1945 466 1971 quam
486 1938 594 1972 priurum
610 1938 768 1972 baptizentur
789 1940 912 1967 hortatur.
934 1940 1007 1968 Cate-

218 1981 332 2008 c/tutneni
354 1982 468 2016 fidelibus
488 1984 599 2010 extranei
614 1988 680 2010 sunt.
695 1983 853 2018 Baptisntum
877 1994 955 2020 usque
973 1987 1006 2013 ad

219 2031 321 2053 mortem
342 2027 485 2059 differentes
507 2029 702 2063 redarguuntur.
721 2029 917 2057 Commendutur
939 2031 1004 2058 elec-

218 2080 332 2107 tnosyna.
353 2087 386 2092 -—-
407 2072 515 2100 Talibus
542 2081 606 2108 ergo
625 2074 725 2108 dignati
749 2075 898 2110 mysteriis,
924 2076 1005 2103 vitam

219 2124 292 2145 tanto
302 2120 372 2146 dono
385 2120 490 2154 dignam
503 2120 686 2154 exhibeamus,
699 2122 828 2156 optimum
845 2122 1005 2149 institutum.

218 2164 266 2196 Qui
282 2171 345 2191 vero
358 2165 476 2191 nondnnt
491 2165 532 2192 his
549 2166 648 2200 dignati
670 2166 744 2197 estis,
767 2168 855 2193 omnia
879 2166 958 2194 facite
979 2171 1007 2194 ut

220 2209 250 2234 iis
264 2207 421 2243 dignemini,
444 2214 471 2236 ut
487 2218 566 2236 unum
580 2217 678 2244 corpus
693 2210 851 2242 efficiamur,
876 2216 905 2238 ut
923 2212 1006 2239 simus

219 2254 327 2280 fratres.
353 2254 483 2287 Quamdiu
510 2256 580 2281 enim
603 2257 640 2282 sic
666 2262 838 2290 separamur,
860 2257 909 2284 etsi
931 2261 1007 2292 pater

217 2299 277 2333 quis
301 2298 388 2332 fuerit,
410 2299 458 2326 etsi
486 2299 566 2332 filius,
594 2301 643 2327 etsi
667 2300 767 2334 frater,
789 2301 876 2335 quivis
900 2302 1006 2329 tandem

219 2345 307 2376 fuerit,
329 2345 446 2372 nondum
470 2353 533 2373 vere
553 2351 681 2381 cognatus
702 2352 753 2379 est,
780 2354 839 2374 cum
859 2355 872 2374 a
889 2355 1006 2383 superna

216 2390 376 2424 cognatione
390 2390 424 2417 sit
438 2390 598 2418 abstractus.
613 2392 676 2425 QUI:
692 2392 762 2419 enim
779 2392 879 2419 utilitas
894 2400 927 2420 ex
943 2393 1005 2420 lutei

217 2436 322 2470 generis
341 2436 539 2470 conjunctione,
561 2444 621 2463 cuttt
640 2437 813 2471 spiritualiter
837 2445 889 2464 non
914 2445 1006 2466 sumus

218 2482 373 2516 euttjuncti?
391 2482 460 2517 quod
482 2482 584 2509 lucrum
608 2487 720 2510 tet-rene
743 2482 890 2515 afﬁnitatis,
903 2491 962 2511 cum
979 2484 1006 2511 in

217 2527 289 2554 t‘:l'ilS
313 2535 405 2554 suntus
427 2528 564 2555 extranei?
596 2528 745 2555 Extraneus
767 2529 863 2562 quippe
879 2533 920 2556 est
934 2532 1006 2556 cate-

218 2574 366 2600 chumeuus
389 2574 468 2600 ﬁdeli.
484 2573 574 2608 Neque
589 2574 658 2600 enim
677 2573 747 2600 idettt
761 2574 847 2608 ipsuut
863 2579 943 2608 caput
957 2574 1005 2601 lta-

220 2618 274 2650 bel,
295 2626 347 2645 non
371 2618 494 2645 eumdem
516 2622 629 2652 patrem,
644 2626 696 2645 non
715 2619 836 2646 eamdem
859 2619 1003 2652 civitatem,

219 2670 272 2689 non
286 2670 386 2694 escam,
403 2671 456 2691 non
471 2663 663 2696 indumentum,
684 2671 736 2691 non
750 2671 878 2695 mensam,
888 2664 933 2691 sed
948 2672 1005 2691 ont-

219 2708 261 2734 nia
277 2713 424 2743 segregata.
451 2708 557 2735 Etenim
572 2708 633 2736 huic
648 2709 736 2736 omnia
751 2710 776 2736 in
793 2714 871 2741 terra,
898 2709 936 2737 illi
949 2717 1005 2737 om-

219 2754 261 2782 nia
275 2754 301 2782 in
315 2754 401 2782 casio:
416 2754 477 2782 huic
493 2754 616 2782 Christus
630 2763 676 2782 rex
692 2760 742 2787 est,
767 2755 802 2783 illi
827 2759 964 2790 peccatum
979 2760 1007 2782 et

220 2801 442 2829 diabolus:ltuic
465 2801 588 2829 Christus
600 2801 712 2834 deliciae,
738 2802 774 2829 illi
794 2801 940 2836 corruptio.
965 2801 1005 2828 Iu-

569 99 597 129 S.
618 99 755 128 JOANNIS
777 94 1014 125 CllltYSOS'l‘OMi
1036 95 1194 123 AliGiliEP.
1215 96 1483 125 CONSTANTINOP.

1791 101 1842 129 ιω

1051 151 1206 178 duntentum
1225 159 1331 187 quoque
1347 152 1383 179 illi
1401 154 1529 180 vermiunt
1545 161 1624 188 opera
1638 175 1644 185 ,
1659 153 1721 182 huic
1733 156 1838 190 nugelw

1052 205 1109 224 rttttt
1126 197 1253 225 Dominus
1270 207 1276 224 :
1293 198 1388 225 civitas
1401 198 1463 226 huic
1477 199 1582 233 ett-lum,
1609 200 1646 226 illi
1671 206 1752 228 terra.
1776 200 1838 228 Cum

1051 251 1115 279 ergo
1131 244 1195 271 nihil
1209 251 1353 272 commune
1366 244 1521 276 habeamus,
1535 245 1561 272 in
1577 253 1638 280 quo,
1654 254 1757 280 qtta‘so,
1774 253 1843 274 com-

1053 289 1265 317 municabimus?
1292 289 1344 317 Sed
1370 290 1464 317 eodem
1492 295 1578 325 partu,
1598 298 1629 318 ex
1650 291 1744 319 cadent
1766 292 1842 318 vulva

1053 336 1206 372 prodimus?
1231 335 1327 363 Verum
1351 344 1438 371 neque
1457 337 1507 364 hoc
1529 337 1627 364 sufficit
1647 338 1679 364 ad
1700 339 1842 372 genuinam

1052 383 1250 417 cognationem.
1267 382 1428 410 Studeamus
1441 382 1530 418 igitur,
1549 388 1577 410 ut
1591 391 1714 418 superine
1728 384 1843 412 civitatis

1052 429 1124 456 cives
1145 429 1239 456 simus.
1263 427 1407 463 Quousque
1432 428 1458 455 in
1486 428 1580 455 exsilio
1606 436 1754 461 manemus,
1782 436 1842 456 cum

1053 478 1189 509 oporteret
1202 479 1319 501 veterem
1335 478 1455 508 repetere
1466 474 1577 508 patriam
1590 474 1602 502 ?
1620 473 1711 508 Neque
1725 474 1795 501 enim
1809 475 1844 502 de

1054 529 1083 548 re
1098 521 1196 548 nullius
1215 521 1291 556 pretii
1307 521 1452 556 periculum
1467 525 1519 548 est.
1536 521 1588 548 Sed
1600 521 1623 548 si
1637 521 1750 553 accidat,
1772 521 1843 554 quod

1056 567 1125 594 Deus
1146 572 1260 600 avertat,
1281 567 1461 602 inex~pectata
1482 573 1568 594 morte
1584 575 1636 595 non
1651 567 1768 596 initiatos
1784 568 1845 596 hinc

1054 612 1151 647 abripi,
1172 613 1251 640 etiam
1275 613 1297 640 si
1319 613 1390 640 mille
1414 612 1491 640 bouis
1515 613 1635 641 instructi
1653 614 1747 645 simus,
1778 613 1844 641 nihil

1055 659 1126 686 aliud
1141 666 1189 686 nos
1205 659 1332 693 excipiet,
1347 666 1427 694 quam
1440 658 1561 694 geltenua
1574 663 1602 686 et
1615 659 1713 687 vermis
1730 666 1844 686 venena~

1056 709 1109 736 tus,
1126 705 1192 739 ignis
1208 704 1441 738 inexstinguibilis,
1458 703 1562 730 vincula
1576 703 1843 731 insoluliilia.\'erum

1055 750 1124 777 absit
1137 755 1164 777 ut
1179 750 1310 785 quispiant
1323 750 1473 776 auditorum
1495 750 1652 784 supplicium
1677 749 1740 777 illud
1763 758 1846 785 expe-

1056 797 1150 824 riatur.
1165 796 1240 830 Quod
1265 796 1415 827 vitabimus,
1440 796 1461 823 si
1477 796 1561 823 sacris
1581 796 1715 831 mysteriis
1728 796 1843 830 dignati,

1055 850 1165 876 aurum,
1187 847 1325 876 argentum
1346 848 1373 869 et
1395 841 1495 876 lapides
1519 842 1650 876 pretiosos
1677 849 1725 876 pro
1750 842 1844 869 funda-

1056 892 1147 915 mento
1166 895 1305 923 ponamus.
1331 888 1375 915 Sic
1395 888 1464 914 enim
1481 888 1626 922 poterimus
1640 888 1684 914 illo
1697 888 1843 917 abeuntes.

1057 934 1152 961 divites
1167 941 1307 968 apparere,
1330 933 1437 968 quando
1458 940 1510 960 non
1536 932 1578 960 hic
1592 933 1716 967 pecunias
1731 933 1846 968 relique-

1058 981 1151 1013 rimus,
1177 979 1222 1007 sed
1245 979 1276 1007 ad
1298 985 1367 1007 tutos
1391 979 1449 1006 illos
1470 979 1608 1006 thesauros
1624 979 1846 1006 Iransmiserimus

1058 1035 1105 1061 per
1118 1021 1212 1055 manus
1228 1034 1372 1061 pauperum
1385 1034 1393 1058 ;
1418 1026 1524 1061 quando
1537 1025 1645 1053 Christo
1659 1029 1777 1052 tnutuunt
1799 1025 1846 1052 de-

1057 1073 1186 1101 derimus.
1216 1073 1294 1100 Multa
1317 1072 1446 1100 debemus
1467 1072 1532 1105 illic,
1557 1079 1609 1098 non
1634 1072 1772 1106 pecunias,
1798 1071 1845 1098 sed

1058 1124 1176 1154 peccata.
1193 1119 1283 1146 Mutuo
1297 1119 1376 1153 igitur
1390 1118 1426 1144 illi
1444 1118 1569 1152 pecunias
1583 1117 1688 1149 dentus,
1713 1121 1742 1144 ut
1764 1117 1846 1151 impe-

1058 1170 1158 1192 tremus
1170 1165 1356 1192 remissionem
1373 1169 1550 1198 peccatorum.
1575 1163 1633 1198 ipse
1656 1163 1725 1190 enim
1741 1167 1782 1190 est
1802 1163 1846 1198 qui

1057 1210 1168 1245 jlulicat.
1189 1211 1226 1238 Ne
1240 1211 1417 1245 despiciamns
1431 1210 1503 1237 illum
1518 1210 1560 1236 hic
1575 1209 1747 1242 esurientem,
1771 1214 1799 1236 ιιι
1821 1215 1847 1237 et

1059 1257 1115 1291 ipse
1135 1263 1184 1283 nos
1207 1256 1242 1283 ibi
1262 1256 1372 1283 nutriat.
1395 1255 1443 1282 llic
1465 1254 1605 1282 induamus
1624 1254 1720 1288 ipsum,
1745 1259 1772 1281 ttt
1794 1262 1846 1281 non

1059 1301 1190 1335 relinquat
1204 1305 1252 1328 nos
1265 1299 1352 1327 nudos
1366 1299 1515 1334 patrocinio
1530 1306 1588 1327 suo.
1611 1298 1639 1326 Si
1651 1298 1694 1326 hie
1709 1299 1745 1325 illi
1758 1303 1846 1333 potum

1058 1347 1222 1379 dederimus,
1237 1354 1290 1373 non
1305 1346 1424 1374 dicemus
1434 1353 1495 1373 cum
1509 1345 1590 1373 divite
1606 1355 1613 1373 :
1629 1344 1701 1372 Mitte
1710 1344 1846 1378 Lazarum,

1059 1398 1086 1419 ut
1104 1393 1213 1427 intingat
1228 1397 1365 1419 extremum
1383 1391 1456 1426 digiti
1475 1392 1514 1418 sui
1535 1391 1560 1417 in
1575 1399 1650 1425 aqua,
1675 1394 1701 1417 ut
1720 1391 1848 1425 refrigere.

1059 1439 1173 1473 linguam
1187 1442 1298 1463 nostram
1321 1437 1439 1463 adustam
1464 1436 1537 1471 (Luc.
1555 1436 1598 1463 i6.
1612 1435 1668 1470 24).
1692 1435 1720 1463 Si
1734 1435 1777 1462 hic
1788 1443 1847 1462 cum

1059 1484 1131 1512 domi
1153 1483 1325 1518 accipiamus,
1348 1483 1402 1510 illic
1415 1482 1512 1509 multas
1524 1482 1600 1509 nobis
1617 1481 1719 1516 parabit
1733 1482 1847 1509 mansio-

1060 1537 1117 1557 nes.
1140 1528 1167 1556 Si
1192 1528 1337 1555 invisamus
1354 1535 1414 1554 eum
1437 1528 1462 1554 in
1487 1534 1595 1554 carcere
1619 1526 1766 1558 dclettttttn,
1793 1526 1850 1560 ipse

1060 1582 1164 1611 quoque
1180 1582 1228 1601 nos
1250 1581 1265 1601 a
1281 1574 1393 1601 vinculis
1413 1573 1546 1600 liberabit.
1573 1573 1600 1601 Si
1619 1572 1692 1599 illum
1718 1573 1848 1608 hospitem

1059 1620 1255 1655 exceperimus,
1268 1627 1319 1646 nott
1332 1619 1461 1654 despiciet
1477 1626 1534 1649 uos,
1549 1618 1592 1653 qui
1608 1618 1739 1652 peregrini
1759 1623 1786 1645 et
1800 1619 1848 1646 lto-

1061 1666 1143 1700 spites
1155 1672 1248 1692 sumus
1262 1666 1288 1692 in
1311 1672 1395 1699 regno
1411 1672 1441 1692 ea
1452 1665 1549 1696 lorum,
1562 1664 1608 1691 sed
1622 1671 1743 1698 superna:
1756 1664 1848 1691 civita-

1061 1712 1094 1738 tis
1109 1715 1248 1738 consortes
1262 1710 1365 1737 reddet.
1395 1710 1421 1737 Si
1437 1710 1572 1736 inlirtnum
1598 1709 1672 1736 illuni
1695 1709 1848 1742 invisamus,

1060 1757 1113 1784 cito
1135 1763 1183 1783 nos
1203 1755 1246 1783 ille
1261 1755 1385 1782 liberabit
1408 1754 1442 1781 ab
1466 1754 1666 1781 infirmitatibus
1686 1754 1794 1780 nostris.
1816 1754 1849 1782 Ut

1060 1809 1122 1836 ergo
1144 1801 1188 1835 qui
1209 1808 1304 1835 magna
1321 1807 1368 1834 pro
1391 1799 1479 1836 parvis
1498 1799 1575 1827 donis
1598 1799 1770 1836 accipiamus,
1795 1800 1849 1828 sal-

1061 1852 1113 1875 tem
1130 1846 1172 1874 illa
1187 1845 1281 1881 exigua
1296 1845 1398 1878 demus,
1423 1851 1452 1873 ut
1470 1847 1583 1872 maxima
1599 1853 1759 1872 mercemur.
1784 1847 1849 1873 Dum

1060 1893 1146 1920 adlntc
1168 1897 1272 1926 tempus
1292 1896 1342 1924 est,
1365 1892 1545 1924 setninemns,
1573 1896 1601 1918 ut
1621 1896 1762 1918 metamus.
1784 1891 1848 1918 Cum

1061 1939 1131 1966 enim
1147 1938 1232 1965 hiems
1246 1938 1394 1969 advenerit,
1411 1945 1471 1964 cum
1488 1945 1561 1964 mare
1585 1945 1637 1964 non
1654 1938 1721 1964 ultra
1744 1939 1849 1973 naviga-

1061 1985 1114 2012 bile
1138 1985 1197 2016 erit,
1228 1989 1290 2010 tunc
1314 1991 1367 2011 non
1391 1991 1472 2018 penes
1495 1990 1543 2010 nos
1558 1984 1608 2010 erit
1633 1983 1771 2018 negotiari.
1796 1983 1848 2011 Sed

1060 2030 1166 2065 quando
1185 2030 1236 2057 erit
1259 2029 1365 2056 hiems?
1390 2029 1455 2056 Cum
1477 2029 1615 2056 advenerit
1639 2029 1696 2056 dies
1720 2029 1764 2056 ille
1791 2037 1849 2056 ma-

1060 2083 1128 2111 gnus
1151 2080 1178 2102 et
1202 2075 1371 2109 conspicuus.
1396 2074 1472 2102 Tunc
1483 2075 1554 2101 enim
1570 2081 1622 2100 non
1638 2074 1688 2101 ltoc
1706 2081 1778 2101 mare
1792 2082 1849 2101 ma—

1060 2130 1142 2157 gnum
1176 2126 1203 2149 et
1237 2121 1383 2156 spatiosum
1414 2121 1623 2155 navigabimus:
1645 2120 1710 2147 mari
1737 2127 1850 2155 namque

1060 2174 1179 2202 przrsens
1193 2167 1244 2193 vita
1257 2167 1352 2193 similis
1371 2171 1422 2193 est.
1450 2165 1525 2193 Nunc
1543 2165 1649 2193 serendi
1672 2170 1777 2201 tempus
1798 2170 1848 2200 est,

1061 2219 1123 2241 tunc
1139 2213 1255 2241 metendi
1281 2217 1308 2240 et
1322 2212 1452 2240 lucrandi.
1469 2211 1495 2240 Si
1510 2212 1569 2247 quis
1584 2213 1712 2240 sententis
1728 2217 1848 2247 tempore

1060 2259 1162 2286 semina
1178 2266 1231 2285 tton
1252 2259 1358 2292 jecerit,
1379 2258 1401 2285 si
1422 2262 1544 2292 tempore
1567 2258 1661 2285 messis
1681 2263 1753 2285 serat
1772 2258 1847 2285 inuti«

1061 2305 1132 2337 liter,
1154 2312 1217 2331 sane
1231 2303 1359 2331 ridiculus
1380 2303 1441 2330 erit.
1458 2303 1486 2331 Si
1502 2303 1607 2330 serendi
1623 2304 1657 2330 sit
1671 2309 1784 2338 tempus,
1798 2311 1850 2330 non

1059 2351 1113 2386 jam
1136 2350 1324 2385 colligendum,
1349 2350 1396 2377 sed
1420 2349 1563 2377 serendum
1588 2354 1638 2377 est.
1664 2350 1849 2384 Dispergamus

1061 2397 1141 2432 igitur
1163 2401 1191 2424 ut
1206 2396 1379 2431 colligamus;
1402 2403 1436 2423 ne
1455 2395 1510 2430 jam
1530 2395 1656 2430 colligere
1678 2399 1849 2429 satagamus,

1061 2451 1094 2470 nc
1107 2451 1222 2470 messem
1246 2442 1397 2477 perdamus.
1420 2441 1485 2470 Nam
1501 2442 1552 2469 hoc
1573 2446 1695 2476 tempus,
1722 2445 1751 2468 ut
1773 2441 1847 2474 dixi,

1060 2489 1094 2516 ad
1108 2488 1252 2516 serendum
1267 2492 1371 2520 evoeat,
1395 2492 1423 2515 et
1444 2487 1476 2515 ad
1490 2487 1665 2522 erogattdutn,
1679 2495 1732 2514 non
1747 2487 1779 2514 ad
1792 2487 1849 2515 col-

1064 2533 1198 2568 ligendum
1215 2538 1241 2561 et
1253 2532 1462 2561 recondettdttm.
1476 2533 1514 2560 Ne
1525 2533 1614 2568 itaque
1625 2534 1847 2567 opportunitatent

1063 2579 1231 2611 amittamus,
1250 2579 1297 2606 sed
1324 2579 1438 2606 ubertim
1462 2586 1553 2606 semen
1576 2579 1716 2613 iaciamus,
1740 2585 1790 2605 nec
1811 2577 1848 2605 rei

1061 2624 1185 2651 familiari
1206 2624 1260 2651 ullo
1281 2624 1360 2651 modo
1384 2631 1534 2658 parcamus,
1561 2627 1588 2650 ut
1607 2631 1665 2650 eam
1679 2631 1740 2650 cum
1754 2630 1849 2658 magno

1060 2670 1220 2704 recipiamus
1234 2669 1346 2699 fotnore.
1362 2670 1445 2704 gratia
1461 2674 1488 2696 et
1504 2669 1669 2703 benignitate
1685 2669 1789 2695 Domini
1807 2675 1848 2695 no-

1059 2715 1107 2743 stri
1127 2715 1189 2743 Jesu
1203 2714 1312 2747 Christi,
1328 2715 1433 2750 quicum
1444 2715 1515 2742 Patri
1529 2715 1624 2750 gloria,
1638 2721 1743 2749 unaque
1758 2713 1841 2748 Spiri-

1060 2761 1096 2789 tui
1109 2765 1210 2793 sancto,
1226 2760 1251 2787 itt
1267 2761 1361 2787 smcula
1379 2759 1548 2789 steculoruut.
1565 2760 1660 2787 Amen.
