2040 3113
173 172 223 200 153

685 167 716 195 lN
735 165 890 194 JOANNEM
912 164 1025 193 HOMIL.
1047 164 1142 192 XXVI.
1164 164 1201 191 al.
1222 163 1306 191 XXV.

1754 159 1804 188 εει

842 273 1015 304 HOMILIA
1033 272 1153 303 XXVI.

172 355 198 383 6Δ
219 353 292 386 Quod
307 358 395 379 natum
409 356 444 378 est
460 359 492 378 ea:
511 359 600 382 carne,
615 357 674 377 toro
688 354 739 380 est;
752 353 775 375 et
796 346 864 381 quod
877 350 964 373 mttunt

368 403 404 424 est
423 405 454 424 ea:
475 396 585 431 Spiritu,
599 395 703 429 spiritus
713 399 758 421 est.

211 468 235 494 1.
257 465 359 501 Magnis
383 473 433 493 nos
453 464 589 500 mysteriis
605 463 728 498 dignatus
750 466 792 490 est
814 460 965 496 unigenitus

175 513 258 540 Filius
279 512 345 543 Dei;
369 510 490 546 magnis,
513 515 540 538 et
563 509 662 545 quibus
674 508 745 544 digni
764 516 817 535 non
841 515 958 540 eramus,

176 557 222 584 sed
238 564 298 592 quae
312 556 425 584 decebat
445 556 518 582 illum
541 555 616 582 dare.
633 554 698 582 Nam
724 554 745 581 si
762 553 856 581 merita
876 557 965 580 nastra

175 603 236 638 quis
250 607 365 637 reputet,
389 609 441 628 non
456 601 542 629 solum
564 601 635 627 dono
656 607 763 627 eramus
786 598 897 634 indigni,
919 597 966 625 sed

175 649 308 684 supplicio
327 654 355 676 et
375 648 467 676 ultioni
490 647 607 675 obnoxii.
630 646 681 674 Sed
705 646 729 673 id
754 653 806 673 non
822 645 967 680 respiciens

176 696 222 723 ille
235 716 242 727 .
257 703 312 723 non
335 694 416 722 modo
429 702 477 721 nos
490 701 504 721 a
520 693 651 728 supplicio
666 693 797 725 liberavit,
818 691 865 719 sed
885 691 966 718 vitam

175 742 289 777 largitus
297 745 337 768 est
351 741 431 776 priori
444 741 521 775 longe
534 739 685 771 clariorem;
698 739 724 766 in
739 738 819 765 alium
834 745 883 765 nos
891 745 969 764 mttu-

175 786 239 814 dum
253 786 366 819 induxit,
382 786 460 813 aliam
474 785 592 813 condidit
606 789 755 812 creaturam
769 792 775 810 :
792 783 822 811 Si
836 791 886 818 qua
901 783 968 810 enim

177 833 203 860 in
218 832 318 860 Cltristo
339 840 403 859 nova
422 836 538 858 creatura
553 830 590 866 (2.
607 831 664 856 Cor.
681 830 707 857 5.
721 829 780 864 i7),
797 828 890 864 inquit.
904 828 969 862 Qum

179 885 248 906 nova
261 877 401 905 creatura?
423 876 490 904 Audi
505 877 592 910 ipsum
606 884 612 902 :
628 875 687 902 Nisi
696 875 751 910 quis
765 879 840 901 natus
849 875 924 909 fuerit
938 881 970 900 ea;

177 933 245 958 aqua
257 929 280 952 et
294 923 404 959 Spiritu,
421 931 470 949 non
483 922 572 957 poterit
587 922 681 948 intrare
691 921 716 947 in
731 928 835 956 regnum
850 919 908 947 Dei.
921 919 970 946 Pa-

179 970 285 998 radisus
300 969 378 997 nobis
387 967 558 996 concreditus
572 967 620 994 fuit
636 968 643 983 ¹
657 988 665 1000 ,
682 974 769 1002 neque
785 966 856 1002 digni
873 965 970 993 fuimus

179 1017 225 1051 qui
237 1016 292 1043 illic
305 1022 485 1048 versaremur,
499 1019 525 1041 et
540 1014 566 1041 in
581 1013 674 1041 omium
684 1021 732 1040 nos
742 1013 849 1040 extulit.
862 1012 890 1039 In
900 1012 971 1047 prio-

181 1062 255 1090 ribus
266 1061 357 1090 ﬁdeles
366 1069 418 1088 non
429 1061 574 1093 fueramus,
586 1065 613 1087 et
626 1059 726 1095 majora
741 1064 828 1087 tamen
841 1059 947 1087 tradidit
961 1067 969 1085 :

181 1115 234 1135 non
251 1106 386 1142 potuimus
404 1106 439 1134 ab
455 1113 509 1133 uno
523 1105 658 1133 abstinere
677 1106 749 1140 ligno
761 1126 768 1138 ,
792 1108 820 1132 et
842 1111 972 1140 supernas

182 1153 296 1188 prmbuit
311 1152 420 1180 delicias
435 1160 444 1180 :
460 1152 486 1180 in
507 1151 630 1186 paradiso
652 1158 704 1178 non
725 1150 970 1186 perseveravimus,

182 1203 210 1227 et
225 1198 306 1226 caalos
322 1198 398 1225 nobis
407 1197 521 1233 aperuit.
532 1196 596 1224 Jure
612 1196 678 1224 dixit
689 1196 787 1224 Paulus
803 1205 810 1222 :
827 1195 850 1223 0
864 1195 972 1222 altitudo

182 1247 330 1274 divitiarum
344 1245 475 1281 sapientite
494 1249 517 1272 et
535 1244 646 1271 scientia
662 1243 709 1271 Dei
731 1243 824 1279 (Rom.
840 1244 882 1271 11.
897 1243 951 1278 53)
964 1244 971 1271 !

182 1292 241 1320 Non
258 1292 326 1319 ultra
346 1295 440 1323 mater,
457 1298 510 1318 non
532 1290 599 1317 ultra
615 1293 707 1324 partus
718 1309 725 1322 ,
739 1296 793 1316 non
803 1288 890 1317 somni
900 1308 907 1321 ,
920 1295 973 1316 non

182 1338 341 1367 concubitus
353 1343 380 1366 et
393 1337 532 1372 amplexus
548 1345 554 1363 :
571 1343 678 1363 sursum
692 1335 797 1363 tandem
810 1340 912 1363 natura:
923 1341 973 1362 no-

183 1389 248 1413 stne
263 1384 362 1412 texitur
374 1383 509 1418 opiﬁcium
522 1390 554 1409 ex
564 1381 663 1417 Spiritu
674 1386 701 1408 et
710 1388 788 1416 aqua.
801 1381 876 1415 Aqua
884 1384 974 1407 autem

183 1435 321 1465 assumpta
336 1433 397 1461 est,
413 1432 504 1463 partus
516 1428 606 1464 genito
621 1426 700 1455 facta.
714 1427 789 1461 Quod
809 1430 852 1453 est
876 1427 973 1453 matrix

142 1493 147 1497 ε
183 1475 335 1511 embryoni,
352 1474 402 1502 hoc
417 1479 459 1501 est
473 1481 539 1509 aqua
552 1473 622 1500 ﬁdeli
635 1481 642 1500 :
656 1473 682 1499 in
698 1480 764 1507 aqua
781 1471 852 1500 enim
869 1470 975 1506 ﬁngitur

182 1528 211 1550 et
225 1522 363 1549 formatur.
378 1520 495 1548 Primum
513 1519 668 1547 dicebatur:
683 1517 829 1544 Producant
848 1525 920 1552 aqua:
933 1525 974 1544 re-

182 1568 245 1604 ptile
257 1567 349 1594 animte
360 1566 462 1593 viventis
474 1564 550 1600 (Gen.
560 1565 587 1592 1.
596 1564 641 1599 20)
654 1572 661 1597 ;
675 1571 708 1591 ex
718 1571 771 1599 quo
782 1569 870 1591 autem
882 1563 975 1590 Jorda-

184 1615 226 1642 nis
237 1614 335 1642 ﬁuenta
349 1614 484 1648 ingressus
496 1616 537 1640 est
550 1611 688 1644 Dominus,
707 1618 758 1638 non
786 1611 901 1646 amplius
927 1617 972 1637 rc-

184 1663 260 1698 ptilia
285 1662 432 1689 animarum
461 1660 615 1693 viventium,
632 1658 679 1687 sed
705 1658 808 1685 animas
832 1656 976 1685 rationales

185 1708 316 1744 Spiritum
330 1712 451 1735 sanctum
475 1707 589 1734 ferentes
612 1712 679 1740 aqua
701 1704 832 1740 prodttcit.
853 1703 891 1730 Ac
906 1702 975 1738 quod

183 1755 220 1783 de
232 1755 290 1783 sole
309 1754 408 1782 dictum
423 1758 483 1786 est,
499 1752 637 1788 Tamquam
658 1759 765 1787 sponsus
788 1750 925 1785 procedens
945 1749 977 1776 de

185 1801 300 1828 thalamo
317 1808 362 1827 sua
380 1798 465 1836 (Psal.
482 1798 524 1826 18.
540 1797 587 1833 6);
604 1798 629 1825 id
647 1797 681 1824 de
701 1796 824 1824 ﬁdelibus
843 1795 899 1830 jam
924 1794 976 1822 dici

186 1847 281 1882 possit,
293 1846 338 1881 qui
361 1845 557 1881 splendidiores
569 1851 648 1879 quam
667 1842 707 1870 sol
723 1841 850 1870 etnittunt
875 1840 975 1868 radios.

185 1893 241 1921 Sed
255 1892 325 1928 quod
339 1891 365 1918 in
387 1891 464 1918 vulva
480 1889 610 1917 formatur
621 1909 629 1922 ,
652 1893 773 1923 tempore
791 1893 858 1922 opus
880 1886 975 1919 habet;

185 1940 214 1967 in
229 1946 297 1974 aqua
312 1944 375 1965 vero
398 1944 450 1964 non
466 1936 521 1968 sic,
546 1935 593 1962 scd
622 1940 675 1962 uno
700 1932 828 1968 temporis
842 1936 978 1960 momento

186 1986 254 2012 ﬁunt
269 1984 367 2012 omnia.
383 1982 433 2010 Ubi
445 1981 516 2010 enim
533 1981 602 2008 fluxa
622 1980 675 2007 vita
689 1987 722 2007 ex
735 1985 863 2013 corporea
883 1984 976 2005 corru-

186 2032 279 2067 ptionc
293 2030 449 2065 principium
459 2027 646 2061 babet,moras
659 2025 740 2053 trahit
750 2024 775 2052 id
791 2024 861 2059 quod
875 2023 978 2058 paritur

186 2076 269 2113 (talis
282 2075 379 2110 quippe
393 2079 434 2102 est
445 2079 587 2108 corporum
603 2075 696 2098 natura
710 2079 716 2098 :
730 2074 850 2104 tempore
864 2068 906 2095 illa
919 2076 980 2102 per-

187 2123 331 2152 fectionem
346 2121 498 2157 acquirunt)
513 2129 520 2148 :
534 2118 682 2155 spiritualia
706 2124 770 2145 vero
784 2124 835 2143 non
855 2115 903 2143 sic.
925 2114 978 2142 Sed

187 2170 272 2206 quid?
289 2169 311 2197 A
325 2168 454 2204 principio
469 2167 585 2202 perfecta
600 2169 670 2192 sunt.
682 2164 778 2191 Verum
792 2162 854 2198 quia
868 2161 980 2189 Nieode-

189 2223 250 2244 mus
273 2215 332 2243 haec
345 2215 500 2249 frequenter
522 2211 633 2239 audiens
649 2209 814 2241 turbabatur,
831 2207 889 2235 vide
911 2214 979 2242 quo.

188 2261 270 2290 modo
283 2260 332 2296 ipsi
346 2259 465 2296 mysterii
490 2265 615 2285 arcanum
628 2255 740 2291 aperiat,
756 2259 783 2282 et
804 2253 904 2281 clarum
918 2252 979 2280 red-

189 2309 236 2336 dat
249 2308 276 2336 id
287 2307 358 2343 quod
371 2307 513 2334 obscurum
529 2309 606 2332 antea
617 2307 691 2336 erat,
707 2310 767 2330 cum
781 2302 818 2328 ait
833 2309 840 2327 :
854 2300 928 2334 Quod
938 2307 981 2327 na-

190 2359 244 2382 tum
255 2358 291 2381 est
303 2362 334 2380 ex
343 2360 429 2384 carne,
441 2359 500 2377 caro
514 2355 567 2382 est;
578 2353 601 2376 et
612 2348 678 2383 quod
688 2352 775 2374 natum
786 2352 821 2374 est
832 2355 862 2373 ea;
870 2345 978 2381 Spiritu,

191 2400 297 2436 spiritus
317 2404 363 2426 est.
379 2398 465 2432 Ipsum
481 2397 587 2424 abducit
598 2403 612 2422 a
626 2395 706 2422 rebus
721 2394 843 2421 omnibus
856 2393 905 2420 sub
920 2399 982 2420 sen-

192 2455 252 2475 sum
268 2445 438 2477 cadentibus,
456 2451 542 2478 neque
558 2442 621 2470 sinit
634 2441 771 2476 corporeis
781 2440 867 2467 oculis
882 2443 982 2474 myste-

193 2491 233 2519 ria
248 2490 372 2518 scrutari.
395 2489 453 2516 Non
467 2489 500 2516 de
509 2495 606 2520 carne,
622 2487 722 2521 inquit,
743 2485 909 2517 disserimus,
934 2482 981 2511 sed

192 2537 228 2565 de
245 2536 359 2571 spiritu,
385 2542 402 2562 ο
418 2533 572 2562 Nicodeme.
595 2533 701 2560 interim
724 2539 785 2559 eum
808 2531 841 2558 ad
866 2537 982 2564 superna

193 2582 361 2610 transmittit.
378 2580 448 2608 Nihil
463 2587 526 2614 ergo
545 2578 643 2606 sensile
657 2585 761 2613 qua-ras
776 2586 782 2603 :
797 2585 858 2604 nam
869 2576 982 2611 Spiritus

194 2628 236 2655 his
249 2628 334 2655 oculis
349 2634 401 2654 non
416 2625 577 2661 percipitur:
591 2631 676 2659 neque
687 2627 763 2659 putes
782 2622 853 2658 quod
874 2629 982 2649 carnem

193 2673 311 2709 Spiritus
326 2673 421 2707 pariat.

229 2717 323 2745 Christi
341 2724 402 2744 caro
421 2715 546 2751 quomodo
567 2719 636 2741 nata.
654 2713 797 2749 Explicatio
810 2712 890 2745 illius,
906 2710 981 2745 Quod

197 2768 287 2791 natum
300 2768 341 2791 est
356 2770 387 2790 ex
402 2762 506 2797 spiritu,
516 2761 625 2795 spiritus
633 2764 683 2792 est,
693 2765 715 2786 et
726 2759 805 2791 illius,
816 2757 929 2792 Spiritus
938 2756 982 2783 ubi

199 2837 235 2900 ό)
245 2841 349 2871 Quidam
366 2840 469 2866 Codices
484 2839 576 2864 trahent
596 2844 603 2862 :
621 2841 639 2862 Ε
658 2836 802 2868 possessione
822 2837 896 2861 terra
915 2832 985 2860 exci-

218 2879 287 2900 trans.

218 2879 287 2901 Imus.

1017 342 1075 369 vult
1088 342 1219 376 spirat.—
1229 341 1367 375 Quomodo
1381 350 1455 377 ergo,
1469 343 1565 371 dixerit
1579 344 1646 371 forte
1665 343 1808 378 quispiam,

1020 388 1133 420 Dotnini,
1151 394 1214 415 caro
1235 393 1294 415 nata
1313 388 1375 415 est?
1388 388 1446 415 Non
1470 397 1484 414 a
1505 388 1604 423 Spiritu
1621 393 1740 421 tantum,
1761 387 1807 415 sed

1018 435 1097 462 etiam
1121 441 1135 461 a
1151 441 1247 465 carne;
1270 433 1341 469 quod
1356 434 1453 461 Paulus
1478 434 1519 461 his
1539 435 1626 461 verbis
1650 435 1784 469 signiﬁcat
1803 442 1809 460 :

1019 479 1128 508 Factum
1142 487 1173 506 ex
1185 479 1303 512 muliere,
1322 481 1418 515 factum
1429 479 1474 506 sub
1488 479 1541 515 lege
1552 479 1620 515 (Gal.
1635 480 1662 507 4.
1675 480 1711 516 4).
1725 480 1810 515 Spiri-

1020 531 1062 553 tus
1077 527 1148 554 enim
1160 526 1233 553 illam
1244 526 1282 553 sic
1294 524 1427 557 formavit,
1440 533 1493 552 noti
1509 533 1541 552 ex
1556 525 1640 552 nihilo
1655 534 1661 551 :
1676 533 1734 552 nam
1746 525 1809 560 quid

1019 579 1085 607 opus
1098 572 1191 600 fuisset
1202 571 1297 599 vulva?
1312 571 1358 599 sed
1380 579 1411 598 ex
1427 571 1545 606 virginea
1560 578 1641 598 carne
1656 580 1663 598 :
1677 577 1811 606 quomodo

1020 623 1120 651 autem.
1135 626 1188 646 non
1205 625 1313 653 possum
1328 617 1472 652 explicare.
1485 615 1550 644 illud
1565 623 1644 651 porro
1654 616 1749 643 factum
1759 621 1811 648 est.

1020 673 1054 693 ne
1063 666 1122 700 quis
1134 665 1250 692 alienutn
1264 672 1279 692 a
1293 669 1386 691 natura
1403 667 1492 691 nostra
1509 666 1614 698 partum
1630 663 1703 689 illum
1717 662 1810 690 existi-

1021 715 1115 738 maret.
1131 710 1195 737 Nam
1210 710 1232 737 si
1247 717 1276 737 rc
1290 709 1329 737 sie
1344 712 1417 744 gesta
1428 729 1436 741 ,
1453 713 1515 735 sunt
1535 713 1623 735 tamen
1638 707 1744 742 quidatn
1767 707 1812 742 qui

1021 755 1102 783 talem
1117 762 1170 782 non
1181 754 1295 782 credunt
1309 753 1528 789 generationem;
1542 752 1591 779 nisi
1606 751 1744 786 virginalis
1754 759 1814 778 car-

1022 801 1062 827 nis
1077 800 1211 835 particeps
1227 799 1331 832 fuisset,
1347 806 1400 834 quo
1415 806 1467 825 non
1481 797 1666 833 prorupissent
1689 797 1812 831 impieta-

1022 847 1078 874 tis?
1096 846 1169 880 Quod
1192 850 1279 872 natum
1298 850 1332 872 est
1347 853 1377 872 ex
1393 844 1492 879 Spiritu
1503 865 1509 876 ,
1532 844 1637 878 spiritus
1658 848 1703 870 est.
1720 842 1814 869 Videu'

1023 891 1137 927 Spiritus
1153 891 1326 926 dignitatem?
1340 890 1405 918 Nam
1420 890 1467 917 Dei
1483 897 1550 924 opus
1563 889 1607 916 ille
1621 889 1713 916 efﬁcit.
1729 888 1814 922 Supra

1022 940 1137 970 dicebat.
1152 938 1193 966 Ea:
1209 938 1262 966 Deo
1275 938 1328 965 nati
1338 942 1395 965 sunt
1408 946 1416 969 ;
1431 937 1476 964 hic
1490 944 1552 964 vero
1563 936 1629 964 dixit
1641 936 1713 970 ipsos
1725 942 1739 962 a
1754 935 1814 970 Spi-

1023 988 1076 1013 ritu
1091 986 1161 1021 gigni
1177 994 1183 1012 :
1203 985 1278 1018 Quod
1292 990 1379 1011 natum
1391 989 1427 1011 est
1438 992 1468 1011 ea:
1479 983 1589 1019 Spiritu,
1602 983 1706 1018 spiritus
1719 988 1773 1014 est;
1789 982 1815 1009 id

1024 1035 1074 1065 est,
1089 1030 1138 1065 Qui
1153 1035 1230 1058 natus
1245 1034 1287 1058 est
1300 1038 1332 1058 ex
1347 1029 1457 1065 Spiritu,
1470 1029 1614 1064 spiritualis
1628 1034 1678 1056 est.
1694 1028 1814 1056 Genera-

1025 1077 1124 1104 tionem
1135 1076 1233 1111 quippe
1248 1075 1292 1102 hic
1315 1082 1368 1102 non
1385 1075 1530 1102 secundum
1546 1074 1722 1101 substantiam
1737 1073 1813 1105 dicit,

1024 1121 1071 1149 sed
1086 1121 1231 1149 secundum
1246 1121 1374 1148 honorctn
1389 1124 1416 1147 et
1433 1120 1555 1154 gratiam.
1571 1118 1598 1146 Si
1613 1125 1677 1153 ergo
1693 1117 1761 1144 ﬁlius
1777 1117 1815 1143 sic

1025 1172 1104 1194 natus
1117 1171 1168 1200 est,
1184 1166 1247 1202 quid
1262 1165 1376 1201 amplius
1391 1165 1501 1192 habebit
1520 1171 1599 1199 quam
1612 1163 1701 1190 ca‘teri
1725 1162 1816 1190 ltomi-

1025 1220 1084 1246 nes,
1109 1212 1154 1248 qui
1180 1212 1215 1239 ita
1237 1212 1292 1239 nati
1314 1210 1394 1238 sunt?
1421 1210 1556 1245 quomodo
1576 1209 1735 1244 Unigenitus
1759 1207 1816 1235 est?

1025 1257 1091 1285 Nam
1106 1261 1133 1285 et
1147 1264 1197 1292 ego
1211 1264 1244 1285 ex
1258 1257 1314 1285 Deo
1326 1261 1404 1284 natus
1421 1263 1490 1288 sum,
1505 1255 1551 1282 sed
1572 1262 1625 1282 non
1638 1262 1669 1282 ex
1685 1253 1741 1288 ejus
1754 1253 1816 1280 sub-

1025 1303 1133 1331 stantia.
1159 1303 1186 1330 Si
1201 1310 1266 1337 ergo
1288 1309 1375 1337 neque
1396 1301 1452 1336 ipse
1475 1308 1507 1328 ex
1523 1300 1581 1335 ejus
1601 1299 1747 1327 subsumtia
1760 1319 1768 1331 ,
1790 1298 1815 1324 in

1026 1356 1079 1384 quo
1103 1348 1192 1376 diﬁ'crt
1211 1355 1226 1375 a
1242 1347 1337 1375 nobis?
1350 1347 1393 1375 Sic
1410 1354 1517 1382 quoque
1529 1345 1629 1380 Spiritu
1643 1351 1729 1371 mmor
1742 1351 1817 1371 inve-

1027 1395 1124 1422 nietur.
1141 1393 1206 1421 Nam
1222 1392 1374 1428 lmjusmodi
1388 1392 1525 1427 generatio
1540 1391 1569 1418 lit
1579 1398 1610 1417 ex
1627 1390 1742 1424 Spiritus
1756 1396 1818 1424 gra-

1029 1441 1074 1468 tia.
1087 1439 1155 1467 Num
1166 1446 1230 1474 ergo
1244 1443 1272 1466 ut.
1285 1438 1370 1465 Filius
1383 1441 1498 1468 maneat,
1510 1435 1625 1471 Spiritus
1638 1434 1737 1461 auxilio
1751 1440 1818 1467 opus

1027 1484 1126 1512 habet?
1137 1483 1237 1519 Ecquid
1247 1484 1304 1511 hace
1315 1490 1330 1509 a
1341 1482 1449 1510 Judaica
1463 1481 1581 1509 doctrina
1596 1480 1718 1507 diﬁ‘erunt
1726 1479 1739 1505 τ
1752 1478 1817 1506 Cum

1027 1531 1139 1559 dixisset
1154 1537 1217 1565 ergo
1229 1529 1362 1562 Christus,
1377 1528 1426 1561 Qui
1442 1532 1519 1554 natus
1531 1531 1572 1554 est
1592 1534 1624 1553 ex
1635 1526 1746 1560 Spiritu,
1761 1523 1818 1559 Spi-

1027 1577 1095 1605 ritus
1111 1580 1167 1609 est;
1182 1575 1254 1611 quod
1269 1575 1403 1602 turbatum
1427 1573 1499 1600 illurn
1521 1571 1607 1599 adlmc
1627 1574 1762 1603 cerneret,
1784 1569 1818 1596 ad

1027 1621 1154 1651 sensibile
1173 1620 1324 1654 exemplum
1341 1618 1519 1654 progreditur.
1533 1618 1560 1644 'l.
1578 1616 1619 1643 Ne
1642 1616 1757 1648 mireris,
1776 1614 1818 1641 in-

1027 1669 1095 1705 quit,
1116 1668 1176 1702 quia
1191 1667 1245 1694 dixi
1265 1666 1319 1699 tibi,
1334 1665 1438 1701 Oportet
1451 1672 1495 1691 nos
1507 1663 1577 1690 nasci
1586 1663 1679 1689 denuo.
1693 1662 1719 1689 8.
1736 1660 1819 1696 Spiri-

1028 1720 1068 1743 tus
1078 1714 1121 1742 ubi
1133 1713 1185 1741 uult
1199 1713 1288 1748 spirat.
1305 1711 1371 1739 Cum
1385 1711 1460 1743 dicit,
1472 1709 1514 1736 Ne
1532 1708 1640 1741 mireris,
1659 1707 1718 1742 ejus
1736 1706 1819 1733 animi

1028 1758 1256 1796 perturbationem
1272 1756 1415 1792 signiﬁcat,
1439 1759 1467 1782 et
1489 1754 1522 1782 ad
1545 1753 1711 1781 subtiliorem
1725 1759 1820 1786 corpo-

1028 1813 1088 1833 rum
1102 1804 1236 1832 rationcm
1249 1802 1368 1831 deducit.
1384 1800 1449 1828 Nam
1465 1808 1480 1830 a
1495 1798 1648 1827 carnalibus
1669 1797 1755 1832 ipsum
1770 1796 1820 1823 ab-

1029 1851 1142 1880 duxerat
1156 1850 1197 1877 his
1206 1849 1306 1881 verbis,
1323 1846 1397 1881 Quod
1409 1851 1497 1873 natum
1507 1850 1543 1872 est
1556 1852 1586 1872 ea:
1598 1844 1707 1879 Spiritu,
1716 1843 1821 1878 spiritus

1029 1901 1075 1924 est.
1090 1895 1157 1930 Quia
1174 1902 1237 1922 vero
1257 1902 1311 1921 non
1334 1892 1502 1927 iulelligebat
1524 1890 1569 1918 ille
1584 1889 1648 1924 quid
1664 1889 1715 1916 hoc
1736 1893 1817 1920 esset,

1029 1948 1122 1969 rursus
1135 1940 1208 1968 illum
1222 1939 1255 1966 ad
1269 1939 1347 1966 aliam
1364 1937 1490 1964 transfert
1503 1935 1644 1971 imaginem
1656 1954 1664 1967 ,
1680 1941 1766 1969 neque
1786 1933 1819 1959 ad

1029 1993 1171 2022 corporum
1186 1983 1389 2012 crassitudinem
1412 1982 1559 2014 adducens,
1575 1988 1662 2015 neque
1685 1980 1719 2007 de
1734 1980 1822 2006 incor-

1030 2031 1119 2067 poreis
1133 2030 1242 2058 omnino
1257 2029 1369 2064 loquens
1393 2028 1498 2064 (neque
1517 2027 1588 2054 enim
1614 2030 1718 2061 poterat
1736 2025 1762 2052 id
1778 2025 1822 2051 ille

1030 2077 1213 2112 intelligere);
1228 2075 1276 2103 sed
1291 2074 1408 2102 medium
1419 2072 1519 2108 aliquid
1534 2078 1691 2107 corporeum
1712 2071 1781 2097 inter
1793 2074 1822 2097 et

1031 2124 1218 2157 incorporeum
1234 2120 1351 2153 invenit,
1373 2119 1446 2147 renti
1468 2116 1564 2153 nempe
1580 2118 1722 2152 impetum;
1746 2116 1822 2143 inde-

1030 2177 1083 2205 qtte
1096 2169 1170 2196 illum
1191 2166 1319 2194 instituit.
1337 2165 1374 2193 De
1394 2168 1473 2192 vento
1488 2171 1602 2198 natnque
1625 2163 1711 2190 dicit:
1730 2161 1822 2189 Vocem

1031 2216 1085 2250 ejus
1099 2214 1190 2246 audis;
1203 2212 1247 2240 sed
1260 2212 1340 2240 nescis
1355 2211 1421 2237 unde
1434 2210 1526 2242 veniat,
1538 2213 1582 2235 aut
1596 2216 1644 2244 quo
1656 2208 1740 2235 vadat.
1754 2207 1821 2234 Cum

1032 2260 1106 2293 dicit,
1128 2259 1177 2287 Ubi
1197 2259 1250 2286 vult
1269 2258 1359 2293 spirat,
1373 2263 1427 2284 non
1442 2254 1572 2290 signiﬁcat
1585 2258 1693 2282 ventutn
1710 2253 1821 2280 arbitrio

1033 2314 1081 2334 suo
1091 2305 1170 2338 ferri;
1192 2304 1239 2332 sed
1261 2302 1408 2331 naturalem
1425 2301 1482 2335 ejus
1497 2301 1624 2334 impetum
1646 2303 1673 2325 et
1698 2299 1750 2326 vim
1765 2297 1823 2324 sine

1033 2349 1412 2389 impcdimentolatam.Solet
1435 2347 1505 2374 enim
1528 2345 1664 2380 Scriptura
1686 2345 1767 2372 etiam
1789 2343 1823 2370 dc

1033 2399 1187 2428 inanimatis
1201 2399 1236 2425 ita
1250 2396 1332 2431 loqui,
1350 2399 1378 2422 ut
1390 2400 1452 2421 cum
1465 2392 1529 2419 dicit
1548 2401 1555 2418 :
1575 2390 1686 2418 Vttm'lali
1707 2395 1823 2417 creatura

1033 2446 1144 2481 subjecta
1153 2449 1190 2472 est
1200 2451 1250 2470 non
1261 2441 1344 2469 uolens
1357 2432 1444 2476 (ﬂent.
1457 2439 1484 2466 8.
1499 2437 1555 2472 20).
1570 2436 1636 2463 Illud
1663 2436 1753 2471 igitur,
1773 2434 1822 2462 Ubi

1033 2494 1086 2521 vult
1108 2492 1204 2526 spirat,
1229 2497 1282 2517 non
1310 2494 1388 2523 posse
1407 2486 1481 2513 illum
1505 2483 1612 2512 retineri
1634 2482 1773 2517 significat,
1797 2485 1823 2507 et

1034 2540 1132 2574 ubique
1142 2536 1265 2569 dtﬁ'undi,
1282 2534 1468 2567 neminemque
1478 2530 1552 2557 illuni
1564 2528 1703 2563 impedire,
1719 2526 1823 2561 quomi-

1033 2571 1152 2613 nus-huc
1162 2583 1225 2610 illuc
1237 2581 1353 2608 feratur:
1370 2577 1417 2606 sed
1432 2583 1527 2610 magna
1541 2575 1567 2601 vi
1588 2572 1698 2606 cll‘undi,
1717 2571 1824 2599 nentine

1034 2631 1161 2665 impetum
1171 2633 1297 2655 coercere
1310 2625 1423 2652 valente.

1069 2676 1096 2702 2.
1107 2674 1140 2701 Et
1150 2681 1232 2700 vocem
1243 2672 1298 2707 ejus
1310 2669 1401 2701 audis;
1415 2666 1553 2701 strepitum
1567 2670 1662 2697 nempe
1673 2667 1700 2690 et
1708 2669 1801 2689 sonum
1814 2671 1822 2688 :

1034 2721 1077 2749 sed
1088 2719 1166 2746 nescis
1178 2717 1244 2744 unde
1256 2716 1347 2746 ueniat,
1361 2718 1404 2740 aut
1417 2719 1465 2746 quo
1479 2710 1563 2738 vadat.
1580 2708 1622 2736 Sic
1636 2713 1673 2736 est
1687 2708 1769 2735 omnis
1778 2709 1822 2744 qui

1034 2771 1108 2793 natus
1131 2768 1168 2791 est
1181 2770 1212 2790 ex
1235 2760 1343 2796 Spiritu.
1368 2758 1430 2785 iizec
1453 2754 1588 2782 conclusio
1615 2757 1666 2781 est.
1693 2753 1719 2780 Si
1746 2752 1824 2787 hujus

1034 2812 1105 2841 venti
1119 2831 1126 2840 .
1143 2808 1243 2844 inquit,
1260 2813 1339 2841 quem
1352 2810 1432 2831 sensu
1443 2820 1451 2836 ,
1466 2808 1562 2835 nempe
1575 2799 1666 2827 auditu
1689 2804 1716 2826 et
1730 2804 1800 2826 tactu
1815 2818 1822 2830 ,

1035 2857 1167 2895 petcipis,
1193 2855 1319 2890 impetum
1341 2849 1474 2885 explicare
1496 2853 1548 2875 non
1569 2850 1661 2882 potes,
1684 2852 1733 2872 nec
1754 2845 1823 2871 viam
