2040 3113
231 160 285 187 155

230 220 289 252 ejus
305 219 392 250 “051i;
405 225 452 245 cur
471 217 552 244 divini
568 216 684 251 Spiritus
707 216 890 250 operationem
917 216 1022 244 curiose

231 265 366 299 exploras,
381 265 424 298 qui
440 263 511 290 venti
530 262 582 289 vim
596 269 648 288 non
662 261 795 296 intelligis,
811 262 860 289 etsi
872 269 965 289 sonum
977 270 1024 290 att-

232 310 309 337 dias?
330 309 395 336 Illttd
412 308 481 336 enim
494 328 502 341 ,
516 307 565 334 Ubi
578 307 629 334 vult
642 307 735 341 spirat,
750 307 783 334 de
803 307 930 334 Paraclcti
950 311 1023 342 pote-

230 359 299 382 state
308 354 407 381 dictum
417 357 467 386 est,
479 357 505 380 et
515 353 553 380 sic
566 353 752 386 explicandum
765 361 772 379 :
787 352 813 380 Si
823 358 931 379 ventum
944 360 1022 380 nemo

229 400 345 431 cohibet,
361 399 406 426 sed
421 406 474 433 quo
487 399 542 426 vult
556 399 599 425 ille
613 398 707 431 fertur,
722 398 896 433 multomagis
907 398 1022 432 Spiritus

229 445 409 480 operationem
419 452 469 472 nec
482 450 583 472 naturze
594 445 667 479 leges
675 445 812 479 qurelihct,
824 451 873 471 nec
886 451 1022 478 corporem

228 491 407 525 generationis
422 491 526 517 termini
540 511 547 523 ,
565 498 614 518 nec
628 491 728 525 quaevis
743 490 792 517 alia
807 490 956 525 hujusmodi
973 498 1021 525 po-

228 541 315 564 terunt
322 537 457 564 cohibere.
469 536 543 569 Quod
553 540 640 563 autem
650 536 682 563 de
691 541 770 563 vento
778 535 881 563 dicatur
891 536 964 569 illud,
973 535 1023 562 Vo-

229 589 280 608 rem
286 583 341 617 ejus
349 582 496 615 audis,iude
505 582 671 616 perspicuum
680 581 823 616 cst.Neque
831 581 900 608 cnim
910 581 1020 614 inﬁdeli,

228 627 272 662 qui
286 636 338 654 non
354 633 444 655 nosset
460 627 644 662 operationem
658 626 772 662 Spiritus
785 626 912 659 dixisset,
933 626 1022 653 Vocem

229 674 284 708 ejus
297 673 380 701 audis.
396 672 625 707 Quemadmodum
639 673 718 708 igitur
733 676 826 699 ventus
837 680 888 699 non
902 677 1020 708 apparet,

228 718 332 746 etiamsi
346 727 442 746 sonum
458 720 580 746 emittat:
597 719 635 746 sic
656 726 705 746 nec
724 719 867 754 spiritttalis
885 719 1022 754 generatio

228 766 312 792 oculis
324 766 460 800 corporeis
474 765 643 800 perspicitur.
659 765 739 800 Atqui
755 769 847 792 ventus
859 769 901 792 est
913 772 1020 800 corpus,

230 812 290 839 licet
306 812 489 839 tenuissimum
507 821 513 839 :
529 819 590 839 nam
605 812 675 847 quod
690 811 779 838 sensui
795 811 944 846 subjicitur,
959 818 1020 838 cor-

229 866 276 892 pus
283 863 334 886 est.
347 859 375 886 Si
391 866 454 894 ergo
463 867 516 886 non
528 866 598 893 :egre
608 858 660 885 fers
668 858 738 892 quod
748 865 845 892 corpus
856 865 909 884 non
918 858 1018 890 videas,

229 912 316 938 neque
336 904 397 932 ideo
415 905 500 939 ipsum
515 912 574 932 esse
591 903 731 936 diffiteris;
746 911 793 930 cur
803 903 836 931 de
854 904 948 938 spiritu
971 911 1020 930 au-

227 949 303 977 diens
316 950 430 977 turbaris
440 971 447 982 ,
462 955 488 977 et
502 954 539 977 tot
553 950 671 976 rationes
685 950 787 984 exigis,
806 957 866 976 cum
884 954 971 976 tatncn
994 949 1020 976 id

227 995 296 1021 circa
312 1002 409 1029 corpus
424 1003 476 1022 non
490 995 573 1029 agas?
585 994 652 1028 Quid
664 1002 727 1029 ergo
737 993 916 1021 Nicodemus?
928 994 1021 1021 Adhuc

227 1040 253 1067 in
264 1039 373 1068 Iudaica
385 1041 485 1068 vilitate
498 1046 596 1073 manet,
612 1048 672 1067 cum
684 1045 736 1067 tam
749 1039 918 1067 manifestum
931 1048 1021 1068 exem-

227 1087 298 1122 plum
311 1087 455 1121 acceperit.
466 1086 513 1114 Cui
528 1086 614 1114 adhuc
624 1093 683 1113 cum
696 1085 778 1113 dubio
789 1085 898 1118 dicenti,
911 1086 936 1113 9.
949 1086 1019 1120 Quo-

227 1133 301 1159 modo
312 1136 414 1165 passunt
423 1132 474 1159 hac
485 1132 558 1166 ﬁeri?
570 1132 752 1159 vehementius
760 1131 823 1158 dicit
832 1131 963 1163 Christus,
976 1131 1018 1158 IO.

227 1176 265 1204 Tn
275 1185 301 1204 es
312 1177 460 1212 magisteria
472 1176 565 1210 Israel,
576 1181 598 1204 et
610 1177 663 1204 Iuro
676 1178 778 1212 ignoras
790 1176 802 1203 Ζ)
812 1176 877 1203 Vide
885 1176 1020 1211 quomodo

226 1231 355 1258 nusquam
369 1231 430 1250 cttm
443 1223 478 1251 de
492 1223 589 1250 malitia
599 1243 606 1255 ,
624 1222 670 1250 sed
692 1222 726 1250 de
740 1222 884 1249 stoliditate
906 1222 993 1256 potius
1010 1221 1018 1238 ¹

226 1277 257 1297 ac
268 1269 437 1304 simplicitate
451 1274 569 1297 accusat.
587 1269 689 1304 Ecquid
706 1268 786 1296 habet
796 1275 936 1295 commune
947 1268 1022 1295 dixe-

227 1315 260 1342 rit
274 1316 415 1349 quispiam,
434 1315 490 1342 hrcc
501 1315 636 1350 generatio
650 1322 709 1342 cum
724 1314 841 1341 Judaieis
855 1314 953 1341 rebus?
964 1313 1018 1341 Sed

226 1360 289 1395 quid
300 1383 307 1393 ,
324 1368 413 1395 quzeso
424 1381 430 1393 ,
448 1368 499 1387 non
515 1360 676 1387 commune?
691 1360 795 1387 Etenim
811 1359 888 1394 primi
903 1359 1018 1386 hominis

227 1406 368 1439 formatio,
395 1414 497 1433 necnon
520 1406 638 1433 mulieris
662 1413 693 1433 ex
715 1405 798 1431 latere
819 1404 936 1438 eductae,
957 1404 1019 1431 item

227 1452 332 1478 steriles
342 1471 349 1483 ,
366 1455 393 1478 et
406 1459 436 1478 ea
451 1459 512 1486 qua:
527 1459 575 1486 per
590 1458 672 1486 aquas
684 1450 800 1485 perfecta
815 1454 877 1478 suttt
887 1471 894 1482 ,
909 1450 934 1477 itt
948 1449 1020 1477 fonte

226 1496 366 1527 videlicet,
389 1495 461 1523 uttde
484 1496 594 1523 Elisagus
618 1495 717 1522 ferrunt
734 1495 840 1527 eduxit;
861 1502 892 1521 ea
912 1502 970 1528 qua:
992 1494 1019 1521 in

227 1541 293 1568 mari
313 1541 413 1570 Rubro.
430 1541 500 1576 quod
517 1541 678 1575 trajecerqu
690 1540 789 1572 Iudaei;
806 1547 836 1567 ea
850 1547 909 1574 quae
925 1540 950 1566 in
977 1539 1018 1573 pi-

226 1587 312 1619 scina,
325 1595 403 1622 qttant
419 1587 529 1622 angelus
546 1586 672 1621 agitabat,
685 1590 711 1613 et
725 1593 783 1619 quae
793 1585 826 1612 ad
842 1585 957 1612 Nectnan
971 1584 1020 1620 Sy-

227 1641 285 1660 rum
307 1637 447 1668 spectant,
470 1633 514 1668 qui
538 1633 563 1659 itt
587 1632 704 1659 Iordane
727 1631 869 1659 mundatus
882 1636 922 1659 est
937 1639 944 1657 :
962 1631 1019 1658 luce

228 1680 334 1714 inquam
347 1679 434 1706 omnia
446 1679 645 1714 generationem
661 1683 687 1706 ct
699 1679 879 1713 purgationem
891 1678 1016 1711 futuram,

227 1726 301 1760 quasi
325 1726 349 1752 in
366 1725 447 1760 figura
463 1725 690 1760 pra-nuntiabant;
706 1732 808 1752 necnon
829 1723 1017 1759 prophetarum

225 1771 297 1797 ‘dicta
312 1771 382 1797 hunc
395 1770 519 1797 nascendi
534 1770 641 1797 tnodum
663 1770 866 1797 subindicahant
876 1790 883 1802 ,
904 1768 1017 1805 exempli

228 1824 326 1844 causa:
353 1817 550 1844 Annuntiabitur
572 1816 681 1842 Domino
703 1816 828 1851 generatio
854 1820 976 1848 ventura,
996 1821 1019 1842 et

227 1863 412 1890 annuntiabunt
425 1864 553 1898 justitiam
577 1864 631 1897 ejus
645 1863 738 1897 populo
748 1863 790 1896 qui
802 1867 926 1894 nascetur,
947 1870 1019 1896 quem

229 1910 286 1945 fecit
300 1909 422 1935 Dominus
437 1908 522 1944 (Psal.
535 1909 580 1935 9i.
593 1909 656 1942 34);
679 1913 705 1935 et
719 1908 792 1940 illud,
809 1908 977 1935 Renottabitur
993 1914 1019 1935 ut

226 1956 320 1990 aquila:
335 1956 454 1990 juventus
470 1960 511 1981 tua
525 1954 610 1991 (Psal.
626 1954 684 1981 I03.
699 1954 742 1990 5);
766 1955 827 1981 item
839 1975 846 1986 ,
866 1954 1019 1982 “luminare

227 2001 370 2029 Jerusalem
384 2009 393 2029 :
406 2010 462 2028 ecce
476 2002 530 2029 Rea:
541 2006 596 2028 tuus
609 2001 674 2028 venit
686 2000 762 2036 (lsai.
776 2001 819 2028 60.
835 2000 879 2036 I):
894 2006 931 2033 et,
947 2001 1019 2028 Beati

228 2057 334 2082 quorum
345 2048 455 2075 remissa:
467 2052 523 2075 sunt
537 2048 679 2082 iniquitates
693 2047 776 2084 (Psal.
790 2048 835 2074 51.
852 2047 886 2082 l).
901 2048 933 2074 Et
948 2048 1019 2075 Isaac

227 2101 332 2128 quoque
354 2094 434 2128 tigura
451 2097 508 2121 crat
523 2093 601 2127 hujus
615 2093 804 2128 generationis.
831 2093 876 2120 Dic
895 2094 965 2120 enim
979 2114 986 2125 ,
1003 2101 1018 2120 ο

225 2139 388 2171 Nicudeme,
404 2140 538 2174 quomodo
554 2145 631 2167 natus
643 2139 686 2167 iile
702 2139 761 2167 est?
775 2147 808 2166 an
819 2139 877 2174 lege
897 2139 1019 2166 naturae?

227 2185 398 2220 Nequaquam
414 2194 420 2211 :
438 2192 501 2219 ergo
515 2184 620 2219 quidam
635 2184 738 2212 medius
750 2184 819 2211 inter
830 2185 898 2211 hanc
909 2189 935 2211 et
946 2184 1017 2210 illam

225 2231 425 2266 generationem
441 2231 536 2257 modtts
546 2235 601 2258 erat
612 2252 618 2262 ,
631 2231 675 2258 illa
688 2230 758 2257 enim
773 2238 805 2257 ex
816 2231 955 2257 concubitu
966 2235 1017 2262 est,

229 2276 274 2303 hic
288 2284 352 2303 vero
368 2284 420 2303 non
433 2284 465 2303 ex
481 2276 653 2311 sanguinibus
670 2280 745 2302 natus
761 2280 811 2302 est.
827 2275 883 2310 Ego
897 2283 959 2302 vero
972 2274 1018 2302 de.

227 2323 383 2349 monstrabo
397 2342 404 2354 ,
419 2329 471 2348 tton
485 2321 554 2348 hanc
568 2321 646 2347 modo
660 2321 871 2355 generationem,
887 2320 932 2347 sed
944 2323 971 2347 et
985 2319 1018 2346 il-

227 2369 281 2394 lam
302 2375 334 2394 ex
350 2367 457 2402 Virgine
470 2388 476 2399 ,
504 2367 577 2394 hisce
601 2366 687 2394 modis
705 2366 907 2401 pramuntiatant
926 2366 1016 2393 fttisse.

225 2413 294 2447 Quia
309 2414 379 2440 cnim
403 2421 481 2440 nemo
498 2412 573 2440 facile
586 2413 737 2440 crediturus
752 2417 808 2440 erat
823 2411 951 2447 virginem
972 2419 1019 2446 pa-

228 2466 300 2490 rcre,
315 2459 421 2486 steriles
434 2459 559 2493 ptimum,
575 2457 671 2485 deinde
684 2465 735 2485 non
751 2457 830 2484 modo
845 2457 960 2490 steriles,
972 2456 1018 2484 sed

227 2505 308 2532 etiam
323 2512 389 2532 anus
403 2509 563 2540 pepererunt
575 2513 581 2530 :
596 2503 715 2539 quamvis
729 2503 806 2538 longe
818 2503 963 2530 mirabilius
973 2502 1017 2534 sit,

230 2559 263 2578 ex
277 2556 350 2579 costa
365 2551 503 2578 mulierem
520 2550 594 2582 ﬁeri;
612 2557 703 2577 verum
715 2549 774 2584 quia
791 2548 854 2575 illttd
867 2547 1020 2582 antiquissi-

231 2604 302 2623 ntunt
316 2601 389 2629 erat,
406 2596 472 2623 alius
487 2595 606 2630 pariendi
618 2602 702 2621 novus
714 2593 807 2621 modus
818 2598 945 2628 scqutttus
957 2596 998 2620 est
1010 2613 1017 2625 ,

231 2649 326 2676 nempe
341 2641 486 2673 sterilium,
509 2641 552 2675 qui
568 2639 704 2675 virginalis
728 2643 818 2674 partus
842 2639 920 2666 ﬁdem
945 2641 1019 2664 ante-

230 2688 322 2715 cessit.
339 2688 400 2714 Ilaec
419 2695 483 2722 ergo
504 2686 649 2714 Nicodcmo
664 2686 689 2713 in
713 2686 867 2713 memoriam
891 2691 1019 2712 revocans

230 2732 335 2760 dicebat
351 2741 357 2758 ε
376 2731 414 2758 Tu
428 2741 453 2759 cs
476 2732 594 2768 magister
611 2733 637 2758 in
651 2730 751 2764 Israel,
773 2736 796 2758 et
820 2731 873 2758 Ita'c
895 2729 1020 2766 ignoras?

229 2777 307 2810 Quod
318 2778 408 2804 scimus
426 2778 562 2814 loquimur,
583 2782 606 2805 et
630 2778 698 2812 quod
716 2777 822 2804 vidimus
840 2782 971 2808 testamur,
996 2780 1019 2802 et

228 2823 398 2851 testimonium
412 2830 523 2852 nostrum
537 2833 609 2852 nemo
627 2825 728 2859 accipit.
748 2823 808 2852 litcc
823 2823 958 2858 subjunxit
970 2842 977 2854 ,
993 2825 1020 2848 et

265 2877 274 2893 ⁸
293 2878 336 2904 Alii
351 2878 451 2912 legunt,
463 2884 563 2912 tantum,
577 2887 629 2912 pro,
641 2879 728 2913 potius.

581 159 608 186 ε.
628 158 766 186 IO.\NNIS
785 157 1019 187 Cllli\'SOSTO.\ll
1041 161 1200 195 AliClllEP.
1220 167 1485 201 CONSTANTINOP.

1817 178 1866 205 I56

1078 220 1184 251 aliunde
1198 232 1302 254 rursum
1316 228 1386 256 dicto
1400 229 1478 258 tidem
1493 231 1606 267 faciens,
1628 238 1654 262 ct
1671 234 1742 262 illius
1757 235 1764 250 ¹
1780 235 1864 262 imbe-

1075 267 1178 296 cillitati
1191 278 1220 298 se
1234 277 1423 308 atlemperans.

1110 313 1136 341 '5.
1151 314 1218 348 Quid
1233 325 1296 345 vero
1312 320 1443 355 signiﬁcat
1459 322 1524 350 illud
1534 345 1541 356 ,
1559 325 1600 352 ll.
1620 325 1695 358 Quod
1709 328 1800 355 scimus
1826 328 1865 355 la-

1074 360 1183 393 quimur,
1205 367 1228 390 et
1244 365 1312 399 quod
1332 367 1438 395 vidimus
1456 371 1594 398 testamur?
1617 372 1683 405 Quia
1710 381 1770 401 cum
1795 375 1865 403 visus

1075 408 1135 442 plus
1154 417 1233 443 quam
1254 411 1298 438 alii
1319 419 1413 441 sensus
1437 415 1514 443 nobis
1540 416 1618 444 fidem
1635 418 1729 452 faciat,
1755 425 1782 447 et
1805 428 1864 448 cum

1075 454 1236 488 persuadere
1252 457 1383 492 volutnus,
1398 459 1432 486 ita
1447 460 1587 495 IOquamur
1601 483 1606 493 .
1619 463 1676 490 Non
1697 465 1787 492 auditu
1803 474 1863 500 per-

1073 499 1202 534 cepimus,
1220 502 1266 529 sed
1287 503 1352 537 ipsis
1365 505 1449 532 oculis
1465 507 1587 534 vidimus.
1605 508 1665 536 Ideo
1679 499 1809 538 Christus
1817 511 1866 538 ltu-

1074 552 1153 573 mano
1178 555 1251 574 more
1267 548 1352 583 ipsunt
1373 550 1534 585 alloquitur,
1551 553 1665 588 hincque
1684 555 1763 582 dictis
1785 556 1863 584 fidem

1076 591 1146 618 facit.
1161 592 1289 629 Quodque
1302 603 1346 623 res
1360 595 1396 624 ita
1417 598 1460 629 sit,
1476 599 1546 633 quod
1565 600 1628 627 nihil
1644 601 1715 628 aliud
1728 601 1864 631 declarare

1074 637 1146 670 velit,
1164 646 1250 673 neque
1263 640 1348 668 visum
1364 642 1517 670 sensibilem
1532 644 1679 680 intelligat,
1701 646 1763 674 hinc
1777 647 1863 682 palam

1073 687 1125 709 est.
1137 683 1280 719 Postquam
1292 686 1361 714 enint
1372 686 1484 722 dixerat,
1497 688 1572 721 Quod
1582 695 1670 717 natum
1684 696 1720 718 est
1733 700 1764 719 ea:
1776 700 1860 726 carne,

1074 737 1133 756 caro
1146 735 1199 762 est;
1221 735 1244 757 et
1258 732 1327 766 quod
1340 738 1428 760 natum
1447 739 1483 761 est
1502 743 1541 761 ει.
1555 735 1669 770 Spiritu,
1686 738 1791 773 spiritus
1805 744 1863 770 est;

1073 775 1220 809 subjunxit,
1238 777 1313 811 Quod
1327 779 1424 806 scimus
1439 780 1572 815 loquimur,
1589 786 1612 808 et
1625 783 1692 816 quod
1705 784 1810 810 vidimus
1825 789 1862 812 te-

1072 825 1180 848 stamur.
1203 822 1257 849 lloe
1273 827 1362 850 autem
1377 824 1494 852 nondum
1511 825 1609 853 factum
1625 827 1718 855 ftterat.
1733 828 1786 856 Cur
1798 837 1862 864 ergo

1073 866 1147 899 dicit,
1173 867 1248 900 Quod
1261 868 1391 896 vidimus?
1412 870 1508 897 Annon
1533 871 1701 899 manifestum
1721 879 1761 901 cst
1778 874 1862 908 ipsum

1074 912 1144 947 loqui
1158 912 1191 940 de
1208 918 1329 940 accurata
1340 914 1502 949 cognitione,
1517 924 1575 950 qua:
1588 925 1639 944 non
1653 925 1744 945 errare
1758 919 1862 954 possit?

1073 958 1107 984 Et
1115 959 1283 986 testimonium
1292 965 1404 987 nostrum
1419 969 1491 988 mmo
1505 963 1607 997 accipit.
1619 963 1684 990 Illud
1696 972 1770 999 ergo,
1787 965 1862 997 Quod

1072 1004 1175 1038 scimus,
1192 1005 1232 1033 vel
1253 1005 1286 1033 de
1305 1013 1334 1034 se
1357 1010 1385 1034 et
1403 1006 1436 1034 de
1453 1007 1531 1035 I‘atre
1554 1008 1634 1041 dicit,
1651 1009 1691 1036 vel
1711 1010 1744 1037 de
1761 1017 1790 1037 se
1805 1011 1863 1045 ipso

1071 1051 1168 1078 solum.
1190 1051 1256 1078 lllttd
1277 1059 1351 1085 vero,
1375 1052 1456 1080 Nemo
1470 1054 1570 1089 accipit,
1593 1063 1645 1081 non
1659 1063 1730 1090 aegre
1753 1055 1863 1084 ferentis

1072 1105 1142 1124 nunc
1156 1101 1206 1128 est.
1219 1097 1266 1125 sed
1277 1106 1333 1126 rem
1344 1102 1444 1133 gestam
1455 1101 1595 1128 narrantis.
1612 1101 1670 1128 Non
1685 1101 1756 1129 enim
1772 1102 1838 1130 dixit
1854 1112 1860 1130 :

1071 1142 1140 1176 Quid
1152 1142 1227 1170 vobis
1242 1143 1421 1171 insensibilius
1442 1145 1477 1172 sit
1491 1165 1498 1178 ,
1514 1146 1558 1180 qui
1587 1153 1618 1172 ea
1632 1154 1691 1180 qua:
1705 1154 1719 1173 a
1734 1148 1811 1174 nobis
1826 1148 1861 1174 ita

1072 1193 1195 1216 accurate
1207 1189 1401 1217 annuntiantur
1416 1198 1468 1217 non
1479 1190 1640 1218 admittitis?
1663 1191 1710 1220 sed
1733 1192 1812 1219 rebus
1835 1197 1862 1220 et

1074 1233 1163 1260 verbis
1186 1233 1284 1260 nullatn
1302 1241 1354 1261 non
1371 1236 1602 1263 mansuetudinem
1627 1236 1774 1269 exhibens,
1797 1237 1861 1264 nihil

1073 1277 1108 1304 ita
1123 1278 1256 1313 loquitur;
1275 1279 1322 1307 sed
1345 1280 1402 1307 miti
1417 1288 1541 1308 sermone
1564 1281 1636 1316 quod
1662 1282 1780 1309 futurutn
1803 1287 1862 1310 erat

1071 1324 1202 1359 prmdicit,
1229 1333 1278 1353 nos
1303 1326 1364 1353 hinc
1387 1334 1490 1362 qttoque
1515 1327 1548 1354 ad
1566 1335 1695 1355 summam
1721 1328 1862 1356 instituens

1071 1371 1302 1398 mansuetudinem
1314 1392 1322 1404 ,
1340 1376 1368 1399 ut
1382 1380 1441 1400 cum
1466 1373 1595 1407 quosdam
1616 1373 1777 1408 alloquimur
1791 1395 1798 1406 ,
1812 1381 1861 1402 nec

1073 1415 1138 1451 ipsis
1150 1415 1310 1450 suademus,
1325 1425 1358 1445 ue
1374 1417 1399 1444 id
1412 1418 1518 1453 indigne
1533 1417 1658 1446 fcrantus.
1677 1418 1743 1446 Nam
1759 1419 1803 1454 qui
1819 1420 1860 1447 in-

1072 1460 1206 1496 dignatur,
1222 1461 1286 1489 nihil
1306 1463 1435 1497 perlicere
1454 1463 1539 1496 solet,
1555 1463 1602 1490 sed
1617 1464 1701 1499 magis
1714 1471 1729 1491 a
1746 1464 1797 1492 ﬁde
1813 1464 1860 1491 ha-

1072 1507 1157 1535 benda
1182 1509 1286 1536 avertit.
1304 1508 1364 1536 Ideo
1386 1514 1491 1544 oportet
1514 1510 1548 1536 ab
1563 1510 1601 1537 ira
1615 1510 1750 1538 abstinere
1771 1519 1777 1537 :
1797 1510 1859 1538 illud

1072 1560 1136 1580 vero
1149 1553 1219 1588 quod
1233 1553 1345 1587 dicimus
1368 1553 1419 1582 fide
1431 1555 1538 1590 dignum
1554 1555 1676 1588 reddere,
1692 1556 1860 1588 abstinendo,

1072 1606 1123 1625 non
1139 1599 1172 1626 ab
1183 1599 1220 1626 ira
1235 1599 1323 1632 modo,
1336 1599 1383 1626 sed
1407 1600 1486 1627 etiam
1497 1608 1510 1626 a
1525 1601 1653 1628 clamore.
1665 1601 1772 1628 Materia
1790 1601 1859 1628 enim

1071 1643 1118 1671 iraa
1132 1644 1242 1671 clamor.
1255 1643 1432 1679 Impediamus
1449 1645 1527 1680 igitur
1539 1653 1647 1680 equum,
1664 1651 1692 1673 ut
1706 1646 1861 1680 dejiciamtts

1071 1689 1208 1724 equitem;
1224 1690 1269 1717 ira:
1285 1697 1386 1724 pennas
1402 1690 1547 1722 cmdamus,
1559 1698 1592 1718 ne
1602 1690 1699 1717 malum
1715 1697 1858 1718 accrescat.

1072 1735 1172 1761 Acutus
1185 1735 1258 1762 enim
1276 1735 1385 1762 morbus
1399 1740 1441 1763 est
1453 1735 1492 1762 ira
1505 1756 1513 1768 ,
1527 1736 1571 1771 qui
1599 1736 1682 1770 possit
1699 1735 1800 1762 animas
1813 1743 1860 1763 no-

1071 1786 1141 1809 stras
1156 1781 1289 1817 decipere.
1310 1782 1371 1809 Ideo
1387 1782 1425 1809 illi
1447 1781 1533 1809 aditus
1552 1782 1667 1817 undique
1683 1782 1860 1810 intercluden-

1071 1827 1121 1854 dus
1144 1833 1194 1855 est.
1220 1828 1285 1855 Nam
1306 1828 1450 1855 absurdum
1475 1833 1546 1856 esset
1568 1829 1637 1855 feras
1662 1828 1859 1856 mansuefacere

1073 1882 1170 1909 posse,
1192 1879 1308 1902 mentem
1329 1883 1392 1902 vero
1419 1874 1695 1902 nostram'eﬂ‘eratam
1710 1875 1857 1910 despicere.

1072 1921 1142 1956 Ignis
1156 1921 1299 1948 vehemens
1312 1926 1353 1947 est
1369 1920 1405 1948 ira
1423 1941 1430 1953 ,
1445 1920 1490 1955 qui
1506 1920 1594 1947 omnia
1609 1919 1726 1947 absumit
1739 1929 1744 1946 :
1760 1927 1820 1947 nam
1833 1923 1859 1946 et

1071 1973 1168 2000 corpus
1188 1966 1333 2001 corrumpit
1348 1970 1375 1993 ct
1386 1966 1501 1992 animam
1523 1965 1662 1992 labefactat
1672 1986 1679 1998 ,
1695 1970 1773 2000 atque
1787 1965 1856 2000 inju-

1071 2011 1185 2039 cundutn
1200 2012 1310 2046 visuque
1334 2016 1438 2045 turpem
1459 2010 1595 2043 hominem
1619 2010 1716 2038 reddit.
1737 2010 1816 2038 Certe
1835 2011 1857 2037 si

1072 2058 1154 2085 iratus
1173 2058 1288 2092 seipsum
1304 2057 1399 2084 intueri
1424 2061 1535 2092 posset,
1552 2065 1603 2084 non
1631 2057 1713 2084 altera
1729 2057 1858 2091 indigeret

1071 2104 1262 2132 admonitione.
1275 2103 1345 2130 Nihil
1356 2104 1427 2131 enim
1440 2104 1575 2130 insuavius
1588 2103 1655 2130 irato
1665 2103 1749 2130 vultu.
1765 2103 1857 2130 Ebrie-

1072 2155 1112 2178 tas
1133 2150 1253 2185 qttmdam
1278 2149 1315 2176 ira
1331 2153 1388 2181 est,
1410 2149 1464 2176 imo
1479 2150 1609 2176 ebrietate
1623 2148 1750 2182 deterior,
1762 2153 1789 2176 et
1801 2148 1857 2176 dae-

1072 2204 1150 2224 mone
1168 2196 1356 2224 miserabilior.
1375 2196 1471 2223 Verum
1491 2196 1512 2223 si
1530 2203 1653 2223 curemus
1666 2204 1700 2224 ne
1715 2196 1741 2223 in
1755 2195 1856 2223 clamo-

1072 2251 1128 2270 rem
1139 2249 1320 2277 erumpamus,
1332 2242 1457 2278 optimam
1469 2242 1642 2277 philosophia:
1655 2241 1723 2268 viam
1741 2241 1857 2268 invenic«

1072 2296 1140 2316 mus.
1155 2289 1218 2316 Ideo
1232 2288 1330 2315 Paulus
1344 2296 1396 2315 non
1409 2288 1474 2314 iram
1488 2288 1567 2314 modo
1577 2308 1584 2321 ,
1597 2287 1643 2315 sed
1663 2288 1743 2314 etiam
1757 2287 1857 2314 clamo-

1071 2343 1128 2362 rem
1141 2335 1224 2362 vitare
1237 2334 1311 2369 jubet
1327 2344 1333 2362 :
1352 2333 1440 2361 Omnis
1451 2334 1490 2360 ira
1502 2338 1524 2360 et
1537 2334 1633 2360 clamor
1649 2333 1753 2360 tollatur
1766 2340 1781 2358 a
1792 2333 1860 2358 vobis

1072 2382 1179 2418 (Ep/tes.
1191 2382 1218 2409 4.
1239 2381 1295 2416 51).
1308 2380 1528 2414 Obtemperemus
1536 2380 1546 2394 ¹
1555 2386 1618 2413 ergo
1630 2378 1691 2406 huic
1701 2378 1788 2405 omnis
1800 2378 1859 2412 phi-

1071 2428 1198 2462 losophia:
1213 2427 1355 2462 magistro:
1368 2431 1463 2454 etcum
1474 2430 1567 2452 contra
1582 2431 1674 2452 servos
1689 2429 1794 2452 nostros
1808 2425 1858 2451 ira-

1071 2476 1179 2507 scimur,
1191 2479 1296 2509 peccata
1309 2476 1400 2500 nostra
1415 2473 1571 2507 cogitemus,
1581 2476 1708 2498 eteorum
1723 2477 1772 2497 nos
1784 2478 1858 2496 mau-

1071 2520 1217 2548 sut-tudinis
1227 2519 1331 2555 pudeat.
1347 2517 1412 2545 Cum
1425 2517 1496 2544 enim
1511 2521 1538 2543 tu
1552 2517 1680 2543 conviciis
1694 2522 1801 2547 oneras,
1818 2514 1861 2541 ille

1072 2573 1136 2593 vero
1146 2565 1226 2592 silens
1239 2564 1356 2591 cenvicia
1373 2563 1468 2589 tolerat
1482 2570 1488 2593 ;
1506 2567 1533 2588 tu
1547 2566 1572 2588 te
1586 2561 1699 2595 turpiter
1712 2559 1796 2594 geris,
1812 2559 1858 2586 illc

1073 2611 1273 2646 philos¢rphatur
1288 2619 1294 2636 :
1308 2609 1331 2636 id
1345 2616 1391 2642 pro
1399 2607 1579 2634 admonitione
1590 2607 1699 2633 habeas.
1716 2605 1773 2632 Etsi
1786 2612 1860 2632 natu-

1072 2664 1122 2691 que
1133 2664 1238 2687 servus,
1255 2655 1334 2682 homo
1348 2658 1434 2680 tamen
1447 2657 1497 2684 cst,
1510 2653 1596 2679 anima
1612 2651 1739 2686 pra-ditus
1754 2651 1861 2677 immor-

1074 2702 1128 2732 tali,
1147 2701 1294 2735 iisdemque
1309 2708 1323 2726 a
1336 2699 1470 2726 communi
1487 2698 1600 2725 Domino
1613 2697 1758 2724 honoratus
1772 2695 1860 2722 donis.

1073 2747 1148 2781 Quod
1163 2747 1184 2773 si
1206 2754 1253 2780 par
1268 2745 1344 2772 nobis
1359 2745 1383 2772 in
1398 2744 1543 2779 majoribus
1558 2748 1584 2770 et
1597 2742 1798 2778 spiritualibus,
1814 2740 1862 2767 ltu-

1106 2816 1114 2830 '
1133 2813 1215 2839 Morel.
1228 2813 1312 2841 habet,
1322 2812 1427 2840 illortmt,
1435 2818 1487 2843 pro,
1498 2810 1572 2836 illius.

1105 2847 1115 2860 ι
1132 2849 1195 2870 littus
1205 2845 1276 2868 habet
1292 2845 1362 2868 :ldeo
1375 2841 1503 2867 ιίιηιῐιδ....
1519 2843 1650 2866 clamorem
1661 2841 1801 2872 suppressit.
1816 2841 1863 2868 Ub—

1075 2880 1242 2907 lemperemus,
1253 2879 1313 2904 etc.,
1326 2875 1419 2898 omissis
1432 2873 1589 2904 interpositis.
