2041 3113
172 139 223 167 157

169 191 258 214 mana:
274 183 414 217 cujusdam
434 188 461 212 et
478 182 536 210 vilis
553 182 734 217 prmrogativm
748 181 831 217 gratia
846 182 964 209 convicia

170 234 262 256 nostra
281 229 317 255 ita
331 232 473 255 mansuete
487 227 555 254 ferat
569 235 575 253 :
590 234 641 262 qua
657 227 732 254 \‘enia
743 247 751 260 ,
765 232 792 254 et
807 234 858 261 qua
869 226 960 254 delen-

171 276 249 302 sione
261 274 333 308 digui
348 274 458 306 erimus,
475 273 519 308 qui
535 272 626 300 divino
640 276 712 300 metu
734 280 787 299 non
802 279 944 308 possumus
955 292 962 304 ,

170 320 224 347 imo
240 320 365 347 nolumus
379 340 386 352 ,
402 323 429 345 ut
447 319 492 345 ille
502 323 606 350 nostro,
623 317 826 354 philosophari?
839 317 902 345 Haec
915 318 963 344 ita-

168 374 222 401 que
239 366 328 394 omnia
352 365 491 393 nobiscum
505 369 658 400 reputantes
672 386 679 398 ,
694 372 725 392 ac
748 369 856 400 peccata
871 369 961 391 nostra

169 416 324 446 natumque
341 411 504 438 consortium
525 411 673 446 cogitantes
683 430 690 442 ,
705 413 845 439 mansuete
860 408 959 444 ubique

651 136 684 163 ΙΝ
703 135 857 163 JOANNEII
879 135 992 163 llUilllL.

1016 137 1120 186 "XKYII.
1142 139 1178 186 ul.
1199 140 1294 170 XXVI.
1762 155 1812 186 I30

1019 183 1090 218 loqui
1105 185 1269 220 studeamus,
1292 192 1322 215 ut
1337 188 1451 218 humiles
1465 192 1546 219 corde
1556 193 1641 221 eﬁ‘ecti
1651 217 1657 228 ,
1669 183 1812 229 auinmhus

1017 230 1117 257 nostris
1130 232 1249 265 requiem
1258 233 1425 263 inveniamus
1435 241 1460 264 et
1469 244 1629 272 praesentem
1637 246 1665 269 .ct
1676 241 1790 271 futuram
1803 253 1809 276 ;

1016 281 1212 324 quam‘uttuam
1230 285 1324 306 omnes
1348 287 1533 317 assequmnur,
1554 287 1637 319 gratia
1652 292 1677 314 et
1692 288 1810 324 benigni-

1018 323 1071 346 tate
1095 319 1296 369 Dominiiiusu'i
1309 324 1373 352 Jesu
1385 327 1483 355 Christi
1499 350 1507 362 ,
1522 333 1628 366 quicum
1644 333 1714 361 l'atri
1729 319 1811 369 gloria

1017 371 1125 412 unaque
1139 365 1248 400 Spiritui
1265 375 1368 402 sancto,
1384 380 1453 404 nunc
1464 379 1491 403 et
1502 365 1610 412 semper
1621 399 1628 411 ,
1642 383 1668 408 ct
1679 379 1704 406 in
1714 365 1810 409 sucula

1015 410 1188 439 saeculorum.
1206 414 1303 442 Amen.

171 588 213 617 l2.
228 588 258 615 Si
271 593 369 615 terrena
382 587 434 614 diri
453 587 520 614 vobis
533 608 540 619 ,
557 592 580 613 et
595 596 644 613 non
660 587 771 621 creditis,
786 589 924 623 quomodo,
942 586 963 613 si

203 635 292 662 dixero
305 634 373 661 vobis
394 632 504 660 coelestia
514 653 521 665 ,
540 632 665 659 credetis?
686 634 729 663 15.
753 633 836 660 Nemo
849 633 961 661 ascendit

204 679 230 706 in
246 679 346 710 mlum,
358 678 407 705 nisi
420 678 464 713 qui
477 678 507 705 de
519 678 581 705 4:on
592 677 730 712 descendit,
745 678 828 708 Filius
841 679 959 712 hominis,

203 726 247 760 qui
257 731 292 752 est
302 726 327 753 in
342 724 412 751 Clt’lo.

205 774 230 801 1.
246 773 361 804 Christus
380 775 525 802 auditorum
540 773 706 801 imbecillitati
727 781 754 800 se
767 771 958 807 attemperabttt,

168 820 296 854 quomodo
308 825 332 847 et
346 829 396 856 qua
410 825 500 848 mente.
517 820 645 856 Unigeniti
659 819 786 856 generatio
800 827 851 847 non
865 819 963 845 ratione

167 865 329 899 inquirenda.
350 864 440 893 Versus
465 875 529 901 quos
543 866 651 901 explicat
673 867 737 892 inter
750 874 777 892 se
798 865 924 893 cohazretie
939 869 962 891 et

163 911 295 945 quadrare
320 912 473 941 demonstrat
495 911 699 948 Clirymstamur.
729 926 762 931 -—-
790 910 865 944 Quod
890 918 962 946 saepe

166 955 221 987 dicti
236 977 244 988 ,
267 956 320 985 huc
334 963 362 984 et
376 965 446 985 nunc
458 958 556 990 dicam,
577 965 627 985 nec
642 957 722 986 ﬁnem
737 956 841 985 dicendi
854 955 959 984 faciam.

164 1001 236 1035 Quid
252 1002 304 1030 hoc
317 1003 379 1030 est?
399 1003 570 1039 Loquuturus
585 1004 663 1033 Jesus
676 1003 710 1030 de
723 1002 893 1036 sublimibus,
909 1009 957 1029 au-

167 1048 284 1076 ditorum
305 1057 378 1084 szepe
399 1049 574 1079 imbecillitati
598 1057 657 1077 sese
677 1053 845 1084 attemperat,
874 1055 962 1083 neque

164 1094 351 1129 magnitudine
366 1102 413 1122 sua
427 1095 513 1130 dignis
529 1095 612 1122 utitur
627 1094 717 1122 verbis
735 1115 742 1126 ,
757 1094 804 1121 sed
819 1094 962 1122 demissio-

168 1139 252 1166 ribus.
271 1139 337 1167 Nam
361 1140 474 1167 sublime
494 1147 672 1175 magnumque
684 1139 783 1167 dictum
803 1137 885 1167 semel
903 1146 962 1174 pro-

167 1183 262 1217 latum,
287 1185 358 1212 illam
383 1190 473 1220 posset
488 1185 643 1220 dignitatem
661 1185 809 1218 declarare,
832 1189 960 1219 quantum

165 1229 270 1256 scilicet
283 1230 374 1260 audire
395 1238 443 1257 nos
460 1238 600 1266 possumus
623 1239 630 1258 :
646 1229 787 1257 humiliora
804 1236 867 1257 vero
879 1250 887 1263 ,
901 1237 962 1265 qua:

166 1276 317 1304 auditorum
332 1282 448 1304 mentem
460 1277 592 1312 attingere
604 1280 726 1312 possunt,
743 1275 794 1304 nisi
805 1275 960 1311 frequenter

165 1321 327 1355 dicerentur,
345 1322 467 1351 sublimia
495 1330 556 1350 cum
583 1327 693 1356 essent,
721 1322 794 1349 humi
822 1326 959 1357 repentem

167 1367 316 1395 auditorem
326 1376 380 1397 non
399 1368 557 1404 attigissent.
571 1368 634 1396 Ideo
655 1369 733 1403 longe
756 1368 831 1403 plura
852 1366 960 1395 humilia

167 1413 244 1447 dixit,
260 1420 338 1449 quam
353 1415 485 1443 sublimia.
501 1414 553 1443 Sed
567 1422 601 1442 ne
615 1414 665 1442 hoc
678 1414 748 1442 aliud
764 1414 889 1442 damnum
908 1414 960 1441 im-

168 1463 301 1492 portaret,
318 1464 344 1487 et
358 1459 430 1486 humi
450 1459 609 1495 discipulum
626 1460 762 1491 retineret,
779 1458 903 1486 inferiora
918 1458 960 1485 illa

168 1511 219 1530 non
238 1503 301 1531 dicit
317 1525 324 1536 ,
341 1504 389 1532 nisi
403 1512 509 1532 causam
525 1505 566 1532 illa
581 1504 687 1532 dicendi
712 1504 902 1539 all'cratzquod
918 1504 961 1531 hic

166 1550 246 1576 etiam
276 1550 349 1577 fecit.
373 1550 439 1578 Cum
453 1551 524 1578 enim
558 1550 667 1578 dixisset
690 1550 724 1577 de
743 1549 919 1585 baptismate,
933 1553 962 1576 et

167 1594 201 1621 de
224 1595 267 1621 illa
282 1603 341 1630 qua:
369 1596 394 1622 in
415 1595 529 1632 terrarﬁt
546 1595 693 1623 secundum
718 1596 828 1630 gratiam
850 1603 961 1630 genera-

167 1640 361 1673 tionc,\'olens
386 1640 419 1669 de
454 1642 624 1677 generatione
648 1641 692 1668 illa
725 1649 771 1669 sua
802 1649 899 1669 arcana
933 1647 959 1670 et

167 1685 295 1713 incll‘abili
321 1685 403 1721 loqui,
426 1687 577 1714 intermittit
598 1691 685 1714 tamen
700 1707 707 1720 ,
727 1691 754 1714 et
767 1694 819 1722 qua
832 1687 866 1714 de
878 1693 959 1714 causa

167 1731 328 1759 intermittat
354 1732 411 1767 ipse
434 1732 562 1760 declarat.
587 1733 714 1768 Qumpam
730 1733 773 1759 illa
793 1739 872 1760 causa
899 1733 959 1760 est?

167 1776 325 1804 Auditorum
337 1777 473 1806 crassities
488 1781 514 1805 et
531 1777 710 1811 imbecillitas,
729 1785 808 1814 quam
824 1785 886 1810 mox
900 1778 960 1805 Sub-

166 1821 293 1850 indicarit
308 1823 349 1850 his
365 1822 454 1850 verbis
471 1833 476 1850 :
493 1822 522 1851 Si
537 1828 635 1850 terrena
649 1823 702 1850 dixi
713 1823 792 1856 vobis,
809 1827 832 1850 et
846 1831 895 1850 non
906 1831 959 1850 cre-

165 1868 236 1901 ditis,
262 1869 396 1903 quomodo,
426 1869 449 1896 si
475 1869 563 1896 dixero
588 1868 656 1896 vobis
683 1869 803 1902 celestia,
831 1868 959 1898 credetis?

164 1913 257 1953 Itaque
272 1913 315 1945 ubi
327 1914 476 1944 modestum
490 1915 553 1950 quid
568 1919 594 1942 et
608 1914 710 1945 humile
721 1914 796 1947 dicit,
812 1913 838 1942 id
851 1914 957 1942 audito-

165 1968 225 1987 rum
242 1960 415 1988 imbecillitati
430 1960 636 1988 adscribendum
651 1964 703 1989 est.
726 1959 876 1988 Ter-restria
893 1966 957 1988 vero

165 2005 209 2035 hic
223 2007 330 2041 quidam
346 2012 439 2045 putant
451 2012 559 2035 ventum
579 2007 741 2043 signiﬁcare,
755 2015 786 2034 ac
798 2008 820 2035 si
838 2006 955 2037 diceret:

164 2050 194 2079 Si
210 2053 361 2088 exemplum
376 2062 407 2081 ex
431 2054 543 2081 terrenis
556 2052 634 2086 dedi,
651 2060 700 2081 nec
715 2058 804 2081 tamen
818 2053 956 2088 obtempe-

165 2099 264 2131 rastis,
288 2098 421 2133 quomodo
449 2099 569 2134 poteritis
594 2098 748 2132 sublimiora
779 2098 902 2126 discere?
929 2098 958 2126 Si

164 2152 248 2179 porro
268 2144 312 2172 hic
326 2145 455 2179 baptisma
483 2149 618 2173 terrenum
639 2145 775 2180 appellet,
790 2152 825 2174 ne
840 2145 955 2179 mireris.

164 2192 219 2218 Aut
241 2191 310 2223 enim
331 2190 394 2218 illud
415 2191 450 2218 ita
472 2195 548 2219 t'ocat
565 2191 671 2226 quodin
688 2191 767 2219 terris
788 2190 955 2225 conteratur;

163 2241 210 2263 aut
223 2237 258 2263 ita
275 2241 361 2270 vocat,
376 2237 462 2273 ipsum
476 2237 657 2272 comparando
671 2243 731 2264 eum
753 2235 890 2264 tremenda
912 2236 956 2264 illa

164 2290 212 2309 sua
227 2285 408 2318 generatione.
422 2284 486 2313 Nam
497 2284 547 2311 etsi
564 2283 620 2312 lucc
636 2284 771 2318 generatio
781 2284 895 2312 caelestis
909 2284 954 2317 sit,

165 2329 187 2355 si
215 2334 305 2357 tamen
324 2335 494 2364 comparetur
510 2337 572 2363 cum
587 2328 632 2357 illa
654 2337 686 2357 ex
709 2328 794 2357 Patris
807 2329 955 2357 substantia

163 2375 356 2410 generatione,
372 2379 478 2403 terrena
501 2375 553 2403 dici
570 2380 665 2411 potest.
682 2375 720 2403 Ac
733 2376 793 2410 jure
810 2383 862 2403 non
878 2376 953 2410 dixit,

165 2419 223 2449 Non
238 2421 394 2457 intelligitis,
409 2422 454 2449 sed
467 2443 475 2455 ,
497 2421 558 2449 Non
581 2423 691 2451 creditis.
711 2421 737 2449 Si
761 2422 819 2457 quis
834 2423 904 2450 enim
924 2429 955 2449 ea

164 2465 278 2494 credere
293 2471 320 2494 et
343 2467 485 2495 admittere
501 2467 576 2503 nolit,
592 2475 652 2504 qua:
671 2472 761 2495 mente
776 2465 874 2504 percipl
898 2473 956 2502 pos-

163 2516 238 2544 sunt,
251 2512 273 2539 is
285 2511 345 2547 jure
356 2512 476 2539 stultitiae
489 2517 645 2545 accusetur;
660 2511 682 2539 si
693 2513 752 2547 quis
765 2518 829 2539 Vero
843 2512 887 2539 illa
901 2519 953 2539 non

164 2556 297 2591 admittat,
305 2566 364 2593 qua:
374 2566 427 2585 non
435 2563 533 2591 mente,
545 2558 592 2586 sed
604 2556 656 2586 ﬁde
668 2559 859 2593 percipiuntur,
869 2559 890 2585 is
902 2566 954 2586 non

161 2603 216 2638 jam
225 2604 354 2636 stultitim,
369 2605 414 2631 sed
427 2604 617 2632 incredulitatis
624 2611 703 2637 causa
713 2605 839 2640 arguitur.
848 2604 882 2632 Ut
891 2610 954 2640 ergo

164 2647 239 2676 illum
251 2649 374 2682 abducat,
387 2657 420 2677 ne
435 2650 578 2677 ratiociniis
586 2650 685 2677 dictum
698 2650 834 2685 percipere
842 2652 952 2685 qurerat,

164 2695 347 2723 vehementius
359 2696 384 2723 in
397 2696 470 2724 illum
481 2695 622 2728 invehitur,
634 2696 668 2723 de
678 2696 861 2727 incredulitate
875 2703 953 2723 accu-

163 2747 234 2768 sans.
247 2740 275 2768 Si
289 2749 353 2769 vero
367 2745 486 2769 nostram
497 2741 567 2768 illam
582 2741 779 2776 generatiOnem
795 2741 846 2768 ﬁde
859 2741 955 2768 admit-

164 2789 220 2813 tere
228 2791 360 2821 oporteat,
370 2794 422 2822 quo
432 2793 484 2813 non
496 2785 567 2821 digni
580 2791 642 2814 sunt
652 2785 791 2822 supplicio,
803 2787 847 2822 qui
857 2785 954 2822 linige-

163 2830 210 2858 niti
220 2830 420 2867 generationem
433 2831 536 2860 ratione
549 2832 702 2868 inquirunt?
716 2830 767 2860 Sed
780 2831 845 2859 forte
858 2832 953 2859 dixerit

326 2884 460 2916 Parnm.
481 2887 538 2916 Gn.
564 2889 596 2917 |.l
606 2889 639 2917 Χ.

1018 590 1160 627 quispiam,
1175 593 1227 619 Cur
1242 593 1299 622 haec
1314 595 1384 624 dicta
1399 603 1477 630 sunt,
1497 600 1520 626 si
1535 600 1670 629 auditores
1684 611 1737 632 non
1751 613 1808 633 cre-

1017 634 1097 662 dituri
1110 638 1210 664 erant?
1229 639 1294 672 Quia
1309 642 1359 668 etsi
1381 642 1418 669 illi
1440 651 1493 671 non
1516 644 1642 675 credituri
1662 654 1738 676 erant
1752 669 1759 682 ,
1778 635 1810 678 at

1017 681 1143 709 credituri
1155 689 1228 711 certe
1243 685 1321 713 futuri
1333 686 1467 720 homines,
1483 695 1510 717 et
1524 690 1587 719 hinc
1597 692 1736 721 utilitatem

1017 729 1130 762 cepturi.
1148 729 1338 759 Vehementius
1352 741 1415 769 ergo
1428 735 1454 763 in
1469 735 1543 764 illum
1558 738 1686 768 invehens
1697 761 1703 772 ,
1719 746 1810 768 osten-

1016 773 1054 799 dit
1067 773 1192 809 demum,
1208 783 1237 804 se
1259 786 1311 804 non
1328 779 1408 813 modo
1423 780 1465 808 illa
1481 789 1559 810 nosse
1571 804 1579 816 ,
1602 784 1648 811 sed
1661 786 1742 816 etiam
1758 787 1808 814 alia

1017 818 1094 855 longe
1110 821 1184 856 plura
1207 828 1234 850 et
1258 824 1359 859 majora
1374 834 1380 858 ;
1397 828 1468 861 quod
1485 836 1533 862 per
1545 832 1683 864 sequentia
1695 833 1809 860 ostendit

1016 865 1108 894 dicens
1122 876 1128 893 :
1145 867 1228 895 Nemo
1243 869 1268 896 in
1279 870 1367 898 cwlum
1381 873 1504 906 ascendit,
1515 875 1564 902 nisi
1584 876 1627 911 qui
1643 877 1674 904 de
1687 879 1748 905 cmlo
1766 887 1809 905 ae-

1016 912 1121 945 scendit,
1138 911 1221 942 Filius
1235 916 1343 944 hominis
1353 937 1360 950 ,
1378 919 1422 952 qui
1436 924 1471 946 est
1485 920 1509 946 in
1526 921 1597 948 caelo.
1611 922 1644 949 Et
1663 931 1785 957 quaenam
1799 946 1806 957 ,

1016 958 1119 993 inquies
1129 980 1136 993 ,
1154 959 1211 991 haec
1224 964 1413 997 consequentia
1425 964 1436 990 ?
1450 964 1563 996 Maxima
1578 962 1704 1000 certa-et
1717 959 1808 997 admo—

1015 1002 1078 1030 dum
1089 1012 1149 1031 cum
1164 1006 1324 1041 supradictis
1335 1015 1498 1045 consonans.
1510 1011 1576 1044 Quia
1587 1013 1658 1039 enim
1675 1014 1718 1041 ille
1731 1015 1806 1043 dixe,-

1015 1053 1058 1076 rat
1072 1058 1078 1076 :
1096 1050 1197 1079 Scimus
1216 1053 1274 1086 quin
1289 1061 1305 1080 α
1323 1053 1376 1081 Deo
1389 1056 1478 1085 venisti
1497 1057 1616 1092 ntagistcr
1627 1079 1634 1091 ,
1651 1059 1701 1091 hoc
1722 1061 1807 1095 ipsum

1015 1095 1062 1124 ille
1076 1097 1194 1132 corrigit,
1209 1106 1240 1126 ac
1256 1099 1277 1126 si
1293 1099 1382 1128 dicat:
1397 1101 1436 1129 Ne
1447 1107 1523 1137 putes
1543 1111 1586 1131 tne
1602 1106 1635 1131 ita
1652 1106 1808 1140 magistrum

1015 1150 1074 1170 esse
1089 1147 1117 1171 ut
1131 1145 1205 1172 multi
1220 1146 1357 1181 propheta:
1369 1168 1377 1180 ,
1395 1148 1439 1183 qui
1457 1149 1490 1176 de
1505 1154 1573 1176 terra
1588 1155 1673 1178 erant.
1690 1152 1727 1178 Ex
1742 1153 1808 1182 ca-lo

1016 1196 1129 1224 namque
1143 1191 1230 1218 venio.
1245 1191 1437 1227 Prophetarum
1452 1195 1550 1233 quippe
1564 1196 1653 1225 nullus
1667 1205 1699 1224 eo
1713 1205 1807 1227 ascen-

1015 1233 1077 1267 dit;
1101 1242 1150 1270 cgo
1173 1235 1226 1263 illic
1252 1236 1351 1265 habito.
1372 1239 1465 1269 Yiden’
1485 1241 1620 1274 quomodo
1640 1242 1705 1270 illud
1727 1243 1807 1270 etiam

1014 1280 1085 1314 quod
1099 1281 1242 1309 admodum
1259 1283 1373 1311 sublime
1386 1285 1491 1312 videtur
1505 1293 1564 1314 esse
1574 1307 1583 1323 ,
1601 1287 1659 1322 ejus
1673 1290 1805 1323 ninguitu-

1015 1325 1077 1355 dine
1092 1327 1304 1363 indignissimum
1327 1329 1385 1357 sit?
1405 1329 1462 1357 Non
1484 1335 1586 1359 tantum
1602 1333 1673 1360 enim
1693 1334 1718 1360 in
1741 1334 1807 1363 caelo

1014 1375 1064 1404 est,
1077 1372 1123 1400 sed
1139 1374 1218 1400 etiam
1233 1374 1339 1409 ubique,
1355 1380 1383 1402 et
1395 1377 1483 1406 omnia
1496 1377 1597 1411 itnplet.
1610 1377 1708 1407 Verum
1720 1379 1807 1406 adhuc

1015 1425 1062 1451 pro
1078 1418 1206 1446 auditoris
1220 1419 1402 1448 imbecillitate
1413 1420 1540 1455 loquitur,
1552 1426 1583 1453 ut
1595 1423 1721 1457 paulatim
1732 1424 1805 1451 illum

1014 1463 1108 1498 erigat.
1123 1464 1218 1492 Filium
1232 1471 1319 1493 autem
1340 1466 1457 1499 hominis
1475 1468 1518 1495 ltic
1534 1477 1586 1496 non
1606 1477 1713 1498 carnem
1729 1479 1806 1498 voca-

1015 1508 1061 1542 rit,
1074 1509 1121 1537 sed
1136 1517 1150 1536 a
1172 1510 1267 1538 minori
1283 1512 1428 1539 substantia
1445 1520 1474 1540 se
1489 1518 1573 1540 totum
1584 1534 1592 1546 ,
1611 1519 1639 1541 ut
1652 1515 1689 1546 ita
1702 1515 1800 1549 (licam,

1012 1555 1171 1588 nominavit.
1194 1556 1267 1587 Solet
1284 1558 1357 1589 enim
1373 1566 1445 1593 saepe
1466 1567 1480 1586 a
1502 1560 1641 1589 diuinitate
1654 1582 1661 1594 ,
1683 1569 1754 1596 smpe
1771 1562 1806 1589 al)

1014 1599 1177 1629 lmmanitatc
1192 1623 1199 1635 ,
1221 1610 1250 1630 se
1275 1607 1358 1630 totum
1385 1612 1490 1632 vocare.
1516 1605 1559 1632 Η.
1580 1605 1613 1632 Et
1634 1607 1700 1636 sicut
1723 1604 1805 1634 Moses

1013 1647 1131 1674 exultavit
1146 1654 1285 1682 serpentem
1297 1650 1323 1676 in
1341 1649 1439 1680 deserto
1455 1671 1462 1682 ,
1479 1651 1514 1677 ita
1526 1651 1634 1678 exaltari
1646 1658 1743 1687 oportet
1758 1650 1805 1680 Fi-

1013 1692 1075 1719 lium
1086 1693 1203 1721 hominis.
1217 1694 1273 1731 Hoc
1286 1703 1390 1725 rursum
1403 1696 1506 1724 videtur
1517 1705 1531 1723 a
1546 1698 1729 1732 superioribus
1741 1700 1805 1727 alie-

1013 1747 1095 1775 num;
1112 1739 1158 1767 sed
1178 1748 1238 1767 cum
1254 1741 1306 1768 illis
1320 1742 1435 1770 maxime
1450 1744 1593 1777 consentit.
1609 1744 1676 1772 Cum
1694 1745 1805 1774 dixisset

1012 1786 1083 1813 enim
1114 1787 1258 1815 maximum
1280 1796 1328 1823 per
1348 1788 1480 1824 baptisma
1508 1789 1633 1817 collatum
1655 1790 1804 1825 hominibus

1012 1838 1071 1858 esse
1086 1831 1243 1859 beneﬁcium
1257 1854 1264 1866 ,
1280 1833 1354 1860 addit
1379 1831 1457 1868 hujus
1479 1842 1586 1862 causam
1600 1857 1607 1869 ,
1629 1844 1716 1871 neque
1731 1838 1803 1864 illam

1012 1876 1162 1910 minorem,
1179 1878 1281 1905 scilicet
1309 1887 1357 1914 per
1386 1887 1503 1908 crucem.
1528 1880 1755 1914 Quemadmodum
1778 1890 1805 1910 et

1013 1923 1108 1951 Paulus
1123 1923 1275 1951 Corinthios
1290 1924 1446 1961 alloquens,
1461 1926 1518 1954 hazc
1532 1927 1610 1954 simul
1620 1927 1709 1963 jungit
1723 1929 1804 1956 bene-

1012 1969 1071 1998 ﬁcia
1091 1970 1133 1998 his
1158 1972 1265 1999 verbis:
1283 1971 1414 2006 Numquid
1435 1973 1533 2006 Paulus
1551 1974 1687 2008 cruciﬁxus
1710 1980 1746 2002 est
1758 1983 1803 2010 pro

1011 2015 1099 2043 vobis?
1113 2021 1156 2044 aut
1171 2017 1197 2044 in
1213 2018 1312 2044 nomine
1320 2017 1399 2045 Pauli
1407 2018 1528 2053 baptismi
1541 2020 1600 2046 estis
1611 2018 1682 2053 (Cor.
1694 2020 1718 2046 l.
1735 2020 1777 2054 15)
1789 2021 1800 2046 ?

1011 2058 1073 2090 “LUC
1084 2062 1154 2094 enim
1167 2062 1219 2090 duo
1239 2063 1354 2092 maxime
1375 2062 1535 2091 ineil'abilem
1547 2063 1604 2098 ejus
1616 2072 1735 2092 atnorem
1757 2072 1802 2092 os-

1012 2106 1123 2134 tendunt
1141 2115 1148 2140 ;
1169 2106 1240 2142 quod
1256 2115 1304 2142 pro
1315 2107 1429 2134 inimicis
1444 2115 1539 2143 passus
1556 2108 1611 2141 sit,
1627 2106 1737 2143 etquod
1754 2115 1802 2143 pro

1011 2152 1125 2183 inimicis
1138 2155 1258 2180 mortuus
1271 2173 1277 2185 ,
1295 2161 1342 2188 per
1357 2152 1519 2188 baptismum
1531 2153 1661 2188 integram
1680 2158 1802 2188 peccato-

1010 2206 1068 2226 rum
1085 2199 1188 2231 veniam
1203 2199 1314 2234 largitus
1330 2199 1374 2226 sit.

1045 2245 1073 2281 2.
1092 2242 1147 2273 Cur
1166 2250 1254 2273 autem
1276 2253 1328 2274 non
1355 2243 1428 2272 clare
1450 2244 1517 2272 dixit
1539 2251 1569 2272 sc
1590 2243 1800 2280 cruciﬁgcnduiu

1010 2298 1080 2325 esse,
1097 2291 1142 2319 scd
1157 2291 1190 2318 ad
1205 2296 1322 2318 veterem
1341 2290 1449 2325 ﬁguram
1462 2289 1597 2317 auditores
1611 2290 1732 2318 remisit?
1744 2289 1802 2320 Prl-

1010 2346 1081 2365 mum
1099 2343 1127 2365 ut
1142 2337 1276 2365 discerent
1287 2337 1295 2352 ¹
1309 2340 1428 2364 veterum
1443 2343 1503 2363 cum
1515 2335 1590 2364 novis
1605 2335 1800 2371 cognationem,

1009 2383 1162 2421 scirentque
1185 2383 1242 2410 lucc
1262 2382 1314 2409 illis
1334 2382 1420 2412 aliena
1436 2389 1488 2409 non
1511 2389 1571 2409 esse
1582 2388 1591 2417 ς
1608 2380 1703 2409 deinde
1718 2384 1746 2408 ut
1758 2381 1800 2413 in-

1011 2431 1113 2466 telligas
1123 2451 1130 2463 ,
1146 2428 1230 2464 ipsum
1252 2435 1304 2456 non
1319 2428 1429 2455 invitum
1445 2427 1478 2458 ad
1500 2432 1612 2457 mortem
1626 2430 1749 2459 venisse;
1767 2427 1799 2461 ad

1010 2478 1066 2505 lucc
1079 2482 1166 2505 autem
1189 2480 1217 2503 ut
1238 2475 1355 2503 disceres
1370 2496 1377 2508 ,
1391 2473 1492 2505 nullum
1516 2473 1565 2508 ipsi
1582 2473 1616 2504 ab
1636 2474 1680 2507 illa
1703 2481 1732 2500 re
1753 2473 1799 2507 da-

1009 2531 1100 2554 mnum
1109 2521 1257 2557 importari,
1269 2525 1295 2549 ct
1306 2521 1368 2553 hinc
1378 2520 1467 2548 multis
1476 2520 1560 2555 ipsum
1569 2519 1681 2546 salutem
1693 2526 1797 2553 parcre.

1007 2569 1046 2598 Ne
1070 2568 1129 2604 quis
1142 2569 1212 2596 enim
1225 2567 1344 2600 diceret,
1362 2566 1395 2593 Et
1416 2565 1551 2601 quomodo
1569 2565 1625 2592 lieri
1646 2569 1754 2599 potest,
1771 2570 1798 2591 ut

1007 2617 1052 2652 qui
1069 2617 1095 2643 in
1118 2614 1274 2643 cruciﬁxum
1298 2611 1411 2645 credunt
1425 2634 1431 2644 ,
1448 2612 1560 2638 salutem
1580 2615 1779 2647 consequantur
1791 2631 1798 2642 ,

1007 2670 1068 2689 cum
1089 2666 1116 2688 et
1135 2662 1192 2698 ipse
1212 2666 1225 2686 a
1248 2664 1334 2686 morte
1353 2661 1491 2692 correptus
1509 2656 1587 2683 fuerit
1599 2656 1610 2682 τ
1622 2655 1657 2683 ad
1679 2659 1798 2683 veterem

1007 2714 1056 2735 nos
1073 2707 1212 2734 historiam
1229 2704 1310 2732 ducit.
1325 2703 1390 2731 Nam
1411 2702 1433 2729 si
1454 2701 1596 2737 imaginem
1614 2707 1716 2728 aeneam
1740 2707 1798 2727 ser-

1008 2753 1094 2789 pentis
1114 2751 1286 2787 respicientes
1302 2749 1385 2777 .ludmi
1403 2769 1409 2782 ,
1426 2750 1538 2776 mortem
1557 2746 1675 2782 vitabam
1689 2754 1697 2786 ;
1713 2744 1798 2783 multo

1038 2833 1046 2849 ¹
1065 2830 1134 2857 savii.
1145 2849 1152 2861 ,
1165 2833 1190 2855 ut
1199 2828 1290 2859 iliaca;-

1590 2884 1625 2913 10
