2041 3113
269 157 319 183 Mli

267 213 352 246 magis
375 210 392 237 ii
415 209 458 243 qui
480 208 504 234 in
527 204 681 232 cruciﬁxum
710 202 821 230 credunt
836 222 843 233 ,
872 201 1054 236 pra-stanliore

266 261 388 286 lruentur
403 253 540 283 beneﬁcio.
557 251 613 279 Non
626 251 697 277 enim
713 254 821 284 propter
836 248 954 275 cruciﬁxi
970 248 1052 275 imbe-

266 305 402 332 rillitaiem
418 322 425 335 ,
442 307 527 334 neque
540 298 609 334 quod
621 297 704 324 .ludrei
720 296 872 330 superiores
888 295 1004 327 fuerint,
1020 295 1054 322 ita

266 353 363 379 factum
380 353 420 376 est
436 358 441 375 :
456 347 501 375 sed
517 347 578 382 quia
595 345 662 372 Deus
675 345 762 372 dilexit
777 344 909 375 mundum,
927 343 985 369 ideo
998 342 1055 368 ani-

266 402 363 423 matum
385 394 443 428 ejus
464 393 590 427 templttm
610 391 782 425 cruciﬁgitur.
807 390 850 416 15.
871 388 903 415 Ut
919 389 999 415 omnis
1012 388 1055 422 qui

263 441 341 468 credit
365 434 478 467 in'illmn
492 447 541 465 nou
555 442 657 473 pereat,
673 437 717 464 sed
733 436 821 463 [tabent
833 436 909 462 vitam
923 439 1052 461 cateruam.

264 486 357 514 \‘iden'
376 485 463 513 crucis
479 491 586 511 causam
599 504 606 516 ,
622 487 648 510 et
663 483 776 509 salutem
798 481 860 508 inde
878 480 1000 514 partam?
1016 479 1053 505 vi-

261 532 323 560 den‘
337 532 428 566 ﬁgura:
442 539 502 558 cum
518 530 628 557 veritate
639 525 860 555 consonantiam?
872 525 926 553 11110
941 529 1052 553 mortem

261 579 378 614 effugere
392 577 478 606 Judaei
490 597 498 609 ,
520 576 566 604 sed
583 579 780 610 tentporaneam
793 581 801 606 ;
816 573 858 600 hic
878 576 1006 600 :cternam
1023 571 1054 598 ﬁ-

261 625 345 651 deles.
360 623 415 650 Illic
429 629 574 658 suspensus
585 627 695 655 serpens
714 623 867 654 serpentum
883 625 988 646 morsus
1007 625 1053 644 cu-

261 670 353 698 rabat:
370 669 413 696 hic
428 667 569 696 cruciﬁxus
583 665 659 694 Iesus
679 673 693 692 a
715 665 844 700 spirituali
857 664 972 691 dracone
986 663 1053 690 infli-

261 721 317 743 ctas
333 715 422 750 plagas
438 714 556 741 curabat.
571 712 625 740 Illic
639 711 683 746 qui
698 711 782 738 oculis
791 710 926 745 corporeis
935 710 1051 743 videbat,

262 761 418 792 curabatur;
431 759 474 786 hic
486 758 530 794 qui
544 758 640 785 mentis
651 757 735 784 oculis
749 756 829 788 videt,
842 761 950 791 peccata
961 755 1049 782 omnia

261 806 380 841 deponit.
397 805 451 832 Illic
464 813 501 832 res
515 803 647 839 pendebat
660 803 692 830 ad
711 802 818 830 modum
840 802 972 835 serpentis
987 802 1054 836 ligu-

261 856 364 884 ratum;
385 850 428 877 hic
448 856 545 884 corpus
568 849 732 876 Dominicum
754 855 768 874 a
783 847 883 882 Spiritu
899 848 1050 874 formatum.

263 898 316 925 Illic
330 904 440 932 serpens
452 896 601 928 mordebat,
617 900 642 922 et
657 902 767 930 serpens
781 895 908 927 curabat;
923 895 966 922 hie
979 902 1052 922 mors

260 944 392 979 perdidit,
405 948 431 970 et
447 950 520 970 mors
540 944 663 970 servavit.
681 942 733 970 Sed
748 943 791 977 qui
808 942 976 969 interimcbat
992 949 1049 969 ser-

260 998 325 1024 pens
336 1011 343 1021 ,
358 998 488 1017 venenum
507 989 621 1017 habebat
637 998 643 1021 ;
660 989 704 1024 qui
721 996 784 1016 vero
799 988 933 1020 servabat,
947 996 1050 1018 veneno

261 1044 362 1064 vacuus
376 1041 444 1064 erat.
460 1036 575 1071 ldipsum
587 1035 641 1070 jam
657 1035 748 1062 videre
758 1040 808 1062 est.
823 1034 888 1062 Nam
905 1042 976 1065 mors
991 1043 1050 1070 qua:

259 1082 437 1113 interimebat,
450 1086 586 1116 peceatum
603 1081 727 1114 habebat,
741 1085 909 1108 utvenenum
921 1088 1049 1116 serpens:

260 1128 364 1154 Domini
378 1132 466 1155 autem
482 1135 554 1154 mors
575 1127 610 1154 ab
621 1128 692 1155 omni
707 1132 816 1162 peccato
832 1128 958 1155 immunis
970 1133 1049 1163 erat,

259 1180 288 1200 111
302 1181 392 1201 aeneus
410 1181 520 1208 serpens
535 1181 550 1201 a
562 1181 664 1202 veneno
677 1182 786 1201 vacuus.
802 1173 937 1202 Peccatum
955 1175 1025 1202 enim
1040 1195 1049 1209 ,

259 1219 362 1254 inquit,
383 1227 433 1245 non
448 1220 523 1253 fecit,
541 1227 586 1246 nec
605 1220 720 1246 iuventtis
739 1224 775 1246 est
797 1220 870 1247 dolus
889 1221 916 1246 in
930 1228 972 1246 ore
993 1221 1050 1254 ejus

258 1266 298 1299 (l.
315 1264 371 1292 l’et.
384 1265 411 1292 2.
425 1265 481 1301 22).
497 1265 551 1292 Hoc
561 1273 625 1301 ergo
636 1265 758 1300 estquod
767 1265 924 1300 signiﬁcavit
935 1265 1049 1293 Paulus:

260 1312 414 1347 lfxspolitms
439 1312 596 1347 principatus
616 1317 639 1339 et
667 1317 818 1346 potestates,
838 1312 949 1338 traduxit
970 1312 1049 1346 can/i-

259 1360 345 1385 deuter
357 1379 363 1390 ,
381 1358 467 1393 palam
486 1358 644 1392 triumphans
667 1359 725 1385 illo:
746 1358 771 1384 in
792 1358 924 1393 semetipso
939 1358 1048 1393 (Colon.

259 1404 286 1431 2.
306 1404 359 1439 15).
374 1404 604 1438 Quemadmodum
631 1404 702 1431 enim
726 1403 823 1430 athleta
837 1408 971 1436 strenuus,
986 1411 1046 1431 cum

259 1450 398 1477 sublimem
417 1454 504 1477 actum
524 1449 706 1477 adversarium
727 1450 872 1484 prosternit
884 1470 891 1482 ,
907 1449 1050 1477 clariorem

259 1497 339 1524 refert
353 1497 491 1524 victoriam
505 1506 511 1523 :
527 1497 565 1524 sic
581 1501 606 1523 et
621 1496 740 1524 Christus
752 1501 807 1523 toto
821 1500 958 1530 spectante
972 1496 1047 1529 orbe,

258 1542 423 1570 adversarius
434 1546 580 1577 potestates
593 1541 700 1577 dcjecil;
715 1545 743 1569 et
753 1541 791 1568 eis
806 1542 850 1576 qui
865 1541 889 1568 in
905 1541 1049 1569 solitudine

258 1588 387 1616 vulnerati
401 1588 505 1616 fuerant
519 1588 618 1615 curratis
632 1609 641 1622 ,
658 1587 691 1614 ab
706 1587 830 1615 onmibus
843 1587 906 1615 feris
924 1588 995 1622 ipsos
1019 1587 1046 1615 in

260 1641 339 1662 cruce
354 1641 499 1669 suspensus
514 1634 645 1662 liberavit.
655 1634 751 1662 Verum
767 1641 819 1660 non
832 1634 1048 1670 dixit,Suspendi

257 1684 372 1714 oportet.
395 1679 451 1711 sed,
470 1679 597 1706 Exultari.
612 1679 686 1718 Quod
706 1680 776 1706 enim
793 1679 865 1707 dictu
884 1680 1047 1708 tolerabilius

257 1732 317 1752 esse
327 1725 468 1754 videbatur
485 1726 510 1751 in
524 1725 656 1752 audientis
667 1727 798 1760 gratianr,
815 1726 864 1752 huc
882 1726 1002 1761 proxime
1016 1726 1048 1753 ad

259 1771 369 1806 ﬁguram
383 1771 421 1806 (a)
435 1771 564 1798 accedens
579 1771 675 1805 posuit.

295 1817 340 1844 Dei
371 1826 443 1844 amor
470 1825 530 1853 erga
558 1818 670 1844 homines
685 1823 792 1852 quantm
818 1818 849 1844 sit
873 1826 905 1846 ea:
931 1819 1049 1846 incanta-

258 1864 324 1891 tione
344 1869 368 1890 et
387 1866 503 1898 passione
523 1863 650 1898 probatur.
669 1864 753 1896 Quare
768 1869 846 1890 marte
864 1872 911 1891 sua
933 1864 1047 1891 ,111111111ιί-

257 1914 313 1934 ruta
328 1929 336 1941 ,
361 1909 444 1935 statim
457 1917 483 1935 re
502 1914 627 1935 auctorem
648 1909 704 1935 vita:
716 1909 861 1944 praedixerit
880 1909 1048 1937 Christus.—

258 1954 301 1981 16.
329 1954 373 1981 Sic
389 1955 454 1981 enim
470 1953 640 1988 Deusqdilexit
659 1955 780 1981 mundum
795 1976 801 1988 ,
819 1961 845 1982 ut
861 1954 956 1982 Filium
976 1964 1047 1983 suum

257 2001 413 2035 unigenitum
428 2001 498 2027 daret
513 2021 520 2034 ,
537 2005 564 2026 ut
578 2001 667 2033 omnis,
687 2001 730 2035 qui
746 2001 825 2027 credit
840 2002 865 2028 in
880 2002 978 2036 ipsum,
997 2011 1047 2029 non

256 2051 351 2081 pereat,
364 2046 407 2073 sed
418 2046 506 2072 haheat
522 2046 596 2072 vitam
611 2051 740 2073 teternani.
753 2046 808 2074 lloc
823 2052 861 2074 est
872 2056 878 2073 :
891 2047 929 2075 Ne
942 2048 1046 2075 mireris

254 2092 324 2128 quod
340 2100 389 2127 ego
410 2093 568 2120 exaltandus
583 2093 649 2126 sim,
664 2098 691 2120 ut
707 2101 754 2121 vos
769 2094 881 2122 salutent
895 2102 1044 2129 consequa-

255 2139 329 2166 mini.
353 2138 417 2166 Nam
439 2139 490 2166 hoc
511 2139 545 2165 ita
567 2139 637 2166 Patri
658 2140 741 2169 visum
757 2145 820 2172 est;
837 2145 864 2168 et
887 2142 925 2168 sic
941 2142 984 2168 ille
999 2149 1045 2168 vos

253 2183 356 2216 dilexit,
370 2190 397 2210 ut
406 2193 453 2218 pro
462 2185 547 2212 servis
561 2185 655 2211 Filium
668 2185 760 2217 daret,
775 2190 801 2213 et
813 2194 860 2221 pro
871 2187 979 2221 ingratis
988 2194 1044 2214 ser-

255 2231 304 2260 }‘is.
313 2230 485 2264 Atquiueque
497 2238 544 2265 pro
553 2231 638 2257 amico
646 2231 777 2265 quispiam
787 2232 811 2258 id
823 2237 898 2266 agat:
918 2232 965 2259 Via:
980 2233 1045 2259 enim

254 2285 302 2311 pro
312 2277 383 2312 justo
397 2277 454 2311 quis
467 2277 589 2306 moriatur
603 2277 681 2311 (Rom
707 2277 726 2304 5
750 2277 787 2312 7).
804 2277 856 2305 Sed
870 2278 913 2305 ille
925 2278 1045 2313 longiore

255 2330 318 2349 usus
333 2330 456 2349 sermone
469 2327 528 2355 est,
544 2323 604 2357 quia
625 2322 745 2350 ﬁdelibus
760 2323 842 2351 verba
854 2323 966 2351 faciebat
979 2333 985 2351 :
1002 2324 1044 2352 hic

253 2372 341 2395 autem
353 2367 460 2397 brevius
473 2368 605 2399 Christus.
622 2368 682 2404 quia
694 2368 866 2396 Nicodamum
887 2369 1042 2404 alloqueba-

253 2418 295 2440 tur
310 2422 317 2445 ;
334 2413 380 2440 sed
394 2421 454 2440 cum
468 2413 569 2448 majore
580 2414 699 2448 emphasi
711 2423 716 2440 :
731 2423 790 2450 qua:
805 2415 830 2442 in
844 2416 954 2450 singulis
965 2416 1044 2443 dictis

253 2459 420 2486 observatur.
446 2458 492 2486 llis
513 2459 584 2486 ettim
605 2459 708 2493 verbis,
722 2460 767 2488 Sic
781 2461 889 2493 dilexit,
913 2466 960 2493 et.
973 2460 1044 2488 Deus

252 2506 375 2532 mundum
387 2526 394 2539 ,
411 2506 503 2541 ingens
517 2513 594 2533 amor
615 2506 789 2541 signiﬁcatur.
805 2507 914 2539 Multum
926 2508 1041 2546 quippe,

254 2553 306 2580 imo
325 2553 483 2580 immensum
505 2556 562 2580 erat
583 2552 737 2580 discrimen.
759 2553 825 2581 Nam
847 2554 1004 2582 immortalis
1017 2559 1044 2583 et

253 2599 311 2626 sine
326 2599 467 2634 principio,
484 2598 637 2633 magnitudo
648 2598 749 2626 inﬁnita
762 2620 769 2632 ,
783 2607 814 2627 ex
831 2605 901 2627 terra
916 2605 942 2628 et
953 2601 1043 2631 cinere

253 2647 388 2677 tormatos,
407 2645 554 2673 innumeris
568 2651 678 2672 onustos
691 2646 809 2681 peccatis
819 2667 826 2679 ,
838 2647 882 2682 qui
895 2655 1001 2682 semper
1013 2655 1042 2676 se

253 2690 433 2724 ollendebant,
451 2691 664 2726 ingratosphos,
681 2691 798 2726 inquam,
812 2692 914 2720 dilexit.
929 2693 959 2720 [it
983 2702 1042 2728 qua:

254 2741 344 2770 pltatea
367 2741 514 2771 sequuntur
546 2737 655 2771 perinde
676 2737 843 2765 vehementia
863 2744 945 2771 sunt;
969 2739 1044 2767 addit

253 2783 324 2810 enim
343 2792 350 2810 :
369 2782 402 2810 Ut
422 2782 517 2810 Filium
536 2792 609 2811 suum
631 2784 786 2820 unigenitum
806 2785 877 2812 daret
891 2794 899 2818 ;
915 2793 967 2813 non
982 2793 1040 2813 ser-

250 2850 529 2913 pjglizgag‘tjiulrli‘isifigurate
540 2852 625 2878 dicitur
632 2853 741 2879 Christus
751 2851 862 2883 exaltari,
871 2859 926 2879 cum
935 2854 1041 2880 incruce

358 2890 365 2906 1
393 2890 413 2909 r.

358 2890 413 2909 11111⁸.

624 148 651 172 ς..
672 145 809 174 ΔΟΛΝΜΞ
828 143 1063 172 (ΞΙΙΙΠΞΟΞῚὉΜΙ
1085 144 1242 172 ΑΙῐ(ἷ1111·ἐ1¹.
1263 147 1527 177 CONSTA’NTINOP.

1845 157 1861 182 ’1
1866 157 1898 184 611

1110 209 1181 234 111111,
1196 210 1247 230 11011
1259 205 1393 240 angelum,
1405 215 1456 234 non
1466 208 1654 244 archangelum
1665 210 1710 237 ait.
1726 212 1804 247 Atqui
1816 222 1893 240 nemo

1110 256 1223 283 unquam
1239 251 1279 277 vel
1299 252 1367 279 circa
1388 252 1469 280 lilium
1493 259 1594 281 tantum
1616 255 1732 283 studium
1755 257 1896 288 adhibuit.

1108 300 1235 330 quantum
1246 296 1320 323 Deus
1337 297 1406 324 circa
1425 298 1543 333 ingratos
1557 307 1658 327 servos.
1683 301 1836 330 Passionem
1850 290 1897 330 ita;

1108 348 1160 375 que
1173 348 1224 368 non
1240 343 1348 369 omnino
1362 349 1452 378 aperte
1463 366 1470 377 ,
1486 345 1532 372 sed
1547 345 1660 373 obscure
1675 347 1809 381 pra-dicit;
1825 355 1898 376 emo-

1109 387 1254 415 lmnentnm
1278 393 1366 416 autem
1386 397 1420 417 ex
1444 391 1569 425 passione
1593 391 1710 419 futurum
1726 394 1798 421 clare
1810 394 1896 423 dicit:

1110 433 1143 461 Ut
1157 435 1238 461 omnis
1249 435 1292 470 qui
1306 436 1383 462 credit
1394 437 1420 462 in
1433 445 1488 463 eum
1501 457 1507 469 ,
1527 445 1577 464 non
1593 443 1693 472 pereat,
1705 438 1749 466 sed
1763 440 1852 467 habeat
1861 441 1898 467 vi-

1108 485 1159 508 tam
1174 486 1304 509 aeternam.
1320 483 1385 516 Quia
1411 483 1513 511 dixerat
1535 484 1621 519 ipsum
1640 486 1784 514 exaltatum
1806 487 1858 522 iri,
1870 493 1896 516 01

1108 532 1222 555 mortem
1248 528 1463 556 subiudicaverat
1475 550 1481 560 .
1503 537 1536 557 ne
1550 530 1630 557 verba
1647 531 1740 559 istha-c
1754 540 1894 561 maerorem

1107 578 1231 607 parerent
1243 574 1356 601 auditori
1372 595 1379 607 ,
1402 575 1479 601 etde
1505 575 1562 609 ipso
1591 575 1736 603 humanmn
1761 578 1895 612 quidpiam

1106 619 1304 654 suspicaretur,
1322 626 1477 656 putaretqtte
1502 627 1614 649 mortem
1636 623 1684 658 ipsi
1704 623 1783 654 tinem
1807 625 1894 655 exsis-

1107 665 1178 692 lcndi
1195 664 1308 692 futuram
1333 673 1402 697 esse,
1426 667 1486 693 vide
1508 674 1561 700 quo
1577 673 1654 700 pacto
1679 667 1704 694 111
1716 672 1895 704 attetnpcret,

1106 719 1165 738 cum
1179 711 1241 738 dicit
1257 712 1347 738 datum
1364 719 1423 739 esse
1436 713 1481 739 Dei
1496 713 1602 745 Filium,
1619 714 1679 741 vita:
1698 722 1806 742 causam
1820 736 1827 747 ,
1843 716 1893 742 111111

1106 758 1166 783 vita:
1188 763 1305 784 :l‘lCt’tttl'.
1325 757 1348 784 Is
1370 766 1432 784 vero
1452 759 1496 793 qui
1513 767 1560 793 per
1583 765 1695 786 mortetu
1717 768 1792 787 suam
1816 761 1894 787 vitam

1105 804 1163 830 aliis
1178 803 1288 830 daturus
1310 809 1366 831 erat
1377 825 1384 837 ,
1400 805 1426 831 in
1441 809 1527 832 morte
1542 814 1594 832 111111
1609 806 1654 832 diu
1671 813 1813 834 mansurus
1827 812 1894 834 erat.

1105 849 1169 876 Nam
1181 850 1202 877 si
1213 850 1235 880 ii
1259 851 1340 885 quiin
1356 852 1513 883 cruciﬁxum
1529 852 1662 885 credunt,
1683 861 1736 884 non
1761 859 1871 890 pereunt
1885 876 1891 886 ,

1105 896 1188 922 multo
1211 897 1298 925 minus
1315 897 1412 932 peribit
1426 898 1470 925 ille
1484 898 1636 926 cruciﬁxus.
1651 899 1699 933 Qui
1719 900 1789 927 enim
1809 902 1893 935 perui-

1104 941 1172 968 ciem
1198 942 1232 971 ab
1257 943 1316 970 aliis
1338 942 1444 976 aufert,
1469 944 1553 970 mulio
1569 936 1757 979 magiszipsea
1778 946 1894 980 pernicit-

1104 987 1172 1015 liber
1186 988 1237 1015 erit
1251 999 1256 1015 :
1272 988 1316 1024 qui
1329 989 1389 1016 aliis
1401 989 1479 1016 vitam
1494 989 1612 1023 impertit
1623 1011 1629 1022 ,
1646 990 1730 1021 multo
1746 991 1829 1026 magis
1844 992 1892 1018 sibi

1105 1033 1248 1068 impertiet.
1268 1033 1360 1061 \‘iden'
1375 1034 1472 1069 ubique
1485 1042 1552 1070 opus
1573 1043 1632 1062 esse
1653 1035 1705 1062 fide
1720 1035 1810 1062 YNam
1831 1044 1893 1063 cru-

1103 1087 1161 1107 cem
1177 1080 1237 1106 vit:e
1251 1080 1350 1107 fontem
1364 1087 1424 1108 esse
1437 1080 1510 1108 dicit.
1525 1081 1550 1107 111
1567 1082 1735 1108 ratiocinium
1750 1090 1802 1109 non
1817 1082 1893 1110 facile

1103 1124 1225 1151 admittat
1242 1133 1248 1151 :
1264 1125 1338 1160 cujus
1353 1125 1390 1152 rei
1407 1130 1487 1153 testes
1502 1134 1570 1153 nunc
1581 1133 1642 1153 sunt
1655 1127 1769 1161 gentiles
1782 1148 1789 1159 ,
1807 1127 1850 1162 qui
1867 1127 1892 1154 id

1104 1169 1224 1197 videntes
1234 1178 1294 1197 cum
1306 1171 1360 1198 risu
1373 1171 1506 1205 excipiunt
1518 1181 1524 1198 ε
1537 1171 1602 1199 ﬁdes
1614 1180 1676 1199 vero
1689 1181 1747 1207 qua:
1762 1171 1895 1201 ratiocinii

1104 1216 1311 1244 imbecillitatem
1326 1222 1449 1251 superat,
1465 1218 1515 1244 hoc
1530 1218 1605 1245 litt-ile
1616 1218 1731 1245 admittit
1743 1223 1770 1245 ct
1786 1219 1892 1245 retinet.

1105 1262 1179 1290 Unde
1195 1267 1282 1290 autem
1308 1268 1445 1298 tantopere
1462 1264 1531 1291 Deus
1557 1265 1683 1292 mundum
1704 1265 1796 1292 dilexit
1811 1265 1821 1292 ?
1836 1264 1892 1292 Non

1103 1310 1220 1341 aliunde.
1235 1318 1358 1345 quamcx
1376 1311 1430 1338 sola
1449 1311 1610 1346 benignitate
1622 1319 1679 1340 sua.

1139 1357 1165 1383 5.
1187 1356 1210 1382 Ε
1226 1357 1350 1389 beneﬁciis
1363 1365 1378 1383 a
1390 1358 1488 1385 Christo
1501 1358 1525 1384 in
1538 1358 1650 1384 homines
1664 1359 1772 1389 collatis.
1788 1360 1893 1386 elerum-

1103 1410 1193 1440 eynam
1212 1409 1234 1429 et
1247 1403 1376 1431 caritatem
1390 1404 1547 1434 commendat
1571 1424 1578 1437 ,
1595 1412 1684 1439 eosque
1699 1405 1826 1440 redarguit
1848 1407 1890 1439 qui

1104 1449 1256 1483 pauperibus
1267 1449 1384 1485 neglectis
1399 1450 1471 1476 luxui
1483 1459 1517 1476 δίη
1525 1450 1672 1477 υἰυ111.-111
1688 1451 1815 1485 pudorem
1829 1459 1892 1485 ergo

1103 1499 1238 1522 vertamur
1251 1495 1285 1522 ob
1304 1500 1403 1531 lautam
1420 1496 1557 1523 caritatem
1572 1504 1577 1522 :
1595 1497 1782 1523 erubescamus
1796 1496 1829 1523 de
1845 1496 1890 1523 be-

1103 1542 1240 1576 nignitatis
1255 1550 1377 1569 excessu.
1399 1542 1541 1576 lpseenim
1564 1547 1592 1569 ut
1615 1550 1662 1570 nos
1689 1548 1808 1573 servaret
1825 1564 1831 1572 ,
1858 1550 1890 1569 ne

1102 1587 1238 1622 unigenito
1259 1587 1365 1622 quidem
1386 1588 1454 1615 Filio
1467 1596 1516 1615 suo
1539 1590 1675 1626 pepercit;
1701 1597 1749 1616 nos
1773 1589 1891 1623 pecuniis

1098 1634 1237 1669 parcimus
1259 1633 1285 1660 in
1316 1638 1433 1663 nostram
1462 1634 1617 1668 perniciem.
1643 1633 1701 1669 Ipse
1728 1634 1890 1668 unigenittuu

1102 1681 1198 1708 Filium
1222 1688 1269 1715 pro
1281 1681 1356 1708 nobis
1370 1681 1462 1713 dedit;
1480 1688 1528 1709 nos
1544 1688 1576 1708 ne
1590 1686 1729 1716 argentum
1741 1680 1848 1716 quidem
1864 1681 1890 1707 in

1091 1727 1161 1765 ,ejus
1171 1728 1282 1763 gratiam
1297 1726 1459 1762 despicimus
1469 1747 1477 1759 ,
1492 1727 1546 1753 imo
1570 1734 1620 1754 nec
1634 1728 1659 1758 in
1683 1733 1799 1754 nostram
1816 1727 1889 1754 utili-

1103 1779 1193 1802 tatem.
1209 1774 1242 1800 Et
1253 1781 1367 1808 quanam
1386 1773 1443 1800 11ωο
1464 1772 1540 1800 venia
1556 1773 1633 1807 digna
1649 1772 1734 1799 sunt?
1758 1773 1785 1800 Si
1803 1772 1890 1798 humi-

1100 1829 1164 1851 nem
1179 1821 1314 1848 videamus
1325 1820 1441 1855 pericula
1455 1823 1482 1847 et
1497 1824 1609 1847 mortem
1625 1827 1672 1853 pro
1686 1819 1764 1845 nobis
1777 1818 1866 1846 subire
1880 1838 1888 1849 .

1101 1869 1186 1903 ipsutu
1213 1867 1336 1896 omnibus
1355 1867 1558 1901 anteponimus,
1575 1870 1602 1892 et
1627 1866 1651 1891 in
1677 1865 1775 1895 intimis
1797 1865 1890 1892 amicis

1094 1922 1317 1945 ,annumeraums,
1340 1917 1430 1940 nostra
1461 1912 1550 1940 omnia
1572 1911 1621 1945 ipsi
1649 1911 1797 1944 tradimus,
1813 1916 1839 1938 ct
1857 1919 1888 1938 ea

1091 1961 1183 1995 .ipsius
1206 1967 1266 1987 esu:
1281 1961 1364 1994 magis
1375 1966 1453 1993 quam
1475 1963 1564 1986 nostra
1587 1957 1720 1989 dicimus;
1743 1965 1829 1991 neque
1850 1957 1889 1983 sic

1100 2011 1223 2042 putamus
1248 2005 1310 2040 dign
1320 2013 1354 2031 un
1375 2004 1523 2039 rependere
1545 2003 1640 2031 vicem.
1664 2003 1731 2038 Erga
1754 2003 1888 2030 Christum

1099 2060 1163 2080 Vero
1176 2059 1261 2087 neque
1282 2051 1352 2079 hunc
1365 2051 1432 2086 grati
1448 2051 1527 2077 animi
1551 2049 1658 2077 modum
1670 2056 1818 2076 servamus.
1843 2049 1889 2076 1110

1099 2099 1213 2126 animam
1230 2106 1277 2133 pro
1291 2097 1366 2124 nobis
1379 2096 1465 2132 posuit
1479 2117 1486 2128 ,
1503 2101 1526 2123 el
1552 2100 1661 2131 propter
1680 2103 1728 2122 nos
1743 2095 1886 2130 pretiosum

1098 2145 1253 2180 sanguinem
1269 2143 1362 2171 clludit
1374 2163 1381 2175 ,
1405 2149 1453 2169 nos
1465 2163 1471 2175 ,
1487 2142 1594 2179 inquam
1607 2162 1615 2174 ,
1638 2141 1681 2175 qui
1702 2148 1751 2167 nec
1762 2140 1824 2167 boni
1839 2147 1887 2166 nec

1098 2191 1164 2225 grati
1180 2196 1286 2217 eramus
1299 2197 1306 2221 ;
1323 2196 1371 2215 nos
1386 2196 1450 2215 vero
1474 2195 1508 2214 ne
1523 2187 1548 2214 in
1563 2192 1680 2218 nostram
1695 2185 1801 2223 quidem
1818 2185 1886 2214 utili-

1099 2240 1180 2262 tatem
1195 2234 1323 2270 pecunias
1338 2233 1498 2262 ell'undimus
1511 2240 1518 2264 ;
1530 2231 1576 2259 sed
1602 2239 1663 2259 eum
1677 2231 1720 2266 qui
1738 2238 1786 2266 pro
1810 2230 1885 2257 nobis

1097 2285 1217 2308 mortuus
1232 2284 1274 2307 est
1288 2300 1295 2313 ,
1319 2285 1346 2306 et
1362 2278 1461 2306 nudum
1475 2283 1501 2305 et
1523 2277 1691 2312 peregrinum
1710 2276 1884 2314 despicimus.

1097 2325 1195 2360 Ecquis
1210 2332 1259 2351 nos
1282 2332 1296 2351 a
1320 2324 1408 2351 futuro
1422 2323 1554 2358 supplicio
1575 2321 1696 2350 eximet?
1716 2321 1782 2348 Nam
1797 2321 1820 2348 si
1833 2328 1885 2348 non

1098 2372 1167 2401 Deus
1182 2379 1239 2404 nos,
1257 2370 1303 2399 sed
1319 2377 1368 2397 nos
1382 2370 1432 2404 ipsi
1448 2369 1611 2404 puuirenms,
1627 2375 1715 2395 annon
1730 2372 1822 2395 contra
1838 2374 1887 2394 nos

1097 2417 1227 2446 calculum
1241 2415 1397 2445 ferremus?
1420 2416 1514 2442 Annon
1526 2421 1575 2445 nos
1603 2414 1675 2449 ipsos
1698 2412 1732 2441 ad
1755 2412 1886 2448 gehennae

1096 2464 1183 2500 ignem
1199 2462 1455 2494 condemnaremus,
1467 2459 1539 2495 quod
1554 2467 1614 2487 eum
1630 2479 1638 2492 ,
1652 2459 1696 2494 qui
1710 2459 1826 2485 animam
1835 2465 1886 2499 pro

1096 2509 1172 2537 nobis
1185 2508 1273 2544 posuit
1288 2528 1296 2541 ,
1323 2506 1394 2534 fame
1417 2506 1597 2533 tabescentem
1617 2503 1885 2538 contempserimus?

1091 2556 1128 2587 Et
1142 2555 1204 2591 quid
1218 2554 1343 2589 pecunias
1356 2552 1497 2581 memoro?
1510 2552 1538 2580 Si
1554 2552 1625 2579 enim
1639 2551 1711 2578 mille
1727 2550 1884 2578 haberemus

1095 2603 1207 2635 animas,
1222 2608 1310 2628 annon
1331 2600 1390 2627 illas
1404 2606 1497 2627 omnes
1511 2605 1560 2634 pro
1575 2598 1620 2625 illo
1636 2604 1735 2632 ponere
1749 2595 1885 2631 oportuit?

1095 2650 1205 2679 Etiamsi
1228 2656 1262 2677 ne
1277 2649 1316 2676 sic
1329 2654 1435 2682 quoque
1454 2645 1517 2680 quid
1534 2645 1665 2673 beneficio
1680 2648 1753 2671 tanto
1775 2643 1883 2677 dignum

1095 2697 1263 2725 fecissemus.
1286 2694 1351 2722 Nam
1365 2693 1410 2728 qui
1431 2692 1505 2727 prior
1515 2690 1673 2719 beneﬁcium
1691 2689 1782 2724 ponit.
1797 2687 1884 2715 mani-

1089 2743 1191 2772 festum
1205 2749 1258 2777 pra:
1276 2748 1306 2768 se
1319 2739 1370 2767 fert
1381 2738 1507 2766 bonitatis
1521 2736 1647 2764 indicium
1659 2744 1665 2762 :
1677 2734 1721 2769 qui
1732 2737 1823 2761 autem
1837 2732 1883 2759 be-

1092 2788 1190 2817 neﬁcio
1205 2786 1319 2814 afﬁcitur
1330 2805 1337 2817 ,
1351 2782 1480 2820 quidquid
1497 2781 1604 2810 tandem
1627 2779 1730 2808 dederit
1742 2798 1750 2814 ,
1765 2778 1883 2820 debitum

1092 2830 1192 2863 reddit,
1209 2837 1261 2857 non
1274 2819 1383 2864 gratiam
1394 2825 1460 2858 init;
1477 2824 1592 2852 maxime
1606 2829 1669 2850 vero
1681 2829 1741 2851 cum
1755 2820 1800 2847 ille
1813 2819 1883 2854 prior

1098 2877 1232 2906 beneﬁcus
1252 2874 1368 2904 inimicis
1386 2872 1456 2905 dona
1469 2870 1572 2901 confert
1585 2890 1594 2905 ,
1607 2874 1633 2898 et
1647 2868 1669 2896 is
1683 2867 1726 2906 qui
1742 2864 1882 2901 rependit,
