2041 3113
140 165 195 193 (ει

140 220 305 250 beiititaetori
323 227 371 246 suo
384 218 454 246 dona
475 216 619 249 retribuit,
638 215 733 250 quibus
749 215 829 242 etiam
852 213 929 241 donis

139 269 199 304 ipse
212 273 321 302 quoque
332 265 438 292 fruitur.
454 263 554 291 Verum
565 262 607 290 bis
621 269 672 289 non
686 268 835 293 movemur,
848 268 932 295 usque

136 315 207 341 adeo
220 312 332 347 ingrati,
343 315 371 338 ut
384 310 479 342 servis,
491 309 580 343 mulis,
592 308 668 343 equis
678 308 841 343 operimenta
853 314 932 334 aurea

137 360 388 393 circumponamus;
403 355 544 383 Dominum
556 361 619 382 vero
635 357 764 385 nostrum,
777 352 875 379 nudum
886 359 931 379 er-

139 409 244 431 rantem
257 423 265 436 ,
278 402 395 429 ostiatim
411 400 607 428 mendicantem
619 420 628 432 ,
644 399 669 425 in
684 398 806 433 compitis
816 401 931 425 stantem

137 454 167 478 et
178 456 275 478 manus
289 447 477 476 extendentem
493 445 682 480 despiciamus,
699 444 753 470 imo
766 450 838 477 smpc
852 443 933 470 torvis

139 497 293 523 intueamur
310 492 394 536 oculis
407 501 414 520 :
431 492 535 520 etiamsi
551 495 659 526 propter
671 497 719 517 nos
733 489 806 516 hisce
816 488 893 515 malis
904 496 933 516 se

138 541 273 577 subjiciat.
286 534 412 568 Libenter
422 540 492 567 enim
503 538 596 570 esurit,
607 541 636 564 ut
649 541 676 564 tu
688 536 831 568 nutriaris;
846 534 933 561 nudus

139 587 282 619 circumit,
309 589 338 613 ut
361 585 407 612 tibi
436 582 643 618 incorruptionis
670 585 770 608 vestem
801 579 931 607 conferat.

139 632 208 659 Nihil
224 637 314 658 tamen
327 638 374 658 vos
384 629 502 664 erogatis
518 637 524 655 :
541 627 588 655 sed
604 627 761 654 vestimenta
776 629 865 653 vestra
880 624 932 651 alia

138 687 153 705 a
168 679 246 705 tineis
261 677 400 710 rodunlur,
415 676 464 703 alia
478 696 485 708 ,
499 675 527 702 in
540 681 601 701 arca
617 672 753 701 recondita
765 693 772 705 ,
788 670 928 705 superfluae

139 733 211 752 cura:
228 723 425 759 possidentibus
447 725 508 749 sunt
523 729 529 747 ε
546 720 607 748 dum
620 720 641 746 is
654 719 698 753 qui
717 721 744 745 et
758 717 816 744 ha-c
834 721 860 744 et
882 715 932 742 alia

137 771 230 798 omnia
253 770 362 804 largitus
385 772 449 801 est,
464 766 549 794 nudus
571 764 731 793 obambulat.
754 762 854 790 Verum
876 761 934 788 haec

138 823 194 845 non
208 816 234 842 in
251 823 311 842 arca
326 813 486 845 reconditis,
497 811 542 839 sed
561 811 603 838 bis
617 809 755 845 magnifice
772 806 933 835 induiminii

138 861 221 895 Quid,
233 868 324 896 quiaaso
338 881 345 893 ,
360 859 422 886 hinc
437 858 512 885 vobis
527 857 585 892 plus
600 855 724 884 accedit?
739 854 775 882 Ut
787 853 934 881 forensium

138 908 216 935 turba
228 915 275 934 vos
295 906 444 941 suspiciat?
458 903 559 939 Ecquid
573 903 644 930 hoc?
667 901 724 929 Non
745 900 816 928 enim
832 899 872 926 his
890 898 933 925 in-

136 955 233 982 dutum
246 953 425 983 admirantur,
440 950 486 978 sed
502 957 561 978 eum
577 948 621 984 qui
637 947 726 983 egenis
743 945 862 980 largitur.
878 944 932 971 ita-

137 1009 193 1037 que
207 1001 231 1028 si
253 1000 320 1027 velis
344 997 512 1026 admirationi
537 1003 596 1023 esse
614 1016 621 1025 .
641 995 707 1022 alios
720 993 800 1020 indue
814 1013 820 1024 ,
843 995 871 1017 et
893 990 932 1018 sic

139 1048 213 1075 mille
236 1046 371 1081 plausibus
394 1043 543 1078 excipicris.
558 1041 632 1069 Tunc
645 1045 670 1068 te
691 1040 760 1066 Deus
771 1046 832 1065 cum
847 1035 933 1064 homi-

139 1094 220 1120 nibus
239 1091 362 1119 laudabit.
379 1090 478 1118 Contra
499 1096 562 1116 vero
572 1088 593 1116 si
608 1094 685 1114 secus
704 1092 766 1120 agas
782 1105 789 1117 ,
805 1089 883 1109 nemo
907 1085 932 1108 te

653 159 685 186 IN
703 157 857 186 JOANNEM
877 157 991 185 IIOMIL.
1012 158 1132 188 XXVIII;
1153 161 1188 188 al.
1211 161 1316 189 XXVII".

1729 165 1784 193 hii-

986 213 1122 250 laudabit,
1147 217 1192 244 sed
1213 225 1306 245 onmcs
1320 218 1365 245 tibi
1385 218 1539 246 invidebuttt
1551 238 1558 251 ,
1573 219 1635 247 dom
1653 220 1778 248 videbunt

985 268 1081 296 corpus
1095 267 1227 294 ornatum,
1242 263 1356 290 animam
1371 272 1434 292 vero
1448 265 1605 299 neglectam.
1620 265 1776 300 llujnsmodi

985 311 1107 334 ornatum
1129 308 1284 335 meretrices
1298 313 1432 336 sectantur
1448 331 1454 343 ,
1471 318 1529 344 quae
1549 318 1619 345 saepe
1642 312 1735 346 majori
1748 318 1774 339 ct

985 352 1145 387 opulentiori
1169 353 1242 380 cultu
1271 354 1405 388 gaudent;
1427 360 1537 383 ornatus
1562 361 1650 384 autem
1681 357 1777 386 anima:

986 406 1067 434 penes
1091 399 1196 426 virtutis
1217 400 1351 427 studiosos
1381 405 1481 427 tantum
1504 401 1625 430 habetur.
1642 403 1704 431 Hatc
1726 404 1779 431 frc-

984 451 1097 480 qnenter
1111 446 1186 478 dico,
1203 453 1252 473 nec
1272 445 1350 473 finem
1365 446 1469 473 dicendi
1485 446 1577 474 faciam
1588 468 1601 481 ,ν
1610 456 1662 476 non
1677 457 1777 484 paupe-

985 499 1029 519 res
1050 496 1152 519 tantum
1172 499 1269 519 curans
1286 513 1293 524 ,
1309 496 1437 526 quantum
1462 493 1564 519 animas
1587 499 1699 521 vestras.
1725 495 1778 522 Illis

985 537 1056 565 enim
1071 537 1121 565 etsi
1134 545 1186 564 non
1201 544 1216 564 a
1236 537 1328 569 nobis,
1348 537 1454 564 aliunde
1477 542 1566 565 tamen
1580 538 1703 573 qumdam
1724 541 1777 567 erit

985 583 1154 616 consolatio;
1179 583 1199 610 si
1224 583 1296 610 nulla
1319 583 1407 616 adsit,
1431 587 1458 610 et
1479 583 1548 610 fame
1569 589 1700 618 pereant,
1723 594 1776 613 non

985 636 1109 664 magnum
1122 629 1172 656 hoc
1186 628 1311 656 damnum
1325 628 1398 664 ipsis.
1414 629 1481 662 Quid
1497 630 1587 656 nocuit
1597 629 1698 657 Lazaro
1712 639 1778 665 pauv

986 679 1074 709 pertus
1087 679 1114 702 et
1137 674 1241 701 fames?
1265 674 1318 701 Sed
1339 681 1385 700 vos
1408 674 1473 701 nihil
1489 682 1502 700 a
1525 674 1648 709 gehenna
1663 675 1778 709 eripiet,

986 720 1036 747 nisi
1051 727 1196 754 pauperum
1216 719 1420 754 opejuvemini.
1437 718 1489 747 Sed
1509 719 1602 747 eadem
1627 722 1682 755 ipsa
1705 720 1780 748 dice-

987 772 1045 792 mus
1066 772 1126 799 qua:
1149 764 1224 791 dives
1239 764 1283 791 ille
1306 768 1433 798 perpetuo
1457 764 1568 792 traditus
1593 765 1666 800 igni,
1692 767 1778 794 omnis

985 810 1175 838 consolationis
1197 809 1313 844 experti.
1337 809 1436 836 Verum
1451 810 1540 843 absit,
1556 815 1584 837 ιιι
1595 811 1654 845 quis
1673 811 1716 838 illa
1731 819 1775 838 un-

986 863 1066 891 quam
1088 855 1168 882 vcrba
1191 853 1300 885 audiat;
1326 853 1391 882 faxit
1414 854 1482 882 Deus
1506 860 1532 882 ut
1555 862 1648 882 omnes
1669 856 1694 883 in
1716 856 1777 883 sinu

986 902 1101 929 Abrahae
1124 901 1305 934 recipiantur,
1327 900 1410 935 gratia
1432 905 1460 928 et
1483 900 1647 936 benignitate
1674 901 1779 929 Domini

987 947 1071 975 nostri
1086 947 1149 974 Jesu
1165 945 1272 977 Christi,
1290 953 1336 980 per
1351 953 1429 980 quem
1443 950 1542 973 etcum
1565 953 1618 982 quo
1638 946 1708 974 Patri
1724 947 1780 982 glo-

987 996 1036 1028 ria,
1054 1003 1157 1030 unaque
1183 998 1275 1022 Sancto
1292 994 1412 1028 Spiritui,
1438 994 1464 1021 in
1486 993 1583 1022 saecula
1603 995 1775 1022 sa-culorum.

986 1043 1082 1070 Amen.

150 1138 1774 1169 ’βῆμ’-’ὴ

776 1184 950 1219 HOMILIA
972 1176 1121 1211 XXVIII.

140 1270 184 1296 17.
209 1268 268 1295 Non
280 1268 345 1296 enim
365 1267 432 1294 misit
456 1265 526 1293 Deus
549 1265 644 1292 Filium
664 1271 736 1291 suum
757 1262 784 1288 in
803 1259 934 1289 mundum,

179 1321 205 1341 ιιι
215 1315 313 1351 judicet
327 1313 458 1345 mundum,
470 1313 513 1340 sed
524 1317 553 1338 ut
566 1311 662 1338 salvum
674 1309 750 1344 faciat
765 1306 895 1334 ntundum.

179 1363 204 1389 i.
226 1360 302 1388 Multi
317 1368 349 1388 ex
360 1359 538 1394 segnioribus,
555 1357 586 1384 ad
604 1361 711 1391 peccata
733 1352 932 1388 multiplicanda

141 1413 166 1434 rt
184 1406 373 1442 negiigentiam
390 1404 537 1440 augendam
551 1403 640 1431 divina
656 1402 797 1429 abutentes
815 1399 934 1426 clemen-

141 1455 189 1486 tia,
206 1454 240 1480 ita
257 1454 400 1487 loquuntur
413 1460 419 1477 :
434 1451 507 1478 Nulla
522 1454 561 1476 est
573 1448 707 1484 gehenna,
721 1446 821 1473 nullout
833 1443 934 1478 suppli-

141 1499 325 1530 eium,omnia
343 1498 412 1524 Deus
436 1500 541 1531 peccata
567 1494 687 1521 remittit.
709 1492 825 1526 Quorum
849 1495 880 1516 os
895 1489 933 1515 sic

142 1544 259 1572 obstruit
279 1543 386 1578 sapiens
412 1541 518 1577 quidam
535 1549 541 1567 :
562 1539 599 1566 Ne
623 1539 692 1566 dicas
705 1558 712 1571 ,
738 1535 868 1563 Miseratio
880 1534 934 1569 ejus

144 1601 246 1628 magna,
263 1589 432 1617 multitudinis
450 1591 607 1622 peccatorum
625 1592 735 1612 meorum
757 1581 911 1608 miserebitur
925 1587 935 1606 .'

143 1639 205 1672 quia
219 1635 393 1663 misericordia
415 1639 436 1660 et
451 1634 489 1660 ira
502 1633 571 1667 apud
586 1632 677 1666 ipsum,
693 1634 716 1656 et
729 1636 806 1663 super
821 1630 936 1662 peccato-

144 1693 184 1712 res
194 1685 290 1711 ardebit
306 1686 379 1719 furor
394 1683 447 1718 ejus
472 1683 480 1716 (
496 1681 575 1707 Ereti.
592 1681 618 1707 5.
640 1678 695 1713 6);
719 1681 746 1704 et
762 1682 865 1702 rursmn
879 1695 886 1705 ,
903 1672 935 1700 Ut

145 1731 225 1758 multa
238 1729 409 1757 misericordia
421 1729 484 1764 ejus,
496 1732 518 1754 et
530 1726 608 1753 multa
619 1723 763 1759 redargutio
777 1723 830 1757 ejus
842 1719 935 1755 (Eccli.

146 1778 190 1806 ιε.
204 1778 259 1812 15).
272 1777 306 1805 Et
317 1776 371 1809 ubi,
387 1776 500 1810 inquies,
515 1773 663 1808 benignitas
677 1771 746 1805 ejus,
760 1769 781 1796 si
791 1766 936 1812 secundum

147 1828 316 1859 peccatorum
327 1825 477 1848 nostrorum
491 1819 583 1847 merita
592 1816 727 1851 accepturi
735 1814 847 1842 sumus?
861 1810 936 1844 Quod

146 1871 294 1898 secundum
308 1867 402 1895 merita
422 1865 557 1900 accepturi
582 1864 680 1895 simus,
705 1860 765 1888 andi
779 1859 936 1895 prophetam

147 1921 174 1944 et
189 1915 301 1943 Paulum
315 1914 446 1941 dicentem
458 1920 465 1944 ;
482 1911 555 1938 illum
563 1909 680 1945 quidem.
693 1906 732 1934 Tu
742 1905 830 1933 reddes
839 1903 939 1931 unicui-

146 1971 195 1997 que
209 1960 349 1989 secundum
360 1967 436 1992 opera
446 1965 492 1984 sua
504 1955 590 1991 (Psal.
606 1954 649 1982 6|.
667 1953 711 1988 l5)
724 1960 730 1984 ;
753 1951 823 1978 hunc
836 1953 936 1981 autem,

149 1995 200 2041 ῥιιὶ
214 2007 299 2034 reddet
311 2006 443 2040 unicuique
457 2002 593 2030 secundant
604 2009 667 2036 opus
679 2007 752 2026 suum
762 1997 849 2033 (Rom.
863 1995 887 2022 Ξ.
898 1995 936 2030 6).

150 2053 228 2087 Quod
244 2057 333 2080 autem
349 2050 523 2077 nihilominus
536 2054 631 2082 magna
654 2046 689 2073 sit
712 2044 757 2071 Dei
784 2041 936 2073 clementia,

148 2100 192 2127 vel
207 2099 271 2126 hinc
286 2098 371 2132 palam
394 2099 445 2128 cst,
460 2094 530 2130 quod
556 2101 616 2121 cum
632 2093 658 2119 in
673 2092 739 2118 vitas
761 2090 827 2117 duas
849 2092 938 2115 nostra

150 2146 223 2173 Dens
237 2144 366 2176 diviserit,
383 2142 461 2169 aliain
473 2139 660 2171 certaminum,
673 2138 751 2164 aliam
767 2142 938 2165 coronarum,

148 2192 262 2220 multam
275 2191 324 2218 hac
350 2190 376 2216 in
390 2197 419 2216 re
442 2195 546 2223 quoque
566 2185 754 2220 benignitatem
779 2181 939 2209 exhibuerit.

148 2236 311 2271 Quomodo?
325 2235 391 2268 Quia
407 2238 544 2269 postquam
560 2233 697 2260 innumera
712 2233 819 2264 peccata
830 2226 940 2254 admisi-

150 2290 223 2315 mus,
238 2289 286 2309 nec
296 2281 459 2308 cessnvimus
473 2287 487 2306 a
498 2279 637 2313 juventute
648 2276 681 2302 ad
698 2280 844 2303 extremam
859 2278 942 2306 usque

151 2333 320 2357 senectutem
343 2326 488 2354 sceleribus
512 2325 628 2352 animant
657 2326 773 2349 nostram
793 2319 940 2354 inquinare,

150 2375 239 2402 trullas
253 2380 344 2401 eorum
360 2378 453 2406 pmnas
466 2373 580 2405 repetat,
593 2367 640 2396 sed
654 2375 701 2402 per
715 2367 848 2393 lavacrum
865 2371 942 2398 rege-

151 2418 301 2447 nerationis
315 2417 420 2445 veniam
434 2415 564 2444 concedat
575 2435 581 2447 ,
595 2415 648 2441 imo
657 2412 786 2448 justitiam
801 2415 828 2438 ct
842 2409 942 2437 sancti-

152 2466 306 2493 iicationem
322 2463 476 2498 elargiatur.
498 2460 567 2494 Quid
582 2467 657 2495 ergo,
673 2458 795 2494 inquies,
813 2456 834 2484 si
855 2456 914 2491 quis
929 2462 944 2482 a

152 2512 239 2547 prima
254 2515 333 2538 (culte
355 2509 490 2545 mysteriis
513 2507 646 2542 dignatus,
665 2509 724 2540 post
745 2504 802 2532 haec
825 2503 851 2530 in
874 2502 945 2529 ntille

152 2563 263 2594 peccata
279 2557 399 2585 incidat?
415 2555 462 2582 llic
478 2559 551 2582 certe
567 2552 660 2587 majori
681 2551 814 2579 obnoxius
828 2555 868 2576 est.
879 2556 943 2583 snp-

154 2607 246 2642 plicio.
262 2605 424 2633 Eorumdcm
438 2603 508 2630 enim
522 2606 693 2637 peccatorum
710 2607 762 2627 non
784 2605 861 2634 pares
882 2598 946 2624 sub-

154 2655 226 2680 imus
237 2659 340 2687 ptenas,
353 2650 399 2677 sed
414 2650 491 2684 longe
503 2648 648 2684 graviores,
665 2647 687 2674 si
700 2650 840 2682 postquam
851 2643 946 2671 initiati

155 2707 259 2730 snnnis,
286 2699 312 2725 in
338 2698 441 2725 scelera
463 2696 573 2722 ruimus.
591 2694 618 2721 Id
639 2693 770 2728 significat
791 2692 888 2719 Paulus
907 2690 947 2717 his

156 2746 246 2774 verbis
262 2753 269 2770 :
286 2744 389 2771 Irritam
401 2743 495 2778 faciens
507 2741 562 2776 quis
573 2741 651 2775 legent
670 2739 759 2772 Moris,
772 2739 825 2766 sine
835 2738 888 2764 ulla
899 2737 948 2763 mi-

155 2793 283 2820 seratione
305 2789 402 2817 duobus
428 2788 466 2815 re!
493 2787 570 2813 tribus
596 2785 697 2812 testibus
719 2784 824 2811 moritur
839 2787 948 2819 :quauto

158 2839 240 2872 magis
254 2837 347 2871 pututis
357 2835 480 2862 deteriora
491 2834 580 2860 mereri
597 2832 722 2867 supplicia
733 2832 776 2866 qui
793 2831 888 2858 Filium
904 2829 950 2857 Dei

160 2883 357 2915 concutcuttcrit,
374 2887 397 2908 ct
418 2880 565 2916 sanguinem
592 2878 729 2906 testamenti
753 2877 878 2912 pollutum
903 2876 950 2902 du-

987 1250 1061 1281 xerit,
1075 1253 1097 1275 et
1111 1247 1200 1282 gratia:
1212 1245 1326 1281 Spirilus
1337 1245 1514 1272 contumeliam
1528 1245 1614 1279 fecerit
1626 1245 1718 1281 (Hebr.
1745 1246 1778 1273 ιο

985 1294 1031 1322 28.
1045 1293 1111 1328 29)?
1131 1293 1201 1327 Ergo
1212 1291 1305 1326 majori
1320 1290 1364 1318 ille
1375 1290 1472 1325 dignus
1484 1291 1535 1317 erit
1546 1290 1675 1325 supplicio
1692 1291 1711 1316 ε.

1022 1339 1114 1367 Christi
1133 1338 1277 1365 clementia.
1291 1336 1348 1363 Duo
1361 1335 1455 1364 Christi
1467 1335 1598 1363 aduentus.
1613 1351 1647 1357 -—-
1664 1336 1778 1363 Verum-

988 1391 1075 1413 tamen
1090 1385 1151 1412 huic
1165 1384 1327 1418 puanitentiae
1342 1386 1431 1417 portas
1445 1383 1559 1417 aperuit,
1576 1389 1608 1410 ac
1620 1382 1719 1410 multos
1734 1383 1781 1409 ab-

988 1431 1078 1459 luendi
1093 1434 1200 1465 peccata
1216 1428 1309 1456 modos
1323 1428 1543 1461 subministravit,
1559 1428 1581 1456 si
1597 1428 1642 1455 ille
1653 1428 1780 1456 voluerit.

986 1477 1094 1511 Cogites
1109 1475 1187 1502 velint
1204 1478 1301 1509 quanta
1314 1474 1368 1500 sint
1381 1473 1438 1500 lucc
1452 1473 1602 1501 clementiae
1615 1478 1778 1508 argumenta,

988 1521 1058 1556 quod
1083 1529 1131 1556 per
1149 1521 1261 1556 gratiam
1283 1519 1434 1552 remiserit,
1453 1523 1480 1546 ct
1500 1518 1570 1554 quod
1591 1519 1782 1554 post-gratiam

988 1571 1156 1602 peccatorcm
1178 1565 1299 1600 supplicii
1314 1564 1421 1599 dignum
1437 1572 1489 1592 non
1505 1565 1597 1599 puniat
1607 1585 1614 1596 ,
1630 1565 1677 1592 sed
1691 1572 1784 1592 emen-

988 1613 1105 1640 dationis
1131 1611 1244 1646 spatium
1268 1609 1407 1637 concedat.
1435 1609 1579 1644 Propterea
1604 1611 1641 1636 ait
1661 1610 1782 1637 Christus

988 1658 1133 1686 Nicodemo
1149 1666 1156 1684 ι
1172 1655 1232 1683 Non
1246 1656 1313 1682 misit
1329 1655 1397 1682 Deus
1412 1654 1436 1681 F
1438 1655 1509 1682 ilium
1522 1663 1596 1682 suum
1610 1655 1635 1682 in
1649 1655 1781 1687 mundum,

988 1708 1016 1730 ut
1031 1703 1130 1737 judicet
1149 1701 1272 1729 mundum
1284 1720 1292 1732 ,
1305 1700 1349 1727 sed
1361 1705 1388 1727 ut
1400 1700 1478 1727 solvet
1494 1699 1624 1727 mundum.
1642 1700 1699 1727 Duo
1710 1700 1782 1727 enim

988 1754 1050 1777 sunt
1069 1748 1167 1776 Christi
1183 1746 1330 1778 adventus;
1345 1746 1390 1781 qui
1409 1745 1464 1780 jam
1485 1745 1553 1779 fuit,
1569 1749 1596 1773 et
1614 1746 1658 1780 qui
1678 1745 1782 1773 futurus

988 1799 1030 1822 est
1045 1803 1051 1821 :
1065 1793 1112 1821 sed
1126 1800 1180 1820 non
1194 1792 1288 1820 iisdem
1302 1791 1335 1818 de
1350 1791 1438 1818 causis
1455 1791 1552 1823 ambo;
1568 1791 1614 1818 sed
1629 1791 1701 1826 prior
1714 1790 1763 1819 fuit
1774 1811 1782 1823 ,

990 1847 1042 1866 non
1065 1843 1094 1865 ut
1114 1838 1228 1865 facinora
1252 1840 1342 1863 nostra
1363 1835 1515 1868 examinet,
1533 1835 1580 1863 sed
1602 1840 1630 1863 nt
1648 1835 1782 1867 dimittat;

990 1884 1123 1912 secundus
1137 1883 1198 1915 erit,
1212 1890 1264 1909 non
1278 1885 1306 1908 ut
1319 1881 1446 1914 dimittat,
1461 1881 1508 1908 sed
1522 1885 1548 1907 ut
1565 1881 1707 1908 examinet.
1722 1881 1783 1908 Ideo

990 1929 1023 1956 de
1038 1929 1126 1964 priore
1139 1927 1246 1962 quidem
1259 1926 1324 1954 dicit
1337 1935 1343 1952 :
1356 1925 1416 1952 Non
1426 1926 1482 1952 veni
1491 1929 1517 1952 ut
1527 1925 1640 1960 judicem
1651 1925 1781 1957 mundum,

990 1975 1034 2001 sed
1047 1980 1073 2000 ut
1087 1974 1180 2000 solvent
1193 1971 1332 2003 mundum;
1342 1971 1375 1999 de
1388 1970 1504 1998 secundo
1518 1974 1617 2003 autem,
1633 1970 1695 1998 Cum
1710 1979 1783 1998 uene-

992 2020 1024 2046 rit
1037 2019 1120 2046 Filius
1141 2018 1167 2044 in
1182 2017 1262 2053 gloria
1277 2016 1363 2043 Patn's
1385 2016 1441 2049 sui,
1459 2020 1550 2042 statuet
1572 2024 1628 2043 oves
1648 2016 1748 2050 quidem
1770 2024 1785 2042 a

991 2065 1096 2096 dextris,
1107 2064 1192 2091 lum/os
1206 2067 1289 2090 autem
1299 2071 1315 2088 a
1328 2061 1437 2089 sinistris
1447 2060 1553 2096 (Matth.
1565 2060 1610 2089 25.
1623 2062 1666 2089 3|.
1680 2062 1735 2097 55).
1753 2061 1785 2087 Et

993 2110 1093 2137 abibunt
1105 2109 1150 2136 alii
1162 2109 1263 2144 quidem
1276 2108 1303 2134 in
1319 2107 1394 2134 vitam
1406 2127 1413 2139 ,
1427 2107 1472 2133 alii
1486 2107 1512 2133 in
1526 2107 1678 2141 supplicium
1690 2108 1787 2142 sempi-

993 2160 1090 2182 ternum
1107 2154 1187 2189 (Ibid.
1203 2161 1227 2180 υ.
1243 2151 1299 2187 46).
1316 2152 1396 2186 Atqui
1412 2152 1485 2185 prior
1500 2151 1579 2178 etiam
1599 2151 1729 2179 adventus
1742 2152 1785 2187 ju-

993 2201 1055 2228 dicii
1074 2204 1130 2227 erat
1147 2198 1293 2226 secundum
1310 2197 1422 2231 justitia:
1444 2197 1585 2224 rationem.
1602 2197 1708 2230 Quare?
1721 2197 1787 2232 Quia

994 2250 1056 2272 ante
1077 2245 1221 2272 adventum
1241 2243 1300 2277 ejus
1321 2243 1363 2269 lex
1386 2246 1445 2269 erat
1467 2242 1612 2275 naturalis,
1634 2243 1786 2277 prophetae,

995 2297 1155 2325 rursumque
1172 2290 1212 2316 lex
1229 2289 1336 2323 scripta,
1353 2287 1484 2320 doctrina,
1499 2288 1571 2315 mille
1586 2289 1787 2323 promissiones,

995 2337 1086 2372 signa,
1107 2335 1235 2370 supplicia
1246 2355 1254 2368 ,
1269 2339 1297 2361 et
1316 2334 1367 2360 alia
1383 2333 1463 2360 nmlta
1474 2353 1482 2367 ,
1497 2342 1556 2368 qua:
1575 2339 1683 2368 possent
1696 2343 1789 2362 eincn~

997 2383 1076 2414 dare;
1092 2389 1205 2416 quorttm
1222 2381 1289 2408 ratio
1305 2380 1414 2407 omnino
1429 2379 1559 2415 exigenda
1573 2384 1650 2414 erat,
1666 2381 1712 2408 sed
1728 2381 1788 2416 quia

997 2428 1115 2455 clemens
1130 2431 1187 2459 est,
1209 2434 1261 2453 non
1284 2433 1395 2453 examen
1408 2446 1415 2457 ,
1436 2425 1482 2452 sed
1503 2426 1608 2453 veniant
1628 2426 1747 2454 exhibet.
1762 2426 1789 2453 Si

997 2475 1067 2502 enim
1084 2472 1302 2508 perquisitionem
1317 2471 1440 2503 fecisset,
1454 2478 1548 2499 omnes
1562 2472 1640 2506 plane
1654 2472 1688 2499 de
1703 2472 1790 2499 medio

999 2519 1093 2546 sublati
1111 2519 1222 2545 fuissent
1239 2526 1245 2544 :
1261 2516 1354 2543 Omnes
1369 2516 1437 2543 enim
1451 2521 1614 2550 peccaverunt
1626 2537 1633 2547 ,
1650 2516 1753 2551 inquit,
1768 2523 1790 2543 et

999 2568 1070 2599 egent
1089 2563 1171 2598 gloria
1191 2561 1239 2589 Dei
1253 2562 1262 2594 (
1275 2561 1349 2588 Itoni.
1367 2561 1393 2588 5.
1407 2561 1469 2596 ‘25).
1488 2561 1568 2588 Vides
1586 2569 1716 2588 summam
1736 2561 1792 2588 cle-

1000 2609 1146 2637 mentiam?
1161 2608 1201 2636 18.
1215 2608 1265 2640 Qui
1279 2607 1356 2634 credit
1369 2608 1395 2634 in
1407 2606 1513 2639 Filium,
1529 2615 1579 2634 non
1588 2606 1721 2641 judicatur
1732 2615 1740 2634 :
1751 2609 1792 2642 qui

1000 2661 1082 2682 autent
1097 2663 1145 2682 non
1159 2655 1247 2686 credit,
1259 2655 1316 2689 jam
1328 2653 1457 2689 judicatus
1472 2657 1517 2679 est.
1533 2652 1612 2687 Atqui
1626 2652 1647 2679 si
1663 2658 1724 2680 tunc
1739 2661 1791 2680 non

1002 2703 1073 2729 venit
1089 2706 1117 2729 ut
1128 2701 1258 2735 judicaret
1272 2699 1411 2731 mundum,
1424 2697 1558 2733 quomodo
1570 2698 1613 2733 qui
1629 2706 1680 2725 non
1695 2699 1792 2732 credit,

999 2747 1053 2782 jam
1067 2746 1200 2782 judicatus
1212 2749 1270 2777 cst,
1285 2744 1308 2771 si
1322 2743 1438 2772 nondum
1460 2742 1535 2770 adest
1556 2743 1647 2778 judicii
1669 2747 1793 2780 tempus!

1005 2793 1051 2819 Vel
1069 2792 1119 2819 hoc
1132 2791 1215 2824 dicit,
1233 2790 1294 2825 quia
1308 2790 1364 2824 ipsa
1379 2787 1552 2816 incredulitas
1566 2789 1624 2816 sine
1638 2789 1792 2824 paenitentia

1036 2850 1043 2864 ι
1063 2848 1143 2903 sileret.
1162 2848 1244 2877 habet,
1258 2851 1318 2877 Ergo
1334 2843 1437 2870 seuerius
1448 2844 1559 2876 partietur
1572 2845 1614 2876 qui
1630 2849 1680 2876 post
1690 2845 1792 2876 gratiam

1036 2886 1075 2903 t‘CJ
1089 2897 1093 2902 .

1004 2886 1093 2911 pc‘t'CJt.
