2041 3113
263 173 313 212 (σέ

263 234 420 276 supplicium
433 242 489 268 est;
503 244 561 262 nam
575 232 649 262 evtra
663 234 747 261 lucem
759 241 817 261 esse
829 241 876 268 per
887 241 914 260 se
927 240 1049 268 magnum

264 291 306 314 est
320 278 475 320 supplicium
493 290 499 308 :
516 281 556 307 vel
579 280 665 307 futura
687 281 855 314 prmnuntiat.
873 278 1052 312 Quemadmo-

264 333 326 358 dum
343 331 413 358 enim
428 327 570 357 homicida,
586 327 646 354 licet
660 326 789 353 sententia
803 325 900 360 judicis
914 322 1053 351 damnatus

265 386 316 402 non
333 377 376 407 sit,
392 371 448 410 ipsa
463 370 499 402 rei
516 374 606 400 natura
622 373 676 407 jam
692 373 833 399 dainn'atus
846 372 887 399 est
903 380 909 398 :
924 369 962 398 Sic
975 375 1001 398 et
1014 371 1053 398 in-

263 415 395 448 credulus.
413 416 631 454 Quandoquidem
647 411 731 445 iidem
746 426 795 453 qua
809 414 852 444 die
866 417 899 444 de
921 412 990 452 ligno
1005 421 1051 443 co-

264 459 355 497 medit,
371 470 492 492 mortuus
504 469 544 491 est
559 474 565 490 :
579 465 621 491 illa
637 464 734 498 quippe
749 459 879 490 sententia
891 460 946 489 erat
963 471 970 488 :
985 462 1054 495 Qua—

261 519 366 544 cumque
380 510 420 537 die
441 508 599 536 cbmedcritia
614 509 645 535 de
663 509 732 543 ligno
744 529 750 541 ,
773 503 912 534 moriemini
925 508 933 538 t
945 505 1008 534 Gen.
1024 505 1051 533 2.

263 557 317 592 i'i).
331 557 410 591 Atqui
426 555 542 582 vivebat.
556 554 694 588 Quomodo
705 555 784 588 igitur
795 550 915 580 moituus
926 553 1003 580 erat?
1014 553 1053 580 tax

261 601 403 632 sententia,
420 606 445 627 et
460 608 492 627 ex
508 600 561 634 ipsa
577 599 615 626 rei
629 604 732 626 natura.
749 597 812 625 Nam
825 599 867 633 qui
883 606 912 625 se
924 597 1053 634 supplicio

262 642 407 675 obnoxium
431 645 560 678 reddidit;
582 646 631 671 sub
652 644 782 679 supplicio
803 649 859 677 est;
875 644 980 671 etiamsi
1001 652 1052 671 non

263 691 360 728 reipsa,
375 693 420 720 sed
436 701 468 720 ex
482 689 623 719 sententia.
639 691 677 718 Nc
690 692 748 726 quis
762 691 832 718 enim
853 690 974 723 audiens,
993 689 1053 717 Non

262 736 317 767 rrni
331 738 357 767 ut
365 740 479 775 judicent
496 732 627 770 mundum,
644 746 673 765 se
687 742 761 772 putet
776 738 882 771 impune
897 745 974 772 posse
989 745 1052 772 pec-

262 781 334 820 care,
348 781 462 820 hincque
475 782 649 820 negligentior
664 784 768 815 evadat,
784 782 852 810 hanc
865 779 971 818 q'uoqne
985 782 1054 809 tollit

263 831 404 866 ignaviam,
421 830 523 861 dicens,
535 829 594 856 lum
606 823 734 864 judicaius
749 833 795 855 est.
820 826 885 861 Quia
901 829 970 855 enim
983 827 1054 862 judi-

263 872 331 904 cium
343 873 460 905 futurum
474 875 589 903 nondutn
605 879 724 908 venerat,
739 875 859 909 supplicii
874 875 995 901 timorem
1007 873 1054 900 ad-

262 918 353 951 movet
365 945 372 956 ,
384 929 411 950 et
433 922 596 957 punitionem
614 921 669 956 jam
689 921 804 948 Ostendit
820 929 826 947 :
841 920 865 947 id
879 918 948 955 q'uod
965 919 1053 946 multa:

262 960 303 995 est
319 964 489 1002 benignitatis
502 988 509 999 ,
527 975 579 993 non
601 964 680 993 mede
701 964 797 994 Filium
812 964 875 992 dare
888 985 894 996 ,
912 964 957 992 Sed
972 964 1052 991 etiatn

261 1013 383 1049 supplicii
400 1018 505 1048 tempus
516 1012 622 1040 differre
635 1033 641 1044 ,
658 1017 685 1039 ut
700 1012 801 1046 pessint
815 1015 955 1045 peccantes
970 1011 996 1037 'ct
1011 1012 1053 1037 in-

261 1060 362 1088 creduli
378 1065 485 1094 peccala
499 1067 545 1086 sua
562 1059 680 1086 abluere.
693 1058 742 1090 Qui
753 1058 830 1084 credit
844 1058 869 1083 in
882 1057 988 1087 Filium,
1003 1064 1052 1082 non

257 1107 399 1142 jndimtur.
415 1106 464 1139 Qui
486 1105 590 1138 credit,
607 1112 659 1132 non
675 1105 719 1139 qui
739 1104 844 1131 curiose
865 1103 993 1138 inquirit;
1008 1103 1052 1137 qui

262 1147 357 1184 cretlit,
372 1160 424 1178 non
440 1152 484 1186 qui
501 1151 611 1178 multum
633 1155 776 1177 scrutatur.
793 1149 860 1183 Quid
878 1156 951 1184 ergo,
966 1149 987 1175 si
1002 1149 1052 1175 im-

262 1193 325 1234 pura
339 1199 397 1232 ejus
411 1198 462 1225 vita
478 1198 522 1230 sit,
535 1204 562 1225 et
575 1201 647 1232 gesta
663 1204 716 1224 non
731 1196 817 1223 bona?
833 1196 884 1222 llos
899 1195 987 1230 utique
1001 1202 1052 1221 non

263 1250 324 1272 vere
335 1244 425 1271 fideles
433 1251 491 1270 esse
503 1243 600 1270 l’aulus
612 1243 647 1269 ait
660 1252 666 1268 :
677 1241 835 1275 Conﬁtentur
843 1249 870 1267 se
879 1249 951 1267 nosse
962 1240 1051 1272 Deum,

264 1290 336 1325 factis
349 1290 431 1316 autent
447 1293 537 1324 negant
554 1288 622 1323 (Tit.
642 1289 666 1315 l.
683 1288 744 1323 1(3).
760 1288 890 1315 Caeterum
910 1286 952 1313 hic
966 1286 1054 1313 decla—

264 1341 322 1368 rat,
345 1336 418 1370 ipsos
438 1343 488 1362 non
512 1335 561 1362 hac
580 1335 613 1361 de
633 1342 662 1361 re
675 1334 807 1368 jndicari;
829 1333 874 1360 sed
888 1333 922 1360 ob
938 1332 1052 1359 facinora

263 1383 376 1416 graviori
401 1382 501 1408 ultione
526 1381 674 1416 puniendos
699 1387 758 1407 esse
780 1388 786 1406 ι
807 1379 968 1406 infidelitatis
990 1386 1054 1406 vero

263 1436 352 1460 causa,
367 1435 400 1455 eo
414 1428 482 1462 quod
498 1427 668 1460 crediderint,
684 1434 735 1453 non
752 1426 848 1461 puniri.

298 1476 326 1502 2.
342 1475 434 1502 \'iden'
445 1474 578 1509 quomodo
592 1482 652 1500 cum
667 1482 681 1499 a
697 1473 859 1500 terribilibus
873 1476 950 1500 orsus
964 1467 1051 1503 esset,

264 1522 289 1548 ih
306 1520 398 1549 eadem
413 1525 503 1547 rursus
517 1520 640 1547 desinat?
656 1519 731 1546 Initio
745 1519 842 1553 quippe
855 1518 958 1546 dicebat
973 1527 979 1543 :
995 1517 1053 1544 Nisi

264 1567 318 1601 quis
333 1572 407 1593 natus
421 1567 495 1601 fuerit
510 1574 541 1592 ea:
555 1574 619 1601 aqua
633 1570 656 1592 et
671 1565 779 1599 Spiritu,
792 1567 841 1591 non
856 1564 958 1590 intrabit
973 1564 999 1589 in
1013 1572 1053 1589 νε-

261 1621 338 1647 guunt
356 1612 418 1644 Dei;
434 1612 476 1639 hic
490 1619 552 1638 vero
566 1618 681 1642 rursum,
696 1610 744 1643 Qui
758 1618 806 1636 non
819 1609 895 1636 credit
908 1609 934 1635 in
946 1608 1050 1640 Filium,

257 1660 314 1694 jam
330 1658 463 1692 judicatus
485 1662 537 1688 est;
553 1657 578 1683 id
597 1661 654 1689 est,
675 1656 714 1683 Ne
733 1660 809 1690 putes
827 1663 916 1682 meras
938 1655 1053 1690 peccatis

261 1705 406 1731 obnoxium
418 1704 521 1737 jnvare,
537 1704 585 1730 nisi
603 1703 754 1738 resipncrit.
769 1702 834 1729 Nam
846 1703 890 1737 qui
906 1711 957 1729 non
969 1702 1052 1729 credi-

261 1751 348 1783 derit,
365 1750 430 1777 nihil
448 1750 553 1776 differet
572 1749 605 1775 ab
624 1749 663 1775 eis
683 1749 726 1783 qni
745 1748 798 1782 jam
816 1748 924 1782 jndicati
947 1751 1008 1773 sunt
1028 1751 1054 1774 et

262 1797 418 1830 puniuntur.
433 1795 477 1823 19.
495 1794 550 1821 Hoc
562 1799 597 1821 est
612 1799 696 1820 autem
706 1794 842 1828 judirium,
857 1794 916 1828 quia
930 1794 975 1820 tua:
988 1794 1052 1819 venit

261 1843 286 1869 in
302 1842 433 1874 mundum,
445 1847 468 1868 et
481 1841 622 1867 dilexerunt
637 1841 749 1867 homines
762 1840 841 1874 magis
856 1840 967 1866 tenebras
977 1848 1051 1875 quam

260 1889 361 1919 lucent;
377 1887 427 1914 hoc
442 1891 491 1919 est,
509 1887 571 1914 ldeo
590 1887 743 1921 puniuntur,
759 1887 819 1921 quia
836 1887 958 1913 tenebras
973 1886 1053 1913 relin-

259 1934 341 1966 quere
360 1937 386 1959 et
407 1932 440 1959 ad
461 1933 546 1959 lucem
570 1939 710 1959 accurrere
730 1932 881 1959 noluerunt.
900 1932 945 1959 llis
963 1932 1051 1959 verbis

259 1979 365 2006 dihii'cm
379 1979 412 2007 ab
426 1979 479 2006 illis
491 1979 576 2006 aufert
591 1979 800 2006 excusationem.
816 1978 881 2005 Nam
898 1979 918 2005 si
936 1979 1051 2005 rationes

258 2031 282 2051 el
307 2020 398 2059 pdmds
417 2025 583 2060 expetiturus
601 2025 732 2051 venissem
746 2045 752 2056 ,
769 2024 852 2059 inquit
863 2046 870 2055 ,
885 2024 974 2051 dicere
987 2028 1049 2059 pos-

257 2076 316 2097 sent
333 2079 339 2096 :
357 2070 418 2098 ldeb
441 2070 602 2097 resiluiuius.
622 2070 672 2097 Sed
692 2070 750 2096 veni
773 2072 801 2096 ut.
819 2069 877 2096 illos
897 2077 910 2095 τι
933 2069 1050 2096 tenebris

257 2116 386 2150 eriperent
400 2136 408 2148 ,
423 2116 450 2143 et
465 2115 516 2142 luci
530 2116 711 2142 admdverem.
728 2115 792 2148 Quis
806 2122 870 2149 ergo
891 2115 1050 2141 misereatur

256 2163 330 2197 ejus,
344 2163 388 2197 qui
407 2170 422 2189 a
439 2162 554 2189 tenebris
573 2162 605 2188 ad
628 2162 715 2188 lucem
733 2161 822 2188 venire
843 2161 968 2187 recusat?
981 2161 1048 2187 Cum

255 2207 326 2233 enim
348 2207 421 2234 nulla
436 2206 469 2233 de
487 2215 515 2233 re
537 2214 585 2233 nos
604 2206 726 2232 incusare
748 2206 868 2239 possint,
886 2206 987 2239 inquit,
1002 2205 1047 2232 sed

256 2253 328 2279 mille
342 2252 478 2280 beneﬁciis
493 2252 545 2278 sint
559 2251 659 2283 aliecti,
676 2259 689 2276 ιι
706 2251 782 2277 nobis
802 2251 931 2277 resiliunt.
949 2250 1003 2277 llac
1015 2250 1047 2277 de

255 2304 285 2325 re
297 2305 402 2333 quoque
417 2297 476 2324 illos
489 2297 551 2323 alibi
566 2303 692 2322 accusans
703 2295 817 2326 dicebat,
832 2294 898 2322 Odia
909 2295 1048 2322 [rubuerunt

255 2345 295 2371 nie
308 2344 406 2379 gratis;
420 2348 446 2370 et
458 2350 573 2374 rursum,
586 2342 615 2369 Si
630 2350 678 2368 non
692 2341 811 2367 venissem
824 2346 846 2367 et
859 2341 974 2374 loquutus
985 2341 1049 2375 fuis-

255 2389 306 2417 sent
326 2390 361 2416 eis
373 2410 380 2420 ,
397 2393 526 2423 peccatum
545 2396 595 2414 non
615 2387 730 2413 haberent
746 2386 841 2421 (Joan.
860 2387 902 2413 15.
918 2386 962 2414 25.
983 2386 1045 2421 24).

255 2432 305 2469 Qui
319 2434 388 2462 'enlt'n
402 2441 496 2469 expers
511 2434 578 2460 lucis
593 2433 619 2460 in
636 2433 752 2460 tenebris
765 2432 855 2464 sedet,
873 2432 983 2459 fortasse
999 2439 1046 2459 ve-

256 2481 326 2508 niam
340 2480 463 2514 impetret
475 2487 481 2511 ;
496 2480 539 2513 qui
553 2486 616 2506 vero
627 2483 686 2513 post
700 2478 765 2505 lueis
778 2477 920 2504 adventum
932 2478 956 2504 in
971 2482 1045 2504 tune-

255 2527 308 2553 bris
323 2525 438 2558 residet,
455 2525 587 2560 perversae
605 2529 632 2551 et
650 2524 797 2558 pervicacis
812 2523 953 2550 voluntatis
966 2531 1044 2558 argu-

254 2577 372 2600 mentum
394 2579 449 2606 prze
469 2579 498 2598 se
521 2570 580 2598 fert.
605 2569 705 2597 Deinde
723 2570 783 2604 quia
804 2569 829 2596 id
851 2568 921 2604 quod
944 2569 1043 2596 dictum

254 2620 339 2646 l'uerat
351 2618 441 2646 multis
456 2617 609 2644 incredibile
623 2617 762 2643 videbatur
780 2616 872 2651 (nemo
885 2616 955 2642 enim
970 2620 1043 2642 tene-

253 2660 315 2692 bras
330 2664 381 2691 luci
401 2662 566 2698 praetulerit),
580 2669 686 2689 causam
702 2661 774 2696 ponit
787 2669 834 2688 cur
847 2661 885 2687 sic
899 2660 983 2687 atl'ecti
998 2667 1041 2687 es-

252 2712 320 2738 Sent.
337 2710 463 2743 Qumnam
484 2709 540 2735 lucc
561 2708 620 2736 est?
641 2707 722 2734 Erant
742 2708 822 2740 enim,
839 2707 940 2741 inquit,
957 2715 1042 2733 eorum

252 2754 320 2783 ninia
334 2763 419 2791 opera.
435 2754 479 2782 20.
496 2754 583 2780 Omnis
597 2759 679 2780 autent
699 2753 741 2787 qui
762 2753 828 2779 male
840 2752 918 2786 facit.
931 2752 983 2778 odit
999 2751 1041 2778 lu-

252 2804 322 2834 i'cm,
338 2806 360 2828 et
379 2810 427 2828 non
449 2801 514 2828 venit
533 2800 566 2827 ad
587 2801 685 2834 lucent,
700 2804 727 2826 ut
748 2807 798 2826 non
812 2804 950 2833 arguantur
965 2806 1041 2832 opera

249 2848 315 2881 eius.

290 2892 364 2921 i'mvt
380 2893 458 2921 niorcs
474 2894 580 2920 maxime
599 2893 710 2919 homines
728 2900 742 2918 α
756 2891 945 2918 C'u'istianismo
965 2897 1035 2916 tmer—

598 178 625 204 s.
647 162 784 204 tomis
803 162 1037 203 cnnvsosroiu
1059 163 1215 202 metuar.
1236 163 1500 204 cuivstan'ruvor.
1853 176 1899 206 rc:

1110 237 1175 259 lunt.
1192 231 1286 259 Nullus
1300 241 1413 268 paganus
1428 241 1484 259 vera
1500 233 1590 259 virtute
1602 233 1732 268 pra'ditus.
1751 232 1900 267 Philosophi

1108 279 1210 313 gentiles
1220 279 1302 305 inuitis
1312 279 1400 314 gloriw
1406 287 1483 305 causa
1491 279 1605 304 virtutem
1616 278 1773 305 exercebant.
1784 294 1816 298 —
1823 279 1901 306 Certe

1108 332 1160 351 non
1174 324 1206 351 ad
1220 325 1392 359 judicandum
1406 325 1448 351 vel
1462 325 1494 352 ad
1508 325 1693 359 inquirendum
1707 325 1795 356 venit;
1809 325 1856 352 sed
1874 330 1902 352 ut

1107 371 1211 398 veniam
1225 376 1252 397 et
1265 371 1449 398 remissionem
1464 375 1633 406 peccaturum
1647 371 1732 401 daret.
1748 377 1774 398 et
1787 371 1899 398 salutem

1108 425 1154 451 per
1169 416 1245 443 [idem
1262 417 1410 451 largiretur.
1425 417 1477 444 Cur
1491 424 1556 451 ergo
1569 416 1726 450 fugerunt‘?
1738 419 1804 446 Nam
1821 417 1842 443 si
1856 417 1900 451 ju-

1107 462 1242 489 dicaturns
1257 462 1281 488 in
1298 462 1421 489 tribunali
1443 462 1556 489 Sedisset
1568 483 1574 493 ,
1592 463 1705 496 aliquem
1720 463 1901 490 excusationis

1106 508 1224 535 eolorem
1239 508 1403 535 habuissent.
1419 508 1468 542 Qui
1486 508 1557 535 enim
1572 509 1702 535 malorum
1716 509 1766 535 sibi
1778 510 1901 536 conscius

1106 559 1147 580 est
1159 575 1165 584 .
1178 552 1296 588 judicem
1312 553 1404 588 fugere
1424 550 1493 581 solet
1508 563 1514 580 :
1530 555 1632 581 veniam
1649 558 1737 581 autem
1750 555 1904 582 conceden-

1109 606 1160 628 tctn
1178 599 1330 634 peccatores
1347 608 1439 627 (mines
1458 600 1565 627 adeum.
1581 601 1606 626 Si
1625 603 1688 635 ergo
1701 600 1900 627 cbndonatnrus

1107 646 1190 679 venit,
1207 646 1255 673 hos
1270 647 1385 674 maxime
1400 650 1541 674 accurrere
1556 654 1604 682 par
1619 646 1684 678 erat,
1699 647 1742 681 qui
1757 646 1899 675 multorum

1106 693 1156 720 sibi
1173 693 1271 720 conscii
1287 695 1363 721 erant
1379 698 1547 727 peccatorum
1564 702 1570 719 :
1587 693 1656 726 quod
1671 693 1751 720 etiam
1771 693 1844 720 multi
1860 693 1899 719 fe-

1106 743 1208 765 cerunt.
1231 737 1294 765 Nam
1318 744 1346 766 et
1366 738 1499 773 publicani
1521 743 1548 766 et
1572 740 1725 773 peccatores
1743 738 1897 770 venientes,

1106 792 1166 811 cum
1182 783 1243 812 Jes'u
1257 780 1460 811 ac‘cuinbebant.
1475 784 1544 818 Quid
1559 791 1622 819 ergo
1634 784 1683 811 sibi
1700 784 1756 810 vult
1770 785 1851 811 illud?
1863 785 1900 812 De

1107 829 1158 856 illis
1173 829 1291 864 loquitur
1304 830 1348 864 qui
1368 830 1393 857 in
1415 830 1532 865 nequitia
1552 830 1660 856 omnino
1680 832 1838 865 pcrma‘nere
1853 831 1899 857 de-

1106 879 1257 903 creverunl.
1270 875 1330 910 Ipse
1341 882 1455 910 namque
1471 876 1531 903 ideo
1546 876 1615 903 venit
1628 897 1634 908 ,
1647 880 1675 902 ιιι
1689 877 1777 910 priora
1793 876 1898 911 peccata

1106 921 1274 954 dimitteret,
1294 926 1321 948 et
1339 921 1371 949 ad
1392 917 1480 948 futura
1501 922 1618 948 cavenda
1637 922 1816 949 conﬁrmaret.
1833 923 1898 956 Quia

1107 964 1170 993 vero
1190 966 1297 1001 quidam
1319 965 1379 993 sunt
1398 967 1432 993 ita
1453 967 1546 994 molles
1560 971 1586 994 et
1603 967 1722 994 dissoluti
1743 967 1775 994 ad
1795 968 1900 995 virtutis

1106 1010 1276 1040 sustinendos
1296 1013 1400 1040 labores
1413 1034 1419 1044 ,
1434 1018 1463 1039 ut
1480 1013 1511 1039 ad
1526 1017 1673 1040 extremum
1690 1016 1772 1047 usque
1789 1013 1898 1040 haltum

1106 1059 1188 1086 velint
1201 1059 1226 1086 in
1243 1054 1358 1093 peccatis
1369 1057 1523 1094 persistere;
1535 1064 1560 1086 et
1575 1062 1717 1094 numquam
1731 1060 1764 1086 ab
1778 1060 1828 1087 illis
1839 1060 1900 1087 a’bs—

1107 1106 1203 1132 cedere
1215 1125 1222 1137 ,
1238 1105 1298 1131 illos
1313 1105 1355 1132 hic
1371 1105 1504 1132 incessere
1519 1105 1632 1131 videtur.
1647 1105 1712 1138 Quia
1733 1105 1805 1132 enim
1820 1105 1898 1132 Clui-

1106 1151 1261 1178 stianismus
1274 1159 1334 1178 cum
1350 1156 1421 1178 recta
1435 1151 1555 1179 doctrina
1571 1152 1679 1186 probam
1696 1153 1774 1179 vitam
1788 1154 1896 1188 expetit,

1106 1197 1138 1223 ad
1154 1204 1202 1223 nos
1216 1197 1309 1224 venire
1324 1196 1485 1230 formidant,
1506 1198 1608 1232 inquit,
1627 1198 1686 1233 quia
1710 1198 1803 1225 nolunt
1819 1199 1898 1225 vitam

1106 1247 1204 1270 rectam
1226 1242 1363 1270 exhibere.
1384 1242 1449 1270 Nam
1467 1251 1528 1270 eum
1547 1243 1590 1278 qui
1612 1243 1637 1270 in
1657 1244 1793 1278 gentilium
1807 1250 1902 1272 errore

1106 1287 1186 1314 vitam
1200 1287 1272 1315 ducit
1285 1296 1364 1315 nemo
1379 1288 1581 1323 reprehenderit
1594 1297 1600 1316 :
1614 1289 1658 1324 qui
1672 1289 1742 1316 enim
1757 1290 1822 1316 tale<
1837 1292 1901 1318 colit

1106 1333 1171 1360 deos
1184 1354 1191 1366 ,
1211 1334 1292 1361 festos
1305 1327 1363 1361 dies
1379 1334 1488 1369 perinde
1507 1340 1599 1369 turpes
1614 1340 1639 1362 et
1659 1335 1785 1363 ridiCnlus
1798 1357 1805 1369 ,
1821 1335 1900 1370 atque

1105 1373 1141 1405 dii
1161 1378 1208 1414 ipsi
1225 1384 1302 1412 sunt,
1318 1379 1452 1411 celebrat,
1470 1387 1501 1406 ac
1515 1380 1593 1414 digna
1608 1380 1777 1415 dogmatibus
1792 1377 1899 1408 exhibet

1105 1422 1203 1460 opera;
1218 1424 1261 1461 qui
1278 1434 1339 1453 vero
1359 1426 1440 1453 Deum
1457 1426 1566 1457 colunt,
1583 1427 1603 1453 si
1625 1426 1740 1461 segniter
1755 1427 1862 1459 vivant,
1878 1424 1893 1454 ii

1107 1468 1212 1498 nemine
1237 1468 1289 1498 non
1314 1470 1547 1505 reprehenduntur
1572 1476 1598 1499 et
1623 1478 1780 1499 accusantur
1797 1482 1803 1499 :
1820 1477 1900 1500 tantie

1107 1509 1275 1555 admirationi
1303 1517 1381 1543 etiam
1407 1517 1475 1551 apud
1501 1517 1622 1543 inimicm
1645 1525 1707 1544 suos
1729 1524 1770 1544 est
1791 1518 1898 1546 veritas.

1109 1561 1174 1588 Vide
1192 1559 1256 1597 ergo
1276 1570 1355 1597 quant
1371 1566 1493 1589 accurate
1510 1562 1640 1597 loquatur.
1659 1562 1716 1589 Non
1731 1563 1800 1590 enim
1817 1564 1897 1594 dicit.

1106 1607 1150 1641 qui
1167 1615 1246 1642 prava
1262 1604 1396 1642 operatur,
1414 1616 1465 1634 non
1482 1608 1554 1635 venit
1567 1607 1599 1634 ad
1616 1608 1719 1641 lucem;
1736 1609 1793 1640 sed,
1808 1609 1857 1642 Qui
1873 1610 1900 1636 in

1106 1654 1182 1680 maiis
1197 1658 1368 1688 perseverat;
1384 1653 1408 1680 id
1423 1654 1481 1686 cst,
1496 1652 1544 1687 Qui
1566 1653 1618 1680 vult
1634 1661 1740 1688 semper
1756 1654 1781 1681 in
1798 1656 1899 1688 peccati

1106 1708 1183 1729 emno
1203 1701 1334 1733 volutari,
1356 1709 1407 1727 nun
1429 1700 1484 1726 vult
1499 1708 1528 1727 se
1544 1700 1645 1732 legibus
1666 1701 1732 1728 meis
1749 1701 1898 1736 subjicere;

1106 1747 1152 1774 sed
1163 1751 1237 1774 extra
1253 1754 1363 1774 manens
1377 1746 1459 1773 libere
1474 1745 1631 1779 fornicatur,
1645 1751 1797 1781 cmteraque
1809 1748 1898 1774 omnia

1107 1793 1238 1827 prohibita
1259 1793 1423 1828 exsequitur.
1447 1793 1503 1820 Huc
1517 1793 1587 1819 enim
1603 1800 1632 1820 se
1646 1793 1787 1820 conferens
1799 1815 1807 1827 ,
1823 1795 1898 1828 quasi

1105 1832 1147 1866 iur
1163 1840 1187 1866 in
1204 1839 1280 1870 lucc,
1295 1839 1384 1866 statim
1400 1839 1558 1866 manifestus
1574 1838 1701 1866 redditur.
1721 1839 1836 1874 Ideoque
1850 1840 1898 1866 im-

1107 1886 1208 1920 perium
1223 1885 1288 1920 fugit
1301 1893 1400 1912 meum.
1416 1885 1496 1912 Certe
1514 1885 1611 1911 multos
1625 1885 1764 1919 gentilium
1779 1886 1898 1913 dicentes

1105 1928 1243 1962 audimus,
1261 1930 1290 1959 se
1303 1931 1362 1958 ideo
1377 1939 1429 1958 non
1451 1939 1529 1966 posse
1542 1931 1575 1958 ad
1592 1932 1669 1958 fidem
1686 1937 1804 1959 nostram
1820 1941 1897 1960 acce-

1105 1977 1183 2010 dere,
1199 1976 1269 2011 quod
1291 1985 1341 2004 non
1361 1980 1470 2012 possent
1490 1977 1524 2004 ab
1543 1976 1687 2008 ebrietate,
1705 1977 1895 2012 hirhicatione,

1104 2024 1260 2058 c:rterisquc
1274 2022 1426 2058 huiusmodi
1441 2022 1510 2050 vitiis
1523 2022 1667 2051 abstinere.
1681 2024 1748 2057 Quid
1762 2025 1843 2060 ergo?
1858 2026 1883 2052 in

1103 2070 1180 2104 quies
1201 2078 1206 2094 :
1227 2077 1316 2096 annon
1338 2074 1400 2096 sunt
1419 2068 1562 2096 Christiani
1583 2078 1636 2097 non
1657 2070 1776 2097 melioris
1796 2071 1894 2106 frugis,

1103 2123 1191 2142 annon
1207 2120 1233 2142 et
1245 2115 1358 2150 gentiles
1377 2115 1560 2150 philosophice
1579 2115 1715 2142 viventes?
1729 2116 1897 2143 Christianos

1103 2168 1162 2187 esse
1176 2161 1219 2196 qui
1235 2161 1303 2187 mala
1318 2165 1481 2195 perpetrent,
1498 2168 1547 2195 ego
1560 2169 1666 2195 quoque
1680 2161 1739 2187 novi
1753 2170 1759 2187 :
1774 2169 1836 2188 num
1850 2169 1895 2188 au-

1104 2205 1155 2233 tem
1178 2206 1289 2241 gentiles
1310 2207 1361 2233 sint
1384 2206 1428 2240 qui
1452 2206 1560 2240 probam
1575 2206 1672 2233 ducant
1688 2207 1769 2234 vitam
1780 2228 1786 2238 ,
1803 2207 1827 2234 id
1844 2211 1895 2234 nrt'i

1103 2251 1213 2286 perinde
1228 2257 1318 2278 notum
1334 2251 1408 2278 mihi.
1424 2251 1462 2278 Ne
1477 2251 1540 2278 mihi
1557 2252 1615 2278 illos
1628 2252 1739 2286 olijicias
1749 2253 1793 2287 qui
1805 2261 1836 2280 cx
1851 2259 1895 2279 ua-

1103 2302 1160 2324 tnra
1172 2305 1217 2324 sua
1233 2297 1342 2324 modesti
1356 2297 1495 2332 ornatique
1507 2303 1566 2324 sntit
1582 2307 1587 2324 :
1602 2297 1651 2324 hoc
1662 2299 1732 2324 enim
1744 2299 1829 2326 vinus
1843 2306 1894 2326 non

1102 2348 1157 2375 est;
1175 2341 1221 2370 Sed
1238 2343 1297 2370 illos
1313 2343 1408 2370 atl‘eras
1419 2364 1426 2374 ,
1443 2343 1486 2377 qui
1501 2343 1638 2369 affectibus
1653 2343 1826 2370 vehementer
1840 2350 1893 2370 tra-

1103 2387 1209 2420 buntur,
1222 2393 1248 2415 et
1259 2389 1346 2415 tamen
1360 2387 1589 2422 philosophantur.
1603 2388 1635 2414 At
1647 2393 1718 2415 certe
1730 2396 1781 2415 non
1796 2391 1893 2423 possis.

1100 2428 1166 2462 Nam
1179 2435 1201 2461 si
1215 2435 1287 2469 regni
1303 2434 1453 2469 promissio,
1466 2433 1596 2468 gehennae
1611 2434 1791 2462 comminatio.
1806 2439 1833 2461 et
1843 2435 1892 2461 alia

1101 2477 1251 2515 hujusmodi
1267 2481 1309 2506 vix
1323 2480 1445 2506 homines
1459 2481 1484 2506 in
1499 2479 1604 2506 virtutis
1616 2480 1743 2506 exercitio
1757 2480 1890 2507 retinent:

1101 2527 1178 2562 longe
1189 2527 1324 2553 difﬁcilius
1339 2525 1409 2552 illam
1423 2525 1585 2552 exercebnnt
1596 2525 1641 2560 Qui
1654 2525 1715 2552 nihil
1731 2532 1823 2552 eorum
1835 2533 1890 2552 crn-

1099 2574 1174 2601 dunt.
1191 2573 1266 2606 Quod
1285 2573 1305 2599 si
1321 2573 1428 2607 quidam
1447 2573 1570 2599 virtutem
1589 2572 1729 2602 simulent,
1755 2572 1780 2598 id
1800 2572 1890 2606 gloria:

1099 2628 1177 2648 causa
1195 2620 1308 2652 facium;
1323 2619 1366 2654 qui
1381 2625 1468 2646 autetn
1483 2627 1557 2645 vana‘
1571 2619 1662 2653 gloria:
1673 2626 1751 2645 causa
1765 2619 1888 2645 virtutem

1098 2671 1236 2697 exercent,
1253 2665 1296 2692 ubi
1315 2666 1397 2692 latere
1413 2670 1547 2699 poterunt,
1562 2672 1614 2691 non
1628 2672 1642 2690 a
1659 2665 1746 2698 pravis
1762 2663 1890 2698 cupidita-

1099 2712 1167 2738 tibus
1188 2711 1365 2738 abstincbnnt.
1391 2710 1490 2737 Verum
1508 2718 1542 2737 ne
1561 2709 1719 2737 contentiosi
1741 2709 1887 2742 videamur,

1097 2759 1274 2786 concedamus
1295 2757 1362 2792 apud
1385 2757 1498 2791 gentiles
1520 2763 1580 2782 esse
1601 2755 1730 2790 quosdam
1753 2756 1796 2790 qni
1818 2760 1889 2782 recte

1097 2805 1184 2831 vivant
1206 2813 1212 2830 ί
1235 2803 1298 2830 nihil
1322 2804 1391 2829 enim
1417 2802 1467 2829 hoc
1488 2802 1567 2828 dictis
1591 2802 1688 2827 nostris
1708 2801 1801 2828 ofﬁcit.
1824 2800 1887 2827 Nam

1131 2894 1137 2908 '
1158 2892 1248 2922 Morel”
1262 2894 1373 2924 fugerunt
1386 2892 1458 2923 ig‘lm'
1470 2891 1502 2916 tu!
1515 2890 1643 2922 perniciem
1655 2896 1732 2915 suam.
