2041 3113
156 144 206 175 16ῗὶ

155 203 223 238 quod
238 211 309 239 sa'pe
322 202 461 238 contingit,-
475 210 526 228 non
539 201 608 236 quod
620 209 680 228 raro
690 201 796 234 accidit,
809 201 852 228 hic
866 200 944 229 intel-

155 249 298 284 ligendnm.

145 312 151 325 ι
189 296 214 322 3.
235 295 301 322 Vide
314 295 394 321 etiam
408 301 461 330 quo
485 297 562 329 pacto
580 293 686 321 aliunde
703 301 809 329 quoque
823 293 876 321 illis
888 301 945 320 om-

156 350 214 368 nem
229 341 408 369 excusationis
419 339 525 367 modum
537 339 649 369 auferat.
660 346 721 366 cum
732 339 805 371 dicit.
821 339 905 367 lucem
918 339 944 366 iit

157 386 282 413 mundum
304 386 418 413 venisse.
441 385 528 417 Nam,
551 386 653 421 inquit,
670 386 945 420 illam~qua¢sierunt?

145 421 218 459 ’num
235 433 389 460 laborarunt
408 437 436 459 ut
453 433 678 468 asscquerentur?
693 433 750 468 Ipsa
769 433 812 459 lux
832 433 864 460 ad
886 433 946 461 illos

155 479 246 511 venit,
264 486 349 514 neque
369 479 408 506 sic
429 484 517 506 tamen
539 484 720 506 accurrcrnnt.
737 479 802 511 Quia
819 483 882 507 vero
895 479 944 507 0b-

156 525 265 552 Icudere
281 529 407 559 possunt,
422 524 588 552 Christianos
603 533 661 552 esse
674 525 802 559 quosdam
817 525 861 560 qui
877 525 945 554 male

154 572 259 602 vivant,
276 570 512 604 respomlebimus,
529 571 571 597 hic
591 578 642 597 non
657 570 698 605 agi
713 570 746 598 de
765 570 798 598 iis
812 571 856 606 qui
869 570 946 598 Chri-

156 616 234 642 Stiani
255 616 310 643 nati
331 620 411 648 sunt,
426 617 526 651 quique
540 624 553 642 a
570 616 714 650 majoribus
728 617 798 652 piam
819 622 945 652 accc]:er

155 661 310 696 religionem
322 669 329 692 ',
342 661 390 688 etsi
404 668 475 695 saepe
487 661 524 688 illi
535 669 567 689 ex
582 669 662 696 prava
676 662 728 689 vita
740 670 754 688 a
765 669 827 690 vera
843 662 944 689 doctri-

154 715 187 734 na
200 707 306 735 decussi
321 707 428 735 fuerint.
445 703 544 735 Verum
560 715 612 735 non
626 708 660 736 de
673 708 705 736 iis
720 713 784 743 puto
797 716 866 737 nunc
880 717 941 736 ser-

154 761 262 780 monem
278 753 389 786 haberi,
404 753 451 781 sed
465 754 500 781 de
515 754 546 781 iis
560 755 698 789 gentilium
714 755 754 783 vel
769 755 925 782 .ludaeorum
935 776 943 787 ,

153 799 198 834 qui
208 799 338 827 deberent
348 799 380 826 ad
393 805 492 827 rectam
506 800 624 827 converti
638 800 727 828 lidctn.
738 800 861 828 Ostendit
870 802 942 828 enini

154 844 288 871 neminem
300 851 392 871 eorum
406 845 450 878 qui
466 843 491 872 in
503 849 595 872 errore
607 845 723 880 degunt,
735 846 803 873 velle
815 846 848 873 ad
863 846 942 873 fidem

154 889 297 922 accedere,
311 889 360 916 nisi
372 890 445 924 prius
456 894 535 917 recta:
546 891 606 917 vita:
622 899 742 917 normam
758 891 807 919 sibi
825 893 944 926 prazscri-

155 935 252 968 pserit;
268 934 453 970 neminemque
466 936 492 962 in
507 935 690 963 incredulitate
704 944 856 964 mansurum
867 956 875 969 ,
891 937 939 964 nisi

155 981 228 1014 prius
243 980 392 1008 decreverit
407 982 431 1007 ia
450 982 578 1016 pravitate
598 983 751 1016 persistere.
768 982 806 1010 Ne
821 983 886 1010 mihi
902 983 944 1010 di-

155 1026 229 1053 xeris
242 1031 342 1052 ca~tum
358 1026 431 1054 illum
443 1034 516 1060 esse,
532 1036 582 1056 nec
595 1027 695 1055 furari:
710 1029 845 1056 noncnim
861 1029 887 1056 in
904 1029 944 1056 bis

155 1077 258 1099 tantum
282 1072 404 1099 consistit
423 1072 518 1100 virtus.
535 1073 599 1106 Qua:
623 1073 692 1100 cnim
716 1073 832 1107 utilitas,
849 1074 871 1101 si
889 1074 945 1101 luce

156 1118 264 1152 quidem
284 1118 424 1151 observet,
442 1119 488 1146 sed
510 1127 583 1147 vana:
597 1119 689 1154 gloria:
702 1120 737 1146 sit
758 1120 886 1154 cupidus,
904 1120 945 1147 Vel

155 1163 300 1191 amicorum
312 1163 393 1198 gratia
406 1164 431 1190 in
444 1172 536 1191 errore
551 1165 674 1191 maneat?
688 1164 743 1193 lloc
754 1166 825 1193 enim
837 1173 888 1192 non
903 1170 944 1193 est

155 1214 228 1236 recte
242 1210 342 1236 vivere.
357 1209 423 1237 Nam
441 1210 534 1245 glorize
549 1214 643 1238 servus
659 1218 711 1238 non
733 1211 820 1238 minus
834 1217 924 1245 peccat
937 1232 943 1243 .

156 1261 234 1288 quam
249 1254 393 1282 fornicator
405 1265 412 1290 ;
426 1255 479 1282 imo
493 1255 569 1290 longe
583 1256 656 1290 plura
669 1261 696 1284 et
710 1256 831 1291 gravium
846 1256 942 1284 admit-

156 1298 197 1326 tit.
208 1299 305 1326 Verum
318 1300 403 1327 indica
415 1300 478 1327 mihi
487 1301 629 1336 quemdam
639 1302 708 1336 apud
718 1302 831 1337 gentiles
841 1302 875 1330 ab
886 1310 944 1329 Otu-

156 1345 235 1383 nibus
249 1345 320 1373 vitiis
345 1347 513 1382 peccatisque
534 1347 657 1375 liberum.
674 1347 823 1382 Numquam
846 1349 945 1383 possis.

154 1382 221 1418 Nam
236 1392 280 1427 qui
297 1392 411 1419 maxime
423 1393 492 1428 apud
508 1393 566 1421 illos
578 1394 731 1421 claruerdnt
741 1414 748 1426 ,
759 1395 803 1429 qui
826 1382 853 1422 et
867 1402 947 1429 pecu-

155 1437 216 1464 nias
236 1441 264 1464 ct
285 1437 353 1472 gula:
377 1438 485 1465 delicias
509 1443 744 1473 contempserunt,
768 1444 797 1466 ut
819 1440 911 1471 aiunt,
928 1440 946 1467 ii

157 1483 273 1510 maxime
288 1483 406 1511 omnium
427 1484 518 1518 gloria:
540 1484 708 1517 servierunt;
725 1485 795 1519 quod
810 1492 874 1512 sane
887 1491 945 1512 om-

159 1529 230 1555 nium
242 1533 282 1556 est
294 1536 373 1556 causa
391 1529 530 1556 malorum.
543 1529 586 1556 Sic
594 1534 620 1556 et
631 1529 714 1557 Judaei
726 1530 750 1556 in
760 1530 877 1564 nequitia
887 1537 948 1564 per-

156 1574 291 1602 stiterunt.
307 1575 395 1608 Quare
409 1575 468 1602 illos
482 1583 596 1609 arguens
610 1575 716 1602 diccbat
729 1584 735 1602 :
753 1575 884 1607 Quainodo
897 1581 946 1611 ρο-

156 1621 224 1647 mlis
235 1620 346 1653 credere,
358 1621 400 1656 qui
409 1621 516 1657 gloriam
526 1621 557 1648 ab
569 1621 710 1648 hominibus
721 1622 836 1656 accipitis
848 1621 944 1656 (Joan.

155 1665 180 1693 5.
193 1666 265 1700 Ut)?
280 1666 313 1693 Et
323 1674 369 1693 cur
380 1666 535 1694 Nathanaeli
547 1688 554 1700 ,
568 1668 610 1694 cui
623 1668 760 1695 veritatem
773 1668 945 1702 praedicabat,

155 1712 189 1740 de
205 1712 247 1739 bis
270 1712 392 1746 loquutus
407 1720 458 1740 non
472 1717 528 1745 est,
546 1721 596 1740 nec
617 1714 729 1748 longiori
749 1720 792 1742 est
808 1721 870 1741 usus
886 1720 946 1741 ser-

156 1760 255 1786 mone?
269 1759 335 1792 Quia
348 1759 370 1786 is
380 1767 433 1787 non
447 1766 508 1787 cum
519 1759 566 1787 illo
577 1759 668 1788 studio
680 1766 799 1788 venerat.
817 1760 864 1788 llic
873 1761 945 1788 enim

156 1805 226 1833 lstnd
237 1806 288 1833 sibi
300 1805 448 1833 faciendum
461 1806 655 1840 constituerat,
671 1811 696 1834 et
707 1807 777 1842 quod
791 1807 835 1834 alii
847 1808 945 1841 quieti,

157 1852 201 1879 hic
222 1852 362 1880 audienda:
384 1853 514 1880 doctrina:
538 1857 643 1888 tempus
666 1853 796 1881 adhibuit.
820 1853 866 1880 llle
882 1861 946 1880 vero

154 1899 209 1926 alio
228 1899 358 1926 suadente
379 1899 491 1926 accessit
507 1908 512 1926 :
531 1907 580 1926 nec
600 1904 688 1927 tamen
708 1899 783 1926 illum
799 1899 945 1934 pncteriit;

156 1945 243 1978 ipsum
254 1944 324 1971 enim
337 1944 376 1971 sic
387 1944 546 1980 alloquitur:
558 1944 656 1971 Amodo
667 1944 780 1971 uidebitis
788 1945 864 1971 cwlos
872 1952 947 1980 aper-

155 1993 194 2016 tos
203 2009 211 2021 .
224 1993 246 2016 et
266 1988 370 2024 angelos
382 1989 430 2016 Dei
445 1989 604 2016 ascendentes
618 1995 642 2017 e.‘
655 1990 832 2017 descendentes
849 1989 944 2025 (Joan.

156 2035 183 2061 1.
199 2035 229 2062 5|
241 2034 261 2070 ).
278 2035 344 2062 lluic
357 2039 445 2062 autem
456 2035 523 2062 nihil
535 2035 631 2062 horum
644 2035 730 2067 dixit;
745 2035 792 2062 sed
807 2035 841 2062 de
857 2035 942 2062 iucar~

156 2080 265 2107 natione
279 2086 304 2108 et
319 2080 353 2107 de
373 2081 426 2108 vita
446 2086 545 2108 teterna
562 2081 646 2116 ipsum
660 2081 804 2116 alloquitur
814 2101 822 2114 ,
838 2080 946 2108 diverso

156 2127 238 2154 modo
251 2127 362 2161 singulis
377 2134 425 2162 pro
437 2126 533 2154 allecto
548 2128 676 2162 cujusque
691 2127 813 2162 loquens.
830 2127 870 2154 llli
884 2127 944 2162 qui.

155 2172 217 2199 tlem
228 2193 236 2205 ,
248 2172 308 2207 quia
320 2171 463 2207 prophetas
475 2172 589 2200 callebat
599 2193 606 2204 ,
623 2180 709 2207 neque
726 2173 760 2199 ita
774 2172 863 2207 segnis
877 2177 944 2203 erat,

156 2217 215 2245 hznc
229 2217 363 2244 audivisse
384 2218 451 2245 satis
472 2222 550 2245 erat:
576 2218 636 2245 huic
652 2224 732 2251 vero,
755 2218 816 2252 quia
830 2217 945 2252 quadam

155 2263 244 2291 adhuc
265 2262 408 2290 formidine
421 2262 590 2290 detinebatur
601 2283 608 2296 ,
625 2270 677 2289 non
693 2267 777 2289 totum
797 2262 886 2290 statim
900 2270 944 2290 re-

634 140 667 171 IN
684 136 840 172 tomle
861 137 976 170 utinm.

996 136 1092 170 xm.
1113 143 1147 171 al.
1171 140 1286 171 xxvnt.
1738 147 1786 176 tce

999 201 1114 234 velavit;
1131 202 1178 230 sed
1193 207 1309 230 mentem
1325 203 1382 239 ejus
1397 204 1542 239 excitavit,
1559 208 1589 232 tit
1603 211 1672 234 metu
1687 212 1785 236 Inetlnn

997 247 1166 279 excluderet,
1182 257 1242 276 cum
1257 249 1324 277 dixit
1340 258 1400 278 eum
1414 251 1458 285 qui
1480 259 1533 279 non
1547 252 1669 280 crederet
1681 274 1688 286 ,
1708 254 1782 287 judi-

998 294 1052 321 cari
1064 315 1071 327 ,
1094 298 1120 321 ct
1135 302 1188 322 non
1203 295 1314 323 credere
1327 303 1341 322 a
1358 305 1437 330 prava
1463 298 1678 333 concupiSCentia
1708 302 1786 335 proli-

999 340 1074 367 cisci.
1089 340 1155 374 Quia
1170 340 1240 367 cuitu
1266 340 1402 368 hominum
1417 342 1528 376 gloriam
1551 345 1638 379 magni
1654 344 1765 372 faciebat
1778 367 1785 378 ,

997 389 1023 412 et
1043 385 1126 419 pluris
1147 390 1225 420 quam
1249 386 1405 420 supplicium
1423 387 1519 423 (Multi
1538 390 1624 423 enim,
1641 391 1740 425 inquit,
1756 400 1788 419 ea;

998 431 1153 466 principibus
1173 431 1333 459 crediderunt
1353 433 1379 460 in
1402 441 1475 466 euut,
1496 435 1540 461 sed
1559 440 1661 470 propter
1681 436 1787 465 Juda'os

998 484 1047 505 non
1061 476 1243 512 conﬁtebantur
1256 478 1349 514 (Joan.
1362 479 1388 506 5.
1400 480 1435 506 M
1445 480 1454 515 )
1466 500 1471 511 ,
1487 480 1549 507 hinc
1562 481 1636 509 illum
1649 484 1785 517 perstrin-

997 523 1051 557 g’it,
1067 523 1251 558 ostenditque,
1268 532 1319 551 non
1341 530 1419 559 pusse
1433 533 1493 552 eum
1514 527 1558 561 qui
1574 526 1599 553 in
1616 535 1645 556 se
1659 533 1711 556 non
1726 537 1786 557 crc-

997 568 1088 601 deret,
1104 569 1153 596 alia
1173 569 1207 597 de
1221 577 1300 597 causa
1322 579 1374 598 non
1399 571 1527 605 credere,
1548 580 1627 606 quam
1647 575 1717 608 quod
1734 576 1785 604 vita

998 614 1117 649 impurus
1132 621 1211 643 esset.
1231 617 1262 643 Et
1277 617 1302 643 in
1323 618 1497 651 sequentibus
1512 619 1567 646 ait:
1586 619 1640 654 Ego
1654 629 1708 647 sum
1722 621 1785 654 lux;

998 660 1041 688 hic
1053 665 1141 688 autem
1155 661 1209 693 ait,
1229 661 1301 688 Venit
1321 661 1366 689 lux
1381 663 1406 689 in
1428 663 1549 690 mundum
1565 663 1658 699 (Joan.
1673 666 1700 693 8.
1723 666 1785 700 12).

998 705 1025 733 In
1040 707 1170 741 principio
1183 707 1254 734 enim
1268 708 1418 742 obscurius,
1433 708 1530 736 deinde
1545 710 1644 737 clarius
1659 711 1789 746 loqueba-

1000 758 1051 780 tur.
1067 754 1191 780 Attamcn
1206 755 1286 781 homo
1309 755 1352 782 ille
1368 755 1544 783 multitudinis
1559 756 1626 783 fama
1651 757 1790 785 detineba-

999 804 1056 831 tur;
1065 805 1226 834 quapropter
1238 807 1290 826 non
1303 807 1334 827 ea
1340 808 1391 835 qua
1402 809 1449 835 par
1457 807 1512 828 erat
1522 802 1645 830 utebatur
1655 801 1788 831 libertate.

1038 845 1110 872 Vana
1136 845 1217 880 gloria
1242 845 1381 881 fugienda;
1401 847 1498 874 virtutis
1523 849 1632 883 fructum
1658 850 1733 877 tollit.
1752 865 1787 870 —

999 884 1141 926 Fugiunus
1164 899 1228 926 ergo
1253 892 1358 919 inanem
1381 892 1510 927 gloriam;
1537 893 1587 921 hoc
1609 895 1680 922 enim
1704 896 1789 922 vitio-

998 943 1055 963 rum
1074 936 1191 963 omnium
1218 937 1479 965 veltettletttissimum
1507 943 1556 967 est.
1582 939 1647 967 lliuc
1674 942 1786 967 avaritia

997 983 1025 1008 et
1035 989 1110 1009 amor
1122 983 1292 1015 pecuniarum
1307 983 1439 1016 oriuntur,
1453 983 1515 1011 hinc
1527 984 1586 1011 odia
1600 1000 1607 1017 ,-
1625 985 1703 1015 bella,
1718 987 1786 1012 lites.

997 1026 1063 1054 Nam
1079 1027 1123 1062 qui
1147 1028 1221 1062 plura
1237 1028 1411 1062 concupiscit,
1428 1036 1558 1064 nusquam
1575 1030 1722 1057 consistere
1739 1038 1787 1065 po-

999 1073 1070 1100 terit.
1084 1073 1158 1101 Nulla
1177 1078 1263 1101 autem
1280 1074 1330 1101 alia
1346 1074 1379 1102 de
1393 1082 1473 1102 causa
1488 1080 1583 1103 ca:tera
1604 1081 1674 1103 amat
1685 1098 1691 1107 ,
1707 1085 1786 1111 quam

998 1118 1068 1153 quod
1082 1126 1176 1145 vanam
1190 1119 1300 1154 gloriam
1313 1125 1394 1148 amet.
1406 1120 1461 1148 Cur
1474 1121 1544 1148 enim
1557 1142 1564 1154 ,
1579 1129 1669 1156 quasso
1681 1142 1688 1153 ,
1703 1129 1787 1149 etum-

998 1163 1111 1191 chorum
1129 1172 1240 1199 agmen,
1261 1173 1370 1200 gregem
1395 1173 1533 1193 servorum
1545 1186 1552 1198 ,
1567 1174 1615 1194 cur
1631 1172 1732 1194 tantum
1748 1168 1787 1195 fa-

998 1213 1068 1236 stum
1085 1208 1159 1235 multi
1178 1209 1324 1236 exhibent?
1336 1209 1394 1237 Non
1407 1210 1457 1238 alia
1470 1218 1549 1237 causa
1561 1231 1568 1243 ,
1584 1211 1634 1238 nisi
1649 1217 1677 1238 ut.
1692 1212 1788 1240 midtos

999 1255 1116 1282 habeant
1136 1256 1321 1290 inopportuno:
1345 1256 1550 1291 magnificentia:
1570 1260 1662 1284 testes.
1678 1258 1704 1284 Si
1721 1258 1789 1286 hanc

999 1306 1062 1336 ergo
1073 1301 1264 1334 rescindamus,
1276 1309 1335 1329 cum
1346 1302 1432 1337 capite
1442 1302 1521 1328 etiam
1531 1302 1649 1329 membra
1662 1304 1786 1337 nequitiae

999 1340 1141 1379 tollemus,
1171 1347 1290 1381 nihilque
1318 1347 1490 1381 prohibebit,
1519 1347 1663 1381 quominus
1691 1353 1788 1375 lell‘ultl

999 1394 1073 1427 quasi
1088 1394 1182 1422 celum
1205 1393 1360 1420 ineolamus.
1388 1393 1481 1428 Neque
1501 1393 1571 1421 enim
1587 1393 1620 1420 ad
1641 1394 1787 1428 nequitiam

1001 1444 1100 1466 tantum
1114 1447 1180 1474 quos
1195 1440 1264 1474 capit
1286 1439 1399 1473 impellit
1409 1458 1416 1471 ,
1431 1438 1478 1466 sed
1491 1444 1519 1466 et
1532 1439 1621 1466 virtuti
1635 1446 1666 1466 se
1678 1439 1789 1466 subdolo

999 1485 1143 1517 admiscet;
1158 1489 1256 1513 etcum
1271 1492 1285 1511 a
1300 1484 1397 1511 virtute
1409 1490 1458 1511 nos
1471 1483 1599 1511 decutere
1612 1491 1664 1511 non
1682 1489 1786 1518 potest,

1000 1531 1026 1558 in
1045 1531 1101 1566 ipsa
1117 1530 1159 1557 illa
1174 1530 1272 1557 virtute
1295 1537 1420 1564 magnum
1440 1529 1628 1557 detrimentum
1643 1530 1767 1564 imper-tat
1781 1550 1789 1563 ,

999 1577 1062 1604 dum
1073 1577 1179 1604 labores
1193 1576 1307 1604 tolerare
1318 1576 1388 1610 cogit
1397 1595 1405 1607 ,
1416 1580 1443 1602 et
1453 1575 1575 1603 laborum
1589 1575 1675 1602 fructu
1692 1575 1787 1609 privat.

999 1621 1064 1649 Nam
1079 1622 1124 1657 qui
1139 1621 1172 1649 ad
1186 1629 1281 1648 vanam
1296 1621 1409 1656 gloriam
1431 1620 1557 1655 respicit,
1572 1621 1628 1649 sive
1639 1621 1788 1656 jejunium,

999 1668 1056 1695 sive
1067 1667 1227 1700 orationem,
1243 1667 1299 1694 sire
1311 1666 1510 1702 clecmosynam
1524 1671 1664 1699 exerceat,
1679 1675 1786 1695 omnem

999 1714 1097 1740 amittit
1109 1713 1272 1740 mercedem.
1287 1712 1346 1745 Quo
1359 1712 1457 1739 damno
1469 1712 1530 1747 quid
1543 1713 1722 1740 miserabilius
1734 1714 1790 1741 [Ite-

999 1759 1053 1786 rit?
1067 1758 1174 1794 quando
1189 1765 1284 1794 nempe
1298 1758 1358 1793 quis
1372 1766 1400 1784 se
1414 1757 1512 1785 frustra
1529 1764 1646 1786 macerat
1658 1777 1665 1791 ,
1689 1759 1789 1787 ridicu-

1000 1804 1093 1839 lusque
1103 1804 1201 1836 evadit,
1214 1809 1241 1831 et
1250 1813 1266 1831 a
1274 1811 1389 1838 superna
1402 1803 1487 1838 gloria
1498 1804 1608 1831 excidit.
1619 1804 1710 1838 Neque
1719 1806 1789 1831 cuitu

1000 1854 1088 1884 potest
1101 1850 1146 1884 qui
1172 1854 1311 1883 utramque
1326 1849 1479 1881 desiderat,
1496 1854 1636 1884 utramque
1651 1851 1787 1884 consequi.

999 1895 1143 1922 Possumus
1159 1899 1246 1922 tamen
1262 1899 1401 1929 utramque
1417 1895 1546 1929 consequi
1558 1915 1566 1926 .
1582 1895 1604 1922 si
1619 1902 1672 1922 non
1688 1900 1792 1922 utram-

999 1948 1051 1975 que
1066 1941 1178 1975 gloriam
1200 1940 1422 1975 concupiseamus
1432 1960 1440 1972 ,
1455 1940 1502 1968 sud
1518 1940 1650 1967 cmlestem
1668 1945 1790 1974 tantum;

999 1986 1044 2020 qui
1061 1994 1124 2013 vero
1139 1991 1278 2020 utramque
1291 1991 1381 2018 amat,
1395 1993 1447 2013 non
1463 1990 1601 2020 utramque
1614 1986 1727 2020 adipisci
1742 1994 1790 2020 po-

999 2036 1060 2059 test.
1075 2032 1254 2066 Quamobrem
1270 2032 1290 2058 si
1308 2031 1420 2058 velimus
1436 2032 1547 2066 gloriam
1563 2032 1675 2067 adipisci
1685 2053 1693 2064 ,
1708 2032 1793 2067 fugia-

999 2086 1058 2106 mus
1075 2078 1216 2105 humanam
1232 2078 1363 2113 gloriam,
1378 2083 1405 2105 et
1418 2086 1477 2105 eam
1498 2086 1557 2112 qua:
1570 2088 1584 2105 a
1599 2079 1658 2106 solo
1678 2079 1734 2106 Deo
1750 2084 1790 2106 est

998 2123 1201 2156 desideremus;
1217 2129 1244 2150 et
1264 2124 1303 2151 sic
1317 2128 1428 2158 utraque
1452 2124 1592 2157 potiemur.
1610 2123 1714 2151 Utinam
1730 2133 1792 2152 \ero

1000 2169 1050 2196 hac
1059 2168 1190 2202 fruamur,
1202 2169 1286 2203 gratia
1298 2172 1326 2196 et
1337 2168 1498 2202 benignitate
1512 2169 1616 2195 Domini
1633 2170 1715 2196 nostri
1726 2169 1789 2196 Jesu

998 2215 1096 2243 Christi
1111 2237 1118 2248 ,
1135 2223 1181 2250 per
1195 2223 1274 2250 quem
1289 2221 1317 2244 et
1332 2223 1392 2242 cum
1414 2223 1468 2249 quo
1493 2215 1562 2242 Patri
1585 2215 1668 2250 gloria
1685 2224 1790 2250 unaque

999 2266 1091 2289 sancto
1104 2261 1215 2296 Spiritui
1227 2281 1235 2294 ,
1252 2261 1278 2288 in
1292 2261 1389 2288 saecula
1403 2261 1575 2288 Sit-culorum.
1590 2261 1685 2288 Amen.

811 2367 984 2398 HOMILIA
1005 2367 1127 2397 XXIX.

157 2442 200 2468 22)..
229 2441 301 2468 Venit
319 2447 403 2468 autem
424 2442 451 2468 in
464 2440 583 2468 Iudicum
598 2445 690 2468 (errant
706 2440 760 2474 ipse
784 2445 807 2466 et
828 2439 947 2474 discipuli

218 2488 283 2522 ψη,
297 2492 319 2514 et
330 2487 383 2514 illic
396 2487 572 2514 demorabatur
582 2495 640 2513 cum
652 2487 697 2518 eis,
709 2491 731 2513 et
742 2486 893 2520 baptizabat.

197 2532 220 2559 l.
239 2532 312 2559 Nihil
330 2533 431 2560 veritate
450 2533 552 2565 clarius,
574 2532 638 2559 nihil
660 2532 791 2558 mendacio
811 2532 947 2565 inﬁrmius.

157 2579 209 2605 Cur
223 2579 338 2606 Christus
349 2587 400 2605 non
413 2579 557 2613 baptizavit,
573 2578 617 2605 sed
629 2578 757 2612 discipuli.
771 2592 806 2597 —
819 2577 888 2604 Nihil
902 2585 948 2605 ve-

158 2626 236 2653 ritate
249 2625 359 2656 clarius,
378 2625 445 2652 nihil
466 2625 569 2656 fortius,
593 2629 621 2651 ut
639 2624 778 2652 mendacio
794 2624 856 2652 nihil
872 2623 948 2651 inlir-

158 2671 237 2703 mius,
254 2671 359 2698 etiamsi
376 2671 522 2698 innumeris
544 2678 573 2698 se
592 2674 663 2706 tegat
682 2670 865 2706 operimentis.
882 2670 948 2697 Nam

158 2718 233 2745 facile
248 2717 468 2752 deprehenditur,
484 2721 511 2743 et
529 2716 605 2744 facile
618 2715 722 2743 difﬂuit.
738 2715 846 2743 Veritas
857 2720 947 2743 contra

159 2764 228 2791 nuda
246 2768 349 2798 prostat
370 2763 503 2795 omnibus,
526 2763 569 2797 qui
593 2763 685 2790 volunt
703 2762 760 2796 ejus
775 2761 948 2797 pulchritudi-

159 2819 217 2838 nem
234 2811 348 2842 intuet‘i;
363 2818 416 2837 non
437 2810 493 2837 vult
516 2810 608 2841 latere,
635 2817 686 2836 non
701 2808 846 2843 periculum
861 2808 948 2840 timet,

160 2865 210 2885 non
226 2857 348 2888 insidias,
363 2864 415 2884 non
437 2856 549 2892 gloriam
571 2855 746 2883 multitudinis
766 2854 859 2888 ambit,
884 2852 950 2882 nulli

1006 2438 1180 2466 humanarum
1199 2445 1287 2466 rerum
1306 2438 1444 2473 subiacet;
1457 2438 1504 2465 sed
1520 2438 1644 2466 omnibus
1661 2439 1793 2473 superior,

1003 2485 1099 2512 multas
1112 2485 1211 2519 excipit
1230 2484 1347 2518 insidias,
1364 2490 1453 2512 manet
1469 2489 1557 2512 autem
1572 2485 1679 2517 invicta,
1694 2493 1794 2519 eosque

1003 2532 1047 2565 qui
1061 2530 1092 2557 ad
1108 2538 1136 2558 se
1148 2530 1312 2565 confugiunt,
1334 2531 1407 2566 quasi
1427 2530 1560 2558 tutissimo
1582 2538 1659 2557 muro
1677 2530 1795 2556 munitos

1003 2580 1102 2609 servat,
1119 2576 1199 2610 idque
1213 2584 1245 2603 ex
1268 2576 1393 2611 potentiae
1416 2583 1471 2603 sua:
1484 2575 1664 2609 magnitudine
1676 2583 1683 2608 ;
1697 2580 1724 2603 et
1744 2583 1792 2601 oc-

1004 2623 1090 2650 cultos
1104 2623 1216 2650 insultus
1230 2624 1334 2655 evertit,
1349 2630 1396 2650 sua
1408 2630 1471 2649 vero
1486 2622 1573 2656 palam
1588 2622 1711 2648 omnibus
1730 2625 1792 2655 νιόι

1004 2669 1081 2704 ponit
1093 2678 1099 2696 :
1114 2668 1184 2703 quod
1196 2674 1223 2696 et
1235 2669 1357 2696 Christus
1366 2668 1452 2695 Pilato
1463 2668 1504 2695 his
1516 2667 1605 2694 verbis
1615 2666 1773 2701 significavit
1785 2675 1793 2694 ι

1006 2716 1061 2751 Ego
1076 2715 1160 2748 palam
1175 2715 1291 2749 loquutus
1303 2722 1359 2741 sum
1371 2713 1474 2744 mundo,
1491 2717 1514 2739 et
1528 2713 1554 2739 in
1568 2712 1664 2739 occulto
1677 2713 1793 2746 loquutus

1005 2769 1061 2788 sum
1075 2761 1139 2788 nihil
1154 2761 1242 2796 (Ioan.
1262 2761 1305 2788 18.
1321 2760 1377 2795 20).
1393 2760 1468 2793 Quod
1488 2765 1549 2786 tunc
1562 2759 1628 2785 dixit
1639 2758 1725 2788 .lesus.
1743 2757 1794 2785 hoc

1007 2816 1077 2834 nunc
1093 2807 1164 2835 fecit.
1188 2806 1249 2833 Post
1264 2807 1327 2839 Ita'c,
1345 2806 1438 2841 inquit,
1456 2806 1519 2835 venit
1534 2806 1558 2832 in
1572 2805 1690 2832 Judtcam
1701 2810 1793 2831 tm'ram

1006 2854 1059 2888 ipse
1073 2859 1094 2880 et
1109 2853 1224 2889 discipuli
1239 2854 1302 2888 ejus,
1320 2857 1341 2880 et
1356 2852 1408 2879 illic
1417 2851 1602 2887 demorabatur,
1612 2856 1634 2879 et
1643 2849 1794 2882 baptizabtt.
