2041 3113
238 144 288 173 ΗΠ

238 201 265 228 lu
279 200 490 229 salemuitatibds
505 199 530 226 iu
550 199 682 226 civitatem
702 198 873 231 ascendebat,
888 203 915 226 ut
929 198 954 226 in
970 206 1025 225 tuc-

237 247 282 273 dio
302 247 448 274 doctrinam
469 245 520 272 illis
542 250 714 278 proponeret,
738 249 819 280 utque
840 253 872 272 ex
893 245 1027 272 miraculis

240 293 378 318 utilitatem
403 294 539 324 caperent.
561 289 677 317 Peractis
690 294 778 317 autent
791 290 884 316 diebus
903 289 986 321 festis,
1000 289 1027 315 in

237 337 380 364 Jurdancm
400 343 471 369 sa‘pe
490 335 628 369 veniebat,
649 337 710 371 quia
728 335 773 363 illo
793 335 868 362 multi
884 343 1029 362 concurre-

239 383 311 410 bant.
326 382 369 409 Illa
383 382 454 408 enim
469 384 528 417 qua:
543 382 626 417 magis
638 382 873 415 frequentabantur
885 382 942 409 loca
958 389 1029 408 scm-

239 435 285 461 per
299 426 422 460 petebat;
446 434 498 453 non
513 427 698 454 ostentationis
716 435 794 454 causa
809 427 849 454 vel
865 426 1027 458 ambitionis,

238 472 284 500 sed
301 475 329 498 ut
343 471 462 506 pluribus
478 472 624 506 prodesset.
639 472 716 507 Atqui
733 472 782 499 sul)
796 472 852 498 iure
869 472 933 499 dicit
948 480 1029 499 cvan-

237 518 341 552 gelista,
359 525 410 544 non
423 517 512 544 Je-um
530 519 549 550 ι,
565 518 610 545 sed
624 518 768 552 discipulos
789 517 848 552 ejus
862 518 1027 552 baptizasse;

239 564 309 590 unde
325 563 410 598 palam
426 569 467 590 est
490 563 541 591 hoc
554 563 633 590 etiam
651 564 675 590 in
692 563 751 591 loco
767 564 801 590 ita
819 563 939 598 intelligi,
959 564 1030 597 ipsos

239 617 336 644 nempe
349 610 421 637 Solos
434 609 618 644 baptizavisse.
636 610 668 636 Et
681 618 739 642 cur,
755 610 867 644 inquies,
881 617 932 636 non
947 609 1031 644 bapti-

240 656 335 683 zabat?
347 655 405 683 .lam
419 655 491 690 prius
502 655 608 683 dixerat
623 656 737 683 lenones
750 666 757 682 :
769 655 828 690 Ipse
841 662 883 682 eos
894 655 1031 691 baptizabit

239 704 264 729 iu
279 702 378 738 Spiritu
393 707 478 729 sancto
489 707 512 728 et
527 702 588 737 igni.
601 702 728 737 Spiritum
743 710 805 728 vero
817 701 933 728 nondum
949 701 1031 728 dede-

242 754 290 775 rat.
305 748 369 776 Jure
383 756 447 784 ergo
463 756 514 775 non
529 748 695 782 baptilabat;
718 747 764 775 sed
780 747 901 782 discipuli
918 751 1030 780 tantum,

241 793 311 828 quod
327 793 426 821 vI-llent
439 793 567 828 plurimos
579 792 610 820 ad
626 793 769 820 salutarem
787 793 936 820 doctrinam
951 797 1032 819 attra-

243 839 315 866 Lere.
331 838 364 866 Et
375 846 467 874 quare,
479 838 616 872 discipulis
625 838 688 865 Jesu
699 838 903 873 baplitantibus,
915 837 1032 865 Joannes

242 884 376 919 baptizare
390 891 442 911 non
454 884 565 916 destitit,
577 883 662 911 donec
677 884 702 911 in
715 891 850 912 carcerem
863 879 1036 911 traderetur?

244 929 308 956 Nam
323 937 383 956 cum
398 929 505 961 dicitur,
528 928 590 955 Erat
609 928 721 956 Joannes
743 929 872 963 baptizari:
888 929 914 955 in
927 927 1033 960 .Enon;

242 975 428 1010 adjiciturque,
447 974 496 1001 25:
514 973 634 1001 Nondum
653 975 744 1001 missus
760 977 841 1009 fuerat
856 975 881 1001 in
896 982 1031 1005 carcerem,

241 1019 372 1054 signiﬁcat
398 1020 487 1054 utique
514 1019 586 1046 illum
610 1027 662 1046 non
686 1019 813 1046 hactenus
833 1018 977 1046 destitisse.
1001 1018 1034 1044 Et

241 1073 288 1092 cur
300 1065 333 1092 ad
348 1065 410 1092 illud
428 1073 509 1097 usque
525 1069 629 1099 tempus
642 1065 805 1099 baptizavit?
819 1072 878 1091 nam
896 1064 1031 1098 digniores

241 1111 303 1138 Jesu
317 1111 461 1145 discipulos
472 1110 645 1143 declarasset,
660 1111 682 1136 si
699 1111 748 1137 illis
765 1110 960 1144 incipientibus,
976 1110 1032 1144 ipse

242 1157 397 1184 destitisset.
418 1156 472 1184 Cur
489 1164 552 1192 ergo
568 1156 736 1191 baptizabat?
757 1156 795 1184 l\'e
814 1156 960 1190 discipulus
970 1162 1033 1182 SIIUS

242 1204 268 1230 in
283 1203 410 1237 majorem
421 1202 544 1229 invidiam
555 1207 581 1229 et
591 1201 789 1229 contentionem
801 1201 954 1236 conjiceret.
967 1200 1032 1227 Nam

242 1249 264 1276 si
288 1256 359 1283 saepe
381 1248 530 1280 clamando,
558 1248 708 1282 pritnasque
723 1247 828 1274 Christo
849 1246 1030 1278 concedendo,

243 1301 355 1329 seseque
370 1294 498 1320 minorem
521 1293 689 1328 pra-dicendo
711 1301 763 1319 non
789 1292 919 1327 persuasit
941 1291 992 1318 illis
1006 1295 1033 1317 ut

244 1339 277 1366 ad
292 1347 352 1366 eun:
368 1338 525 1366 accederent
541 1347 547 1364 ε
564 1339 586 1365 si
609 1339 658 1365 hoc
682 1338 763 1366 etiam
783 1337 934 1372 adiecisset,
956 1337 1033 1372 longe

243 1384 463 1412 contentiosiores
487 1384 547 1411 iilos
567 1384 736 1411 reddidisset.
753 1383 815 1410 ideo
828 1382 951 1410 Christus
971 1388 1034 1410 tunc

244 1430 358 1457 maxime
371 1429 514 1463 praedicare
527 1429 618 1463 cmpit,
631 1435 691 1456 cum
711 1428 744 1456 de
758 1429 846 1456 tnedio
860 1429 978 1456 sublatus
993 1433 1034 1456 est

243 1475 369 1503 Joannes.
385 1475 451 1502 Puto
461 1479 550 1502 autem
565 1475 624 1502 ideo
639 1475 717 1502 citius
727 1474 855 1502 Joannem
871 1479 956 1502 uiuite
969 1474 1033 1502 sub-

244 1521 324 1548 latum
346 1521 434 1553 fuisse,
459 1526 487 1548 ut
502 1521 582 1548 totius
606 1521 782 1548 multitudinis
803 1521 883 1547 anhni
906 1521 939 1548 ad
957 1519 1034 1548 Chri-

243 1571 312 1593 stum
333 1571 555 1594 converterentur
569 1587 576 1599 ,
603 1574 689 1601 neque
712 1567 824 1601 amplius
847 1567 917 1593 circa
940 1566 1033 1593 ambos

244 1613 437 1640 scindereutur.
455 1613 585 1640 l’rteterea
601 1612 664 1639 dum
680 1612 829 1647 baptizabat
840 1612 967 1644 Joannes,
982 1618 1033 1639 non

245 1659 323 1684 linem
336 1658 448 1684 faciebat
461 1657 586 1685 monendi
602 1662 629 1685 et
651 1666 745 1693 magna
758 1658 791 1685 de
806 1658 868 1686 Jesn
886 1658 1033 1692 praedicam

243 1702 268 1728 tli
296 1702 449 1735 Baptilabat
463 1710 527 1730 vero
541 1708 641 1730 tantum
660 1704 685 1730 iu
699 1711 759 1730 eum
775 1704 818 1738 qui
839 1708 898 1738 post
919 1712 948 1731 sc
970 1712 1033 1730 ven-

245 1752 319 1774 turus
330 1752 400 1780 erat,
415 1752 443 1774 tat
456 1748 481 1774 in
496 1755 556 1774 eum
578 1748 727 1775 crederent.
741 1749 790 1782 Qui
806 1749 884 1783 igitur
898 1749 948 1776 hoc
963 1757 1033 1783 pra:-

243 1792 358 1825 dicahat,
380 1793 514 1828 quomodo
532 1793 722 1827 discipulorum
739 1794 836 1822 Christi
853 1795 1032 1829 prmstantiam

244 1838 463 1871 demonstrasset,
486 1839 508 1866 si
528 1847 542 1866 a
566 1840 723 1875 baptismate
741 1840 905 1868 destitisset?
930 1841 995 1868 Nam
1018 1848 1033 1868 e

243 1884 378 1910 contrario
391 1884 476 1911 visum
490 1884 592 1918 fuisset,
608 1885 693 1920 ipsum
707 1893 739 1914 ex
753 1886 849 1913 invidia
863 1886 902 1913 vel
925 1887 961 1913 ira
976 1894 1033 1914 ces-

244 1937 304 1956 sare
321 1938 328 1957 :
351 1930 517 1964 persistcudo
537 1936 636 1964 autem,
659 1931 716 1959 lnec
738 1932 851 1959 firmiora
871 1933 1032 1960 declarabat.

245 1975 301 2002 Non
317 1976 387 2003 enim
400 1976 450 2003 sibi
466 1975 576 2010 gloriam
594 1978 775 2013 comparabat,
789 1979 836 2006 sed
852 1979 986 2006 auditores
999 1979 1032 2006 ad

243 2021 376 2049 Christum
391 2023 521 2056 mittebat,
535 2031 584 2051 nec
600 2025 686 2051 minus
699 2033 779 2060 quam
792 2025 914 2060 discipuli
929 2025 961 2052 ad
973 2033 1031 2053 eam

245 2075 300 2095 rem
315 2069 473 2103 praestabat;
490 2069 542 2096 itno
558 2070 615 2104 plus
631 2078 709 2104 quam
726 2070 773 2097 illi.
789 2070 856 2098 Nam
870 2075 970 2106 quanto
985 2071 1035 2098 tui-

245 2122 294 2140 nus
304 2119 456 2148 suspectum
474 2121 532 2142 erat
551 2115 610 2150 ejus
629 2117 821 2148 testimonium,
838 2121 912 2144 tumo
932 2117 1034 2152 majore

243 2166 322 2192 quam
338 2159 386 2193 ipsi
401 2159 470 2186 fama
485 2161 588 2188 valebat
603 2161 671 2195 apud
684 2169 788 2188 omnes.
802 2162 857 2189 lloc
872 2163 1032 2198 evangelista

243 2203 414 2230 subindicans
429 2204 534 2232 dicebat.
550 2213 556 2231 :
574 2205 683 2232 Ezibant
704 2211 727 2232 et
749 2207 940 2240 baptizabantur
960 2207 991 2233 ab
1004 2213 1033 2234 ea

243 2249 324 2274 enini;
343 2248 435 2275 Judtca
452 2254 475 2276 et
492 2250 561 2285 regio
581 2250 648 2277 circa
671 2250 811 2278 Jordanem
825 2251 930 2286 (Matth.
951 2253 978 2279 5.
992 2253 1032 2286 5).

245 2294 384 2328 liiscipulis
398 2295 602 2329 baptizantibus,
626 2304 678 2323 non
693 2297 833 2324 cessabant
852 2298 926 2325 tnulti
939 2298 971 2324 ad
985 2298 1033 2325 Jo-

244 2347 340 2365 annum
356 2347 504 2367 accurerre.
514 2340 590 2374 Quod
601 2341 623 2368 si
633 2341 691 2375 quis
705 2347 886 2376 percontetur,
901 2343 962 2378 quid
973 2344 1033 2378 plus

245 2385 365 2412 habuerit
381 2385 584 2420 discipulorum,
600 2395 678 2422 quam
701 2388 813 2416 Joannis
828 2389 956 2423 baptisma
968 2390 979 2417 ’ἰ
989 2390 1031 2417 di-

242 2438 344 2462 cemus,
359 2431 435 2458 uiltil.
448 2431 513 2459 Nam
529 2437 670 2468 utrumque
684 2433 813 2468 baptisma
822 2434 936 2468 Spit‘iltts
947 2436 1030 2470 gratia

245 2483 356 2503 vacuum
371 2481 436 2510 erat,
452 2483 478 2504 et
492 2486 542 2504 una
558 2478 694 2514 utriusque
709 2479 857 2514 baptizandi
872 2489 949 2507 causa
963 2487 1030 2515 erat,

244 2526 272 2548 ut
284 2523 429 2557 baptizatos
441 2523 474 2550 ad
489 2523 622 2551 Christum
639 2526 830 2559 pertraherent.
846 2527 883 2553 Ne
898 2528 968 2555 enim
980 2529 1032 2556 cir-

243 2574 444 2596 cumcursantes
459 2570 614 2605 colligerent
629 2579 676 2599 eos
697 2573 741 2607 qui
756 2573 879 2600 credituri
896 2579 982 2608 erant,
1003 2581 1033 2603 ut

243 2615 378 2642 Simonem
393 2616 484 2649 frater,
498 2617 686 2646 Nathanaclem
703 2619 838 2654 Philippus
852 2621 1029 2655 adduxerunt,

244 2660 377 2694 baptizare
401 2662 608 2696 constituerunt,
640 2669 666 2690 ιιι
694 2672 740 2699 per
759 2665 916 2700 baptismum
938 2673 1030 2695 ontucs

274 2737 327 2774 '“ln
340 2735 425 2774 libello
435 2741 595 2774 olimstionum
609 2743 631 2766 in
644 2746 768 2772 Joannem,
782 2743 858 2774 inquit
879 2745 987 2773 saviltus.
999 2746 1030 2770 ita

242 2767 332 2805 igitur
344 2768 382 2805 hic
395 2769 461 2803 locus
473 2770 583 2805 pluribus
594 2773 676 2805 verbis
689 2780 694 2797 :
710 2767 1029 2805 quam;tutamini/EE

241 2798 306 2822 ditat
316 2797 444 2834 ti6(_'/lt‘i§l0
458 2819 464 2830 ,
474 2797 541 2834 quod
550 2802 681 2834 baptizare!
691 2821 697 2832 ,
711 2797 753 2828 Iioc
766 2797 1028 2833 ιίίἐῖιίιιοιῖξῆιῖὶῖξιιξιῆ

238 2834 283 2865 per
306 2835 330 2853 se
352 2829 474 2860 baptizare
484 2829 642 2865 "signi/titius.
657 2829 698 2859 arti
711 2829 941 2865 ntaqistt’o'trt'bttcns
955 2829 1028 2862 ἑιίιτίἐ

238 2868 254 2890 p
267 2859 350 2884 iurum
361 2859 454 2888 nimius.
468 2859 669 2890 titaiint'sub!tu'c
682 2864 738 2890 :.’ttt't
750 2859 796 2891 iam
809 2869 888 2891 Jcsmn
919 2859 966 2892 cici.

640 141 669 169 s.
683 138 820 170 JOANNIS
838 132 1074 170 cunvsdsiotn
1095 134 1251 168 .tn‘ctner.
1272 124 1535 168 cousmuttaor.

1823 134 1879 168 {68"

1084 197 1140 224 sine
1147 197 1239 224 labere
1249 197 1442 231 pertraherent,
1453 203 1479 225 et
1488 199 1580 225 futurm
1587 194 1728 225 iidei'viam
1737 200 1871 233 pararent.

1079 242 1155 276 Quod
1170 247 1257 270 autem
1274 243 1330 270 lucc
1345 243 1500 278 bapti~mata
1516 244 1629 271 alterum
1642 245 1726 272 altero
1737 243 1802 271 nihil
1814 244 1873 278 plus

1083 288 1209 315 haberent
1222 289 1359 323 sequentia
1376 289 1503 316 indicant.
1517 289 1645 323 Qumuam
1656 289 1720 316 illa?
1732 289 1777 317 '25.
1793 288 1873 316 Facta

1081 340 1127 366 est,
1145 333 1237 368 inquit,
1259 335 1364 366 quaestio
1387 343 1418 362 ex
1437 335 1568 370 discipulis
1581 334 1690 362 Joannis
1709 343 1766 362 cum
1778 334 1880 362 Juda'o‘

1082 380 1113 406 de
1136 380 1321 414 puriﬁration'e.
1343 379 1495 408 Invide-bant
1516 381 1613 416 quippe
1632 389 1738 415 semper
1751 380 1873 415 discipuli

1081 425 1191 453 Joannis
1210 426 1308 454 Christi
1326 427 1472 462 discipulis,
1486 427 1540 454 imo
1555 428 1602 462 ipsi
1617 427 1743 460 Christo;
1767 432 1795 454 ct
1813 435 1874 454 cum

1084 471 1203 498 \idrrent
1228 472 1287 499 illus
1303 473 1447 506 baptizare,
1464 480 1511 500 eos
1526 473 1570 508 qui
1591 473 1792 507 baptizabantur
1806 473 1874 500 allo-

1083 516 1127 551 qui
1143 522 1291 551 cmpcrunt,
1305 518 1379 552 quasi
1395 517 1524 551 baptisma
1548 526 1623 545 suum
1637 517 1699 552 quid
1713 518 1772 552 plus
1791 518 1874 544 liabe-

1085 567 1135 595 ret,
1152 571 1230 597 qttam
1254 564 1383 599 baptisma
1407 563 1598 599 discipulorum)
1616 564 1713 592 Christi
1727 574 1734 592 :
1750 569 1828 599 atque
1841 566 1875 592 ei

1084 607 1223 642 baptizatis
1248 609 1364 644 aliquem
1384 609 1480 642 adorti,
1498 609 1523 636 id
1548 610 1585 636 illi
1607 609 1766 644 persuadere
1787 611 1874 636 conati

1084 658 1156 686 sunt,
1171 661 1219 680 nec
1230 658 1382 688 potuerunt.
1396 654 1472 687 Quod
1491 659 1579 682 autem
1599 655 1647 687 illi,
1661 663 1713 682 non
1727 659 1814 682 autent
1826 654 1873 682 Ju-

1085 697 1159 726 dteus
1182 699 1235 731 ille,
1257 699 1431 734 qut-stionem
1455 704 1603 733 moverint,
1624 700 1684 727 audi
1699 700 1835 735 quomodo
1850 701 1882 727 id

1085 745 1245 780 evangelista
1258 746 1416 774 subiudieet.
1433 747 1490 773 Non
1507 747 1577 774 enim
1593 746 1668 780 dixit,
1683 747 1804 774 Judarum
1824 747 1874 773 ali-

1085 799 1164 825 quem
1178 791 1212 817 ab
1227 791 1279 819 illis
1301 792 1466 826 qutcsivisse,
1481 792 1528 819 sed
1553 800 1585 820 ex
1605 793 1716 820 Joannis
1738 793 1877 827 discipuli»;

1085 836 1258 870 qumstionem
1270 842 1367 864 motum
1383 837 1464 865 fuisse
1477 844 1537 865 cum
1553 837 1645 865 Juda-o
1654 838 1767 873 quodam
1782 838 1814 865 de
1827 846 1875 872 pu-

1086 881 1242 908 riiiczuione.

1120 926 1148 953 ‘2.
1169 926 1328 955 Consideres
1345 932 1432 955 autem
1449 929 1527 956 velim
1544 929 1714 963 evangelista:
1729 929 1872 956 lcuilalettt.

1087 971 1142 999 Non
1156 973 1227 999 enim
1249 973 1274 1000 iu
1289 973 1431 1001 adversum
1453 974 1604 1007 invehitur,
1621 974 1666 1001 sed
1691 983 1738 1009 pro
1754 974 1875 1001 facultate

1086 1020 1189 1053 culpam
1211 1020 1322 1053 minuit,
1345 1021 1574 1056 qumstiouemqnc
1595 1022 1674 1048 fuisse
1695 1022 1880 1048 tantummodo

1085 1065 1159 1092 dicit.
1174 1065 1239 1093 Nam
1254 1066 1322 1101 qttod
1336 1075 1367 1094 ex
1383 1067 1482 1094 invidia
1498 1067 1533 1094 illi
1549 1068 1649 1103 loqttuti
1663 1068 1725 1101 sitit,
1739 1070 1874 1103 sequentia

1087 1112 1212 1144 indicant,
1225 1121 1284 1147 qua:
1296 1114 1375 1140 etiam
1390 1114 1434 1141 ille
1447 1114 1582 1141 moderato
1597 1116 1710 1142 narravit
1723 1124 1730 1146 ;
1747 1123 1806 1142 natn
1820 1116 1854 1142 ait
1867 1125 1874 1143 ί

1086 1157 1129 1184 26
1149 1157 1273 1185 Venerunt
1283 1158 1317 1184 ad
1327 1158 1451 1186 Joannem
1462 1164 1484 1186 et
1495 1160 1609 1186 dixerunt
1620 1161 1660 1186 ei:
1673 1160 1761 1190 Πιιιιὺί,
1772 1163 1815 1196 qui
1825 1164 1877 1188 erat

1087 1207 1166 1228 (ecum
1180 1208 1250 1229 trans
1261 1202 1418 1236 Iordanem,
1433 1205 1474 1230 cui
1488 1210 1513 1230 lu
1529 1206 1695 1232 testimonium
1710 1206 1856 1240 perhibuiin
1867 1227 1874 1238 ,

1087 1257 1142 1275 cere
1163 1249 1203 1275 hic
1220 1249 1346 1284 baptizat,
1363 1255 1386 1276 ct
1409 1259 1495 1277 omnes
1515 1251 1614 1277 veniunt
1634 1251 1668 1277 at!
1688 1260 1762 1282 cum;
1778 1253 1802 1278 id
1817 1257 1874 1283 cst,

1086 1295 1170 1328 Quem
1193 1300 1219 1322 tu
1242 1295 1396 1330 baptizasli;
1413 1304 1472 1323 nam
1494 1296 1577 1329 illud,
1599 1297 1645 1324 Cui
1665 1302 1691 1323 tu
1710 1298 1876 1324 testimonium

1087 1340 1243 1374 pcrhibuisli,
1259 1341 1309 1368 hoc
1325 1341 1422 1368 indicat
1433 1362 1440 1374 ,
1458 1351 1488 1369 ac
1502 1343 1523 1368 si
1537 1342 1571 1369 ιΙὶι
1581 1347 1666 1374 erent,
1680 1344 1763 1376 Quem
1777 1344 1880 1370 clarum‘

1086 1392 1112 1414 ct
1122 1388 1293 1422 conspicuum
1305 1388 1427 1422 effecisti,
1439 1389 1496 1417 lta-c
1507 1398 1565 1424 qua:
1579 1395 1605 1416 ιιι
1620 1390 1684 1417 faris
1694 1391 1773 1418 audet
1785 1399 1876 1426 aggre-

1087 1433 1123 1459 di.
1146 1432 1202 1460 Non
1224 1433 1364 1467 dixerunt,
1381 1434 1465 1468 Quem
1487 1440 1512 1461 tu
1536 1436 1674 1470 baptizasti
1691 1445 1697 1462 :
1712 1444 1772 1463 nam
1792 1437 1875 1464 coacti

1087 1478 1197 1506 fuissent
1205 1486 1296 1506 vocent
1310 1480 1380 1506 illam
1391 1488 1533 1515 supernam
1543 1489 1764 1515 commemorare,
1774 1491 1875 1510 ttecuou

1087 1524 1200 1559 Spiritus
1214 1525 1298 1552 sancti
1312 1525 1469 1553 descensum
1483 1535 1489 1553 ε
1501 1527 1547 1554 sed
1562 1527 1624 1562 qttid
1640 1528 1748 1555 dicunt?
1764 1528 1812 1561 Qui
1824 1534 1878 1555 erat

1087 1574 1166 1596 trram
1180 1575 1249 1596 trans
1263 1570 1401 1598 Iordanem
1411 1592 1418 1604 ,
1432 1572 1472 1598 cui
1487 1577 1512 1598 tu
1529 1573 1696 1600 testimonium
1711 1574 1856 1608 perhibuiin
1868 1581 1877 1599 :

1087 1615 1112 1641 id
1128 1620 1178 1647 est,
1193 1616 1242 1649 Qui
1255 1617 1280 1643 in
1294 1616 1482 1652 discipulorum
1496 1618 1589 1645 ordine
1602 1624 1668 1651 erat,
1681 1619 1724 1653 qui
1738 1619 1802 1646 nihil
1819 1620 1877 1654 plus

1088 1661 1201 1688 habebat
1214 1671 1293 1697 quam
1309 1670 1374 1695 nos,
1394 1663 1415 1690 is
1430 1671 1460 1690 se
1474 1663 1522 1690 abs
1537 1669 1562 1690 te
1576 1672 1717 1700 segregans
1727 1685 1734 1697 ,
1752 1664 1875 1700 baptizat.

1087 1707 1144 1734 Non
1160 1707 1210 1735 hoc
1224 1714 1312 1735 autent
1326 1710 1411 1735 solntn
1427 1710 1506 1736 modo
1520 1710 1645 1744 putabant
1659 1718 1688 1737 se
1702 1711 1776 1737 illuttt
1790 1712 1878 1738 conci—

1088 1759 1144 1780 tare
1156 1758 1242 1789 perse,
1253 1754 1300 1781 sed
1311 1755 1380 1789 quod
1391 1755 1470 1782 etian'i
1480 1762 1525 1782 sua
1533 1756 1587 1789 jam
1599 1755 1686 1782 minus
1696 1756 1766 1782 clara
1776 1761 1802 1783 et
1811 1763 1872 1783 con-

1088 1800 1178 1833 spicua
1194 1800 1281 1827 forent
1295 1809 1301 1826 :
1318 1800 1412 1828 Omne:
1425 1801 1490 1828 enim
1502 1802 1601 1827 vmiuut
1617 1801 1650 1827 ad
1664 1810 1730 1834 eum,
1746 1802 1875 1837 inquiunt.

1089 1844 1164 1872 Unde
1179 1845 1262 1879 palam
1279 1850 1317 1873 est
1334 1853 1380 1873 eos
1396 1854 1445 1873 nec
1459 1846 1589 1878 Juda-um,
1606 1847 1712 1881 quieutn
1727 1847 1878 1882 disputave-

1088 1897 1147 1918 raut
1159 1912 1166 1922 ,
1183 1892 1215 1918 ad
1230 1900 1304 1918 suam
1320 1893 1478 1920 sententiam
1497 1892 1649 1920 adduxisse.
1666 1893 1727 1920 lltee
1743 1902 1822 1928 porro
1834 1894 1876 1920 di-

1086 1937 1199 1971 cebant,
1213 1938 1282 1972 qttod
1296 1938 1382 1966 adlntc
1397 1938 1616 1973 imperfectiores,
1633 1947 1681 1967 nec
1696 1948 1805 1975 prorsus
1819 1948 1876 1968 am~

1088 1983 1187 2010 bitione
1210 1985 1282 2011 vacui
1304 1988 1402 2011 essent.
1426 1984 1494 2018 Quid
1514 1993 1577 2020 ergo
1593 1985 1727 2012 Joannes?
1747 1985 1801 2013 Nec
1821 1987 1876 2022 ipse

1088 2031 1148 2058 illos
1161 2030 1334 2058 vehementer
1348 2031 1444 2066 arguit,
1459 2040 1492 2058 ne
1505 2039 1534 2059 se
1551 2032 1643 2059 relicto
1657 2032 1728 2059 aliud
1742 2033 1876 2067 quidpiam

1087 2076 1149 2102 mali
1164 2076 1386 2111 aggrederentur;
1404 2076 1450 2103 sed
1465 2077 1526 2111 quid
1542 2077 1627 2104 dicit?
1641 2077 1684 2104 27.
1704 2077 1785 2104 [Vento
1799 2082 1876 2112 potest

1086 2123 1200 2157 accipere
1217 2123 1364 2158 quidquam,
1381 2123 1429 2149 nisi
1444 2123 1519 2156 fuerit
1533 2124 1555 2150 ei
1569 2125 1654 2150 datum
1669 2124 1699 2151 de
1713 2124 1786 2151 ιιι-[ο.
1801 2125 1875 2157 Quod

1087 2169 1108 2195 si
1124 2169 1249 2195 humilius
1262 2169 1384 2204 loquatur
1396 2169 1430 2197 de
1443 2169 1564 2202 Christo,
1580 2177 1613 2197 ne
1626 2170 1746 2202 mireris;
1762 2177 1813 2197 non
1829 2179 1876 2205 po-

1088 2219 1157 2241 terat
1179 2215 1222 2241 Iali
1237 2214 1332 2242 aﬂ'cctu
1348 2220 1548 2250 praeoccupatos
1563 2216 1651 2242 statim
1667 2216 1754 2242 omnia
1770 2215 1875 2244 docere.

1086 2259 1137 2286 Sed
1156 2259 1212 2286 vult
1229 2260 1334 2287 interim
1356 2260 1416 2287 illos
1436 2265 1558 2295 terrere,
1580 2262 1696 2296 ipsisque
1715 2262 1857 2289 ostendere
1869 2284 1875 2294 ,

1088 2303 1160 2338 ipsos
1176 2311 1227 2330 non
1249 2304 1294 2331 alii
1313 2313 1392 2340 quam
1414 2305 1469 2333 Deo
1492 2306 1540 2341 ipsi
1558 2306 1703 2338 adversari,
1722 2307 1784 2333 dum
1805 2307 1876 2334 illum

1087 2349 1287 2384 impugnarent;
1310 2351 1380 2386 quod
1405 2351 1490 2386 ipsum
1513 2352 1618 2379 dicebat
1640 2353 1768 2380 Gamalicl
1790 2362 1796 2379 :
1819 2353 1878 2380 Non

1087 2396 1199 2430 poteritis
1219 2396 1353 2423 dissolvere
1373 2397 1438 2423 illud
1450 2418 1457 2431 ,
1473 2398 1606 2433 nequando
1625 2404 1648 2425 et
1666 2398 1719 2425 Deo
1737 2407 1878 2434 repugnare

1087 2442 1248 2476 reperiamini
1260 2443 1266 2457 '
1282 2443 1350 2476 (Act.
1366 2443 1392 2470 5.
1408 2443 1463 2478 59).
1482 2443 1535 2470 lluc
1548 2449 1575 2471 et
1587 2444 1643 2478 ipse
1656 2445 1819 2472 subobscure
1831 2445 1877 2471 ad-

1085 2488 1172 2514 struit.
1193 2487 1259 2515 Cum
1281 2489 1351 2515 enim
1371 2488 1453 2521 dicit,
1476 2489 1558 2515 Nemo
1578 2494 1657 2524 potest
1676 2490 1808 2524 accipere,
1830 2490 1877 2516 ttiai

1085 2533 1159 2568 fuerit
1178 2535 1200 2561 ei
1224 2535 1311 2561 datum
1330 2534 1362 2562 de
1375 2535 1455 2567 cwlo;
1470 2535 1535 2562 nillil
1546 2536 1616 2563 aliud
1632 2536 1762 2572 significat
1775 2557 1782 2569 ,
1797 2543 1875 2570 qttattt
1888 2538 1889 2542 ‘

1086 2560 1090 2568 .
1251 2560 1254 2561 ν
1272 2560 1276 2561 ν
1446 2560 1452 2567 .
1548 2560 1615 2563 mw
1632 2560 1762 2572 -.οη-η--
1775 2560 1782 2569 .
1799 2560 1875 2570 -νπ--η

1086 2579 1157 2613 ipsos
1177 2579 1348 2614 impossibilia
1364 2581 1471 2616 aggredi
1485 2602 1492 2613 ,
1509 2581 1623 2616 hincque
1639 2581 1694 2608 Deo
1707 2560 1892 2616 adversariusi

1085 2624 1259 2660 deprehendi.
1270 2626 1337 2659 Quid
1351 2627 1449 2661 igitur?
1465 2627 1588 2654 Theudas
1601 2635 1688 2655 nonne
1702 2636 1716 2654 a
1731 2628 1819 2662 seipse
1831 2636 1875 2654 ac-

1084 2671 1210 2704 ceperat?
1233 2672 1378 2706 deceperat
1399 2671 1524 2706 quidem,
1547 2673 1593 2699 sed
1618 2673 1706 2699 statim
1730 2677 1876 2707 prostratus

1085 2716 1162 2750 periit
1178 2725 1183 2742 :
1197 2724 1240 2744 res
1263 2722 1350 2744 autem
1373 2718 1470 2744 Christi
1492 2726 1543 2744 non
1567 2719 1614 2744 sic.
1642 2719 1707 2744 llinc
1731 2726 1777 2744 eos
1796 2718 1875 2744 etiam

1084 2762 1184 2788 sensim
1210 2762 1380 2795 consolatur,
1405 2763 1549 2790 ostendens
1572 2772 1623 2789 non
1649 2763 1804 2795 hominem,
1829 2763 1874 2789 sed

1085 2808 1166 2835 Deum
1187 2817 1246 2835 esse
1261 2809 1303 2843 qtti
1320 2809 1391 2844 ipsos
1406 2810 1487 2844 gloria
1507 2815 1655 2845 superaret.
1673 2810 1839 2843 Quapropter
1852 2808 1873 2836 ul

1887 2521 1891 2534 l

1118 2871 1124 2884 ¹
1144 2870 1214 2894 “0W1
1239 2871 1309 2902 ῖυὲίιν
1324 2880 1479 2905 rvpi/tamur,
1494 2881 1545 2905 pro,
1554 2880 1716 2905 t't‘l'tt'ttllitmt.
