2041 3113
179 161 231 190 169

185 214 330 252 splendida:
350 219 393 240 res
412 211 470 246 ejus
483 213 591 242 essent,
608 209 630 235 si
649 215 744 235 omnes
764 206 835 234 illum
850 204 972 235 adirent,

183 249 235 289 non
251 258 400 287 mirandum
416 264 493 287 esse;
510 253 661 289 hujusmodi
676 253 746 280 enim
761 255 823 279 sunt
841 257 884 277 res
907 249 976 276 divi-

183 314 241 338 nze;
259 311 284 333 et
301 305 384 332 Deum
403 309 462 329 esse
481 301 526 336 qui
547 300 621 327 istaec
641 301 801 333 appararet:
819 296 885 323 alias
903 293 974 322 enim

183 360 235 381 non
252 355 356 379 tantum
377 347 581 375 invaluissent‘.
599 345 718 372 Humana
730 344 827 379 quippe
842 341 918 369 facile
930 340 977 368 de.

185 397 436 433 prehenduntttrpet
447 393 517 420 ﬁuxa
529 395 602 424 sunt,
614 391 667 418 cito
678 390 800 417 diffluunt
809 393 835 415 et
847 391 975 422 pereunt;

182 432 240 472 huic
259 449 342 478 porro
361 448 412 468 non
432 440 512 471 item;
533 445 619 472 neque
633 437 712 471 igitur
726 436 841 462 hutnatm
856 437 928 460 sunt.
945 432 977 460 Ει

184 488 366 516 animadverte
380 484 514 520 quomodo
529 491 589 510 cmn
605 483 739 513 dicerent,
752 479 802 508 Cui
820 485 848 506 tu
867 479 978 505 testimo-

185 531 414 568 uiumperltibuisti
426 551 434 562 ,
448 533 624 565 putarentquc
639 527 702 554 illud
715 527 748 553 ad
763 525 897 553 Christum
912 524 979 558 deji-

185 579 308 607 ciendum
319 577 480 609 conducere,
489 575 539 602 hoc
550 575 636 609 ipsum
647 574 672 600 in
685 573 743 600 illos
752 576 900 599 convertat.
912 570 977 597 Nam

186 625 259 661 prius
272 632 332 652 cum
348 622 527 654 ostendisset,
543 628 596 649 non
611 628 643 647 ex
664 619 817 646 testimonio
836 625 884 644 suo
898 616 976 644 Chri-

186 675 257 698 stum
270 670 372 698 clarum
386 668 504 696 evasisse
515 687 522 699 ,
540 666 602 693 hinc
615 669 705 700 postea
721 664 792 699 ipsos
806 662 926 697 reprimit
939 661 980 688 di—

185 723 252 743 cens
265 725 271 742 :
283 715 344 742 Non
355 717 433 749 potest
447 713 520 739 homo
532 720 546 738 a
558 712 640 746 seipso
651 711 764 745 accipere
773 709 920 744 quidquam,
932 707 981 735 nisi

186 762 235 796 ipsi
255 762 342 788 datum
363 759 438 795 fuerit
459 759 490 785 de
511 757 581 785 certo.
607 755 674 789 Quid
695 756 745 782 hoc
765 755 825 781 est?
844 754 872 781 Si
893 759 980 780 meum

188 814 298 842 prorsus
315 805 494 834 testimonium
509 802 644 837 accipitis,
660 805 687 828 et
701 808 792 828 verum
807 800 922 835 putatis,
939 798 982 825 vel

184 861 222 881 es
245 861 278 880 eo
296 852 407 883 discite,
421 858 473 877 non
496 857 538 876 me
550 870 557 881 ,
575 848 622 876 sed
641 847 713 875 illum
732 846 860 881 potiorem
885 844 984 871 haben-

188 899 252 926 dum
265 905 334 926 esse.
349 896 417 932 Quid
432 896 502 923 enim
520 894 676 922 testiﬁcatus
690 891 768 919 sum?
782 891 836 918 Vos
848 897 931 918 evoco
946 890 982 916 rei

189 950 283 973 testes.
299 944 361 971 Ideo
374 943 447 970 addit
460 950 467 968 :
481 941 526 969 28.
543 940 598 975 Ipsi
612 947 654 966 vos
669 938 730 965 mihi
744 936 913 964 testimonium
928 943 984 970 per-

185 991 289 1022 hibetis,
301 989 368 1024 quod
378 987 497 1018 dixerim,
512 985 571 1013 Non
582 993 637 1012 sum
649 992 693 1019 ego
705 983 828 1014 Christus,
840 983 883 1009 sed
894 981 985 1008 missus

190 1044 246 1063 sum
258 1040 316 1062 ante
325 1034 409 1062 illum.
421 1033 448 1061 Si
460 1039 524 1067 ergo
535 1039 594 1058 meo
606 1031 738 1057 hazrentes
752 1027 914 1059 testimonio,
928 1026 985 1054 lucc

189 1083 256 1111 mihi
276 1081 389 1117 objicitis
407 1080 526 1107 dicentes
537 1099 544 1110 ,
560 1077 607 1104 Cui
628 1076 795 1103 testimonium
815 1073 986 1109 perhibuisti:

191 1137 244 1157 non
259 1128 338 1156 modo
351 1135 402 1154 non
416 1126 460 1153 ille
473 1124 628 1152 imminutus
639 1122 688 1149 fuit.
699 1129 732 1149 ex
745 1120 897 1148 testimonio
912 1126 982 1153 meo,

191 1174 240 1202 sed
260 1181 293 1202 ex
316 1173 360 1200 illo
380 1172 522 1208 plurimum
543 1173 653 1204 augetur
672 1177 677 1195 :
693 1167 808 1202 alioquin
829 1171 915 1193 autem
933 1174 985 1192 non

193 1227 295 1253 meum,
308 1218 356 1246 sed
373 1217 418 1245 Dei
431 1221 489 1245 crat
502 1214 693 1243 testimonium.
708 1212 886 1247 Quamobrem
900 1212 922 1238 si
937 1211 988 1238 ﬁde

197 1266 295 1301 dignus
309 1264 382 1292 vobis
397 1263 486 1291 videar
499 1269 561 1290 esse
573 1282 580 1295 ,
597 1262 648 1288 hoc
661 1260 740 1287 etiam
756 1259 825 1286 inter
838 1257 890 1285 alia
905 1257 987 1284 multa

193 1312 253 1340 dixi
265 1332 274 1345 ,
290 1319 333 1338 me
348 1311 458 1337 missum
479 1308 559 1335 fuisse
574 1311 635 1334 ante
651 1305 736 1334 illum.
749 1303 843 1332 Viden‘
856 1302 989 1338 quomodo

197 1357 327 1395 paulatim
351 1355 473 1384 ostendat
492 1361 584 1381 vocem
607 1352 678 1379 illam
699 1358 758 1378 esse
778 1349 914 1377 divinam?
934 1347 991 1375 Hoc

198 1394 271 1432 enim
292 1402 348 1430 vult
371 1401 519 1436 signiﬁcare
535 1408 541 1425 :
558 1398 676 1425 Minister
696 1403 775 1429 sum,
796 1399 822 1422 et
842 1402 873 1422 ea
897 1394 991 1428 loquor

201 1457 260 1485 qua:
272 1449 304 1476 ad
318 1448 465 1475 mittentem
479 1453 522 1473 me
534 1447 671 1479 spectant:
687 1449 740 1469 non
755 1441 898 1468 humanam
911 1446 991 1466 aucu-

200 1484 250 1530 por
270 1495 380 1531 gratiam
394 1514 401 1527 ,
417 1492 464 1520 sed
487 1490 573 1519 Patris
591 1489 649 1524 ejus
663 1487 708 1523 qui
726 1494 769 1514 me
784 1485 854 1513 misit
870 1484 992 1512 ministe-

202 1541 271 1569 rium
286 1540 408 1568 exhibeo.
423 1538 480 1566 Non
494 1544 557 1572 ergo
572 1535 604 1563 ad
616 1535 729 1570 gratiam
744 1532 900 1560 tcstilicatus
914 1538 990 1562 sum,

204 1587 251 1615 sed
267 1587 292 1614 id
308 1586 360 1614 dixi
374 1606 382 1619 ,
396 1583 466 1620 quod
482 1587 510 1611 ut
524 1582 640 1610 dicerem
654 1580 751 1607 niiSsus
766 1586 834 1606 sum.
852 1576 889 1605 Ne
905 1577 993 1612 itaque

201 1642 244 1662 me
257 1641 288 1661 ea
299 1634 332 1660 de
343 1639 422 1659 causa
434 1636 558 1664 magnum
570 1635 630 1655 esse
643 1625 742 1661 putetis
755 1633 761 1651 :
774 1624 825 1651 hoc
837 1623 908 1651 enim
923 1622 994 1650 illius

208 1678 326 1707 ostendit
337 1675 556 1711 magnitudinem.
573 1673 619 1702 ille
634 1678 748 1706 namque
762 1677 851 1698 rerum
868 1668 994 1696 Dominus

201 1729 262 1757 cst;
275 1724 300 1751 id
313 1723 383 1759 quod
398 1728 503 1749 rursum
515 1718 646 1754 signiﬁcat
661 1717 702 1744 his
717 1716 813 1744 additis
824 1714 912 1742 verbis
925 1722 932 1740 :
948 1713 993 1741 29.

206 1770 260 1802 Qui
272 1769 343 1796 habet
357 1775 484 1803 sponsam,
497 1773 604 1801 sponsus
618 1768 654 1790 est
665 1771 674 1790 .'
685 1763 780 1790 amicus
793 1766 877 1788 autem
889 1760 993 1796 sponsi,

203 1815 247 1850 qui
268 1819 315 1841 stat
336 1818 359 1841 et
381 1812 452 1840 audit
472 1819 527 1839 eum
541 1831 548 1843 ,
568 1809 660 1846 gaudio
679 1807 771 1843 gaudet
792 1811 895 1842 propter
912 1813 996 1832 vocem

208 1860 306 1896 sponsi.
322 1859 410 1893 Quare
422 1857 467 1892 qui
479 1857 527 1890 ait,
540 1855 600 1882 Non
615 1862 671 1882 sum
684 1854 786 1888 dignus,
798 1856 824 1878 ut
836 1851 931 1878 saluam
944 1851 997 1885 ejus

205 1895 341 1942 corrigiam
362 1902 539 1935 calceamenti,
558 1909 587 1929 se
608 1902 722 1927 amicum
743 1898 802 1933 ejus
823 1904 894 1924 nunc
915 1895 998 1923 dicit?

205 1941 319 1979 Nonrnt
340 1949 450 1977 extollat
476 1952 502 1975 et
531 1946 620 1974 laudet
642 1953 691 1977 se,
715 1943 772 1971 haec
793 1942 875 1975 dicit;
899 1941 945 1969 sed
971 1944 1000 1968 ut

207 1997 333 2024 ostendat
353 1995 379 2023 id
393 2003 422 2022 se
439 1994 557 2021 maxime
577 1999 689 2024 curare,
710 1997 798 2025 neque
816 1997 846 2017 se
863 1989 945 2016 invito
959 1988 999 2015 vel

209 2042 320 2070 nolente
332 2041 392 2068 ha-e
405 2039 463 2067 ﬁeri
476 2060 483 2072 ,
499 2039 545 2066 sed
560 2037 700 2066 admodum
714 2036 836 2070 cupiente
851 2038 878 2062 ct
892 2041 1000 2069 promo-

207 2092 297 2120 vente.
311 2093 338 2115 et
352 2087 402 2114 hac
414 2086 447 2113 de
461 2092 540 2112 causa
555 2091 584 2112 se
597 2083 684 2110 omnia
699 2081 809 2114 fecisse;
825 2079 896 2116 quod
908 2079 1001 2107 admo-

208 2135 271 2161 dum
288 2133 432 2168 prudenter
446 2130 524 2158 amici
545 2129 652 2158 nomine
669 2127 837 2163 signiﬁcavit.
855 2126 913 2154 Non
928 2125 1000 2153 enim

212 2181 250 2207 ita
266 2179 336 2207 servi
350 2177 451 2213 sponsi,
464 2181 493 2204 ut
507 2176 583 2203 amici
597 2174 720 2210 gaudent,
735 2177 814 2208 atque
828 2172 870 2199 his
883 2172 910 2200 in
922 2171 1001 2199 rebus

215 2225 348 2252 ltetantur.
364 2222 421 2251 Non
435 2229 498 2257 ergo
513 2229 542 2249 se
556 2220 658 2248 honore
673 2219 801 2254 aequalem
816 2217 898 2251 dicit,
913 2217 979 2244 absit
993 2226 1000 2250 ;

212 2270 260 2297 sed
277 2275 305 2296 ut
319 2268 406 2304 gaudii
419 2269 459 2295 sui
474 2266 680 2302 magnitudinem
696 2264 822 2298 declaret,
836 2268 916 2298 atque
931 2268 959 2290 ut
973 2271 1003 2291 se

211 2323 304 2343 eorum
319 2313 465 2342 inﬁrmitati
478 2317 648 2348 attemperet,
662 2311 778 2339 amicum
792 2318 822 2338 se
834 2310 908 2338 dicit.
925 2310 1002 2337 Mini-

213 2362 321 2389 sterium
342 2360 439 2395 quippe
455 2357 649 2390 subindicavit,
664 2364 724 2385 cum
745 2355 834 2389 dixit,
850 2363 879 2384 se
892 2355 1002 2382 missum

213 2406 296 2434 fuisse
307 2411 369 2434 ante
383 2405 467 2432 illum.
482 2405 584 2432 Idcirco
595 2403 665 2439 quod
677 2406 784 2438 putaret
795 2402 855 2430 illos
867 2401 924 2429 hazc
934 2409 1004 2437 mgre

213 2453 285 2481 ferre
301 2453 312 2468 ’
323 2473 331 2486 ,
347 2460 377 2480 se
396 2452 510 2479 amicum
532 2451 622 2486 sponsi
640 2449 706 2478 dicit
724 2456 784 2477 esse
796 2469 803 2482 ,
818 2448 961 2476 ostendens
975 2455 1004 2476 se

214 2506 267 2526 non
287 2497 368 2525 modo
389 2505 440 2525 non
460 2504 530 2532 aegre
549 2497 640 2528 ferre,
661 2494 708 2523 sed
721 2494 864 2522 admodum
878 2493 1003 2529 gaudere.

215 2543 280 2577 Quia
296 2543 375 2578 igitur
395 2543 445 2570 hoc
461 2542 626 2577 perfecturus
639 2540 756 2573 adveni,
773 2543 875 2577 tantum
888 2539 964 2566 abest
977 2545 1007 2567 ut.

218 2590 249 2618 tle
268 2590 349 2625 gestis
371 2588 477 2616 doleam
488 2609 496 2620 ,
512 2591 542 2614 ut
560 2586 675 2614 maximo
694 2593 809 2613 mmrore
828 2579 948 2612 afficerer
960 2606 968 2618 ,
984 2584 1006 2612 si

220 2642 269 2662 non
285 2634 389 2662 ﬁerent.
412 2633 440 2660 Si
460 2639 557 2668 sponsa
577 2631 608 2658 ad
631 2638 757 2666 sponsum
773 2638 824 2657 non
845 2630 1004 2663 accederet,

220 2685 280 2707 tunc
294 2679 412 2707 dolerem
424 2687 431 2710 ;
446 2685 498 2705 non
514 2685 577 2705 vero
594 2684 663 2704 nunc
675 2697 682 2709 ,
699 2684 758 2703 cum
772 2679 861 2702 nostra
875 2675 1006 2710 completa

218 2731 289 2755 sunt.
304 2725 370 2753 Nam
388 2733 448 2753 cum
464 2731 509 2752 res
526 2723 584 2759 ejus
604 2727 675 2750 recte
695 2722 861 2757 procedunt,
877 2726 939 2749 tunc
959 2728 1008 2748 nos

251 2785 259 2818 ξ
278 2787 303 2818 tn_
315 2783 386 2818 Savil.
404 2782 564 2818 legitur...‘....
577 2780 618 2818 qui
636 2782 701 2818 itote
716 2784 866 2813 appararet:
880 2786 1008 2810 numquam

218 2813 283 2839 uti»:
294 2814 363 2839 homo
374 2812 441 2839 tanta
452 2816 567 2844 potestate
578 2812 697 2844 ualuisset.

252 2847 262 2861 ¹
279 2844 348 2869 savii.
366 2849 393 2869 et
406 2841 497 2869 Boiéius
507 2843 638 2875 legendum
650 2847 733 2874 putant
746 2848 752 2868 :
769 2841 932 2873 Idcircoguod
941 2841 1009 2867 illum

223 2877 275 2901 Ιηιέ
283 2882 350 2908 tsgre
361 2876 424 2906 [errr
437 2877 556 2905 putarent.

689 149 726 177 1N
741 146 895 176 JOANNEM
914 145 1029 174 llOMlL.
1048 145 1146 174 xxix.
1163 145 1197 173 al.
1218 145 1336 174 XXVI".

1770 149 1816 179 £70

1033 211 1158 238 prospere
1179 205 1299 239 agimus;
1320 205 1379 240 quia
1400 206 1471 240 quod
1494 206 1648 236 volebamus
1666 210 1771 243 evenit,
1791 217 1817 238 ut

1028 255 1125 283 sponsa
1140 255 1266 283 sponsum
1279 251 1407 284 agnoscit.
1423 251 1454 278 Et
1467 258 1514 279 vos
1530 253 1579 288 ipsi
1595 254 1645 281 hoc
1660 254 1821 283 testificanti-

1029 294 1055 320 ni
1070 301 1130 320 cum
1145 293 1232 321 dicitis
1243 315 1251 326 ,
1267 295 1359 322 Omnes
1373 297 1474 323 veniunt
1487 297 1520 324 ad
1533 307 1599 325 eunt.
1616 299 1672 326 Hoc
1684 299 1754 327 enim
1771 308 1817 328 cn~

1030 340 1120 366 rabam
1132 361 1139 372 ,
1154 345 1180 367 et
1193 347 1223 367 ea
1239 340 1273 368 de
1289 348 1367 368 causa
1389 343 1477 370 omnia
1500 343 1561 371 feci.
1577 344 1665 378 Quare
1679 353 1739 373 cum
1756 346 1818 373 illud

1028 385 1082 420 jam
1096 386 1218 413 evenisse
1231 386 1333 413 videam
1344 408 1351 420 ,
1365 387 1465 422 gaudeo
1478 394 1504 415 et
1517 390 1628 417 exsulto.

1066 432 1092 459 3.
1115 431 1230 458 Ecclesia
1250 432 1375 466 quomodo
1396 441 1489 468 sponsa
1513 434 1607 462 Citriin
1625 436 1680 469 ﬁat.
1706 436 1820 464 Joannes

1030 477 1145 511 Baptista
1161 477 1191 503 de
1203 477 1302 504 Christo
1317 478 1484 505 testimonium
1497 480 1596 513 sapiens
1613 487 1636 507 et
1650 482 1819 510 ineluctabile.

1038 524 1115 552 Vame
1126 525 1214 561 gloria:
1225 526 1333 558 damna;
1343 527 1466 560 quomodo
1475 528 1506 553 sit
1514 528 1672 562 fuganda.—
1680 531 1747 562 Quid
1758 538 1821 558 vero

1032 571 1163 605 signiﬁcat
1176 571 1240 598 illud
1253 592 1260 605 ,
1277 571 1328 604 Qui
1337 576 1384 598 stat
1400 576 1423 598 et
1438 572 1509 598 audit
1532 581 1603 603 eum,
1620 575 1711 608 gaudio
1729 576 1822 610 gaudet

1033 623 1133 653 propter
1148 625 1231 644 vocem
1257 619 1361 653 sponsi?
1376 619 1413 645 Ex
1429 619 1552 652 parabola
1573 619 1606 647 ad
1628 628 1683 647 rem
1701 624 1822 656 proposi-

1033 666 1086 689 tam
1097 670 1246 690 sermonem
1260 663 1401 691 transtulit.
1412 663 1478 697 Quia
1490 665 1558 692 enim
1571 672 1696 700 sponsum
1708 672 1734 694 et
1745 675 1823 703 spon-

1033 714 1090 734 sam
1113 708 1289 741 memoravit,
1302 709 1417 736 ostendit
1438 711 1573 744 quomodo
1590 712 1723 745 sponsalia
1739 712 1800 741 ﬁant
1815 723 1822 743 ι

1033 760 1081 788 per
1095 761 1186 780 vocem
1197 761 1293 788 nempe
1304 759 1383 788 atque
1393 754 1542 782 doctrinam
1555 765 1561 782 :
1579 756 1614 783 ita
1625 757 1694 784 cnim
1706 758 1824 786 Ecclesia

1034 798 1214 833 dcspoudetur
1234 799 1298 826 Deo.
1320 799 1420 826 Idcirco
1440 800 1537 827 Paulus
1560 801 1682 829 dicebat:
1701 803 1778 830 Fides
1793 813 1824 831 ινα)

1035 845 1134 877 auditu,
1153 845 1257 871 auditus
1270 852 1354 872 autem
1369 854 1413 880 per
1425 846 1524 872 verbum
1535 846 1583 873 Dei
1596 846 1685 882 (Rom.
1704 848 1745 876 10.
1762 850 1824 884 Π).

1037 891 1091 918 liac
1105 898 1155 926 ego
1170 899 1234 918 voce
1248 891 1361 926 gaudeo.
1378 892 1444 919 illud
1459 900 1520 920 vero
1532 913 1541 927 ,
1557 894 1606 927 Qui
1619 900 1667 921 stat
1679 916 1685 927 ,
1703 903 1754 923 non
1769 897 1826 924 sine

1035 943 1116 963 causa
1132 936 1229 970 posuit,
1244 936 1290 963 sed
1306 941 1333 963 ut
1347 937 1510 971 ostenderet,
1528 946 1572 966 res
1585 947 1646 966 suas
1658 942 1805 968 cessavisse
1816 963 1823 974 ,

1040 985 1067 1007 et
1082 981 1132 1008 sibi
1144 981 1199 1015 jam
1215 982 1336 1008 standum
1359 987 1386 1009 et
1408 983 1569 1010 audiendum
1583 992 1643 1012 esse
1655 1005 1662 1018 ,
1677 993 1708 1012 ac
1728 993 1827 1020 sponso

1038 1027 1194 1054 tradendam
1208 1035 1268 1054 esse
1280 1035 1404 1063 sponsam
1417 1036 1514 1064 :seque
1525 1030 1674 1057 ministrum
1685 1036 1712 1057 et
1721 1039 1827 1059 servum

1038 1080 1114 1104 esse,
1130 1075 1226 1101 bonam
1241 1082 1314 1109 spem
1335 1082 1408 1102 Sltatll
1423 1080 1502 1110 atque
1518 1076 1635 1103 ltutitiam
1650 1077 1676 1104 in
1698 1085 1764 1113 opus
1773 1079 1827 1114 jam

1038 1118 1144 1148 cxiissc.
1170 1119 1230 1146 Ideo
1254 1119 1292 1146 sic
1315 1120 1422 1155 pergit:
1438 1120 1494 1147 Hoc
1519 1130 1579 1157 ergo
1600 1123 1722 1158 gaudium
1747 1132 1828 1151 meum

1038 1163 1169 1198 impletum
1183 1169 1230 1197 est;
1245 1165 1270 1192 id
1286 1169 1336 1197 est,
1353 1165 1503 1193 Perfectum
1518 1171 1559 1194 est
1574 1176 1640 1202 opus
1654 1176 1752 1202 meum,
1765 1170 1830 1197 nihil

1040 1209 1109 1236 ultra
1130 1210 1199 1245 quod
1223 1209 1348 1237 faciamus
1363 1210 1502 1239 habemus.
1524 1213 1624 1241 Deinde
1645 1223 1696 1241 non
1713 1223 1831 1249 prmsens

1041 1255 1181 1289 modo,sed
1190 1256 1268 1283 etiam
1279 1255 1395 1284 futurum
1404 1257 1505 1285 doloris
1514 1265 1682 1294 augmentum
1691 1261 1831 1296 cohibens,

1041 1301 1075 1328 de
1093 1301 1188 1329 futuris
1209 1303 1362 1336 pronuntiat
1384 1310 1413 1330 ea
1430 1311 1489 1338 quae
1513 1312 1545 1332 ex
1560 1305 1637 1332 dictis
1659 1311 1687 1333 et
1708 1314 1738 1334 ex
1755 1307 1832 1334 factis

1041 1348 1182 1376 continuat
1196 1347 1236 1375 his
1251 1348 1340 1375 verbis
1356 1356 1363 1376 :
1379 1348 1424 1376 50.
1448 1349 1529 1376 Illum
1544 1356 1641 1385 oportet
1655 1360 1773 1386 creuere,
1793 1362 1832 1380 mc

1042 1401 1126 1421 autem
1137 1394 1216 1420 minui
1228 1402 1237 1420 :
1253 1393 1303 1421 hoc
1317 1398 1367 1427 cst,
1383 1394 1478 1422 Nostra
1492 1402 1682 1424 cessaverunt:
1697 1406 1755 1432 qua:
1771 1406 1833 1426 vero

1043 1441 1112 1468 illius
1131 1445 1194 1468 sunt
1217 1445 1357 1476 augentur.
1374 1441 1430 1469 lloc
1451 1442 1540 1477 itaque
1562 1443 1632 1478 quod
1649 1443 1747 1471 timetis
1759 1465 1766 1476 ,
1782 1452 1833 1472 non

1043 1486 1123 1514 modo
1138 1494 1208 1514 nunc
1221 1486 1318 1520 aderit,
1330 1487 1377 1514 sed
1392 1487 1477 1522 majus
1488 1489 1568 1515 etiam
1583 1489 1610 1515 in
1624 1489 1682 1516 dies
1698 1491 1751 1517 ﬁet.
1769 1490 1834 1518 Illud

1044 1532 1117 1560 enim
1139 1535 1254 1561 maxime
1280 1538 1322 1561 est
1346 1533 1418 1568 quod
1443 1541 1487 1561 res
1511 1539 1617 1562 nostras
1642 1536 1835 1570 splendidiores

1045 1579 1169 1606 ostendit.
1186 1579 1248 1607 Ideo
1257 1579 1330 1611 veni,
1341 1583 1368 1607 et
1377 1579 1480 1614 gaudeo
1493 1579 1526 1607 de
1537 1585 1609 1608 tanto
1620 1588 1707 1608 rerum
1719 1582 1750 1609 ad
1760 1582 1837 1610 Chri-

1045 1630 1114 1652 stum
1131 1625 1320 1660 pertinentium
1333 1626 1510 1659 incremento,
1526 1630 1553 1653 et
1565 1627 1634 1661 quod
1648 1634 1678 1654 ea
1688 1629 1835 1661 everterint,

1045 1678 1158 1706 quorum
1169 1671 1252 1706 gratia
1266 1676 1356 1699 nostra
1372 1677 1573 1706 praecesserunt.
1587 1672 1680 1699 Viden‘
1688 1681 1766 1708 quam
1782 1675 1836 1708 pla-

1047 1716 1116 1749 cide,
1127 1724 1205 1751 quam
1216 1717 1350 1751 sapienter
1361 1717 1465 1744 illorum
1475 1717 1552 1744 ulctts
1562 1718 1715 1750 emollierit,
1727 1719 1836 1746 livorem

1048 1762 1215 1795 exstinxerit,
1229 1762 1353 1797 ipsosque
1365 1762 1538 1797 impossibilia
1551 1763 1657 1798 aggtcdi
1671 1764 1838 1792 demonstra-

1049 1809 1137 1836 verit?
1151 1817 1202 1843 qua
1216 1816 1245 1836 re
1260 1809 1376 1837 maxime
1395 1809 1462 1837 solet
1477 1809 1595 1845 nequitia
1615 1811 1713 1838 sedari.
1726 1811 1839 1846 ldcoqttc

1049 1855 1183 1889 provisum
1196 1857 1247 1886 est,
1262 1859 1291 1881 ut
1302 1855 1348 1882 illo
1361 1854 1448 1882 adhuc
1460 1856 1567 1883 vivente
1578 1861 1604 1883 et
1618 1856 1767 1891 baptizamc
1782 1857 1838 1884 hzce

1050 1901 1154 1933 ﬁerent,
1171 1905 1199 1927 ut
1214 1901 1287 1928 illum
1304 1905 1382 1928 tanta:
1393 1901 1581 1936 magnitudinis
1595 1906 1688 1929 testem
1700 1902 1838 1936 haberent,

1051 1951 1078 1974 ct
1091 1947 1188 1974 nullam
1200 1947 1408 1978 excusationem,
1417 1947 1438 1973 si
1450 1954 1502 1974 non
1515 1947 1739 1982 obtemperarent.
1751 1948 1840 1983 Neque

1052 1993 1122 2021 enim
1135 2002 1149 2020 a
1163 1993 1252 2028 seipso
1266 1992 1298 2020 ad
1314 1993 1339 2020 id
1351 1993 1630 2028 dicendumimpulsus
1644 2000 1684 2022 est
1694 2015 1700 2026 ,
1715 2003 1768 2021 non
1782 1995 1841 2024 aliis

1052 2038 1247 2066 sciscitantibus
1261 2038 1270 2072 (
1282 2038 1360 2066 iidem
1373 2038 1444 2066 enim
1457 2043 1533 2066 erant
1545 2039 1683 2066 audientes
1692 2044 1721 2067 et
1730 2040 1842 2067 interro,

1051 2085 1174 2124 gantes):
1190 2091 1274 2118 neque
1283 2092 1315 2111 ex
1329 2091 1357 2111 se
1366 2084 1481 2119 loquenti
1498 2087 1532 2111 ita
1543 2084 1727 2120 ercdid'rn‘ent,
1738 2091 1767 2115 ut
1778 2087 1842 2121 ipsis

1054 2129 1272 2165 percontantibus
1290 2137 1318 2157 se
1335 2129 1516 2157 confutantem
1533 2130 1717 2164 respondentis
1732 2137 1840 2160 sentem

1055 2176 1117 2203 tiam
1132 2180 1315 2210 exceperunt;
1331 2176 1554 2210 quemadmodum
1569 2182 1596 2203 et
1611 2176 1696 2206 Judzci
1708 2198 1714 2210 ,
1728 2179 1843 2206 maxime

1054 2223 1089 2250 ob
1102 2222 1128 2250 id
1144 2243 1151 2254 ,
1171 2222 1241 2257 quod
1260 2222 1293 2250 ad
1317 2222 1390 2249 illum
1415 2222 1562 2255 miserunt,
1580 2223 1728 2259 talibusque
1749 2225 1844 2253 auditis
1864 2250 1870 2256 ,

1055 2277 1109 2296 non
1128 2267 1299 2296 credideram
1311 2289 1318 2302 ,
1342 2275 1448 2295 omnem
1471 2269 1521 2295 sibi
1536 2271 1639 2296 veniam
1657 2270 1843 2304 prmciderunt.

1055 2315 1123 2349 Quid
1136 2313 1218 2350 igitur
1230 2314 1291 2341 hinc
1304 2314 1431 2342 docemur
1440 2314 1452 2341 ‘i
1461 2313 1585 2343 Omnium
1596 2314 1725 2342 malorum
1738 2323 1844 2343 causam

1056 2369 1116 2389 esse
1127 2368 1222 2388 vanam
1237 2360 1359 2396 gloriam.
1372 2359 1418 2387 illa
1435 2361 1504 2387 enim
1520 2360 1593 2396 ipsos
1606 2360 1632 2387 in
1655 2361 1764 2390 livorem
1779 2369 1845 2390 eon-

1054 2407 1119 2442 jecit
1133 2415 1141 2434 :
1155 2406 1214 2434 lure
1226 2406 1284 2434 illos
1298 2407 1456 2438 comitavit,
1470 2412 1498 2433 ut
1510 2407 1600 2435 .Iesum
1614 2407 1718 2435 adirent
1729 2415 1761 2436 ac
1773 2408 1845 2435 dicc-

1056 2458 1116 2482 rent
1131 2462 1138 2481 :
1154 2453 1239 2487 Quare
1253 2453 1370 2488 discipuli
1382 2454 1419 2480 tui
1434 2461 1484 2480 non
1494 2454 1612 2488 jejunant
1625 2452 1731 2489 (Matth.
1745 2454 1773 2481 9.
1790 2455 1847 2489 ﬂ)!

1058 2500 1114 2528 Hoc
1128 2507 1190 2535 ergo
1204 2500 1308 2531 vitium,
1322 2499 1421 2532 dilecti,
1436 2499 1576 2534 fugiamus.
1589 2498 1617 2526 Si
1633 2499 1682 2525 hoc
1696 2498 1826 2533 fugiamus
1837 2520 1845 2533 ,

1058 2554 1072 2574 a
1087 2546 1207 2581 gehenna
1228 2544 1407 2574 liberabimnr.
1423 2544 1478 2571 lloc
1490 2544 1561 2571 enim
1571 2544 1610 2571 eis
1631 2543 1746 2570 maxime
1760 2543 1846 2578 ignem

1059 2591 1175 2619 incendit
1184 2599 1191 2618 ι
1200 2590 1251 2618 hoc
1263 2590 1358 2625 ubique
1372 2589 1535 2617 dominatum
1549 2592 1656 2616 exercet
1666 2595 1754 2622 suum,
1769 2592 1848 2624 atque

1059 2643 1163 2666 tetatem
1176 2642 1202 2666 et
1215 2637 1367 2672 dignitatem
1380 2643 1486 2663 omnem
1501 2634 1636 2670 tyrannica
1648 2639 1760 2669 occupat
1776 2643 1782 2661 :
1799 2634 1851 2663 hoc

1061 2684 1192 2713 Ecclesias
1197 2683 1336 2716 subvertit,
1343 2689 1386 2710 res
1392 2682 1481 2708 civiles
1487 2680 1635 2713 labefactat,
1643 2679 1736 2707 domos
1745 2681 1848 2713 evertit,

1062 2729 1191 2762 civitates,
1206 2728 1327 2763 populos,
1340 2732 1439 2762 gentes.
1457 2725 1558 2761 Ecquid
1571 2725 1686 2758 miraris,
1701 2725 1808 2760 quando
1821 2726 1848 2753 in

1062 2775 1197 2803 desertum
1221 2774 1311 2803 venit.
1338 2779 1512 2806 magnamque
1535 2770 1571 2798 ibi
1592 2773 1752 2806 potestatem
1773 2778 1848 2799 suam

1063 2820 1203 2849 exhibuit?
1224 2819 1289 2847 Nam
1311 2818 1357 2853 qui
1385 2817 1484 2845 divitiis
1508 2817 1567 2844 vale
1590 2816 1731 2850 dixerant,
1758 2817 1849 2844 mundi

1062 2865 1162 2893 fastum
1176 2869 1283 2893 omnem
1297 2864 1465 2898 abiecerant.
1482 2868 1508 2890 et
1522 2863 1665 2891 humanam
1680 2859 1848 2893 consuetudi-
