2041 3113
228 145 275 172 ΓΗ
589 140 618 166 S.
638 137 776 166 JOANNIS
794 135 1031 165 ClIRYSOSTOMI
1052 135 1209 164 ARCHIEP.
1225 136 1486 165 C(INS'I'ANTINOP.

227 210 300 234 nem,
309 201 352 236 qui
365 199 490 229 violentas
498 203 642 232 corporum
648 195 805 230 cupiditates
815 198 1014 229 superaverant:

229 249 256 276 hi
269 255 339 282 szrpe
354 255 368 273 a
386 252 450 272 rana
463 244 546 278 gloria
556 242 624 276 capti
635 242 723 268 omnia
740 241 922 275 perdiderunt.
935 240 1017 274 llujus

230 294 286 320 \itii
301 299 389 322 causa,
405 290 448 325 qui
466 288 579 315 mullum
593 287 761 314 laboraverat
774 307 781 318 ,
798 285 833 311 ab
846 293 878 312 eo
893 286 937 319 qtti
953 285 1016 311 nihil

228 338 325 365 laboris
337 357 344 368 ,
367 335 412 362 sed
426 334 508 362 tnulta
532 336 639 368 peccata
655 332 817 363 adtniserat,
835 329 983 357 Pharisa-ns
1002 337 1016 356 a

228 383 366 418 publicano
380 380 464 410 victus
487 384 536 406 est.
562 379 596 405 At
612 378 662 405 hoc
683 384 808 404 accusare
829 376 921 402 vitium
945 375 1018 402 nttllo

227 430 317 457 labore
333 433 476 462 possumus
491 425 499 460 (
514 432 607 451 omnes
620 424 691 451 enim
709 421 832 450 eunuleut
850 421 935 456 ipsum
955 420 1012 446 cal-

227 475 315 501 culuttt
333 473 419 500 ferunt
436 471 465 507 );
481 470 550 506 quod
566 470 693 505 qtttrritttr
707 473 795 495 autent
811 472 867 500 cst,
884 466 1017 502 quomodo

226 521 312 555 ipsum
333 524 460 553 superare
479 517 620 551 possimus.
633 514 771 548 Quomodo
785 521 849 548 ergo
866 511 1017 548 proﬁtgabi-

226 565 302 593 utns?
316 564 344 592 Si
357 563 469 600 gloriam
482 562 573 598 gloria:
583 567 757 595 opponamus.
772 558 807 586 Ut
818 559 887 586 ettittt
901 563 1017 584 terrenas

226 611 332 638 divitias
347 610 562 641 contemnimus,
589 605 696 642 quando
718 605 750 632 ad
773 605 839 632 alias
861 603 1019 638 respicimus

226 656 333 684 divitias
345 677 352 689 ,
368 660 394 682 et
409 655 477 682 hanc
496 654 577 680 vitam
600 652 762 687 despicimus
775 671 782 684 ,
798 659 856 678 cum
872 651 1018 685 cogitamus

225 703 303 729 aliam
317 701 367 729 hac
377 701 454 735 longe
465 700 601 727 meliorem
612 707 618 731 ;
635 698 672 726 sic
682 702 708 724 et
716 697 826 732 gloriam
839 696 917 731 hujus
928 696 1017 724 mundi

227 755 353 783 respuere
368 747 514 783 poterimus
527 766 534 778 ,
550 752 609 772 cum
629 744 707 771 aliam
724 744 802 778 longe
816 743 865 770 hac
878 743 1017 771 clariorem

229 794 411 829 spectabimus
421 814 427 825 ,
443 799 556 827 qumque
571 799 634 818 vere
648 790 730 825 gloria
746 795 796 817 est.
814 789 879 816 Nam
896 789 951 816 lucc
964 810 969 820 .
985 788 1019 816 de

226 847 278 874 qua
296 839 436 874 loquimur,
452 845 518 864 vana
533 836 672 871 inanisque
683 840 735 867 est,
750 842 799 862 ttcc
812 835 862 865 nisi
878 842 975 862 nomen
990 841 1018 861 re

227 892 338 912 \acuum
353 884 449 916 habet;
465 883 508 909 illa
522 887 611 909 autem
625 880 739 910 czelcslis
752 887 814 908 vera
826 885 876 911 est,
892 888 951 914 qum
964 887 1016 907 non

226 930 358 961 homines,
374 928 420 956 sed
430 928 552 964 angelos,
563 926 746 961 archangelos,
759 930 786 953 et
796 925 1016 960 archangelorum

226 984 1611 996 —_—-————_-————-—-.——————

1808 139 1857 169 ('7'!

1071 193 1224 227 Dominum,
1237 194 1291 221 imo
1303 195 1382 221 etiant
1394 194 1515 222 homines
1527 195 1597 229 ipsos
1608 194 1757 222 laudatores
1768 195 1856 223 habet.

1070 238 1096 266 Si
1112 239 1144 266 ad
1159 239 1222 266 illud
1237 240 1369 267 theatrum
1381 241 1541 274 respexeris,
1557 241 1579 267 si
1594 248 1706 267 coronas
1721 241 1779 268 illas
1790 242 1858 269 didi-

1069 285 1148 318 ceris,
1163 285 1184 312 si
1197 286 1229 312 ad
1245 286 1303 312 illos
1315 286 1423 320 plausus
1435 291 1459 313 te
1471 287 1652 314 transtuleris:
1666 291 1770 314 terrena
1782 295 1859 315 nuut-

1069 337 1147 364 quam
1163 335 1189 357 te
1200 330 1365 362 detincbunt,
1386 340 1437 358 nott
1457 339 1550 366 magna
1562 332 1702 365 prmsentia
1713 332 1857 367 reputabis,

1070 383 1122 403 non
1134 376 1253 404 absentia
1268 385 1382 412 qua-res.
1395 377 1422 404 lu
1435 377 1484 405 hac
1495 378 1593 412 quippe
1606 379 1677 414 regia
1690 387 1770 407 nemo
1779 380 1857 407 satel<

1071 420 1146 450 litum
1162 422 1295 456 regiorum
1309 443 1317 455 ,
1331 430 1384 449 non
1399 430 1496 450 curans
1517 423 1638 450 diadenta
1651 425 1780 458 gestantis
1794 429 1821 452 et
1834 425 1859 452 in

1069 467 1138 494 solio
1162 468 1278 495 sedentis
1293 469 1405 503 gratiam
1419 489 1426 500 ,
1441 469 1609 503 graculorum
1624 477 1702 499 voces
1722 470 1840 498 imitatur
1851 491 1858 501 .

1070 519 1222 540 muscarum
1245 517 1271 540 ct
1294 513 1407 541 culicutn
1433 514 1579 540 volantium
1602 514 1744 542 stridorem
1766 524 1773 542 :
1794 516 1859 543 nihil

1070 558 1140 584 cuim
1155 558 1278 585 meliores
1291 558 1324 585 iis
1339 563 1400 586 sunt
1421 558 1556 586 hominum
1573 560 1793 595 Iaudes.Cognita
1808 561 1859 588 ita-

1069 612 1122 640 quc
1133 604 1307 632 humanarqu
1322 613 1410 632 rerum
1427 605 1434 620 ¹
1447 605 1558 638 vilitate,
1573 606 1661 632 omnia
1674 606 1699 632 in
1711 607 1860 638 tutissimos

1069 650 1239 678 εοιιῖειέιηυς
1260 650 1398 677 thesauros
1411 671 1418 683 ,
1440 656 1466 678 Cl.
1489 657 1641 678 manentem
1664 660 1859 688 perenncmqtte

1071 697 1181 731 gloriam
1202 704 1353 731 qumramus
1368 705 1375 724 :
1389 704 1468 731 quam
1485 697 1584 724 utinam
1600 705 1649 725 nos
1661 705 1754 725 omnes
1765 706 1860 726 conse-

1070 750 1202 777 quamur,
1219 742 1302 777 gratia
1326 746 1353 768 et
1376 742 1537 776 benignitate
1562 742 1665 770 Domini
1689 744 1771 770 nostri
1793 743 1858 771 Jcsu

1067 788 1169 815 Christi
1183 809 1189 820 ,
1206 795 1253 822 pcr
1277 795 1354 822 quem
1369 792 1395 814 et
1409 794 1468 814 cum
1483 795 1534 822 quo
1550 788 1619 815 Patri
1633 788 1715 823 gloria
1730 809 1736 821 ,
1754 797 1859 824 unaque

1070 839 1162 860 sancto
1178 833 1298 867 Spiritui,
1318 840 1388 860 nunc
1400 837 1426 860 ct
1441 840 1547 867 semper
1561 838 1587 861 et
1600 834 1625 860 iu
1638 833 1734 860 saecula
1749 834 1858 862 Saculo-

1069 887 1137 906 ruttt.
1155 880 1249 906 Amen.

1104 929 1112 945 ι
1132 929 1212 954 Morel.
1228 928 1300 960 legit,
1312 927 1441 959 hominum,
1459 935 1512 960 pro,
1522 928 1680 954 humanarum
1691 936 1780 955 rerum.

897 1015 1070 1046 HOMILIA
1091 1016 1198 1046 XXX.

225 1093 270 1120 51.
291 1093 341 1126 Qui
362 1092 393 1119 de
404 1099 505 1118 sursum
517 1089 597 1125 venit,
615 1097 690 1124 super
702 1097 787 1115 omnes
805 1093 840 1115 est
854 1087 916 1121 ξριιὶ
932 1091 968 1114 est
982 1086 1014 1113 de

341 1143 417 1171 terra,
430 1138 461 1164 tle
476 1142 541 1163 terra
554 1140 605 1168 est,
617 1140 640 1162 et
650 1135 681 1161 de
696 1139 761 1161 terra
775 1134 895 1169 loquitur.

260 1185 286 1211 1.
302 1183 388 1211 Grave
401 1181 526 1217 quiddam
540 1185 581 1207 est
596 1179 688 1215 gloria:
703 1186 787 1212 amor,
804 1186 884 1213 grave
897 1182 924 1205 et
937 1178 1014 1205 tualis

225 1231 316 1258 tuultis
340 1230 466 1257 rel’ertum
482 1237 488 1254 :
503 1227 580 1262 spina
604 1233 644 1253 cst
668 1234 726 1260 qua:
741 1225 849 1260 difﬁcile
871 1224 993 1252 avellitur
1005 1244 1013 1256 ,

225 1277 280 1304 fera
303 1283 361 1310 quze
386 1273 555 1301 mansueﬁeri
581 1272 682 1306 nequit,
708 1271 798 1297 multis
820 1270 950 1304 capitibus
977 1269 1017 1296 in-

224 1327 335 1354 structa,
361 1321 386 1347 iu
408 1327 454 1347 cos
474 1319 545 1353 ipsos
559 1317 604 1355 qui
624 1324 654 1344 se
670 1316 787 1343 nutriunt
810 1320 921 1342 armata.
943 1314 1017 1342 Sicut

223 1367 295 1395 enim
311 1365 408 1393 vermis
428 1365 497 1399 ligna
513 1371 527 1390 a
541 1363 636 1398 quibus
649 1362 764 1397 gignitur
779 1361 895 1388 corrodit
908 1382 915 1394 ,
932 1365 958 1388 et
973 1369 1017 1387 ru-

226 1413 286 1446 bigo
311 1412 408 1438 ferrum
436 1418 468 1437 ex
491 1416 544 1444 quo
568 1408 684 1435 nascitur
707 1407 849 1440 consumit,
876 1411 903 1434 et
929 1407 1015 1441 lanam

225 1458 303 1484 tinea:
319 1478 325 1483 .
342 1456 376 1483 ita
393 1456 478 1482 ittattis
491 1454 574 1489 gloria
590 1453 708 1480 altricem
723 1460 798 1480 suam
815 1453 929 1479 animam
953 1460 1015 1487 per-

224 1503 271 1529 dit.
289 1502 349 1529 ldco
364 1501 446 1528 tuulta
461 1500 537 1526 nobis
558 1506 625 1533 opus
643 1503 684 1526 est
703 1498 853 1533 diligentia,
876 1502 905 1525 ut
925 1498 1015 1524 vitium

226 1548 275 1574 hoc
299 1547 432 1574 tollamus.
457 1545 524 1572 Vide
537 1551 600 1579 ergo
625 1547 722 1579 quanta
749 1544 873 1571 decantet
899 1543 1016 1570 Joannes

224 1594 362 1629 discipulis
382 1593 437 1619 suis
459 1592 509 1619 hoc
532 1591 625 1618 morbo
647 1591 846 1621 laborantibus,
868 1597 899 1617 ac
912 1590 954 1617 vix
970 1597 1016 1617 eos

225 1639 319 1667 sedare
334 1642 427 1673 potest.
444 1637 509 1664 Nam
524 1641 583 1672 post
598 1637 686 1672 priora
700 1636 743 1663 illa
755 1636 795 1663 his
805 1636 884 1663 etiam
899 1636 958 1663 illos
971 1635 1015 1663 de-

225 1685 322 1712 mulcet
338 1683 504 1710 sermonibus
518 1691 524 1708 :
543 1682 592 1715 Qui
606 1681 637 1708 de
648 1690 747 1708 sursum
761 1682 834 1713 venit,
846 1689 1016 1716 superomnes

225 1735 261 1757 est
276 1738 284 1756 :
297 1730 340 1764 qui
353 1732 388 1755 est
400 1728 432 1754 de
444 1733 510 1754 terra
520 1748 527 1759 ,
543 1727 575 1754 de
587 1732 652 1754 terra
668 1731 714 1760 est,
730 1732 753 1753 et
768 1727 799 1753 de
814 1732 880 1753 terra
896 1726 1013 1762 loquitur.

225 1777 302 1809 Quia,
314 1774 409 1808 inquit,
425 1773 605 1800 testimonioin
617 1780 705 1800 meum
719 1772 816 1807 ubique
827 1772 1014 1804 circuntl'ertis,

225 1825 252 1847 ct
278 1828 320 1847 me
348 1819 398 1846 ﬁde
425 1818 610 1853 dignissimum
638 1817 810 1852 pnedicatis;
837 1817 900 1844 illud
928 1817 1017 1845 sciatis

226 1870 348 1900 oportet,
375 1872 427 1891 tton
456 1864 537 1891 licere
563 1871 623 1890 cum
640 1864 683 1898 qui
712 1863 744 1891 de
768 1864 834 1891 cazlo
857 1864 938 1896 venit,
965 1863 1017 1891 ﬁde

227 1912 338 1946 dignum
352 1909 424 1937 reddi
436 1909 469 1937 ab
484 1917 516 1937 eo
529 1909 572 1944 qui
589 1910 614 1936 iu
629 1913 698 1936 terra
712 1909 822 1936 habitat.
837 1909 904 1936 Illud
915 1915 1015 1941 autem,

226 1958 314 1992 Supra
329 1965 414 1983 anima
428 1961 473 1988 cst,
491 1955 552 1990 quid
574 1955 723 1990 signiﬁcat?
738 1955 804 1982 Eum
826 1955 898 1982 nullo
918 1963 1015 1990 egere,

224 2002 275 2029 sibi
293 2001 427 2033 sufﬁcere,
451 2006 477 2028 et
491 2001 551 2028 sine
569 2000 767 2035 comparatione
788 2001 906 2027 omniunt
929 2000 1013 2027 maxi-

226 2056 299 2075 mutu
316 2055 386 2074 csse.
400 2046 435 2074 Sc
449 2053 512 2073 vero
525 2045 559 2073 de
579 2050 648 2073 terra
668 2053 728 2073 esse
738 2049 765 2073 et
777 2045 848 2081 loqui
860 2045 924 2072 dicit
936 2066 942 2077 ,
962 2053 1015 2072 non

225 2093 296 2128 quod
313 2101 344 2120 ex
367 2092 470 2127 propria
486 2096 574 2118 mente
588 2091 759 2126 loqueretur.
780 2091 826 2118 sed
847 2095 876 2118 ut
895 2091 1015 2118 Christus

226 2141 282 2166 ait:
298 2139 327 2166 Si
344 2144 440 2165 terrena
455 2137 508 2164 diri
531 2137 608 2169 vobis,
635 2142 657 2164 et
682 2145 731 2163 non
761 2137 860 2164 creditis
883 2136 970 2171 (Joan.
987 2138 1014 2164 '5.

227 2185 282 2219 12).
297 2184 428 2218 Baptism:
444 2183 482 2210 sic
495 2183 619 2217 appellat,
637 2191 688 2209 nou
702 2182 772 2217 quod
788 2187 921 2210 terrenum
933 2188 1015 2216 eset,

197 2257 204 2264 ,
226 2230 273 2258 sed
288 2230 348 2264 quia
365 2228 430 2255 illud
446 2236 506 2255 cum
523 2228 646 2255 iucll'abili
663 2228 834 2262 generatione
848 2237 894 2256 sua
905 2237 1014 2264 compa-

228 2276 319 2308 rahal;
334 2275 373 2302 sic
386 2279 412 2301 et
425 2274 476 2301 hoc
491 2274 550 2301 loco
563 2281 592 2301 se
604 2273 637 2301 de
649 2278 716 2300 terra
730 2274 800 2309 l0qui
812 2274 877 2301 dixit
887 2275 1013 2307 Joannes,

226 2329 301 2348 suam
316 2328 376 2347 eum
391 2319 489 2347 Christi
504 2319 625 2346 doctrina
645 2319 836 2354 comparando.
857 2320 928 2347 Nihil
944 2321 1014 2348 enim

225 2365 298 2394 aliud
321 2365 452 2400 signiﬁcat
475 2364 547 2396 illud,
567 2364 604 2391 De
619 2369 685 2391 terra
699 2365 828 2399 loquitur,
844 2373 922 2400 quam
945 2366 1015 2400 qttod

225 2419 274 2438 sua
301 2411 406 2445 exigua,
434 2409 544 2436 humilia
569 2414 595 2437 et
620 2410 682 2436 vilia
705 2411 768 2441 siut,
795 2411 816 2437 si
842 2418 902 2437 cum
917 2411 1015 2439 Christi

226 2457 409 2492 magnitudine
424 2461 628 2490 comparentur,
644 2464 675 2482 ac
691 2460 803 2482 terretur.
825 2462 926 2484 natura:
941 2457 1016 2491 qttasi

225 2503 321 2532 similia
341 2503 403 2529 sint.
419 2502 495 2536 Apud
510 2502 582 2528 illum
598 2502 668 2528 cuitu
685 2501 778 2528 Omnes
791 2503 902 2529 thesauri
914 2504 1016 2537 sapieu-

226 2550 267 2575 tia:
282 2548 452 2576 reconduntur
468 2547 535 2584 (Col.
551 2547 578 2574 2.
593 2548 631 2582 5).
648 2547 722 2580 Quod
739 2552 826 2575 autem
847 2549 880 2576 de
896 2549 1016 2577 luuuanis

226 2595 372 2623 ratiociniis
388 2603 440 2621 non
455 2594 593 2629 loquatur,
611 2594 672 2621 hinc
686 2594 772 2628 palam
788 2599 836 2621 est.
854 2595 904 2628 Qui
927 2601 963 2622 est
987 2604 1017 2623 ex

205 2651 209 2657 λ
228 2647 305 2674 terra,
321 2650 352 2668 ex
366 2646 431 2667 terra
443 2645 489 2667 est.
505 2640 583 2675 Atqui
601 2648 652 2667 non
668 2645 726 2668 erat
740 2646 810 2668 totus
824 2641 857 2668 de
872 2646 952 2674 terra,
970 2642 1016 2670 sed

228 2687 358 2722 prfecipua
379 2687 494 2713 ctelestia
514 2690 614 2718 erant;
635 2686 750 2713 animum
770 2687 866 2722 quippe
886 2687 1015 2721 habebat,

227 2739 254 2760 et
273 2733 382 2767 Spit'illls
401 2732 532 2767 particeps
552 2737 627 2766 erat,
649 2740 708 2768 qure
729 2741 781 2760 non
806 2738 868 2760 sunt
882 2734 915 2761 de
935 2739 1013 2761 terra.

229 2779 368 2812 Quomodo
388 2787 451 2814 ergo
475 2785 503 2806 se
523 2778 556 2806 de
576 2783 644 2806 terra
672 2786 730 2806 CSsc
749 2779 839 2806 dicit?
857 2779 926 2806 Nihil
947 2780 1016 2807 aliud

229 2825 270 2853 his
289 2825 452 2860 signiﬁcatur
470 2832 549 2860 quant
562 2846 569 2858 ,
591 2825 690 2852 Parvus
710 2832 767 2852 sum
788 2830 815 2853 et
834 2826 930 2853 nullius
951 2834 1012 2861 prc-

1071 1086 1099 1112 tii
1112 1107 1119 1119 ,
1143 1090 1233 1120 utpote
1253 1087 1296 1121 qui
1318 1087 1389 1122 humi
1414 1095 1503 1126 rcpaut
1520 1091 1546 1113 ct
1561 1087 1585 1114 in
1603 1092 1670 1114 terra
1689 1093 1766 1115 natus
1788 1087 1856 1126 sint,

1070 1131 1194 1160 Christus
1206 1138 1293 1159 autem
1308 1133 1340 1160 ad
1356 1141 1403 1160 nos
1419 1133 1452 1159 de
1471 1133 1536 1159 ca-lo
1559 1133 1640 1160 venit.
1657 1132 1722 1160 Cum
1742 1142 1788 1167 per
1803 1133 1858 1160 ha‘c

1070 1178 1159 1205 omnia
1182 1186 1274 1209 eorum
1294 1178 1415 1208 morbum
1430 1179 1615 1211 restinxisset,
1631 1187 1691 1206 eum
1714 1179 1815 1214 majore
1829 1181 1858 1206 li-

1070 1224 1145 1257 ducia
1167 1225 1200 1252 dc
1215 1224 1322 1252 Christo
1346 1226 1471 1260 loquitur.
1497 1227 1580 1252 Antea
1604 1226 1674 1252 cuitu
1697 1226 1858 1260 superﬂuunt

1070 1268 1161 1296 luisset
1177 1270 1256 1297 verba
1280 1270 1440 1305 profundere
1452 1291 1458 1303 ,
1479 1278 1538 1297 cum
1561 1271 1616 1297 inec
1635 1271 1660 1297 iu
1678 1276 1767 1298 tuente
1782 1271 1857 1298 audi-

1070 1320 1155 1342 toruut
1178 1316 1264 1342 locum
1290 1317 1410 1345 invenire
1430 1324 1482 1343 non
1505 1322 1613 1351 possent
1630 1327 1635 1344 :
1652 1323 1790 1353 postquam
1813 1326 1858 1344 au-

1069 1364 1122 1387 tem
1147 1362 1236 1395 spinas
1261 1361 1365 1392 evulsit,
1387 1361 1441 1396 jatn
1460 1362 1624 1389 conﬁdenter
1647 1363 1748 1390 semina
1770 1363 1858 1397 jacere

1070 1406 1160 1440 incipit
1176 1406 1216 1432 his
1232 1406 1336 1433 verbis:
1352 1407 1400 1439 Qui
1411 1407 1442 1433 dc
1457 1407 1518 1434 ca‘lo
1529 1408 1603 1440 venit,
1621 1416 1696 1442 super
1709 1416 1794 1435 ouum
1805 1414 1858 1441 est;

1069 1450 1112 1477 52.
1129 1455 1152 1477 ει
1165 1452 1232 1486 quor!
1250 1451 1310 1478 ritlit
1324 1457 1346 1478 (ιι
1361 1452 1466 1484 aut/irit,
1483 1453 1529 1478 hoc
1544 1453 1700 1492 testiﬁcaturJ
1713 1459 1735 1480 et
1747 1454 1857 1479 testimo-

1068 1498 1137 1523 nium
1153 1498 1206 1532 ejus
1222 1492 1292 1524 nemo
1308 1498 1408 1532 accipit.
1426 1498 1546 1535 Magnum
1566 1498 1628 1533 quid
1651 1503 1678 1536 et
1697 1499 1811 1535 sublime
1824 1499 1858 1533 de

1069 1542 1126 1576 ipso
1141 1543 1264 1578 loquutus
1277 1563 1283 1574 ,
1300 1551 1392 1580 rursus
1415 1543 1448 1570 ad
1462 1542 1603 1570 humiliora
1629 1545 1713 1578 pergit
1727 1553 1733 1570 :
1749 1552 1809 1571 nam
1825 1544 1856 1570 il-

1069 1584 1113 1615 lttd
1125 1609 1131 1620 ,
1150 1579 1223 1620 Quod
1236 1589 1330 1618 audiuit
1343 1593 1366 1615 et
1379 1589 1455 1621 vidit,
1472 1589 1612 1616 humanius
1626 1589 1724 1616 dictum
1738 1595 1789 1616 est.
1805 1590 1856 1617 Ne-

1068 1641 1118 1669 que
1131 1634 1200 1661 enim
1213 1642 1244 1661 ex
1262 1634 1319 1661 visu
1333 1635 1373 1661 vel
1392 1634 1482 1662 auditu
1499 1635 1541 1661 illa
1555 1643 1615 1670 qua:
1636 1635 1736 1663 sciebat
1747 1643 1858 1670 accepe-

1068 1684 1109 1706 rat
1126 1688 1134 1712 ;
1155 1680 1201 1706 sed
1218 1679 1244 1706 itt
1258 1685 1350 1706 natura
1367 1684 1451 1707 totum
1475 1680 1599 1712 habebat,
1620 1681 1663 1715 qui
1678 1681 1812 1715 perfectus
1825 1689 1857 1708 ex

1069 1724 1128 1751 siuu
1145 1729 1255 1759 paterno
1270 1725 1369 1752 exierat
1381 1746 1388 1758 ,
1410 1733 1459 1752 nec
1472 1726 1566 1760 egebat
1580 1725 1689 1753 doctore
1704 1735 1710 1752 :
1728 1735 1788 1753 nam
1802 1727 1837 1754 ait
1847 1747 1856 1760 ,

1069 1770 1142 1798 Sicut
1162 1772 1227 1797 novit
1250 1779 1288 1797 me
1310 1770 1401 1803 Pater,
1425 1772 1460 1798 ita
1482 1777 1505 1798 et
1529 1780 1574 1807 ego
1597 1780 1719 1807 cognosco
1744 1772 1855 1800 Patrem.

1069 1817 1136 1850 Quid
1154 1825 1218 1852 ergo
1240 1818 1370 1852 signiﬁcat
1389 1818 1463 1850 illttd,
1485 1818 1560 1854 Quod
1578 1819 1683 1855 audiuit,
1699 1819 1818 1854 loquitur,
1835 1825 1856 1847 cl

1069 1863 1135 1898 quod
1155 1864 1226 1895 ridit,
1242 1864 1371 1891 testatur?
1389 1864 1453 1903 Quia
1470 1858 1518 1899 per
1532 1865 1580 1892 hos
1599 1873 1693 1903 sensus
1708 1873 1756 1899 nos
1768 1866 1856 1893 omnia

1068 1908 1196 1943 discimus
1216 1913 1339 1936 accurate
1355 1931 1362 1941 ,
1378 1900 1404 1936 ct
1425 1909 1475 1937 tidc
1491 1910 1562 1945 digni
1584 1900 1703 1949 magistri
1718 1911 1856 1946 habemur,

1068 1955 1139 1989 circa
1153 1962 1183 1982 ea
1198 1961 1257 1990 ante
1278 1955 1317 1982 vel
1334 1955 1390 1982 visu
1407 1956 1447 1982 vel
1460 1956 1552 1983 auditu
1568 1958 1751 1992 percepimus,
1767 1963 1858 1992 utpote

1069 2001 1114 2036 qui
1136 2009 1185 2028 nec
1209 2002 1358 2036 ﬁngamus,
1384 2010 1432 2029 nec
1452 2002 1516 2030 falsa
1530 2003 1659 2030 dicamus.
1678 2003 1704 2030 Id
1719 2003 1857 2031 adstruere

1069 2048 1162 2075 volens
1176 2047 1292 2075 Joannes
1307 2048 1387 2081 dixit,
1407 2048 1469 2082 Qua:
1484 2049 1579 2076 audiri!
1593 2055 1616 2076 et
1636 2050 1708 2082 t-idil,
1724 2055 1753 2077 ut
1766 2055 1856 2077 osten-

1069 2093 1116 2130 dat
1137 2094 1201 2121 nihil
1218 2094 1243 2121 iu
1261 2095 1306 2121 illo
1325 2095 1466 2128 tuendacii,
1483 2095 1529 2122 Sed
1545 2096 1631 2122 omnia
1648 2104 1707 2123 vera
1724 2104 1792 2124 esse.
1813 2097 1857 2124 Sic

1069 2144 1096 2166 cl
1116 2147 1164 2167 nos
1178 2147 1249 2174 sarpe
1265 2139 1369 2167 curiose
1382 2141 1569 2176 perquirimus,
1587 2141 1662 2178 Tune
1676 2141 1782 2177 audisti,
1795 2147 1857 2169 ttmc

1069 2184 1157 2212 vidisti
1171 2186 1182 2212 ?
1196 2186 1216 2214 si
1239 2185 1263 2212 id
1287 2186 1443 2221 altiruictur.
1467 2191 1529 2214 tunc
1549 2191 1651 2214 certum
1676 2187 1856 2220 testimonium

1069 2231 1238 2259 habetur.Sic
1244 2236 1269 2258 et
1279 2231 1334 2268 ipse
1342 2239 1401 2258 cum
1411 2232 1483 2265 dicit,
1494 2232 1567 2266 Sicut
1576 2233 1757 2270 audimjurlico
1768 2233 1855 2267 (.Iomt.

1068 2277 1094 2304 5.
1109 2277 1169 2312 50),
1184 2282 1219 2310 cl,
1232 2277 1294 2310 Qua:
1315 2278 1399 2304 audivi
1421 2287 1435 2304 α
1449 2278 1528 2314 Patre
1542 2287 1605 2311 meo,
1621 2280 1717 2315 loquor,
1741 2284 1777 2311 et,
1795 2279 1859 2313 Quae

1069 2323 1178 2350 vidimus
1190 2344 1196 2356 ,
1213 2323 1338 2358 loquimur
1355 2324 1363 2359 (
1378 2323 1421 2350 Id.
1437 2324 1462 2351 8.
1483 2324 1527 2351 26.
1548 2330 1570 2351 ct
1586 2325 1611 2357 ὅ.
1629 2325 1656 2352 li
1673 2325 1700 2358 ),
1724 2330 1750 2352 ct
1764 2326 1856 2359 similia

1069 2369 1119 2395 alia
1143 2369 1269 2404 loquitur.
1293 2377 1346 2405 non
1367 2370 1401 2396 ita
1427 2370 1500 2402 dicit,
1528 2374 1556 2397 tit
1577 2371 1710 2398 discamus
1734 2371 1806 2398 illum
1827 2379 1856 2398 ea

1069 2415 1205 2448 t'lCCt'llisSC
1227 2423 1285 2449 qua:
1307 2415 1370 2442 dicit
1392 2415 1439 2450 (id
1461 2417 1534 2443 enim
1552 2422 1644 2451 putare
1668 2423 1794 2445 extremm
1809 2418 1858 2445 de-

1070 2461 1175 2487 mentia:
1190 2466 1261 2488 esset
1279 2461 1306 2496 );
1324 2461 1370 2488 scd
1394 2470 1426 2489 ne
1440 2462 1501 2497 quid
1518 2471 1548 2489 ex
1563 2463 1640 2490 dicti.
1652 2464 1713 2497 ejus
1733 2464 1759 2492 in
1774 2465 1858 2497 suspi.

1069 2506 1172 2533 cionctn
1187 2513 1324 2534 vocaretur
1339 2508 1372 2535 ab
1384 2509 1580 2543 impudentibus
1589 2509 1697 2545 Iuda-is.
1708 2510 1777 2544 Quia
1787 2511 1857 2538 enim

1070 2552 1187 2578 nondum
1199 2560 1256 2580 eam
1273 2561 1350 2588 quam
1368 2562 1414 2587 par
1429 2559 1486 2581 erat
1506 2555 1539 2582 de
1552 2555 1596 2582 illo
1610 2556 1760 2590 opinionem
1775 2555 1856 2583 habe-

1070 2597 1144 2631 bant,
1160 2598 1314 2633 l‘requcnler
1327 2600 1358 2626 ad
1373 2600 1479 2631 Patrem
1495 2601 1622 2636 confugit,
1640 2602 1758 2641 hincque
1772 2602 1858 2630 verbis

1070 2644 1125 2670 suis
1142 2643 1219 2671 lidettt
1235 2644 1305 2671 facit.

1105 2691 1132 2726 2.
1154 2691 1187 2717 Et
1202 2691 1263 2726 quid
1280 2690 1383 2727 miraris
1399 2691 1420 2718 si
1434 2691 1465 2723 ad
1483 2692 1586 2729 Patrem
1602 2693 1745 2728 confugiat,
1760 2701 1819 2721 eum
1833 2700 1858 2721 et

1070 2736 1102 2763 ad
1130 2736 1273 2771 prophetas
1293 2741 1320 2764 et
1341 2737 1373 2763 ad
1397 2737 1547 2772 Scripturas
1569 2747 1641 2774 sa'pe
1663 2741 1808 2767 recurrat?
1831 2747 1858 2767 ut

1070 2781 1176 2817 quando
1190 2781 1268 2815 dicit,
1283 2781 1341 2809 ΙΙΙίτ
1353 2787 1411 2809 sunt
1430 2791 1487 2818 qua:
1499 2784 1667 2815 testimonium
1686 2785 1815 2820 per/libent
1830 2787 1860 2812 de

1071 2836 1109 2854 mc
1133 2827 1219 2861 (Ibid.
1239 2827 1264 2855 5.
1281 2827 1342 2863 59).
1360 2828 1426 2856 Num
1446 2837 1509 2864 ergo
1530 2830 1665 2865 prOphetis
1686 2830 1759 2858 illum
1775 2831 1856 2859 miuo-
