2041 3113
187 119 237 147 173

183 185 239 204 rem
251 182 312 203 esse
331 175 467 208 dicemus,
483 174 543 210 quia
560 174 621 201 inde
641 174 790 201 testimonia
811 178 944 202 mutuatur
958 175 970 200 'l

183 222 268 250 Absit.
278 221 331 249 Sed
343 225 452 256 propter
464 220 614 248 auditorum
626 219 805 247 inﬁrmitatem
815 219 854 246 sic
866 226 971 246 sermo-

183 275 243 295 nem
264 271 411 301 temperat,
425 270 452 293 ct
470 273 503 292 ex
524 265 602 292 Patre
617 265 706 292 audita
727 272 756 292 se
771 271 880 292 narrare
895 264 969 297 dicit,

183 321 235 340 non
250 313 325 347 quasi
340 311 450 339 doctore
464 315 556 346 egeat.
573 310 619 338 sed
636 315 665 337 ut
683 310 719 338 illi
733 310 852 342 credant,
869 309 936 337 nillil
955 317 970 337 a

181 367 212 386 se
233 358 329 385 falsum
347 357 409 385 dici.
427 357 502 390 Quod
518 361 607 384 autem
621 356 687 384 dicit
700 356 827 389 Joannes,
841 356 881 384 sic
895 355 973 383 intel-

183 404 234 439 ligo
249 413 256 430 :
270 403 333 430 Mihi
348 410 416 437 optts
427 407 468 430 est
482 402 573 430 audire
586 401 620 429 ab
636 402 692 429 illo.
713 401 780 428 Nam
798 401 832 428 de
845 401 912 429 catlo
927 409 973 429 ve-

183 449 236 482 nit,
256 453 283 476 et
296 448 412 475 cmlestia
428 447 549 480 nuntiat,
564 455 623 482 qua:
636 446 711 474 solus
725 446 780 480 ipse
792 446 862 473 clare
875 446 947 473 novit
962 454 969 478 ;

183 502 243 522 nam
259 493 334 526 illud,
351 493 452 520 Audiuit
471 497 494 520 et
510 493 582 525 vidit,
598 492 648 520 hoc
659 492 799 527 signiﬁcat.
815 491 848 518 Et
862 492 972 519 testimo-

184 540 252 567 nium
265 541 321 575 ejus
334 547 405 566 nemo
418 539 519 573 accipit.

216 584 327 612 Joannis
344 584 464 618 discipuli
481 583 582 610 Christo
601 591 651 610 non
665 582 834 609 crediderant.
844 597 879 602 -
892 583 970 618 Atqui

182 630 330 666 discipulos
345 629 437 656 habuit
455 634 484 656 et
502 629 577 656 multi
600 629 680 656 dictis
701 629 758 663 ejus
773 628 969 661 attendebant;

182 683 231 703 cur
251 683 315 710 ergo
336 675 416 707 dicit,
433 673 516 701 Nemo
536 673 649 708 accipit?
663 673 719 701 IIoc
733 678 785 706 est,
799 673 878 701 Pauci
900 674 972 701 acci-

183 721 268 755 piunt.
287 720 352 747 Nam
368 720 389 747 si
412 720 544 747 neminem
559 720 687 753 dixisset,
702 726 750 746 cur
765 719 948 754 subjunxisset
961 728 968 746 :

182 767 226 795 '53.
243 767 294 800 Qui
312 767 407 801 accepit
425 767 480 801 ejus
501 767 681 799 testimonium,
701 766 808 801 signavit
829 766 888 801 quia
902 765 970 793 Deus

182 822 260 841 veras:
272 819 308 840 est
322 814 334 840 .9
351 813 400 840 Hic
411 813 556 848 discipulos
571 820 634 840 suos
649 812 821 848 perstringit,
839 819 870 839 ac
882 812 903 839 si
917 819 969 839 non

183 859 294 886 multum
314 858 338 886 ei
357 858 482 886 credituri
496 862 595 886 essent.
607 857 681 891 Quod
696 857 766 885 enim
781 865 866 893 neque
879 861 968 892 postea

183 905 232 938 ipsi
256 903 435 937 crediderint,
452 903 536 938 palam
559 909 601 930 est
621 910 652 930 ex
672 903 854 938 sequentibus.
869 902 970 930 Idcirco

182 950 242 977 illos
258 950 282 977 in
302 957 409 977 carcere
423 949 541 976 inclusus
560 949 630 976 misit
644 949 676 977 ad
690 957 750 977 eum
762 970 770 982 ,
784 953 813 976 ut
825 948 898 983 ipsos
912 956 969 976 ma-

180 996 221 1030 gis
241 994 292 1030 ipsi
311 999 489 1022 connecteret.
507 995 546 1022 Illi
566 1002 629 1022 vero
645 999 707 1022 tunc
727 994 806 1022 etiam
823 994 865 1021 vix
881 994 969 1022 credi-

180 1041 296 1074 derunt,
311 1039 381 1076 quod
395 1040 567 1068 subindicans
581 1040 702 1068 Christus
722 1040 798 1073 dixit,
814 1039 909 1067 Beatus
925 1040 970 1074 qui

181 1095 231 1114 non
245 1087 321 1121 fuerit
334 1086 520 1114 scandalizatus
533 1086 559 1113 in
575 1095 613 1113 me
628 1086 638 1122 (
651 1086 743 1113 Matt/1.
761 1087 805 1113 II.
819 1086 835 1114 6
850 1087 870 1120 ).
891 1085 969 1113 Nulla

181 1133 261 1168 igitur
283 1133 334 1159 alia
358 1132 392 1160 de
405 1139 486 1159 causa
500 1132 579 1164 dicit,
593 1131 628 1158 Et
641 1132 809 1159 testimonium
830 1132 883 1166 ejus
897 1138 969 1158 nemo

179 1180 283 1215 accipit,
305 1188 383 1216 quam
398 1185 426 1207 ut
438 1179 584 1214 discipulos
599 1186 662 1206 suos
676 1178 790 1210 erudiat,
808 1185 839 1205 ac
851 1178 874 1205 si
893 1177 967 1205 dice-

180 1230 222 1253 ret
238 1234 245 1252 :
265 1225 303 1253 Ne
321 1226 417 1260 putetis
431 1225 491 1260 quia
509 1224 584 1260 pauci
600 1223 726 1252 credituri
742 1227 817 1257 stmt,
833 1223 891 1250 ideo
903 1223 968 1249 falsa

180 1271 224 1298 illa
249 1279 308 1298 esse
322 1279 380 1305 qua:
395 1270 529 1298 dicuntur.
544 1270 609 1297 Nam
630 1270 693 1303 Quae
706 1269 778 1301 vidit,
797 1273 910 1300 testatur,
926 1268 968 1295 in-

178 1317 248 1352 quit.
264 1316 326 1343 IIa-c
342 1323 422 1350 porro
436 1315 511 1347 dicit,
529 1320 557 1342 ut
573 1314 651 1342 simul
665 1314 816 1342 Juda‘ornm
833 1314 966 1348 ignaviam

179 1362 358 1397 perstringat;
374 1365 401 1388 ut
420 1362 445 1388 in
466 1360 596 1396 principio
610 1360 744 1395 Evangelii
760 1360 833 1395 ipsos
847 1359 967 1394 coarguit

180 1410 221 1436 his
236 1409 324 1436 verbis
340 1417 347 1435 :
362 1407 394 1434 In
407 1408 510 1442 propria
531 1408 606 1439 venit,
620 1411 643 1434 et
664 1407 704 1434 sui
723 1415 780 1434 eum
801 1414 851 1432 non
866 1413 966 1440 recepe-

177 1459 247 1481 runt.
263 1453 317 1480 Hoc
331 1458 418 1481 autem
433 1461 485 1480 non
498 1452 640 1484 venientis,
654 1451 701 1479 sed
716 1458 767 1478 non
781 1450 965 1485 recipientium

179 1505 317 1535 peccatum
333 1504 385 1528 est.
402 1499 451 1532 Qui
462 1499 556 1534 accepit
571 1500 625 1534 ejus
639 1498 816 1529 Iestimonium,
829 1496 965 1532 obsignavit

176 1547 236 1579 quia
256 1545 322 1572 Deus
342 1554 417 1572 verax
431 1550 477 1572 est.
493 1544 540 1572 IIic
556 1545 615 1571 illos
628 1547 758 1576 exterret,
775 1550 835 1570 cum
851 1542 967 1569 ostendit

175 1599 238 1619 eum
253 1591 297 1626 qui
315 1591 422 1618 Christo
435 1598 486 1617 non
500 1589 595 1623 credit,
616 1597 667 1616 non
681 1589 760 1615 modo
774 1595 825 1615 non
845 1588 904 1622 ipsi,
919 1587 964 1614 sed

177 1644 265 1672 neque
279 1637 349 1664 Patri
361 1636 470 1663 credere
484 1644 490 1667 ;
505 1635 676 1670 quamobrem
690 1633 780 1669 adjicit
796 1643 802 1661 :
820 1633 864 1660 54.
885 1633 965 1666 Quem

176 1683 244 1709 enim
267 1682 334 1708 misit
353 1680 431 1714 Deus,
447 1682 521 1708 verba
533 1680 580 1707 Dei
593 1680 712 1715 loquitur.
728 1679 793 1712 Quia
808 1686 871 1714 ergo
884 1678 964 1705 verba

175 1717 236 1762 ejus
258 1727 383 1762 loquitur,
398 1731 425 1754 et
449 1726 561 1753 credens
587 1725 623 1752 illi
648 1724 742 1757 credit,
759 1728 786 1751 et
810 1723 964 1751 incredulus

177 1774 214 1801 illi
231 1781 284 1800 non
299 1773 394 1800 credit.
415 1772 482 1800 Illud
504 1777 604 1805 autem,
621 1772 778 1807 Obsignavit,
800 1771 826 1798 id
846 1775 896 1802 cst,
911 1770 963 1797 Os-

177 1819 271 1848 tendit.
293 1819 435 1854 Postquam
459 1819 515 1846 hmc
537 1818 604 1845 dixit
616 1822 642 1845 et
656 1818 777 1845 timorem
792 1817 880 1849 auxit,
898 1815 965 1850 adji-

174 1865 212 1892 cit
225 1874 231 1891 :
249 1865 315 1897 Quia
328 1864 396 1891 Deus
408 1872 483 1891 verax
495 1869 550 1896 est;
564 1863 725 1898 signiﬁcans,
740 1862 874 1889 neminem
886 1868 963 1896 posse

175 1911 214 1938 illi
235 1918 287 1937 non
303 1910 423 1942 credere,
440 1910 489 1937 nisi
504 1909 632 1936 mendacii
648 1913 739 1943 arguat
755 1908 836 1934 Deum
857 1906 900 1942 qui
914 1906 964 1933 mi-

175 1956 212 1983 sit
233 1956 330 1990 ipsum.
351 1955 480 1989 Quoniam
496 1955 575 1990 igitur
595 1954 659 1982 nihil
680 1957 753 1981 extra
767 1960 798 1980 ea
822 1960 881 1988 qua:
903 1955 964 1979 suttt

177 2002 265 2030 Patris
279 2001 343 2029 dicit
356 2001 487 2033 Christus,
509 2000 555 2028 scd
578 2000 665 2027 omnia
681 2000 752 2027 illius
765 2003 826 2026 sunt
840 2007 848 2031 ;
864 1999 908 2032 qui
925 1998 964 2032 ip-

176 2056 236 2075 sum
250 2055 302 2074 non
320 2047 401 2080 audit,
419 2048 567 2074 mittentem
587 2047 692 2074 Patretn
706 2053 757 2072 non
773 2044 856 2072 audit.
870 2043 963 2072 Viden’

175 2093 311 2129 quomodo
329 2093 400 2128 ipsos
420 2100 467 2127 per
489 2092 545 2120 lucc
565 2093 644 2120 etiam
665 2091 815 2128 percellat?
830 2091 964 2118 Ilactentts

176 2140 248 2166 enim
263 2139 327 2166 nihil
341 2146 422 2174 grave
437 2137 566 2174 putabant
576 2145 636 2165 esse
649 2137 781 2165 Christum
795 2144 846 2164 non
860 2136 962 2163 audire.

179 2185 240 2213 Ideo
255 2189 357 2212 tantum
381 2184 526 2218 pericultnn
542 2183 685 2211 incredulis
701 2182 855 2218 impendere
870 2186 964 2209 osten-

175 2231 232 2265 dit,
246 2235 276 2258 ut
300 2230 404 2257 discant
422 2229 557 2257 Christum
581 2236 632 2255 non
655 2228 746 2255 audire
769 2227 882 2262 idipsum
904 2234 964 2254 esse

176 2277 247 2312 quod
264 2277 345 2304 Deum
366 2284 417 2303 non
434 2276 536 2302 audire.
556 2275 657 2302 Deinde
678 2274 857 2309 prosequitur,
878 2273 964 2300 imbe-

176 2324 278 2351 cillitati
301 2323 399 2350 mentis
418 2329 509 2350 eorum
526 2330 555 2350 se
569 2326 764 2356 attemperans,
787 2321 828 2348 his
852 2320 962 2348 verbis:

178 2371 238 2399 Non
255 2371 322 2398 enim
340 2371 374 2397 ad
387 2378 528 2397 mensuram
547 2370 591 2396 dat
609 2368 677 2396 Deus
698 2368 833 2403 Spiritum.
850 2367 962 2399 Rursus,

178 2421 207 2443 ιιι
220 2417 285 2448 dixi,
296 2416 428 2443 httmiliori
443 2415 522 2442 ntodo
531 2415 659 2450 loquitur,
674 2414 712 2441 sic
729 2413 835 2440 varians
848 2412 881 2440 ad
897 2411 964 2439 lacl~

178 2462 271 2489 liorem
285 2462 435 2489 auditorum
457 2466 562 2495 captum
579 2469 587 2493 ;
612 2467 663 2487 non
679 2459 749 2487 enim
766 2462 869 2494 poterat
886 2457 966 2486 aliter

178 2512 276 2535 metum
289 2514 397 2542 angere.
413 2506 479 2534 Nam
493 2506 514 2533 si
526 2505 588 2541 quid
602 2505 635 2533 de
650 2505 707 2539 ipso
721 2511 844 2539 magnum
859 2507 887 2530 et
898 2502 963 2530 sub-

178 2553 240 2581 lime
261 2554 388 2585 dixisset,
405 2560 456 2580 non
479 2552 668 2584 credidissent,
683 2550 730 2578 sed
755 2550 780 2577 id
798 2549 872 2576 nihili
888 2549 966 2576 iecis-

179 2604 248 2627 sent.
263 2599 324 2626 Ideo
336 2599 368 2626 ad
379 2599 483 2626 Patrem
493 2602 577 2624 totum
589 2596 680 2629 refert,
693 2596 727 2623 de
740 2595 847 2622 Christo
860 2595 964 2621 interim

179 2646 253 2681 quasi
267 2645 302 2673 de
316 2644 424 2672 homine
434 2645 555 2679 loquens.
571 2643 639 2676 Quid
655 2649 719 2670 vero
733 2641 863 2677 signiﬁcat
877 2641 939 2668 illud
956 2650 964 2668 :

180 2691 240 2719 Non
260 2692 295 2718 ad
319 2699 461 2717 mensuram
480 2690 523 2716 dat
546 2689 613 2716 Deus
628 2688 843 2724 Spiriltmt?Nos
860 2695 962 2718 omnes,

179 2738 214 2764 ait
225 2758 232 2769 .
248 2737 281 2764 ad
301 2744 453 2764 mensuram
467 2736 580 2770 Spiritus
593 2735 774 2769 operationem
788 2733 939 2767 accepimus
953 2742 961 2765 ;

179 2791 226 2818 per
240 2783 368 2818 Spiritttm
391 2782 461 2810 enim
484 2782 525 2808 hic
545 2781 726 2816 operationem
744 2779 867 2813 intelligit
886 2788 892 2805 :
909 2779 965 2805 lucc

179 2830 276 2865 quippe
302 2835 334 2856 ea
358 2832 401 2855 est
423 2834 482 2862 qum
507 2826 675 2854 distribuitur
696 2834 703 2851 :
730 2824 773 2852 hic
798 2831 861 2852 vero
882 2828 962 2852 totam

336 2882 473 2913 ΡΑτιιοιη
498 2882 555 2912 Gn.
580 2882 658 2912 LIX.

695 116 726 144 IN
745 116 899 145 JOANNEM
918 117 1033 146 IIOMIL.
1054 117 1137 146 XXX.
1158 119 1193 146 al.
1215 119 1310 147 XXIX.

1763 121 1813 149 ω

1029 175 1102 202 illam
1125 175 1182 202 sine
1209 184 1333 205 mensura
1357 176 1438 205 habet
1458 177 1652 212 operationem.
1677 179 1704 207 Si
1724 184 1812 207 autem

1025 220 1145 255 operatio
1157 221 1215 256 ejus
1228 223 1357 251 immensa
1371 228 1412 252 est
1425 223 1508 251 multo
1521 224 1606 259 magis
1618 225 1677 259 ejus
1689 226 1813 252 substan-

1026 265 1072 292 tia.
1088 265 1180 293 Viden'
1191 266 1319 301 Spiritum
1334 269 1413 296 etiam
1425 269 1584 297 immensum
1595 269 1674 298 esse?
1685 270 1735 303 Qui
1749 278 1814 305 ergo

1025 314 1107 337 totam
1133 311 1247 345 Spiritus
1269 313 1450 347 Operationem
1474 315 1597 350 accepit;
1620 315 1665 349 qui
1688 323 1730 348 ea,
1753 323 1813 351 qua:

1025 360 1087 383 sunt
1108 356 1172 389 Dei,
1196 359 1288 391 novit;
1311 359 1355 394 qui
1380 359 1465 387 dicit:
1483 361 1556 393 Quod
1574 362 1716 389 audivimus
1731 363 1813 396 loqui-

1024 409 1091 434 mur,
1114 406 1136 428 et
1154 403 1222 437 quod
1235 403 1342 431 vidimus
1363 408 1504 436 testamur;
1517 407 1651 440 quomodo
1665 407 1750 441 possit
1765 415 1811 434 sn-

1023 451 1130 480 spectus
1153 447 1267 475 haberi?
1285 447 1356 475 Nihil
1369 449 1440 476 enim
1460 449 1524 476 dicit
1543 451 1613 485 quod
1635 459 1688 479 non
1702 452 1737 479 sit
1753 453 1810 484 Dei,

1024 491 1090 518 nihil
1109 492 1181 524 quod
1202 500 1254 520 non
1275 493 1310 520 sit
1330 493 1455 528 Spiritus.
1477 494 1562 530 Atque
1577 496 1681 524 interim
1695 497 1762 524 nihil
1777 497 1812 525 de

1025 536 1079 563 Deo
1086 536 1173 564 Verbo
1189 538 1315 572 loquitur,
1329 539 1376 566 sed
1384 547 1417 567 ex
1429 540 1506 567 Patre
1515 544 1542 567 et
1553 549 1584 568 ex
1597 541 1696 575 Spiritu
1709 543 1810 570 doctri-

1023 590 1064 610 na:
1084 590 1139 610 sua:
1162 583 1241 612 ﬁdem
1256 585 1390 614 conciliat.
1406 585 1481 619 Quod
1497 585 1564 612 Deus
1579 591 1651 613 esset
1666 593 1810 622 noverant,

1023 628 1093 662 quod
1107 628 1222 663 Spiritus
1241 633 1313 657 esset
1331 629 1468 662 sciebant,
1482 629 1532 658 etsi
1551 638 1604 658 non
1620 637 1811 666 congruentem

1023 672 1057 700 de
1071 674 1116 701 illo
1128 675 1279 709 opinionem
1293 675 1422 703 haberent
1437 685 1443 703 ε
1457 676 1527 711 quod
1541 681 1630 704 autem
1646 677 1730 705 Filius
1741 683 1813 705 esset

1023 720 1186 748 nesciebant.
1208 721 1271 749 Ideo
1284 729 1390 756 semper
1409 722 1442 749 ad
1457 722 1563 749 Patrem
1585 727 1613 749 et
1631 723 1663 750 ad
1684 723 1810 757 Spiritum

1022 766 1157 800 confugit,
1173 771 1202 794 ut
1214 767 1292 795 dictis
1312 767 1391 795 ﬁdem
1408 768 1542 796 conciliet.
1558 767 1624 795 Nam
1640 769 1661 795 si
1682 769 1742 804 quis
1762 768 1812 796 hac

1022 811 1124 839 sublata
1145 820 1240 846 causa,
1265 820 1416 841 sermonem
1442 821 1489 848 per
1504 821 1533 841 se
1553 813 1717 846 consideret,
1733 813 1811 848 longe

1022 856 1097 884 abest
1111 865 1125 884 a
1140 857 1269 892 dignitate
1289 856 1396 885 Christi.
1412 858 1468 886 Non
1484 858 1554 885 enim
1571 858 1631 886 ideo
1644 858 1695 887 ﬁde
1715 858 1809 893 dignus

1023 902 1087 938 ipsis
1101 907 1168 936 erat,
1179 903 1249 938 quod
1263 904 1376 938 Spiritus
1390 904 1572 938 operationem
1584 903 1693 931 haberet
1711 914 1717 932 :
1733 904 1811 939 quip-

1022 955 1055 982 pe
1068 948 1112 982 qui
1128 955 1180 975 non
1197 954 1272 983 egeat
1286 949 1384 976 auxilio
1396 949 1477 981 illius,
1492 949 1538 976 sed
1552 949 1600 976 sibi
1616 949 1672 984 ipse
1685 949 1809 976 sufﬁciat.

1022 992 1129 1021 Interim
1143 1002 1207 1021 vero
1220 994 1367 1022 secundum
1382 994 1573 1029 simpliciorum
1595 995 1747 1029 opinionem
1768 995 1811 1022 lo-

1021 1039 1122 1074 quitur,
1136 1045 1165 1067 ut
1174 1040 1208 1068 ab
1222 1040 1408 1068 humilioribus
1423 1040 1548 1075 paulatim
1563 1040 1622 1068 illos
1637 1041 1731 1075 erigat.
1748 1040 1811 1067 Ihrc

1021 1090 1109 1113 autem
1123 1085 1184 1113 dico
1195 1106 1201 1118 ,
1215 1090 1244 1113 ut
1259 1093 1294 1113 ne
1311 1086 1398 1113 obiter
1413 1086 1558 1121 Scriptura:
1569 1086 1638 1113 dicta
1653 1091 1811 1121 praetercur-

1020 1139 1119 1165 ramus,
1134 1131 1180 1159 sed
1197 1136 1224 1160 et
1237 1132 1351 1160 dicentis
1366 1139 1475 1167 scopum
1489 1136 1517 1160 et
1529 1132 1680 1160 auditorum
1693 1132 1807 1160 imbecil-

1021 1178 1122 1206 litatem
1146 1179 1250 1215 aliaque
1276 1181 1358 1208 multa
1389 1180 1551 1215 exploranda
1577 1187 1637 1207 esse
1662 1180 1808 1207 discamus.

1021 1224 1151 1252 Doctores
1171 1225 1241 1252 enim
1263 1233 1315 1253 non
1330 1225 1418 1253 omnia
1440 1230 1469 1253 ιιι
1481 1225 1581 1253 vellent
1594 1225 1644 1260 ipsi
1659 1225 1808 1261 proferunt,

1020 1270 1067 1298 sed
1084 1270 1210 1306 pleraque
1229 1271 1262 1298 ad
1283 1271 1433 1298 auditorum
1453 1276 1558 1305 captum
1575 1270 1809 1304 inﬁrmitatemque

1022 1320 1180 1350 tentpcrant.
1203 1315 1265 1343 Ideo
1287 1316 1384 1343 Paulus
1408 1316 1446 1343 ait
1466 1325 1472 1342 :
1489 1315 1549 1342 Non
1573 1315 1642 1351 potui
1657 1315 1723 1342 vobis
1741 1315 1809 1351 loqui

1019 1362 1092 1395 quasi
1105 1362 1289 1396 spiritualibus,
1301 1363 1346 1389 sed
1358 1363 1431 1398 quasi
1449 1363 1601 1389 carnalibus.
1616 1361 1667 1389 Lac
1681 1363 1747 1390 vobis
1763 1371 1809 1397 po-

1019 1412 1071 1434 tum
1085 1408 1153 1442 dedi,
1166 1417 1216 1435 non
1229 1408 1311 1435 cibum
1325 1409 1361 1445 (I.
1372 1408 1430 1436 Cor.
1443 1409 1470 1436 5.
1481 1407 1555 1443 l.‘2).
1566 1408 1703 1441 Volebam,
1713 1408 1808 1443 inquit,

1019 1453 1094 1481 vobis
1109 1459 1136 1481 ut
1149 1454 1330 1488 spiritualibus
1351 1455 1432 1490 loqui,
1455 1461 1503 1482 nec
1522 1455 1605 1489 potui.
1626 1454 1713 1488 Quare
1726 1455 1738 1480 ’ἔ
1751 1454 1807 1481 Non

1018 1499 1088 1534 quod
1108 1500 1153 1527 ille
1168 1508 1220 1527 non
1235 1504 1342 1534 posset,
1358 1500 1404 1528 sed
1425 1500 1484 1535 quia
1507 1499 1544 1527 illi
1559 1507 1610 1527 non
1628 1503 1751 1534 poterant
1769 1499 1808 1526 sic

1018 1544 1121 1572 audire.
1134 1544 1180 1572 Sic
1188 1550 1215 1572 et
1227 1544 1342 1572 Joannes
1355 1545 1462 1572 volebat
1474 1552 1567 1579 magna
1577 1544 1697 1580 quaedam
1709 1544 1807 1571 docere

1017 1591 1174 1626 discipulos,
1189 1591 1236 1618 sed
1259 1591 1284 1618 id
1300 1591 1336 1618 illi
1352 1590 1468 1618 nondum
1482 1598 1578 1625 capere
1594 1594 1726 1625 poterant.
1744 1589 1806 1617 Ideo

1018 1635 1044 1663 in
1056 1636 1240 1664 humilioribus
1254 1636 1369 1664 maxime
1383 1641 1515 1664 versatur.

1052 1682 1078 1709 5.
1100 1682 1244 1717 Diligenter
1259 1682 1337 1718 igitur
1356 1682 1444 1709 omnia
1466 1685 1528 1708 sunt
1551 1680 1724 1716 exploranda.
1740 1680 1805 1708 Nam

1017 1728 1160 1763 Scriptura:
1178 1728 1248 1755 dicta
1271 1728 1418 1763 spiritualia
1439 1735 1513 1755 arma
1535 1732 1606 1754 sunt.
1625 1727 1723 1755 Verum
1737 1728 1759 1754 si
1774 1735 1806 1754 ea

1016 1774 1142 1808 adaptare
1154 1779 1179 1802 et
1193 1774 1337 1809 discipulos
1352 1774 1434 1809 probe
1447 1782 1551 1801 armare
1565 1774 1725 1806 nesciamus,
1749 1774 1806 1808 ipsa

1016 1819 1122 1854 quidem
1136 1827 1211 1847 suam
1227 1820 1279 1847 vim
1294 1819 1410 1853 habent,
1426 1819 1473 1847 sed
1494 1819 1603 1846 armatis
1617 1819 1721 1846 inutilia
1732 1823 1805 1846 sunt.

1016 1866 1204 1902 Supponamus
1216 1874 1276 1894 esse
1285 1866 1390 1893 ﬁrmum
1401 1866 1547 1899 thoracem,
1559 1865 1670 1900 galeam,
1681 1865 1804 1900 clypeum

1015 1917 1043 1941 ct
1055 1915 1172 1940 hastam:
1183 1912 1280 1940 deinde
1292 1920 1364 1939 arma
1379 1912 1422 1940 illa
1433 1912 1492 1947 quis
1501 1912 1623 1947 accipiat,
1636 1916 1662 1938 et
1671 1911 1805 1938 thoracem

1017 1959 1142 1994 pedibus;
1156 1959 1258 1994 galeam
1270 1967 1322 1986 non
1338 1959 1427 1995 capiti,
1444 1959 1491 1986 sed
1505 1958 1603 1991 oculis;
1617 1959 1740 1994 clypeum
1752 1965 1804 1984 non

1017 2004 1127 2039 pectori,
1141 2004 1186 2032 sed
1202 2005 1312 2039 pedibus
1325 2004 1434 2039 adaptet
1447 2012 1454 2030 :
1465 2011 1497 2030 an
1508 2003 1605 2038 poterit
1618 2003 1659 2030 his
1671 2003 1754 2030 armis
1763 2003 1806 2037 ju-

1015 2050 1091 2077 vari‘!
1104 2057 1192 2077 annon
1205 2050 1292 2085 potius
1307 2049 1339 2077 iis
1353 2049 1483 2076 laedetur‘!
1499 2049 1564 2076 Illud
1588 2053 1661 2076 certe
1676 2048 1805 2083 qunidnnt

1015 2099 1066 2123 est.
1082 2094 1138 2122 Hoc
1149 2102 1213 2122 vero
1235 2103 1287 2122 non
1301 2102 1332 2121 ex
1347 2101 1481 2121 armorum
1498 2093 1678 2121 imbecillitate
1689 2114 1697 2126 ,
1712 2092 1758 2120 sed
1773 2100 1807 2119 ex

1016 2140 1147 2175 imperitia
1160 2140 1257 2168 utentis
1267 2140 1398 2175 provenit.
1414 2139 1449 2166 Ita
1465 2144 1492 2166 et
1505 2139 1531 2166 in
1542 2139 1697 2174 Scripturis,
1712 2139 1734 2166 si
1745 2139 1804 2166 illa-

1016 2193 1074 2212 rum
1097 2184 1218 2212 ordinem
1237 2184 1431 2212 confundamus
1444 2204 1452 2217 ,
1474 2183 1526 2211 illa:
1541 2191 1648 2218 semper
1660 2190 1707 2211 sua
1726 2188 1806 2211 erunt

1016 2231 1041 2258 vi
1057 2231 1194 2259 instructae
1209 2239 1215 2257 :
1231 2238 1280 2258 nos
1293 2238 1358 2258 vero
1370 2229 1435 2257 nihil
1448 2229 1587 2264 juvabunt.
1600 2229 1663 2257 llzec
1673 2229 1750 2257 vobis
1759 2237 1806 2265 pu-

1017 2278 1085 2305 blice
1097 2282 1124 2305 et
1135 2277 1255 2313 privatim
1269 2281 1404 2312 repetens,
1417 2276 1481 2303 nihil
1497 2275 1607 2311 proﬁcio
1621 2284 1628 2302 :
1643 2283 1704 2303 nam
1720 2284 1805 2304 stccn.

1017 2323 1117 2351 laribus
1131 2331 1178 2351 vos
1196 2330 1305 2357 semper
1323 2322 1404 2350 rebus
1423 2321 1543 2349 addictos
1561 2322 1696 2357 conspicio
1710 2343 1718 2355 ,
1741 2321 1804 2349 dum

1019 2368 1164 2403 spiritualia
1183 2368 1250 2395 nihil
1266 2367 1390 2403 penditis.
1405 2367 1467 2394 Ideo
1480 2371 1505 2394 et
1522 2366 1604 2394 vitam
1628 2367 1784 2402 negligimus
1797 2387 1804 2397 ,

1017 2420 1042 2443 et
1057 2423 1117 2443 cum
1128 2422 1176 2450 pro
1187 2415 1297 2442 veritate
1310 2418 1453 2446 certamus,
1469 2420 1521 2441 non
1538 2421 1632 2448 magna
1643 2413 1667 2440 vi
1683 2413 1804 2440 instructi

1016 2468 1119 2493 sumus,
1130 2460 1176 2488 sed
1190 2459 1293 2487 ridiculi
1305 2459 1451 2492 evadimus,
1465 2463 1518 2486 tum
1532 2459 1600 2493 apud
1612 2459 1736 2494 gentiles,
1749 2463 1805 2485 tum

1017 2506 1086 2541 apud
1098 2506 1204 2533 Judteos
1216 2509 1244 2533 et
1256 2505 1326 2541 apud
1342 2505 1492 2532 haereticos.
1504 2505 1579 2538 Quod
1593 2505 1614 2531 si
1628 2505 1653 2530 in
1666 2504 1727 2531 aliis
1737 2511 1805 2538 quo-

1017 2560 1069 2588 que
1080 2551 1160 2579 rebus
1173 2551 1230 2586 pari
1251 2550 1410 2585 negligentia
1422 2549 1562 2577 uteremitti
1575 2570 1583 2581 ,
1597 2556 1630 2576 ne
1642 2549 1680 2576 sic
1698 2547 1804 2582 quidem

1018 2597 1093 2625 vobis
1107 2601 1178 2624 esset
1198 2595 1398 2631 ignoscendum.
1414 2594 1511 2622 Verum
1527 2594 1553 2620 in
1566 2593 1739 2620 smeolaribus
1760 2599 1805 2620 ne.

1018 2644 1097 2679 gotiis
1111 2642 1222 2678 quisque
1234 2646 1352 2669 vestrum
1367 2646 1407 2668 est
1417 2640 1504 2675 gladio
1515 2639 1626 2672 acutior,
1641 2643 1694 2666 tam
1705 2639 1749 2674 qui
1761 2646 1806 2666 ar-

1020 2695 1059 2716 tes
1073 2692 1210 2721 exercent,
1222 2695 1300 2723 quam
1316 2687 1359 2722 qni
1373 2694 1416 2714 res
1429 2685 1520 2714 civiles
1531 2689 1654 2713 tractant.
1667 2684 1696 2712 In
1712 2692 1807 2713 neces-

1019 2735 1098 2761 sariis
1109 2740 1173 2760 vero
1196 2738 1224 2759 et
1243 2731 1424 2767 spiritualibus
1437 2751 1444 2764 ,
1461 2731 1547 2766 ignavi
1568 2738 1676 2765 prorsus
1694 2738 1784 2758 sumus
1797 2750 1805 2762 ,

1021 2779 1086 2807 levia
1107 2777 1187 2805 rebus
1207 2776 1284 2804 seriis
1303 2775 1483 2811 prtelerentes.
1508 2776 1573 2809 Qute
1592 2781 1680 2803 autem
1703 2776 1807 2803 caeteris

1020 2824 1143 2851 omnibus
1164 2821 1335 2850 antcferenda
1355 2825 1449 2855 erant,
1473 2821 1530 2848 luce
1555 2828 1589 2848 ne
1611 2821 1679 2849 levia
1700 2821 1806 2856 quidem

1589 2876 1619 2905 ll
