2041 3113
233 134 283 165 175

232 202 345 225 censere
353 195 502 230 dignamur.
513 192 554 219 An
564 188 671 218 nescitis
682 188 738 214 lucc
747 193 798 213 non
813 185 906 220 priscis
916 187 1017 230 tantum

235 229 394 272 hominibus
400 241 496 274 scripta
507 244 576 270 esse,
590 235 637 264 sed
647 233 726 262 etiam
737 233 815 260 nobis
830 231 860 258 1‘l
872 231 928 258 Non
943 229 1019 257 audis

235 289 345 317 Paulum
356 287 485 314 dicentem
501 292 508 311 :
526 282 589 311 Hac
602 281 635 309 ad
649 286 760 308 nostram
769 278 910 306 doctrinam
925 276 1019 310 scripta

233 339 303 368 sunt,
317 333 349 360 ad
361 339 423 368 quos
444 331 506 365 ﬁnes
518 328 667 357 surculorum
678 326 828 354 devenerunt
844 323 882 360 (l.
896 321 955 350 Cor.
971 321 1016 348 10.

234 380 280 416 Η)
298 388 305 407 :
321 383 351 406 ut
374 384 418 413 per
440 375 585 411 patientiam
607 377 630 401 et
652 371 846 400 consolationem
868 368 1018 416 Scriptura-

232 413 289 451 rum
302 431 370 458 spem
384 421 518 449 habeamus
535 420 622 456 (Rom.
636 418 679 446 15.
694 418 721 453 ι)
740 425 747 444 :
762 416 824 444 Scio
837 413 1019 458 equidemﬂme

232 457 329 497 frustra
349 468 438 503 loqui,
460 466 507 494 sed
533 465 612 492 ﬁnem
635 462 740 491 dicendi
762 469 814 489 non
836 459 940 487 faciam.
957 457 1019 485 Haec

232 514 303 542 enim
324 512 445 540 faciendo
459 511 528 546 apud
547 511 630 537 Deum
650 511 791 536 excusatus
813 511 878 538 ero,
892 504 972 531 etiam
996 503 1018 529 si

233 560 321 587 nullus
334 558 433 586 audiat.
450 558 528 585 Certe
542 556 586 591 qui
597 554 703 582 attentis
716 552 842 588 loquitur,
859 547 1019 577 consolatio-

233 614 293 634 nem
308 613 342 634 ex
355 605 505 633 auditorum
528 601 699 637 obsequentia
719 598 816 633 accipit
834 605 840 623 :
862 595 906 631 qui
930 597 1019 645 autem

233 658 305 685 saepe
326 650 487 678 concionans
501 655 553 676 non
569 647 684 678 auditur,
700 651 750 671 nec
763 647 852 670 tamen
867 645 1019 668 concronari

267 729 276 744 ‘
293 727 391 758 Quidam
400 727 499 756 habent,
514 725 585 754 wbis,
599 730 651 755 pro,
661 721 736 748 nobis.

607 134 635 162 S.
654 130 790 161 JOANNIS
808 124 1041 158 CHRYSOSTOMI
1062 123 1219 152 ARCIllEP.
1239 125 1502 155 CONSTANTINOP.

1810 127 1858 155 176

1071 185 1170 215 cessat,
1198 180 1292 215 majori
1314 182 1423 216 prtemio
1442 182 1537 217 dignus
1551 182 1601 210 erit
1613 203 1620 215 ,
1641 183 1701 217 quia
1714 183 1859 210 secundum

1074 227 1121 254 Dei
1145 226 1290 261 placitum,
1306 227 1472 255 auscultante
1493 227 1618 260 nemine,
1635 227 1750 255 ofﬁciqu
1770 228 1861 262 impict

1070 279 1158 300 suum.
1174 271 1296 298 Altamen
1313 271 1375 298 licet
1388 271 1466 299 nobis
1486 272 1572 307 major
1586 279 1688 300 merces
1712 273 1745 300 ob
1766 280 1858 301 socor-

1071 318 1140 345 diam
1153 321 1268 344 vestram
1280 321 1399 351 paretur,
1413 317 1545 345 malumus
1560 317 1629 345 hanc
1642 318 1736 350 minui,
1750 322 1778 346 et
1790 318 1859 345 salu-

1072 363 1106 391 tis
1131 368 1227 390 vestrae
1251 370 1327 397 spem
1352 370 1412 390 essc
1436 363 1563 398 majorem
1587 372 1593 390 :
1618 363 1765 398 profectum
1788 365 1860 391 enim

1071 414 1188 438 vestrum
1208 409 1338 437 mercedis
1355 409 1414 437 loco
1433 409 1571 437 habemus.
1588 410 1621 437 Et
1637 410 1693 437 lucc
1709 417 1778 437 nunc
1791 410 1864 437 dici-

1071 464 1130 484 mus
1142 477 1149 490 ,
1165 464 1216 484 non
1237 461 1265 483 ut
1290 455 1395 483 molesti
1409 460 1436 483 et
1449 456 1554 483 onerosi
1569 456 1646 483 vobis
1660 456 1754 490 simus,
1773 457 1818 484 sed
1832 461 1862 484 ut

1071 502 1190 530 dolorem
1204 505 1323 528 nostrum
1334 500 1367 528 de
1379 500 1491 535 segnitie
1505 505 1591 528 vestra
1605 505 1762 535 conceptum
1779 501 1858 528 cxhi-

1071 547 1181 574 beamus
1195 555 1201 573 :
1216 553 1266 581 qua
1282 545 1381 573 utinam
1393 552 1442 572 nos
1452 552 1544 572 omnes
1557 545 1672 578 liberati,
1684 545 1860 580 spiritualium

1072 599 1160 619 rerum
1175 591 1262 619 studio
1275 591 1435 624 bzereamus,
1451 595 1479 618 et
1495 591 1611 618 caelestia
1624 591 1693 619 bona
1709 599 1859 627 consequa-

1072 645 1141 670 mur,
1156 637 1238 672 gratia
1251 641 1278 664 et
1289 636 1452 671 benignitate
1466 636 1569 664 Domini
1580 637 1662 664 nostri
1676 637 1741 665 Jesu
1748 637 1860 671 Christi,

1072 684 1177 719 quicum
1192 683 1262 711 Patri
1275 683 1358 718 gloria
1371 690 1476 718 unaque
1485 683 1595 718 Spiritui
1603 688 1708 718 sancto,
1723 684 1750 712 in
1761 685 1860 713 saecula

1073 729 1241 757 seculorum.
1257 729 1354 757 Amen.

237 810 265 817 κ
814 810 817 811 ν
871 835 1044 869 HOMILIA
1064 833 1186 865 XXXI.

236 908 281 935 55.
304 905 382 933 Pater
399 905 482 940 diligit
495 903 601 940 Filium,
615 906 640 930 et
651 901 735 929 omnia
745 899 813 927 dedit
827 899 853 926 in
865 905 942 925 manu
956 897 1019 932 ejus.

269 952 314 980 36.
336 951 386 984 Qui
400 936 478 977 credit
489 949 516 975 in
527 947 550 974 F
551 936 634 980 ilium,
646 946 718 974 habet
731 945 809 972 vitam
823 948 961 971 wternam:
977 939 1021 976 qui

269 1001 352 1024 autent
366 993 511 1022 incredulus
523 997 558 1020 est
572 992 652 1025 Filio,
666 999 716 1018 non
726 989 815 1018 ridebit
828 990 915 1021 vitam,
925 986 969 1014 sed
980 986 1021 1012 ira

269 1041 318 1070 Dei
330 1045 413 1068 manet
423 1047 498 1074 super
513 1046 580 1066 eum.

268 1089 295 1116 1.
316 1087 438 1122 Magnum
451 1083 679 1120 attemperationis
692 1086 720 1111 et
733 1079 904 1116 indulgentiae
916 1078 1019 1106 lucrum

234 1135 260 1161 in
275 1133 399 1161 omnibus
412 1131 493 1159 rebus
505 1130 668 1166 experimur.
684 1129 729 1156 Sic
750 1131 822 1155 artes
845 1124 1018 1162 perfecimus,

234 1186 286 1206 non
306 1182 416 1213 repente
430 1177 518 1204 omnia
532 1183 547 1203 a
559 1175 692 1210 magistris
708 1173 858 1205 discentes;
879 1170 918 1199 sic
938 1168 1020 1197 urbes

234 1224 441 1256 construximus,
455 1222 554 1250 sensim
577 1225 604 1248 et
628 1219 753 1255 paulatim
779 1216 956 1247 aedificantes;
980 1214 1019 1241 sic

233 1270 313 1298 vitam
325 1267 574 1297 sustentamus.Nec
587 1267 691 1294 mireris
703 1265 725 1293 si
736 1265 780 1292 hic
792 1263 886 1292 modus
900 1263 926 1289 in
942 1260 1020 1295 hujus

234 1316 294 1342 vitae
308 1314 387 1342 rebus
404 1317 504 1340 tantam
521 1313 574 1339 vim
595 1311 700 1343 haheat,
715 1309 819 1345 quando
833 1309 858 1336 in
872 1305 1017 1342 spirituali-

234 1360 285 1387 bus
298 1366 405 1394 quoque
427 1358 477 1385 hoc
496 1357 612 1392 prudens
634 1358 871 1391 temperamentum
889 1353 923 1380 ita
939 1351 1017 1378 valet.

233 1405 278 1432 Sic
301 1404 334 1432 ab
357 1403 506 1431 idololatria
531 1406 639 1437 potuere
660 1399 744 1428 Judaei
759 1398 843 1433 eripi,
858 1397 958 1426 sensim
974 1403 1018 1423 rc-

233 1450 305 1478 ducti
318 1458 326 1483 ;
339 1449 383 1485 qui
397 1456 411 1476 a
425 1447 553 1484 principio
566 1446 632 1474 nihil
645 1446 758 1474 sublime
767 1444 918 1477 audierunt,
933 1449 1019 1476 neque

234 1500 361 1531 quantum
376 1494 408 1522 ad
423 1494 557 1529 dogmata,
574 1500 660 1528 neque
673 1495 800 1526 quantum
816 1489 849 1517 ad
871 1490 931 1517 vita:
945 1488 1019 1515 insti-

233 1545 329 1568 tutum.
354 1539 399 1567 Sic
425 1539 504 1567 etiam
530 1543 590 1573 post
612 1537 708 1565 Christi
732 1536 890 1567 adventum,
915 1532 1019 1569 quando

234 1585 418 1614 sublimiorum
440 1584 592 1619 dogmatum
615 1587 720 1617 tempus
739 1585 806 1613 erat,
822 1586 915 1607 omnes
934 1579 1020 1606 addu-

235 1631 330 1659 cebant
344 1629 468 1665 apostoli,
483 1628 547 1656 nihil
562 1627 676 1655 sublime
689 1634 704 1653 a
726 1626 856 1661 principio
868 1625 1017 1660 loquentes.

235 1676 279 1704 Sic
291 1680 318 1703 et
329 1675 450 1702 Christus
465 1674 555 1701 multis
573 1681 588 1700 a
601 1672 730 1708 principio
744 1671 823 1699 verba
839 1670 959 1698 faciebat.
975 1669 1020 1697 Sic

233 1720 349 1748 Joannes
363 1727 433 1747 nunc
447 1719 510 1746 fecit
521 1718 554 1746 de
568 1718 613 1745 illo
625 1717 699 1752 quasi
715 1717 748 1744 de
761 1715 874 1743 mirabili
895 1715 1019 1750 quopiam

235 1765 343 1793 homine
361 1766 484 1800 loquens,
493 1763 668 1797 sublimiaque
690 1761 827 1789 obscurius
844 1761 1017 1788 interserens.

235 1810 312 1838 Initio
326 1818 439 1845 namque
450 1809 555 1836 dicebat
569 1817 575 1834 :
591 1807 651 1835 Non
667 1811 745 1842 potest
761 1806 836 1833 homo
850 1814 866 1833 a
879 1806 960 1840 seipse
975 1814 1019 1832 ac-

233 1855 317 1890 cipere
334 1855 479 1889 quidquam.
497 1853 596 1880 Deinde
617 1856 755 1887 postquam
771 1851 869 1886 aliquid
893 1858 1018 1886 magnum

235 1900 342 1935 adjecit,
358 1900 408 1933 Qui
420 1899 451 1927 de
461 1899 523 1926 cwlo
535 1899 610 1931 venit,
622 1906 699 1932 supra
716 1905 801 1924 omnes
813 1901 868 1928 est;
880 1903 972 1924 rursus
986 1896 1018 1924 ad

236 1945 346 1972 humilia
369 1944 516 1977 descendit,
533 1948 630 1978 praeter
651 1943 702 1969 alia
717 1942 798 1969 multa
821 1941 934 1969 dicens:
959 1941 1018 1968 Non

234 1990 301 2018 enim
316 1997 347 2017 ea:
361 1998 477 2016 mensura
490 1990 532 2016 dat
554 1985 623 2016 Deus
636 1988 780 2023 Spiritum;
803 1992 894 2022 postea
916 1994 1018 2019 rursus,

236 2035 316 2063 Pater
331 2036 415 2071 diligit
439 2034 547 2068 Filium,
561 2039 583 2062 et
608 2035 692 2061 omnia
715 2033 784 2060 dedit
804 2034 829 2060 in
856 2041 933 2060 manu
953 2033 1018 2068 ejus.

233 2082 298 2109 Inde
310 2081 559 2120 cumiutelligeret,
575 2084 675 2108 metum
688 2078 809 2114 supplicii
824 2086 945 2113 magnam
966 2078 1019 2104 titi-

234 2127 335 2155 litatem
351 2133 455 2161 parere,
471 2125 622 2160 multosque
644 2132 696 2152 non
719 2128 772 2151 tam
789 2123 927 2158 promissis
939 2130 1018 2158 quam

232 2171 483 2199 comminationibus
497 2171 608 2203 moveri,
627 2170 670 2198 hic
685 2171 790 2198 tandem
803 2168 902 2196 claudit
916 2176 1019 2196 sermo-

233 2224 294 2244 nem
308 2221 336 2244 ct
349 2217 402 2244 ait:
416 2217 465 2250 Qui
478 2216 555 2243 credit
568 2217 594 2243 in
607 2215 703 2243 Filium
714 2215 787 2241 habet
797 2215 872 2241 vilam
882 2219 1018 2241 aeternam:

231 2261 277 2296 qui
301 2269 358 2288 vero
377 2269 427 2288 non
449 2261 528 2288 credit
548 2260 627 2294 Filio,
648 2268 698 2287 non
718 2259 808 2286 videbit
823 2259 908 2293 vitam,
923 2259 967 2286 sed
980 2259 1018 2285 ira

232 2307 281 2334 Dei
294 2312 375 2335 manet
387 2315 462 2343 super
481 2315 548 2334 eum.
562 2307 677 2334 Rursum
703 2305 746 2333 hic
771 2305 804 2333 ad
826 2305 931 2332 Patrem
953 2311 1017 2339 sup-

233 2353 303 2389 plicii
328 2361 478 2382 sermonem
501 2352 593 2381 refert.
617 2351 675 2379 Non
696 2351 766 2378 enim
790 2350 865 2384 dixit,
882 2350 922 2378 Ira
945 2350 1016 2383 Filii,

232 2399 336 2426 etiamsi
365 2399 410 2427 ille
435 2398 470 2426 sit
481 2398 581 2433 judex;
605 2397 652 2424 sed
677 2396 782 2424 Patrem
807 2396 972 2428 memoravit,
990 2399 1018 2422 ut

231 2444 316 2479 magis
337 2449 459 2472 terreret.
472 2443 540 2471 Num
554 2450 619 2478 ergo
631 2442 737 2476 sufﬁcit,
754 2441 867 2477 inquies,
881 2442 907 2469 in
920 2441 1017 2469 Filium

231 2489 354 2524 credere,
365 2494 395 2517 ut
407 2490 460 2516 vita
472 2493 572 2516 aeterna
588 2487 735 2515 habeatur?
754 2487 936 2522 Nequaquam.
949 2487 1017 2514 Audi

232 2535 368 2563 Christum
392 2535 443 2562 hoc
467 2534 553 2569 ipsum
578 2533 757 2561 declarantem
781 2532 822 2560 his
836 2532 935 2565 verbis,
956 2531 1018 2559 Non

232 2580 313 2607 omnis
326 2580 369 2615 qui
381 2579 441 2606 dicit
461 2579 533 2612 mihi,
550 2578 670 2612 Domine,
685 2576 801 2610 Domine,
815 2577 918 2604 intrabit
936 2577 963 2603 in
975 2585 1016 2604 re-

231 2633 308 2661 gnum
321 2625 439 2652 culorum
451 2623 556 2661 (Matth.
573 2623 599 2649 7.
613 2621 678 2659 ‘21);
694 2627 720 2650 et
734 2621 898 2657 blasphemia
913 2622 940 2649 in
955 2621 1015 2656 Spi-

230 2670 312 2698 ritum
326 2670 424 2698 sufiicit
435 2673 464 2696 ut
475 2669 501 2696 in
514 2668 662 2703 gehennam
674 2669 732 2703 quis
745 2667 909 2695 dctrudatur.

268 2714 346 2741 Fides
368 2714 421 2741 sine
445 2714 495 2741 vita
510 2714 574 2741 bona
595 2713 659 2740 nihil
673 2713 785 2749 prodest.
802 2712 884 2748 Illud,
907 2714 945 2740 ira
959 2721 1015 2740 rna-

231 2764 278 2787 net
290 2767 370 2794 super
383 2766 455 2793 cum,
471 2767 569 2794 penam
588 2763 708 2786 attentam
721 2759 843 2794 designat.
854 2773 888 2778 —-
903 2759 936 2785 Et.
954 2759 1016 2793 quid

230 2805 291 2832 dico
304 2804 337 2832 de
354 2809 427 2839 parte
439 2804 588 2841 dogmatis?
609 2803 676 2831 Nam
691 2808 717 2831 et
729 2804 750 2831 si
768 2804 827 2839 quis
841 2808 913 2832 recte
926 2804 1017 2831 credat

230 2850 260 2877 in
270 2849 375 2878 Patrem
390 2854 416 2878 et
429 2850 525 2878 Filium
536 2855 563 2879 et
572 2849 698 2886 Spiritum
710 2850 870 2884 sanctum,si
881 2854 953 2878 recte
964 2857 1016 2877 non

1072 892 1229 926 vivat,nihil
1241 893 1289 928 ipsi
1302 892 1368 920 tidcs
1380 892 1538 927 proderitad
1550 892 1748 928 salutem.Ergo
1756 894 1858 928 quando

1072 938 1148 972 dicit,
1164 938 1227 965 Ilico
1241 942 1277 965 est
1290 938 1356 964 enim
1377 938 1427 964 vita
1441 943 1545 973 (eterna,
1560 943 1588 964 ut
1601 944 1752 974 cognoscant
1775 944 1798 966 te
1818 947 1858 966 so-

1073 984 1126 1011 lum
1147 991 1232 1010 verum
1245 982 1327 1009 Deum
1343 982 1430 1016 (Joan.
1452 983 1494 1010 l7.
1509 983 1549 1016 5),
1562 990 1595 1010 ne
1609 988 1730 1018 putemus
1747 984 1770 1011 id
1783 984 1860 1011 nobis

1072 1029 1105 1056 ad
1121 1029 1232 1056 salutem
1248 1028 1312 1057 satis
1323 1036 1390 1056 esse.
1404 1028 1476 1064 Opus
1489 1037 1601 1064 namque
1616 1029 1691 1056 nobis
1703 1034 1744 1057 est
1758 1034 1785 1057 et
1800 1030 1859 1057 vitae

1071 1079 1099 1103 et
1115 1083 1216 1102 morum
1233 1075 1354 1102 instituto
1375 1074 1487 1110 probo‘.
1511 1075 1544 1102 Et
1565 1074 1586 1102 si
1613 1074 1654 1102 hic
1677 1075 1784 1108 dixerit,
1810 1076 1859 1109 Qui

1071 1120 1150 1147 credit
1169 1120 1196 1147 in
1214 1119 1322 1153 Filium,
1343 1120 1416 1147 habet
1439 1120 1516 1146 vitam
1536 1124 1655 1147 teter-nam
1666 1128 1676 1152 ;
1698 1128 1790 1148 verum
1815 1129 1859 1148 se-

1071 1166 1178 1200 quentia
1191 1165 1374 1192 vehementius
1398 1165 1518 1200 protulit.
1540 1164 1632 1200 Neque
1647 1166 1718 1192 enim
1739 1173 1771 1193 ex
1783 1166 1860 1194 bonis

1073 1215 1185 1244 tantum,
1202 1211 1248 1238 scd
1261 1211 1340 1238 etiam
1355 1218 1388 1238 ex
1401 1210 1542 1238 contrariis
1558 1218 1710 1238 sermonem
1724 1212 1859 1244 contexit;

1071 1260 1098 1284 ct
1110 1256 1170 1284 vide
1189 1263 1243 1291 quo
1257 1261 1344 1291 pacto.
1367 1255 1448 1284 Infert
1461 1257 1543 1289 enim,
1561 1256 1610 1290 Qui
1625 1264 1674 1283 non
1688 1257 1766 1283 credit
1780 1256 1859 1290 Filio,

1072 1309 1121 1328 non
1134 1301 1224 1328 videbit
1243 1301 1330 1334 vitam,
1342 1301 1387 1328 sed
1401 1302 1439 1327 ira
1459 1300 1507 1327 Dei
1522 1306 1605 1327 manet
1621 1309 1695 1334 super
1705 1309 1770 1328 eum.
1787 1302 1862 1329 Atta-

1071 1354 1131 1373 men
1144 1353 1195 1373 non
1210 1345 1272 1373 hinc
1282 1345 1433 1380 inferimus,
1445 1347 1527 1373 solam
1539 1346 1619 1373 fidem
1632 1346 1665 1373 ad
1677 1347 1789 1374 salutem
1801 1354 1861 1376 esse

1071 1392 1153 1425 satis;
1169 1391 1239 1427 quod
1256 1392 1383 1426 probatur
1396 1399 1429 1419 ex
1442 1392 1520 1419 dictis
1533 1392 1695 1426 evangelicis
1717 1392 1862 1427 frequenti-

1072 1437 1132 1470 bus,
1145 1437 1241 1464 bonam
1251 1437 1334 1465 vitam
1351 1437 1543 1473 spectantibus.
1557 1438 1618 1465 Ideo
1631 1445 1683 1465 non
1698 1437 1774 1471 dixit,
1799 1438 1861 1465 "me

1071 1482 1126 1510 sola
1139 1483 1246 1511 estvita
1266 1487 1376 1516 aeterna,
1391 1490 1486 1518 neque.
1503 1482 1527 1510 ls
1539 1482 1582 1518 qui
1597 1483 1764 1510 solummodo
1777 1483 1862 1510 credit

1072 1528 1098 1555 in
1114 1527 1222 1560 Filium,
1240 1527 1320 1555 habet
1333 1528 1413 1555 vitam
1433 1532 1578 1561 mteruam;
1594 1528 1640 1555 sed
1656 1528 1681 1555 in
1698 1533 1810 1564 utroque
1822 1529 1862 1556 vi-

1071 1577 1125 1600 tam
1139 1580 1198 1601 esse
1211 1574 1351 1608 significat.
1367 1573 1446 1601 Certe
1459 1574 1481 1601 si
1496 1575 1549 1601 vita
1562 1575 1644 1609 proba
1659 1582 1710 1602 non
1724 1581 1860 1610 sequatur,

1071 1626 1196 1653 magnum
1222 1623 1349 1654 sequetur
1375 1619 1544 1654 supplicium.
1571 1620 1661 1655 Neque
1682 1620 1861 1654 dixit,Manet

1071 1670 1144 1695 eum,
1159 1663 1216 1696 sed,
1231 1663 1316 1691 Manet
1331 1673 1407 1699 super
1419 1672 1492 1697 eum;
1514 1665 1654 1692 declarans
1667 1673 1809 1700 numquam
1828 1666 1861 1692 ab

1072 1715 1105 1736 eo
1124 1708 1302 1736 discessuram
1328 1709 1394 1736 iram
1416 1716 1486 1737 esse.
1501 1709 1539 1737 Ne
1560 1714 1669 1746 putares
1691 1711 1761 1738 enim
1784 1711 1859 1744 illud,

1073 1753 1134 1781 Non
1155 1754 1245 1781 videbit
1267 1755 1352 1789 vitam,
1368 1760 1480 1784 mortem
1506 1761 1703 1791 temporancam
1724 1757 1859 1789 indicare;

1072 1798 1119 1827 sed
1134 1799 1258 1827 crederes
1273 1805 1428 1835 perpetuum
1440 1808 1499 1828 esse
1513 1802 1681 1836 supplicium,
1698 1802 1750 1830 hoc
1760 1803 1859 1830 dictum

1072 1845 1172 1879 posuit,
1188 1851 1216 1871 ut
1235 1845 1390 1873 ostenderet
1413 1846 1486 1873 illam
1507 1852 1636 1882 perpetuo
1651 1855 1759 1875 manere
1779 1854 1805 1876 et
1821 1849 1861 1876 in-

1072 1889 1169 1918 sidere.
1196 1890 1260 1918 lllud
1283 1896 1373 1918 autem
1389 1891 1458 1924 fecit,
1477 1896 1506 1919 ut
1526 1900 1573 1927 per
1588 1893 1645 1920 btcc
1667 1893 1756 1921 omnia
1777 1895 1859 1922 verba

1072 1936 1144 1971 ipsos
1166 1935 1199 1963 ad
1213 1936 1348 1964 Christum
1371 1937 1528 1972 impelleret.
1555 1937 1722 1974 Quapropter
1749 1947 1802 1966 non
1826 1939 1860 1967 ad

1073 1982 1133 2009 illos
1146 1982 1267 2017 privatim
1287 1983 1387 2010 monita
1409 1983 1508 2018 dirigit,
1521 1984 1567 2011 sed
1584 1984 1610 2010 in
1623 1985 1768 2017 communi,
1782 1990 1809 2013 et
1832 1990 1861 2013 ut

1072 2028 1188 2054 maxime
1211 2027 1283 2062 ipsos
1305 2028 1411 2055 allicere
1436 2033 1551 2063 poterat.
1572 2028 1628 2056 Non
1651 2030 1721 2056 enim
1741 2030 1817 2063 dixit,
1832 2031 1858 2058 Si

1073 2072 1198 2104 credatis,
1210 2071 1238 2099 Si
1253 2080 1304 2099 non
1318 2073 1453 2105 credatis;
1471 2073 1518 2102 sed
1532 2074 1558 2101 in
1583 2075 1716 2102 communi
1732 2075 1858 2110 loquitur,

1073 2121 1101 2144 ut
1115 2124 1173 2152 qua:
1187 2116 1311 2144 dicuntur
1325 2117 1389 2145 nulli
1405 2118 1458 2145 sint
1472 2118 1615 2154 suspicioai
1627 2120 1740 2146 obnoxia
1756 2129 1762 2147 :
1782 2120 1860 2154 idque

1073 2162 1134 2190 fecit
1148 2161 1343 2196 vehementius,
1358 2171 1436 2198 quam
1451 2163 1583 2192 Christus.
1600 2164 1665 2191 Nam
1679 2164 1801 2192 Christus
1820 2165 1861 2193 di-

1073 2209 1118 2241 cit,
1132 2208 1182 2241 Qui
1193 2217 1242 2236 non
1253 2209 1342 2241 credit,
1350 2210 1407 2244 jam
1417 2210 1548 2245 judicatus
1559 2216 1614 2243 est;
1630 2210 1672 2238 hic
1684 2215 1785 2244 autem,
1800 2210 1859 2238 Non

1072 2254 1162 2280 videbit
1183 2254 1269 2287 vitam,
1284 2254 1329 2281 sed
1343 2255 1381 2281 ira
1397 2255 1444 2281 Dei
1464 2260 1547 2282 manet
1571 2264 1647 2291 super
1669 2264 1744 2288 eum;
1760 2260 1787 2283 et
1800 2255 1860 2291 jure

1072 2299 1189 2334 quidem.
1204 2299 1296 2336 Neque
1311 2301 1380 2328 enim
1397 2301 1465 2328 idem
1477 2305 1518 2328 est
1539 2301 1654 2336 aliquem
1670 2302 1704 2329 de
1717 2302 1806 2337 seipse
1822 2303 1860 2329 lo-

1072 2345 1128 2379 qui,
1143 2349 1170 2372 et
1189 2345 1301 2373 alterum
1316 2345 1350 2373 de
1364 2346 1418 2373 illo.
1434 2346 1500 2373 Nam
1515 2346 1650 2374 Christum
1676 2352 1813 2382 putassent
1828 2355 1859 2375 ex

1071 2389 1215 2418 ambitione
1225 2395 1251 2418 et
1263 2390 1330 2418 fastu
1343 2399 1413 2426 smpc
1424 2391 1485 2418 talia
1499 2391 1585 2427 loqui:
1600 2392 1717 2420 Joannes
1731 2400 1796 2420 vero
1812 2392 1861 2420 huc

1071 2436 1180 2463 carebat
1199 2437 1361 2472 suspicione.
1379 2437 1454 2471 Quod
1474 2437 1496 2464 si
1519 2442 1611 2472 postea
1634 2438 1755 2465 Christus
1776 2438 1860 2466 vehe-

1071 2480 1203 2508 mcntiorc
1216 2489 1280 2509 usus
1294 2486 1335 2509 est
1357 2490 1491 2515 sermone,
1504 2483 1530 2510 id
1547 2487 1609 2510 tunc.
1624 2483 1695 2517 fecit,
1708 2484 1813 2519 quando
1827 2484 1862 2512 de

1071 2525 1129 2561 ipso
1139 2533 1260 2561 magnam
1273 2526 1406 2554 habebant
1419 2528 1580 2562 opinionem.
1593 2527 1668 2564 (Cap.
1678 2529 1705 2564 4)
1717 2530 1741 2556 Ι.
1755 2529 1789 2557 Ut
1802 2538 1861 2564 ergo

1070 2572 1183 2606 cognovit
1203 2571 1288 2604 Jesus,
1303 2572 1362 2607 quia
1381 2573 1515 2600 audierunt
1534 2573 1671 2608 Phariswi,
1693 2574 1761 2607 quod
1783 2575 1861 2602 Iesus

1071 2616 1155 2651 plures
1174 2617 1313 2651 discipulos
1328 2618 1398 2652 facit,
1415 2622 1438 2645 et
1457 2618 1584 2653 baptisat,
1600 2626 1674 2654 quam
1688 2619 1801 2646 Joannes
1816 2619 1859 2654 (‘2.

1069 2669 1220 2696 quamquam
1232 2661 1307 2688 Iesus
1322 2670 1372 2689 non
1387 2662 1534 2698 baptizarct,
1551 2663 1595 2691 sed
1607 2664 1724 2697 discipuli
1735 2664 1818 2699 ejus),
1832 2665 1859 2691 5.

1070 2708 1169 2734 secessit
1183 2715 1216 2734 ea:
1229 2707 1330 2741 Judwa,
1352 2713 1374 2735 et
1389 2710 1453 2735 venit
1472 2709 1498 2736 in
1514 2708 1657 2736 Galila'ant.
1675 2710 1732 2744 Ipse
1752 2709 1860 2744 quidem

1070 2761 1123 2781 non
1144 2754 1271 2788 baptizat,
1286 2754 1332 2782 sed
1358 2755 1443 2782 nuntii
1463 2763 1523 2782 cum
1544 2756 1642 2783 vellent
1666 2757 1795 2791 majorem
1822 2756 1860 2784 illi

1070 2798 1196 2826 invidiam
1207 2798 1334 2832 conflare,
1347 2799 1381 2826 ita
1395 2799 1554 2827 referebant.
1565 2801 1629 2833 Cur,
1647 2801 1758 2836 inquies,
1772 2808 1859 2829 seces-

1104 2855 1111 2870 ι
1129 2853 1202 2880 savii,
1219 2853 1289 2886 legit,
1305 2860 1398 2880 morum
1409 2853 1513 2881 instituto
1522 2856 1658 2888 purissimo.
