2041 3113
204 178 253 208 177

203 237 255 263 sit?
276 235 332 263 Non
346 235 417 270 quod
433 236 547 269 timeret,
562 235 608 263 sed
623 239 651 263 ut
666 235 772 263 invidi-.e
794 242 900 262 causam
914 241 982 267 pra:-

203 281 347 313 scinderet,
362 286 389 308 et
407 281 517 308 livorem
533 281 674 315 mitigaret.
697 281 803 308 Poterat
817 279 886 306 enim
900 286 928 306 se
941 286 987 313 ag-

204 325 357 361 gredientes
381 325 517 358 cohibere,
541 325 588 352 Sed
607 325 713 352 nolebat
737 324 799 352 illud
827 323 988 358 frequentius

204 379 293 406 agere,
308 379 341 398 ne
355 370 542 398 incarnationis
557 370 634 397 tidem
648 370 681 398 de
695 369 782 398 medio
796 369 910 396 tolleret.
921 368 987 396 Nam

203 418 225 444 si
241 424 312 451 smpe
327 416 510 451 deprehensus
524 416 679 450 auiugisset,
696 416 721 442 in
735 422 793 442 eam
807 414 876 448 apud
891 414 987 441 multos

203 461 381 496 suspicionem
397 461 522 487 venisset.
544 460 604 487 Ideo
619 460 702 487 multa
725 459 841 486 humano
855 465 929 486 more
951 458 988 485 fa-

203 507 299 534 ciebat.
324 506 359 534 Ut
379 507 450 534 enim
473 506 545 533 credi
561 505 654 537 voluit,
669 512 699 532 se
723 504 805 531 Deum
819 511 889 537 esse,
905 504 941 530 ita
960 507 988 530 et

207 561 313 581 carnem
325 557 454 589 gestasse.
467 553 528 580 Ideo
542 557 600 587 post
618 551 840 579 resurrectionem
855 550 987 585 discipulo

203 599 322 626 diccbat:
335 597 419 632 Palpa
431 603 454 625 et
465 598 531 630 vide,
542 597 600 632 quia
615 597 717 632 spiritus
729 604 829 623 carnem
839 600 861 623 et
871 603 927 622 oua
936 603 986 622 non

202 645 274 672 habet
290 643 363 680 (Luc.
375 644 419 671 2t.
435 643 491 678 59).
507 642 608 670 Idcirco
619 642 724 669 Petrum
739 642 884 676 increpavit
894 640 986 668 dicen-

204 695 268 722 tetn,
284 689 415 724 Propitius
430 692 481 715 esto
494 688 548 721 tibi,
561 695 611 714 non
633 687 678 714 erit
693 687 736 714 tibi
758 687 804 713 hoc
817 686 922 722 (Matth.
942 686 985 713 I6.

203 733 261 769 2‘2).
276 733 389 760 Tantum
403 741 434 760 ea
449 733 482 760 de
496 740 526 760 re
538 732 667 760 sollicitus
683 731 740 759 fuit.

237 780 265 806 2.
281 779 346 806 Nam
360 786 412 806 non
424 777 526 805 modica
542 777 598 805 hmo
611 781 652 805 est
665 777 734 804 ittter
744 776 867 804 Ecclesim
879 776 987 811 dogma-

202 830 228 853 ta
243 825 338 861 portio,
355 825 408 852 imo
418 824 509 852 salutis
529 828 626 851 nostrae
645 827 724 858 caput
735 843 742 855 ,
757 830 804 858 per
816 821 886 857 quod
897 821 985 849 omnia

204 872 269 899 facta
284 874 518 905 consummataque
530 873 601 897 sunt.
618 868 662 896 Sic
675 875 746 895 mors
765 867 851 895 soluta
861 888 868 900 ,
889 875 984 902 pecca-

203 923 258 945 tum
274 916 417 948 suhlatum,
430 915 597 942 maledictum
613 914 765 949 abrogatum
786 933 794 946 ,
810 913 945 940 innumera
959 912 985 939 in

202 962 284 988 vitam
316 965 434 988 nostram
461 959 566 987 inducta
594 959 661 986 bona
686 962 758 986 sunt.
786 958 847 986 ldeo
873 958 986 985 maxime

200 1007 377 1034 meonomiam
392 1006 465 1033 credi
479 1005 602 1038 volebat,
624 1012 682 1040 qua:
696 1004 770 1031 radix
788 1007 815 1031 et
829 1003 888 1030 fons
909 1002 986 1030 nobis

202 1053 402 1079 innumerorum
416 1051 502 1078 fuerat
514 1051 654 1078 bonorum.
680 1050 745 1076 Dum
759 1054 847 1077 autem
873 1049 985 1076 humana

201 1097 382 1132 dispensabat,
406 1104 458 1124 non
471 1095 575 1123 sinebat
588 1095 675 1122 divina
684 1094 830 1122 obseurari.
853 1093 919 1121 Cum
942 1101 985 1121 re-

201 1142 327 1170 cessisset
339 1149 412 1177 ergo,
427 1149 457 1169 ea
470 1141 536 1177 ipsa,
552 1149 609 1176 qua:
623 1140 703 1175 prius,
721 1144 835 1168 tractare
849 1139 985 1175 pergebat.

202 1187 293 1223 Neque
308 1187 378 1215 enim
392 1187 450 1214 sine
462 1194 542 1215 causa
556 1187 582 1214 in
593 1186 728 1214 Galilwam
743 1185 856 1219 abierat,
868 1185 914 1212 sed
928 1193 986 1212 ma-

201 1241 252 1268 gna
267 1241 362 1268 parans
372 1232 442 1268 apud
456 1233 635 1260 Samaritanos
647 1232 749 1267 negotia
761 1240 768 1265 ;
783 1239 832 1259 nec
845 1236 987 1267 utcumque

202 1280 246 1307 illa
261 1279 427 1314 dispensans,
443 1279 489 1306 sed
503 1283 598 1313 quanta
612 1285 660 1313 par
672 1278 719 1313 ipsi
734 1282 792 1306 erat
804 1277 945 1313 sapientia,
957 1281 986 1305 ut

203 1325 303 1351 trullam
317 1324 414 1352 Judmis
428 1323 469 1351 vel
483 1323 641 1358 impudentis
651 1323 828 1350 excusationis
842 1331 933 1350 ansam
947 1331 986 1350 rec

203 1371 335 1406 linqueret
349 1379 356 1398 :
371 1369 440 1405 quod
455 1369 625 1396 subindieans
635 1369 794 1403 evangelista
804 1369 948 1404 subiunxit,
958 1369 985 1397 tl.

204 1416 338 1451 Oportebat
352 1421 434 1442 autem
449 1415 518 1442 illum
529 1415 636 1441 transire
647 1423 691 1449 per
705 1414 849 1442 Samariam
860 1436 867 1448 ,
893 1419 922 1441 ut
944 1422 987 1442 os-

203 1463 324 1489 tenderet
343 1462 428 1496 ipsum
449 1461 499 1488 hoc
510 1461 584 1495 quasi
595 1461 681 1488 obiter
694 1459 799 1488 fecisse.
814 1460 857 1488 Sic
878 1465 904 1488 et
919 1467 984 1494 apo-

202 1508 263 1535 stoli
276 1507 398 1542 agebant.
413 1506 479 1534 Nam
495 1507 563 1534 sicut
577 1506 625 1539 illi,
637 1506 736 1534 Judaeis
750 1506 984 1542 persequentibus,

202 1553 235 1580 ad
246 1557 339 1587 gentes
353 1552 494 1580 veniebant
507 1561 514 1579 :
530 1551 565 1578 ita
579 1555 605 1580 et
620 1551 740 1579 Christus
750 1572 757 1583 ,
772 1551 878 1586 quando
900 1551 985 1586 ipsum

202 1598 345 1633 pellebant,
361 1602 422 1625 tunc
435 1602 527 1633 gentes
538 1597 636 1630 adibat,
650 1601 678 1624 ut
693 1597 718 1624 in
733 1597 936 1633 Syrophmnissa
948 1597 987 1625 [θ

202 1644 247 1671 cit.
257 1644 319 1671 ll:ec
330 1651 408 1678 porro
416 1643 454 1670 sic
464 1647 537 1678 gesta
549 1647 620 1674 sunt,
632 1644 753 1670 utomnis
760 1642 879 1671 defensio
887 1642 985 1670 ludatis

203 1689 349 1721 tolleretur,
364 1695 413 1715 nec
420 1688 509 1716 dicere
519 1693 636 1723 possent.
651 1687 733 1716 Nobis
746 1688 846 1716 relictis
861 1689 893 1715 ad
904 1689 985 1716 incir-

202 1735 334 1762 cumcisos
349 1734 483 1769 profectus
495 1738 545 1761 est.
557 1733 722 1769 Quapropter
732 1733 864 1768 discipuli,
883 1738 912 1761 ut
926 1741 986 1761 sese

203 1785 354 1817 purgarent,
382 1781 504 1808 dicebant
522 1789 529 1808 :
560 1780 634 1807 Vobis
646 1780 772 1815 oportebat
786 1781 895 1815 primum
917 1781 986 1815 loqui

203 1827 302 1854 verbum
312 1826 361 1853 Dei
373 1834 382 1853 :
396 1827 454 1861 quia
469 1834 526 1853 vero
536 1825 652 1860 indignos
666 1833 708 1852 vos
715 1825 848 1860 judicatir,
863 1833 918 1852 ecce
930 1833 986 1852 con-

202 1872 321 1899 rertimur
333 1872 366 1898 ad
386 1876 469 1906 gentes
482 1873 492 1906 (
508 1872 562 1897 Act.
577 1871 619 1898 l5.
642 1870 675 1898 46
689 1870 713 1905 );
730 1874 757 1897 et
781 1870 838 1905 ipse
861 1877 966 1898 rursum
976 1891 984 1904 ,

204 1917 264 1944 Non
276 1917 330 1944 veni
353 1918 402 1944 nisi
415 1917 448 1943 ad
479 1925 535 1944 oves
557 1924 612 1951 qua
638 1917 762 1951 perierunt
784 1916 873 1943 domus
897 1915 980 1943 Israel

204 1963 213 1998 (
231 1962 325 1990 Matth.
343 1963 385 1989 15,
399 1963 444 1989 Ἡ.
459 1963 469 1996 )
482 1970 488 1994 ;
501 1967 527 1990 et
543 1969 648 1989 rursum
660 1982 668 1994 ,
685 1961 744 1988 Non
763 1966 798 1988 est
811 1961 902 1988 bonum
915 1961 985 1989 acci-

203 2016 262 2042 pere
282 2016 371 2042 partem
390 2007 515 2041 ﬁliarum,
529 2011 551 2033 et
572 2006 632 2033 dare
655 2006 756 2033 canibus
771 2005 780 2041 (
796 2005 864 2032 Ibid.
877 2014 900 2033 υ.
913 2005 948 2034 26
964 2007 984 2041 ).

202 2053 270 2080 Cum
281 2058 367 2079 autem
384 2052 454 2078 illum
470 2051 634 2086 repulerunt,
650 2055 712 2078 tunc
733 2050 840 2085 januam
863 2050 986 2085 gentibus

202 2102 372 2133 aperuerunt.
382 2097 472 2132 Neque
485 2101 571 2123 tamen
584 2096 623 2124 sic
637 2095 669 2122 ad
682 2096 740 2123 illos
753 2095 885 2130 prmcipue
897 2095 987 2122 venie-

204 2145 259 2176 bat,
269 2143 316 2171 scd
328 2142 489 2169 transeundo
501 2146 612 2169 tantum.
627 2141 773 2169 Transiens
786 2140 880 2175 igitur,
892 2141 919 2168 5.
937 2139 985 2168 Ve‘

204 2191 239 2216 nit
251 2190 258 2204 '
274 2190 299 2215 in
313 2189 435 2215 civitatem
448 2188 571 2215 Samaria}
583 2209 590 2220 ,
601 2195 658 2222 qua:
671 2187 763 2214 dicitur
776 2187 885 2222 Sychar,
909 2195 987 2223 prope

203 2236 298 2266 locutu,
308 2242 380 2268 quem
389 2233 458 2260 dedit
470 2232 549 2260 Iacob
561 2232 655 2267 Ioseph
667 2232 719 2266 [ilio
733 2240 789 2259 suo.
811 2233 837 2259 6.
857 2231 921 2258 Erat
935 2240 985 2259 au-

203 2286 252 2307 lem
267 2280 318 2306 illic
332 2278 390 2313 [om
405 2278 556 2306 Jacob.Cur
566 2277 727 2312 evangelista
741 2278 773 2305 de
783 2278 841 2305 loco
856 2278 894 2304 sic
906 2285 985 2305 accu-

204 2329 262 2352 rate
283 2324 398 2359 loquitur
410 2324 422 2350 ?
436 2323 470 2351 Ut
482 2331 541 2350 cum
550 2322 665 2350 audieris
678 2322 815 2350 mulierem
829 2322 961 2350 dicentem
976 2342 986 2356 ,

203 2369 284 2396 Iacob
298 2373 369 2403 pater
381 2372 464 2395 noster
478 2367 545 2394 dedit
563 2367 633 2394 nobis
655 2367 720 2393 hunc
740 2372 843 2400 puteum
853 2387 860 2398 ,
875 2374 909 2394 ne
930 2371 988 2394 stu-

205 2420 278 2447 peas.
293 2412 358 2440 Nam
371 2412 446 2440 locus
459 2412 502 2439 ille
523 2416 595 2443 erat.
613 2412 655 2438 ubi
677 2419 725 2446 pro
740 2411 805 2439 Dina
821 2412 987 2446 indignantes

205 2459 268 2486 Levi
281 2462 308 2485 et
321 2458 437 2493 Symeon
449 2478 456 2490 ,
475 2464 579 2492 gravem
595 2457 665 2483 illam
689 2456 789 2484 ea-dem
805 2461 950 2491 patrarunt.

240 2503 459 2531 Samaritanorum
467 2502 569 2537 origo.—
576 2501 631 2528 Non
644 2501 690 2529 abs
700 2509 728 2529 re
737 2506 825 2529 autem
834 2501 923 2535 fuerit,
936 2510 986 2529 un-

204 2548 238 2576 de
248 2549 378 2583 originem
393 2548 535 2575 habuerint
547 2547 704 2575 Samaritani
716 2554 834 2575 narrare.
852 2547 919 2574 Nam
933 2551 986 2575 tota

205 2595 250 2621 illa
265 2595 337 2629 regio
350 2593 468 2621 Samaria
483 2597 601 2620 vocatur.
625 2592 700 2620 Unde
724 2600 788 2627 ergo
810 2593 848 2620 sic
862 2593 987 2627 appellati

204 2640 289 2666 sunt?
303 2639 399 2667 Somor
413 2646 489 2666 mons
513 2638 558 2665 ille
581 2639 764 2665 nominabatur
778 2646 792 2664 a
816 2638 929 2673 quodam
943 2638 988 2672 qui

206 2686 279 2713 illum
295 2685 463 2721 possederat,
475 2684 682 2717 utdicitlsaias,
707 2683 740 2711 Et
761 2689 836 2720 caput
863 2684 988 2712 Somoron

205 2730 330 2766 EpIn-aim
352 2732 361 2766 (
380 2730 444 2757 lsai.
460 2731 486 2757 7.
498 2730 514 2758 9
529 2730 538 2765 )
551 2739 559 2762 ;
575 2730 620 2757 sed
631 2731 675 2765 qui
689 2730 760 2757 illum
776 2730 924 2757 incolebant
935 2737 987 2757 non

205 2777 375 2808 Samaritani,
387 2776 433 2803 sed
447 2775 572 2803 Israelita:
584 2776 753 2802 vocabantur.
769 2775 798 2802 In
813 2775 927 2803 decursu
941 2783 987 2802 ve-

236 2843 244 2859 ί
260 2843 285 2867 lu
298 2843 378 2867 Morel.
392 2842 495 2875 legitur:
506 2843 666 2875 «transeundo
676 2846 774 2868 ttmtmn.
791 2843 828 2869 sic
840 2843 937 2869 cons:lio
946 2850 989 2869 suo

204 2875 330 2904 pata/iacto,
342 2874 512 2906 pergit'dt‘ccns
525 2874 619 2904 :I'enit,
633 2878 681 2899 etc.

713 176 745 205 IN
763 177 920 206 JOANNEM
939 177 1053 204 llOMlL.
1075 177 1169 204 XXXI.
1186 178 1220 205 al.
1243 178 1325 206 XXX.

1773 183 1824 211 I78

1043 240 1073 259 ro
1085 235 1211 267 temporis
1225 235 1306 262 Deum
1319 235 1502 268 offenderunt;
1516 241 1541 264 et
1552 237 1655 265 Phacee
1674 245 1800 272 regnante
1812 259 1823 272 ,

1044 277 1192 305 ascendens
1217 278 1347 313 Theglath
1362 280 1504 313 Phalasar,
1520 281 1617 309 multas
1637 282 1706 316 cepit
1729 281 1822 316 urbes,

1041 322 1116 349 Elam
1141 323 1248 351 adortus
1274 325 1390 358 occidit,
1416 331 1445 354 et
1469 325 1545 354 Osca;
1571 334 1684 362 regnum
1704 327 1821 355 tradidit.

1041 367 1116 394 Ilunc
1127 375 1266 402 aggressus
1279 369 1447 397 Salmanasar
1460 371 1541 398 alias‘
1554 372 1625 406 cepit
1635 372 1723 404 urbes,
1737 377 1763 400 et
1774 373 1827 400 tri-

1040 413 1156 441 butarias
1171 413 1233 441 fecit
1245 414 1282 448 (4.
1296 413 1357 450 Reg.
1372 415 1528 450 l7).Verum
1541 417 1608 444 Osee
1617 418 1703 452 primo
1715 418 1821 453 quidem

1040 459 1130 491 cessit,
1141 459 1237 486 deinde
1252 467 1316 486 vero
1331 460 1478 493 rebellavit,
1490 467 1516 488 et
1527 461 1560 488 ad
1578 462 1821 497 .Ethiopumauxi-

1040 503 1103 531 lium
1117 503 1243 539 confugit.
1256 504 1294 532 [te
1304 505 1420 540 cognita,
1437 506 1561 540 Assyrius
1576 508 1719 535 exercitum
1734 508 1822 536 admo~

1039 549 1087 582 vit,
1103 553 1130 576 et
1140 555 1215 584 capta
1230 549 1352 582 civitate,
1364 554 1469 585 gentem
1482 550 1555 578 illam
1568 559 1621 578 non
1647 552 1682 579 ibi
1707 554 1823 587 amplius

1041 594 1161 622 habitare
1172 595 1301 629 permisit,
1315 595 1451 622 neiterum
1468 595 1613 624 deficerent
1627 604 1634 629 ;
1649 597 1697 625 sed
1712 597 1754 625 his
1771 599 1820 626 Ba-

1039 640 1163 676 bylonem
1177 645 1205 667 ct
1220 640 1245 667 in
1258 640 1368 667 Mediam
1384 640 1529 674 translatis,
1544 645 1635 676 gentes
1648 642 1715 669 alias
1741 643 1824 670 variis

1040 694 1072 713 ex
1086 686 1152 713 locis
1165 686 1274 714 eductas
1297 687 1322 714 in
1345 686 1492 715 Samariam
1517 687 1662 715 habitatum
1686 689 1769 722 misit,
1795 695 1825 716 ut

1039 732 1144 760 ﬁrmum
1157 740 1234 760 suum
1247 732 1288 760 bis
1303 733 1328 760 in
1341 733 1405 761 locis
1417 733 1555 768 imperium
1571 738 1662 769 postea
1675 738 1747 762 esset
1759 755 1768 768 ,
1781 742 1823 762 re-

1039 778 1117 813 gione
1131 777 1190 805 ﬁdis
1205 778 1298 806 incolis
1310 779 1414 806 tradita.
1436 779 1482 806 His
1492 779 1526 806 ita
1538 780 1630 815 gestis,
1645 780 1718 808 Deus
1735 785 1764 808 ut
1774 788 1822 815 po-

1040 823 1149 850 tentiam
1161 831 1234 850 suam
1250 824 1414 856 ostenderet,
1429 825 1553 860 quodque
1563 833 1616 852 non
1632 825 1666 852 ob
1679 825 1819 852 imbecilli-

1039 873 1118 896 tatem
1137 868 1243 896 Judaeos
1267 869 1434 903 tradidisset,
1463 870 1509 897 sed
1538 874 1645 906 propter
1673 870 1820 898 incolarum

1039 918 1157 949 peccata,
1174 914 1265 941 leones
1280 913 1305 940 in
1320 913 1448 941 barbaros
1463 914 1583 947 immisit,
1603 915 1647 949 qui
1662 919 1743 941 totam
1756 922 1820 950 gen-

1040 964 1091 986 tem
1104 959 1286 986 devastabant.
1301 959 1362 986 Hrec
1374 959 1428 994 regi
1441 960 1612 993 nuntiantur;
1625 959 1669 987 ille
1682 960 1763 988 mittit
1777 967 1823 988 sa-

1038 1004 1173 1032 cerdotem
1187 1004 1338 1039 quemdam,
1355 1005 1399 1039 qui
1418 1005 1462 1032 Dei
1480 1005 1551 1040 leges
1562 1005 1626 1040 ipsis
1640 1005 1764 1033 traderet.
1777 1007 1823 1033 At-

1040 1055 1127 1077 tamen
1142 1057 1175 1078 ne
1186 1051 1223 1077 sic
1234 1050 1340 1085 quidem
1351 1051 1458 1078 omnino
1473 1050 1506 1078 ab
1518 1051 1653 1085 impietate
1665 1050 1824 1079 destiterunt

1039 1095 1085 1124 sed
1100 1096 1194 1130 partim
1206 1099 1318 1122 tantum.
1333 1095 1483 1130 Insequenti
1497 1100 1586 1122 autem
1602 1099 1720 1130 tempore
1731 1116 1739 1129 ,
1763 1096 1822 1123 ido-

1040 1143 1125 1170 lorum
1138 1142 1241 1177 abjeeto
1252 1142 1334 1175 cultu,
1350 1142 1430 1168 Deum
1454 1141 1603 1169 coluerunt.
1627 1141 1693 1168 Cum
1721 1141 1772 1169 hoc
1796 1141 1821 1168 in

1039 1193 1108 1215 statu
1121 1195 1164 1214 res
1177 1191 1276 1220 essent,
1289 1187 1387 1214 reversi
1398 1186 1492 1219 Judaei,
1508 1186 1556 1214 hos
1571 1191 1600 1213 ut
1612 1186 1775 1222 alienigenas
1796 1191 1823 1214 et

1039 1234 1129 1262 hostes
1145 1234 1335 1261 aversabantur
1345 1254 1353 1267 ,
1367 1240 1433 1268 quos
1449 1240 1463 1259 a
1479 1238 1568 1260 monte
1580 1232 1761 1261 Samaritanos
1775 1240 1823 1259 vo-

1038 1280 1144 1307 cabant.
1156 1279 1255 1307 Judaais
1270 1286 1334 1306 vero
1355 1285 1408 1305 non
1422 1279 1482 1306 hinc
1496 1286 1574 1312 parva
1586 1285 1645 1305 eum
1670 1278 1734 1312 ipsis
1753 1278 1822 1305 orie-

1038 1326 1115 1353 batur
1129 1326 1274 1358 eontentio,
1286 1324 1356 1360 quod
1366 1332 1417 1352 non
1430 1328 1498 1351 totas
1505 1323 1653 1358 Scripturas
1663 1324 1821 1358 reciperent,

1038 1372 1085 1400 sed
1109 1371 1206 1408 Moysis
1234 1375 1335 1398 tantum
1349 1370 1448 1403 libros;
1474 1377 1522 1397 nec
1547 1369 1690 1404 pr0phetas
1712 1369 1822 1397 multum

1038 1421 1172 1445 curarent.
1185 1417 1322 1445 Samarila:
1331 1423 1394 1444 vero
1405 1416 1539 1444 Iudaicam
1548 1416 1711 1443 nobilitatem
1723 1415 1824 1443 ambie-

1039 1464 1113 1498 bant,
1127 1471 1263 1499 genusque
1277 1471 1353 1491 suum
1375 1463 1408 1490 ad
1422 1463 1555 1490 Abraham
1572 1462 1647 1497 quasi
1668 1462 1822 1497 progenito-

1039 1519 1094 1539 rem
1110 1510 1270 1543 referebant,
1290 1513 1380 1544 utpote
1392 1509 1436 1544 qui
1447 1516 1479 1536 ex
1492 1507 1616 1536 Chaldaeo
1626 1511 1726 1540 essent,
1741 1511 1767 1534 et
1780 1506 1823 1534 Ja-

1037 1556 1088 1584 cob
1101 1561 1200 1591 patrem
1213 1563 1290 1583 suum
1304 1555 1443 1588 vocabant,
1455 1559 1546 1589 utpote
1559 1553 1671 1581 Abrahae
1683 1557 1822 1587 nepotem:

1037 1603 1120 1630 Judaei
1131 1610 1194 1630 vero
1205 1609 1265 1629 cum
1279 1601 1382 1629 cmteris
1394 1601 1518 1628 omnibus
1542 1600 1614 1634 ipsos
1633 1607 1738 1635 quoque
1758 1599 1822 1626 abo-

1038 1648 1214 1676 minabantur.
1244 1646 1317 1674 Unde
1329 1651 1357 1674 et
1368 1645 1474 1674 Christo
1487 1645 1682 1679 exprobrabant
1697 1644 1737 1671 his
1760 1651 1822 1671 ver-

1038 1694 1078 1721 bis
1089 1702 1096 1720 :
1119 1693 1295 1720 Samaritanus
1308 1700 1333 1719 es
1344 1696 1371 1719 tu
1381 1713 1388 1725 ,
1400 1696 1422 1718 et
1433 1691 1584 1719 daemonium
1595 1690 1670 1717 habes
1683 1691 1692 1725 (
1704 1689 1782 1717 Joan.
1792 1689 1821 1717 8.

1038 1738 1072 1766 48
1085 1738 1106 1774 ).
1121 1739 1154 1766 Ει
1169 1737 1194 1764 in
1207 1737 1316 1764 historia
1332 1737 1389 1771 ejus
1401 1736 1445 1771 qui
1468 1735 1644 1763 descenderat
1667 1735 1700 1762 ab
1714 1734 1822 1762 Jerusa-

1039 1784 1091 1812 lem
1108 1785 1134 1811 in
1143 1783 1261 1816 Iericho,
1278 1782 1321 1809 illa
1338 1782 1394 1816 ipsa
1408 1781 1441 1808 de
1452 1788 1531 1808 causa
1544 1780 1665 1808 Christus
1680 1779 1823 1807 Samarita-

1038 1837 1101 1858 num
1117 1829 1226 1861 inducit,
1243 1828 1292 1861 Qui
1306 1828 1364 1863 fecit
1386 1826 1583 1854 misericordiam
1612 1826 1638 1852 in
1663 1825 1708 1851 illo
1733 1823 1820 1860 (Luc.

1039 1876 1082 1904 10.
1098 1876 1132 1903 '57
1147 1874 1166 1911 ),
1183 1875 1262 1901 vilem
1278 1880 1374 1907 nempe
1387 1879 1539 1907 personam,
1555 1871 1707 1905 despectam
1716 1869 1822 1904 etapud

1039 1922 1097 1948 illos
1108 1919 1321 1948 abominabilem.
1338 1918 1372 1945 Et
1384 1925 1416 1945 ex
1427 1917 1519 1944 decem
1544 1916 1657 1950 leprosis
1667 1922 1749 1942 unum
1757 1914 1824 1941 alie-

1038 1969 1159 2002 nigenam
1176 1970 1261 1998 vocat,
1285 1965 1345 2000 quia
1367 1964 1548 1992 Satnaritanus
1574 1966 1631 1990 erat
1645 1969 1652 1988 :
1666 1966 1744 1995 atque
1768 1960 1824 1994 ipse

1038 2012 1173 2047 discipulis
1182 2011 1292 2046 loquens
1304 2009 1408 2037 dicebat
1424 2018 1429 2035 :
1444 2008 1477 2035 In
1488 2008 1552 2034 viam
1563 2007 1672 2043 gentium
1688 2014 1718 2033 ne
1731 2005 1823 2032 abieri-

1039 2059 1080 2091 tis,
1091 2062 1113 2084 et
1125 2057 1150 2084 in
1159 2057 1280 2084 civitatem
1289 2055 1506 2083 Samaritanorum
1519 2061 1550 2080 ne
1559 2052 1706 2079 intraveritis
1717 2050 1822 2087 (Matth.

1039 2104 1081 2131 t0.
1097 2103 1142 2138 5).

1074 2150 1100 2177 5.
1112 2148 1168 2176 Νοη
1183 2152 1210 2175 ιιι
1221 2147 1355 2175 historiam
1370 2149 1470 2173 texeret
1481 2149 1591 2178 tantum,
1607 2143 1766 2178 evangelista
1779 2142 1822 2170 Ja-

1038 2195 1133 2223 cobum
1156 2193 1322 2224 memoravit,
1345 2191 1392 2219 sed
1415 2195 1444 2219 ut
1457 2190 1562 2218 Iudaeos
1576 2188 1676 2224 jamdiu
1698 2187 1824 2222 expulsos

1038 2241 1199 2269 ostenderet.
1221 2238 1356 2274 Siquidem
1378 2237 1574 2272 progenitorum
1593 2234 1755 2269 temporibus
1767 2232 1825 2266 jam

1040 2289 1096 2314 haec
1120 2286 1184 2313 olim
1204 2292 1251 2312 sua
1279 2284 1336 2311 lora
1361 2280 1584 2317 occupabantilli.
1602 2280 1666 2312 Quae
1679 2279 1749 2305 enim
1764 2277 1822 2304 loca

1039 2334 1220 2370 progenitores
1245 2333 1296 2364 sui,
1313 2338 1365 2358 non
1381 2330 1443 2357 olim
1456 2336 1513 2360 sua,
1529 2326 1704 2362 occupabant,
1718 2324 1775 2352 hate
1787 2323 1823 2370 ob

1040 2368 1169 2415 ignaviam
1184 2383 1210 2405 et
1224 2377 1368 2412 nequitiam
1381 2375 1408 2402 hi
1419 2382 1494 2401 suam
1520 2373 1674 2400 amiserant.
1689 2370 1734 2398 Sic
1758 2368 1822 2395 nihil

1039 2426 1147 2461 prodest
1160 2432 1175 2452 a
1189 2424 1265 2451 bonis
1278 2421 1489 2457 progenitoribus
1503 2419 1578 2451 oriri,
1589 2419 1610 2445 si
1624 2421 1732 2452 nepotes
1745 2415 1822 2448 dege-

1039 2460 1142 2500 nerem.
1154 2469 1263 2497 Barbari
1276 2468 1356 2499 enim,
1380 2464 1490 2492 leonum
1507 2466 1610 2490 tantum
1627 2460 1758 2488 saevitiam
1774 2466 1821 2486 ex-

1040 2515 1159 2553 perti,ad
1173 2514 1311 2542 Iudaicum
1331 2511 1419 2538 statim
1441 2510 1540 2537 cultum
1563 2507 1715 2553 redierunt;
1739 2504 1820 2532 Judtci

1040 2551 1103 2589 vero
1113 2565 1152 2588 tot
1160 2558 1284 2587 {erumnis
1292 2556 1421 2591 castigati,
1431 2562 1464 2583 ne
1478 2555 1512 2582 ita
1523 2553 1630 2589 quidem
1644 2551 1818 2585 rcsipuerunt.

1072 2661 1080 2675 ι
1099 2656 1179 2682 Morel.
1191 2656 1265 2687 legit,
1280 2656 1412 2687 δεεςεηιαε.
1423 2659 1475 2683 PN.
1486 2650 1587 2687 a’iﬂ€:_.,
1599 2686 1604 2687 γ
1614 2685 1622 2687 _
1640 2682 1659 2687 _.
1679 2678 1684 2687 ε

1072 2676 1502 2719 Ἰήῐίὶέὶίιῖι-ἐῐιέξιιν

1040 2709 1133 2751 ιρὲίὶῖιὲ
1137 2709 1317 2751 Ἐὖῦὶξεῖιῆηιξ
1327 2709 1480 2751 ξοηῖοέοὶιρέἰι
1487 2709 1821 2751 ΕῩΡΡᾼΕΨΞΞΨΑἏἮᾘΞ

1041 2741 1257 2776 etoeodemrordine
1267 2747 1291 2770 in
1302 2745 1409 2776 Vulgata.
1420 2748 1475 2776 Quae
1487 2741 1546 2776 vero
1556 2746 1615 2776 mox_
1624 2741 1823 2776 memorit‘erpa‘r:

1041 2766 1312 2814 :dtchEEq‘sto-iiids-de
1317 2766 1726 2814 'fh‘egiatlli‘lﬁalas'sarel‘,
1732 2766 1823 2814 Figite

1040 2798 1338 2842 ἑὲὲέ“)έῆἶῖόιῖέἱίιῖιιῖιῖιάτ
1360 2798 1552 2842 veneﬁca?
1560 2798 1821 2842 @ﬁtt’FFPE‘iEL‘J‘ﬁS:

1041 2830 1295 2873 iuadaitiiomitizﬁto‘u
1301 2830 1413 2873 accurate
1424 2830 1568 2873 dictra‘subtf
1579 2830 1821 2873 "seti-Hm

1041 2860 1355 2899 δὸῗῶἷὸἧξιιῖὖξόπέιίυῠειιι,
1371 2865 1434 2896 quod
1451 2863 1509 2888 alias
1520 2860 1568 2888 noti
1579 2860 1657 2887 semel
1668 2861 1823 2885 observatur.
