2041 3113
239 150 287 177 179

236 205 292 233 lluc
308 205 395 240 itaque
408 203 526 232 Christus
540 202 626 234 venit,
640 201 746 229 mollem
761 204 788 228 et
802 199 927 227 lascivom
938 199 1018 225 vitam

236 259 342 286 semper
355 251 471 285 abigens,
483 247 641 275 laboriosam
658 253 720 274 vero
731 250 758 274 et
771 249 870 273 arctam
882 244 1017 272 inducens.

236 296 294 323 Non
305 295 375 323 enim
390 292 568 328 subjugalibus
579 299 642 319 usus
656 295 709 325 est,
729 290 777 319 sed
791 290 826 317 ita
841 289 946 317 assidue
969 288 1020 316 iter

235 343 299 376 agit,
312 345 341 368 ut
351 339 518 374 defutigetur.
529 338 584 365 Hoc
595 338 693 372 ubique
705 337 793 369 docet,
807 341 834 363 ιιι
847 335 896 363 sibi
910 335 1020 370 quisque

235 390 370 421 operetur,
386 392 435 412 nec
449 389 550 420 quth
559 383 702 418 superﬂua.
718 390 768 411 nec
782 382 871 409 multis
885 385 970 416 egeat.
983 380 1019 407 Ita

235 438 315 465 porro
328 430 385 457 vult
397 437 445 457 nos
459 437 474 457 a
487 428 688 465 supervacaneis
704 428 805 456 alienos
820 434 889 460 esse,
902 430 929 454 ut
940 426 1019 453 etiam

235 476 316 503 niulta
328 475 476 503 necessaria
491 478 649 510 amputaret.
673 473 735 501 Ideo
758 471 864 500 diccbat
889 480 896 498 :
927 470 1020 505 Vulpes

236 522 320 554 faveas
335 520 436 552 habent,
451 524 474 547 et
488 520 598 546 uolucres
613 518 668 546 creti
678 518 750 545 nidos
762 525 771 550 ;
785 517 867 544 Filius
880 520 963 543 autent
975 515 1020 542 ho-

234 565 310 592 minis
333 573 382 593 non
400 565 472 592 habet
490 565 533 592 ubi
557 568 632 600 caput
649 563 750 591 reclinet
776 562 887 597 (Matth.
908 561 934 589 8.
954 560 1018 594 20).

235 611 363 644 Quocirca
387 611 413 637 in
427 610 561 638 montibus
574 616 645 644 saepe
658 612 779 636 versatur
792 611 820 635 et
842 607 868 634 in
891 605 1019 639 desertis,

236 664 288 684 non
312 656 425 684 interdiu
451 660 562 688 tantum,
588 654 635 683 sed
656 654 735 682 etiam
759 657 850 680 noctu.
875 651 930 679 lloc
940 651 1019 678 etiam

240 701 322 730 David
336 701 516 737 prmnuntians
536 700 650 732 dicebat,
675 699 714 726 De
728 702 836 726 torrente
859 698 886 724 in
904 697 944 724 via
956 696 1019 723 bibet

237 749 328 783 (Psal.
344 748 405 776 l09.
422 747 475 782 7),
489 752 518 775 ut
530 748 587 782 ejus
600 746 748 781 expeditam
759 745 819 773 vita:
830 744 959 771 rationem
974 741 1021 769 de-

235 798 405 822 monstraret.
420 793 534 828 ldipsum
552 793 595 820 hic
607 791 723 820 Joannes
742 790 841 818 indicat
855 788 950 816 :Jcsus
962 795 1020 823 ergo

235 840 354 875 fatigatus
366 848 397 867 ea;
409 840 507 872 itinere,
522 838 620 866 sedebat
633 838 669 865 sic
678 845 752 872 super
765 838 869 869 fantem.
882 834 955 862 Hora
967 838 1020 861 erat

234 885 306 918 quasi
318 889 396 912 serta.
407 885 433 911 7.
449 883 521 912 Venit
533 883 623 911 mulier
632 883 663 910 de
677 882 796 910 Samaria
807 881 907 908 haurire
917 887 1018 915 aquam.

235 929 303 957 Dicit
315 930 337 957 ci
347 929 422 957 Jesus
435 937 445 957 :
455 929 495 956 Da
507 929 569 956 mihi
581 929 669 956 bibere.
683 928 708 956 8.
725 927 852 962 Discipuli
871 930 953 953 autem
966 926 1020 960 ejus

234 975 346 1002 abierant
366 976 393 1002 in
412 975 505 1010 (orum,
520 980 548 1002 ut
560 975 626 1002 cibos
642 979 758 1002 emerent.
776 973 842 1000 llinc
852 972 909 1007 ejus
919 971 1020 1006 patien-

236 1022 298 1049 tiam
312 1021 338 1048 in
350 1021 482 1056 carpendo
492 1022 597 1055 itinere,
610 1025 637 1049 et
650 1021 769 1048 ciborum
783 1018 931 1054 neglectum
941 1017 1021 1044 disci-

235 1074 305 1100 mus,
331 1071 358 1094 et
369 1073 446 1102 quam
463 1067 548 1094 obiter
567 1067 628 1094 huic
641 1066 678 1094 rei
696 1066 739 1093 det
752 1064 928 1100 operam;sic
937 1063 1019 1090 disci-

235 1112 288 1146 puli
303 1119 407 1147 quoque
419 1119 462 1140 res
475 1118 535 1139 suas
553 1116 666 1139 tractare
685 1111 846 1139 didicerunt.
868 1109 925 1137 Non
948 1110 1019 1136 enim

234 1159 327 1186 viatica
342 1167 433 1187 secum
446 1160 603 1188 sumebant:
619 1160 688 1195 quod
702 1160 770 1188 alter
787 1159 885 1187 indicat
904 1164 1019 1193 evange-

234 1204 293 1231 lista
310 1204 418 1239 (Matth.
432 1204 476 1232 16.
493 1205 553 1240 11),
567 1213 627 1233 cum
638 1205 672 1232 de
682 1205 813 1234 fermento
826 1204 1018 1232 Pharismorum

234 1251 298 1285 ipsis
311 1249 474 1286 loqueretur,
489 1250 558 1286 quod
570 1251 606 1279 illi
618 1251 716 1279 dictum
738 1251 876 1286 putabant,
892 1249 952 1284 quia
974 1256 1018 1284 pa~

235 1304 283 1324 nes
297 1305 349 1324 non
371 1301 549 1332 sumpserant.
565 1297 598 1324 Et
611 1304 671 1324 cum
694 1297 843 1324 esurientes
862 1295 978 1327 inducit,
992 1299 1020 1322 et

233 1342 320 1376 spicas
332 1342 459 1369 vellentes
473 1346 500 1369 ut
514 1342 638 1375 ederent;
662 1349 694 1370 ac
707 1349 766 1369 cum
781 1341 846 1369 dicit
863 1348 934 1374 eum,
948 1340 1018 1376 quod

233 1385 355 1418 esurirct,
366 1386 398 1413 ad
409 1387 486 1414 ticum
500 1387 605 1415 venisse
621 1396 627 1414 :
643 1386 708 1414 nihil
721 1386 793 1414 aliud
812 1386 854 1414 bis
867 1392 916 1413 nos
930 1385 1017 1418 docet,

232 1438 312 1466 quam
327 1437 445 1460 ventrem
459 1440 518 1461 esse
531 1433 604 1468 parvi
616 1433 794 1468 pcndcndum,
810 1439 860 1460 nec
873 1431 946 1459 illum
958 1436 1017 1458 tan-

234 1481 325 1512 topere
338 1478 483 1506 curandum
494 1486 562 1506 csse.
572 1479 717 1507 Considera
732 1479 775 1506 hic
784 1486 889 1515 quoque
903 1479 962 1506 illos
976 1479 1017 1505 ni-

233 1521 271 1549 hil
282 1522 410 1557 attulisse,
425 1530 510 1558 neque
524 1528 611 1551 tamen
626 1523 686 1552 ideo
696 1524 784 1551 statim
797 1531 812 1551 a
823 1523 953 1560 principio
964 1523 1017 1551 dici

233 1567 301 1595 hanc
317 1575 373 1595 rem
400 1575 504 1601 curare,
527 1568 574 1596 sed
596 1576 656 1596 cum
676 1568 741 1596 hora
769 1569 873 1604 prandii
892 1569 1015 1602 advenit,

233 1619 309 1640 escas
336 1617 452 1648 emptum
466 1613 515 1641 ire.
529 1613 582 1642 Nos
605 1621 669 1642 vero
683 1618 775 1642 cantra
799 1615 888 1642 statim
909 1619 988 1650 atque
1002 1621 1016 1641 a

233 1657 302 1685 lccto
316 1658 489 1691 surreximus,
500 1663 562 1686 ante
576 1659 663 1686 omnia
686 1659 743 1687 haec
757 1666 889 1692 curamus,
915 1667 1015 1695 coquos

231 1707 259 1730 et
282 1710 414 1738 caupones
438 1704 615 1738 accersimus,
640 1705 719 1740 idque
741 1713 838 1742 magno
857 1712 916 1733 cum
930 1705 1017 1733 studio

232 1749 335 1784 agimus
349 1759 357 1778 :
370 1755 397 1778 et
410 1756 469 1785 post
479 1750 536 1778 haec
549 1751 601 1778 alia
613 1758 746 1785 curamus,
769 1751 826 1779 haec
838 1759 944 1787 semper
955 1759 1012 1779 car-

234 1796 304 1824 nalia
317 1796 498 1832 spiritualibus
511 1801 713 1833 anteponentes,
725 1801 752 1825 et
766 1805 825 1833 quae
840 1797 1018 1832 perfunctorie

233 1842 369 1870 tractanda
379 1848 464 1876 erant,
487 1844 561 1879 quasi
583 1843 732 1871 necessaria
753 1847 938 1878 exsequentes.
956 1844 1017 1871 Ideo

232 1889 322 1916 omnia
350 1893 510 1924 praepostere
537 1893 660 1925 aguntur.
682 1888 780 1917 Contra
802 1889 911 1917 omnino
937 1897 1017 1924 agere

232 1933 360 1968 oportuit,
372 1934 545 1969 spiritualium
556 1942 676 1970 magnam
685 1934 784 1962 habere
798 1935 927 1963 rationem
940 1943 947 1968 ;
959 1935 1018 1971 qui-

232 1979 283 2007 bus
297 1979 430 2014 perlectis,
446 1979 503 2008 haec
519 1981 648 2015 attingere
660 1988 709 2016 par
723 1980 783 2008 fuit.

268 2025 381 2053 Christus
406 2026 517 2062 exemplo
538 2027 608 2054 docet
629 2027 722 2061 fastum
734 2035 786 2055 esse
806 2027 966 2054 saltandum.
982 2042 1017 2047 --

232 2072 301 2100 llinc
315 2080 395 2108 porro
414 2080 466 2100 non
480 2072 601 2100 laborum
618 2073 757 2100 tolerantia
779 2073 858 2100 modo
869 2073 894 2100 in
908 2072 1015 2100 Christo

231 2119 406 2151 observanda,
420 2119 466 2147 sed
487 2119 567 2147 etiam
582 2124 707 2154 quantum
730 2123 802 2147 esset
820 2127 836 2146 a
860 2119 928 2147 fastu
948 2118 1015 2147 alie-

232 2172 300 2197 nus;
313 2172 365 2192 non
377 2168 478 2191 tantum
493 2164 562 2200 quod
576 2164 699 2199 fatigatus
709 2169 789 2197 esset,
814 2164 883 2199 quod
908 2165 1016 2192 sederet

232 2216 310 2236 secus
322 2209 409 2242 viam;
430 2208 477 2236 sed
488 2209 572 2248 etiam
587 2209 658 2244 quod
672 2210 744 2237 solus
760 2209 868 2236 relictus
893 2213 975 2242 esset,
989 2213 1016 2236 et

231 2253 354 2288 discipuli
367 2254 425 2289 ejus
439 2253 633 2282 discessissent.
651 2254 729 2289 Atqui
749 2258 861 2288 poterat,
877 2254 898 2281 si
914 2254 1014 2281 voluis-

231 2304 282 2332 set,
296 2304 343 2327 aut
357 2307 408 2327 non
427 2307 520 2328 omnes
538 2301 651 2332 misisse,
680 2299 861 2334 autprol’ectis
880 2299 934 2326 illis
948 2299 1014 2326 alios

230 2344 330 2372 habere
352 2345 501 2377 ministros;
515 2344 562 2372 sed
577 2344 669 2372 noluit.
686 2343 789 2370 Etenim
809 2343 955 2378 discipulos
975 2343 1013 2370 sic

230 2390 420 2418 assuelaciebat
432 2390 465 2417 ad
482 2390 577 2417 fastum
590 2397 696 2416 omnem
715 2388 881 2416 calcandum.
903 2389 936 2416 Et
950 2389 1013 2423 quid

229 2427 338 2468 mirum,
352 2435 447 2462 dixerit
468 2433 536 2462 forte
549 2434 688 2469 quispiam,
716 2433 739 2460 si
764 2432 892 2460 moderati
915 2437 1011 2467 erant,

229 2488 288 2508 cum
300 2482 443 2515 piscatores
455 2485 554 2512 essent,
565 2483 610 2507 aut
617 2479 787 2506 tentoriorum
795 2478 922 2513 opiﬁces?
932 2479 1013 2507 Erant

229 2526 352 2561 equidem
363 2526 382 2551 ιτ
392 2533 483 2553 verum
498 2525 586 2552 statim
599 2524 632 2551 ad
642 2524 734 2551 caelum
747 2524 895 2553 evolarunt.
908 2529 933 2552 et
943 2525 1011 2559 regi-

229 2571 278 2598 bus
293 2571 419 2599 clariores
442 2574 593 2602 evaserunt,
607 2568 749 2597 familiares
770 2576 865 2604 nempe
879 2569 938 2596 lacti
954 2571 1012 2597 uni-

228 2616 298 2644 versi
312 2616 384 2644 orbis
402 2615 516 2648 Domini,
537 2619 564 2642 et
587 2614 734 2642 admirandi
758 2615 877 2650 magistri
891 2616 1009 2642 asseclat.

227 2661 306 2689 Scitis
320 2665 408 2688 autem
419 2667 464 2688 eos
477 2661 521 2695 qui
535 2667 566 2686 ex
587 2659 728 2687 humiliore
742 2659 826 2694 gradu
845 2660 877 2686 ad
896 2659 1010 2694 dignita-

228 2711 268 2734 tes
283 2707 450 2741 perveniunt,
467 2705 567 2733 facilius
580 2706 605 2733 in
619 2706 794 2740 arrogantiam
807 2705 905 2738 elferri,
920 2710 1010 2740 utpote

227 2752 272 2786 qui
285 2756 363 2779 antea
379 2751 486 2778 honoris
498 2756 620 2786 expertes
632 2756 731 2779 essent.
753 2752 781 2779 In
795 2751 843 2779 hac
858 2751 936 2787 igitur
950 2751 1009 2779 illos

257 2841 268 2856 ⁶
285 2839 351 2870 Haec,
364 2844 430 2865 erant
440 2838 559 2871 equidem,
572 2846 586 2866 δ
601 2839 779 2864 Itoutelulcouio
793 2846 838 2864 non
853 2840 916 2864 lecta
925 2845 988 2865 sunt.

606 147 634 175 S.
654 144 792 174 JOANNIS
810 119 1042 171 CHliYSOSTOMI
1059 142 1214 170 ARCIIIEP.
1236 143 1500 172 CONSTAN’I'INOP.

1810 146 1859 176 1κὺ

1074 197 1222 227 humilitate
1235 200 1383 232 continens,
1394 200 1483 228 docuit
1493 207 1538 228 eos
1552 205 1580 228 ut
1591 208 1637 236 per
1645 202 1731 229 omnia
1746 195 1857 232 modesti

1074 249 1101 272 ct
1123 244 1238 272 humiles
1253 251 1352 279 essent,
1377 253 1408 272 ac
1421 254 1563 281 numquam
1588 247 1715 275 ministris
1738 254 1853 283 egerent.

1073 290 1131 325 Ipse
1139 295 1238 324 autem,
1252 291 1345 326 inquit,
1361 291 1492 327 Fatigatae
1507 300 1538 320 ea:
1551 293 1648 326 itinere,
1663 294 1763 320 sedebat
1775 295 1810 321 sic
1825 295 1856 321 ad

1074 335 1177 369 fontem.
1192 335 1284 362 Vidcn’
1299 335 1400 363 sedisse
1415 336 1488 363 illum
1504 336 1600 364 laboris
1614 341 1641 365 ct
1662 343 1742 366 a-stus
1760 346 1838 366 causa
1848 359 1855 371 ,

1073 378 1105 405 ad
1119 379 1264 414 discipulos
1284 380 1492 414 exspectandus?
1503 380 1586 409 Norat
1598 382 1694 417 quippe
1709 383 1770 417 quid
1786 387 1858 410 esset

1073 424 1246 452 Samaritanis
1269 430 1437 453 eventurum.
1452 425 1509 453 Non
1524 431 1611 454 tamen
1623 427 1666 453 illa
1679 428 1812 463 praecipue
1823 428 1858 456 de

1072 477 1150 497 causa
1165 474 1288 503 venerat;
1304 478 1399 506 neque,
1416 471 1519 498 etiamsi
1529 471 1602 499 eade
1611 479 1689 499 causa
1703 480 1755 500 non
1770 473 1856 500 venis-

1071 520 1119 548 set,
1142 515 1294 550 repellenda
1316 516 1470 544 muliercula
1496 516 1538 544 illa
1562 521 1629 550 erat,
1655 526 1715 553 qntc.
1737 526 1766 546 se
1789 518 1857 546 adeo

1072 560 1190 588 discendi
1205 561 1328 595 cupidam
1341 561 1470 590 exhibuit.
1484 561 1568 590 Judaei
1593 563 1663 590 enim
1682 564 1768 599 ipsutn
1779 564 1812 591 ad
1828 572 1857 592 se

1072 606 1221 634 venientem
1245 607 1426 642 repellebant;
1442 608 1553 643 gentiles
1569 614 1662 636 contra
1677 610 1730 637 alio
1751 611 1857 644 prolici-

1072 658 1188 681 scentem
1200 653 1232 681 ad
1245 662 1274 682 se
1283 654 1432 682 trahebant.
1444 654 1481 682 Illi
1491 655 1650 688 invidebant,
1661 656 1687 683 hi
1697 656 1854 690 credebant;

1071 699 1108 726 illi
1121 699 1333 734 indignabantur,
1355 700 1380 728 hi
1405 701 1567 728 mirabantur
1578 706 1605 729 et
1616 700 1771 730 adorabant.
1788 703 1855 737 Quid

1071 746 1151 781 ergo?
1163 746 1335 781 oportebatne
1352 750 1389 774 tot
1407 746 1542 774 hominum
1565 747 1677 775 salutem
1700 748 1854 784 despicere,

1071 795 1098 820 et
1113 796 1165 819 tam
1180 792 1325 820 studiosum
1339 792 1461 820 ali'ectum
1482 792 1634 821 dimittere?
1653 793 1707 821 Hoc
1726 800 1798 822 certe
1813 793 1854 820 in-

1071 839 1179 874 dignum
1200 840 1270 867 illius
1284 839 1445 875 benignitate
1462 848 1468 867 :
1485 837 1596 874 ideoque
1619 839 1675 867 hrec
1693 840 1781 867 omnia
1794 848 1853 868 cum

1072 884 1201 919 sapientia
1218 884 1267 912 sibi
1281 888 1443 920 congruente
1460 883 1604 919 dispensat.
1619 884 1744 917 Sedebat,
1758 891 1854 918 corpus

1071 930 1227 964 recreabat,
1252 935 1280 958 et
1300 930 1374 965 juxta
1400 929 1499 958 fontem
1526 929 1709 965 rel‘rigerabat.
1738 930 1854 965 Eratque

1072 980 1135 1004 tunc
1154 975 1289 1009 meridies,
1314 975 1385 1011 quod
1413 975 1572 1010 evangelista
1596 975 1713 1002 declarat
1737 975 1779 1002 his
1796 983 1853 1002 ver-

1071 1020 1128 1054 bis,
1152 1020 1222 1047 Hora
1243 1025 1296 1047 erat
1314 1020 1385 1055 quasi
1409 1025 1479 1047 secta
1490 1040 1498 1054 ,
1521 1024 1544 1047 et
1559 1020 1658 1047 sedebat
1671 1020 1717 1048 sic.
1733 1019 1799 1053 Quid
1813 1024 1854 1047 t-st

1071 1066 1154 1100 illud,
1177 1066 1243 1094 Sic?
1267 1066 1324 1094 Non
1351 1067 1377 1093 in
1400 1066 1486 1100 solio,
1513 1073 1564 1094 non
1582 1066 1608 1094 in
1636 1067 1782 1102 pulvinari,
1805 1067 1852 1094 sed

1073 1111 1226 1146 simpliciter
1248 1111 1331 1139 humi.
1352 1111 1423 1138 Venit
1445 1111 1536 1140 mulier
1558 1119 1590 1139 ea:
1608 1111 1726 1139 Samaria
1753 1112 1852 1140 haurire

1070 1166 1170 1192 aquam.

1105 1205 1132 1232 4.
1140 1203 1295 1239 Collaquium
1305 1205 1397 1233 Christi
1406 1212 1462 1231 cum
1476 1204 1577 1232 muliere
1585 1204 1747 1233 Samaritana
1759 1206 1850 1233 evolvi-

1071 1256 1124 1284 tur;
1130 1253 1257 1287 utriusque
1262 1252 1352 1287 agendi
1362 1252 1426 1280 ratio
1433 1253 1712 1281 commentatur.-Vide
1720 1253 1851 1289 quomodo

1070 1297 1188 1326 declaret
1199 1297 1336 1326 mulierem
1354 1302 1462 1333 propter
1483 1297 1554 1325 aliud
1577 1305 1709 1333 egressam
1734 1306 1794 1326 esse
1818 1306 1850 1326 cx

1070 1344 1194 1378 civitate,
1208 1344 1305 1379 ubique
1317 1344 1497 1378 impudentem
1511 1343 1662 1371 Judzeorum
1678 1344 1850 1379 pervicaciam

1071 1390 1238 1424 reprimens,
1258 1396 1291 1417 ne
1304 1389 1364 1424 quis
1381 1388 1483 1416 diceret
1505 1389 1590 1424 ipsum
1614 1389 1759 1424 transgredi
1782 1397 1851 1424 prm-

1070 1440 1176 1470 ceptum
1195 1442 1270 1462 suum
1281 1455 1288 1468 ,
1305 1441 1364 1462 cum
1380 1439 1480 1463 vetaret
1495 1435 1520 1462 in
1534 1435 1665 1462 civitatem
1681 1435 1779 1469 ingredi
1801 1435 1851 1462 Sa-

1070 1481 1275 1514 maritanorum,
1291 1480 1334 1515 qui
1346 1480 1403 1515 ipse
1415 1487 1475 1507 cum
1494 1479 1668 1507 Samaritanis
1690 1480 1850 1515 loqueretur.

1071 1525 1132 1552 Ideo
1141 1545 1147 1556 ,
1161 1524 1286 1560 Discipuli
1298 1525 1351 1559 ejus
1364 1524 1390 1551 in
1401 1524 1524 1551 civitate»:
1535 1524 1602 1551 cibos
1613 1525 1718 1559 empturi
1728 1525 1850 1558 abierant,

1071 1571 1155 1606 inquit
1173 1570 1350 1606 evangelista,
1375 1570 1472 1597 multas
1496 1570 1622 1598 inducens
1644 1571 1766 1606 colloquii
1791 1579 1851 1599 cum

1071 1617 1181 1645 nmlicre
1204 1623 1307 1643 causas.
1332 1616 1399 1649 Quid
1419 1623 1483 1651 ergo
1502 1616 1617 1643 mulier?
1637 1616 1702 1644 Cum
1717 1616 1851 1650 audisset,

1071 1662 1111 1690 Da
1125 1663 1185 1689 mihi
1197 1662 1279 1690 bibere
1288 1683 1295 1695 ,
1312 1661 1452 1690 admodum
1468 1661 1611 1696 prudenter
1623 1661 1755 1689 Christum
1769 1662 1851 1689 inter‘

1070 1709 1179 1743 rogandi
1194 1707 1361 1736 occasionem
1375 1711 1484 1742 captans
1499 1707 1582 1741 inquit
1602 1716 1608 1734 :
1623 1706 1649 1734 9.
1660 1706 1790 1740 Quomodo
1797 1707 1850 1740 tu‘,

1069 1753 1176 1781 Juda'us
1189 1762 1245 1781 cum
1261 1753 1312 1786 sis,
1327 1752 1406 1779 bibere
1418 1760 1434 1778 a
1447 1760 1487 1778 me
1501 1752 1598 1787 poscis,
1614 1760 1670 1787 qua:
1686 1760 1740 1778 sum
1763 1752 1851 1779 mulier

1070 1799 1233 1827 Samaritana
1243 1799 1256 1825 ?
1268 1797 1329 1825 Non
1342 1798 1409 1825 enim
1422 1802 1557 1824 coutuntur
1570 1797 1656 1824 Judaei
1670 1797 1848 1824 Samaritanis.

1071 1844 1103 1872 Et
1119 1845 1188 1872 unde
1202 1844 1275 1872 illum
1290 1844 1409 1872 Judaeum
1423 1850 1484 1871 esse
1497 1843 1590 1870 nom?
1605 1842 1642 1870 Ex
1657 1842 1746 1870 habitu
1767 1843 1850 1876 forte,

1069 1895 1114 1918 aut
1125 1898 1159 1918 ex
1174 1897 1306 1918 sermone.
1322 1889 1362 1917 Tu
1377 1897 1440 1917 vero
1453 1888 1634 1917 animadverte
1647 1896 1725 1923 quam
1746 1888 1849 1923 perspi-

1069 1944 1118 1964 cax
1133 1935 1228 1963 mulier
1245 1939 1325 1963 esset.
1348 1935 1414 1962 Nam
1434 1935 1458 1962 si
1479 1934 1624 1962 cavendum
1644 1939 1718 1966 erat,
1744 1934 1850 1961 Chrile

1070 1984 1156 2016 potius
1178 1981 1301 2008 cautione
1318 1988 1384 2016 opus
1410 1984 1484 2014 erat,
1514 1987 1593 2015 quam
1617 1980 1676 2014 ipsi.
1698 1978 1755 2006 Non
1779 1978 1849 2006 enim

1069 2026 1151 2059 dixit,
1167 2025 1223 2053 Non
1237 2030 1379 2053 coutuntur
1391 2025 1549 2053 Samaritani
1563 2025 1660 2052 ludatis
1673 2033 1681 2058 ;
1696 2025 1753 2058 sed,
1766 2024 1848 2052 Juduzi

1069 2072 1249 2100 Samaritanos
1264 2080 1316 2099 non
1329 2072 1479 2099 admittunt.
1493 2071 1615 2099 Attamen
1631 2071 1726 2098 mulier
1737 2091 1744 2102 ,
1761 2070 1810 2098 etsi
1833 2078 1848 2097 a

1067 2117 1143 2151 culpa
1158 2117 1298 2149 immunis,
1313 2117 1373 2151 quia
1389 2115 1498 2151 putabat
1510 2115 1590 2143 alium
1613 2116 1638 2142 in
1657 2115 1760 2150 culpam
1782 2115 1848 2142 inci-

1066 2162 1145 2195 dere,
1163 2169 1214 2190 non
1229 2161 1325 2194 tacuit,
1339 2161 1386 2189 sed
1401 2161 1516 2188 correxit
1528 2161 1554 2188 id
1568 2151 1640 2196 quod
1650 2164 1741 2187 contra
1762 2160 1848 2194 legem

1066 2207 1122 2235 ﬁeri
1134 2207 1252 2242 putabat.
1266 2206 1317 2234 Sed
1329 2211 1417 2241 posset
1429 2206 1558 2241 quispiam
1569 2213 1700 2241 quaerere,
1715 2213 1761 2232 cur
1771 2205 1849 2232 Jcsus

1065 2254 1099 2281 ab
1111 2254 1155 2281 illa
1171 2257 1261 2288 potum
1277 2252 1400 2287 petierit,
1418 2252 1443 2279 id
1462 2252 1520 2287 lege
1540 2259 1593 2278 non
1615 2250 1803 2286 permittente?
1820 2250 1848 2277 Si

1065 2300 1124 2334 quis
1139 2300 1209 2326 enim
1232 2298 1346 2331 dixerit,
1371 2298 1441 2332 quod
1467 2297 1625 2332 prmviderct
1649 2304 1701 2324 non
1726 2296 1848 2323 daturam

1065 2352 1124 2372 esse
1139 2352 1147 2371 ε
1162 2344 1222 2371 ideo
1236 2344 1324 2370 minus
1335 2347 1424 2378 petere
1438 2343 1563 2377 oportuit.
1578 2341 1645 2375 Quid
1669 2348 1733 2376 ergo
1756 2341 1847 2368 dicen-

1064 2390 1125 2418 dum
1138 2390 1149 2416 ?
1164 2389 1317 2416 lndill‘crens
1328 2389 1382 2423 jam
1396 2387 1477 2415 fuisse
1491 2387 1557 2414 tales
1564 2387 1760 2414 observatiOnes
1769 2390 1847 2412 abro~

1063 2445 1135 2472 gare.
1152 2436 1217 2464 Nam
1230 2436 1273 2470 qui
1290 2435 1356 2462 alios
1368 2435 1401 2462 ad
1417 2433 1662 2469 transgrediendum
1688 2433 1845 2465 inducebat,

1065 2482 1147 2510 multo
1163 2481 1246 2516 magis
1260 2481 1317 2508 illas
1331 2479 1478 2515 transgredi
1492 2478 1612 2506 debebat.
1628 2478 1685 2505 Non
1694 2478 1764 2505 enim
1776 2478 1846 2513 quod

1063 2527 1223 2562 ingreditur,
1238 2527 1339 2561 inquit,
1358 2525 1510 2559 coinquinat
1530 2524 1661 2551 hominem
1674 2544 1680 2556 ,
1705 2523 1752 2550 sed
1775 2523 1846 2558 quod

1062 2571 1196 2608 egreditur
1211 2571 1321 2606 (Matth.
1337 2571 1379 2598 15.
1398 2571 1425 2597 11
1439 2570 1459 2604 ).
1474 2569 1529 2596 Non
1547 2576 1625 2604 parva
1638 2573 1725 2595 autem
1740 2567 1847 2594 Jud.co-

1062 2626 1119 2646 rum
1140 2617 1272 2645 accusatio
1291 2620 1331 2643 est
1351 2615 1414 2642 illud
1439 2623 1498 2642 cum
1520 2615 1631 2642 muliere
1656 2614 1814 2648 colloquium
1838 2622 1844 2639 :

1061 2664 1121 2699 quia
1137 2663 1173 2690 illi
1189 2670 1260 2696 saepe
1274 2667 1301 2689 et
1312 2661 1401 2689 verbis
1415 2665 1441 2688 ct
1455 2661 1536 2696 gestis
1550 2660 1636 2688 allecti
1648 2681 1656 2691 ,
1670 2668 1721 2686 non
1740 2659 1844 2687 obtem-

1061 2708 1198 2744 perabant.
1212 2708 1274 2735 lltcc
1287 2711 1374 2734 autem
1385 2706 1445 2733 vide
1469 2714 1547 2740 quam
1571 2706 1623 2733 cito
1648 2704 1697 2732 levi
1725 2705 1844 2731 interro-

1093 2775 1100 2790 '
1115 2774 1141 2799 In
1156 2774 1210 2800 aliis
1224 2774 1258 2799 sic
1275 2772 1375 2797 ell‘ertur
1386 2771 1425 2796 hic
1436 2770 1503 2796 locus
1517 2778 1523 2795 :
1536 2770 1597 2800 Quid
1609 2776 1665 2801 ergo
1673 2769 1758 2801 mulier
1771 2775 1844 2800 quam

1060 2798 1167 2834 Christus
1178 2798 1263 2835 nquam
1287 2802 1420 2835 poposcit}
1434 2802 1523 2835 etenim
1539 2798 1549 2823 ἁ
1564 2806 1597 2835 tm
1609 2798 1667 2825 mihi
1687 2799 1766 2824 bibere
1776 2807 1787 2821 ι
1808 2798 1842 2823 ait

1061 2839 1096 2864 illi
1111 2833 1217 2862 «innuis
1229 2842 1236 2860 :
1252 2834 1312 2864 Quid
1320 2840 1377 2865 ergo
1394 2833 1435 2858 illa
1447 2833 1458 2858 2’
1469 2833 1587 2862 Quomodo
1598 2835 1632 2861 tn,
1643 2835 1691 2855 etc.
