2041 3113
175 160 220 188 181

174 218 280 254 gatinne
295 215 422 250 capiatur.
436 213 513 240 Jesus
527 218 589 238 vero
610 209 659 236 hac
680 209 705 236 in
728 216 774 240 re,
798 207 848 233 hac
867 206 892 232 in
916 202 956 229 vin

177 251 192 292 it
213 264 294 290 udum
310 261 425 288 instabat
439 268 445 285 :
459 257 505 286 sed
518 264 564 284 eos
579 256 622 291 qui
636 255 792 283 accederent
805 260 857 280 non
873 251 958 283 impc-

175 309 276 337 diebat.
302 305 443 340 Discipulis
463 309 576 337 namque
597 300 753 336 simpliciter
775 298 856 329 dixit,
877 304 910 322 ne
931 294 958 322 in

176 344 313 381 civitatem
324 350 548 379 Samaritanorum
571 348 717 378 intrarent,
742 352 795 372 non
821 347 909 370 tamen
933 345 961 367 ut

177 399 337 428 accedentes
350 397 409 424 illos
422 394 582 430 repellerent
595 401 603 420 :
616 400 660 420 res
672 392 743 419 enim
756 391 825 417 illius
838 388 960 422 benigni-

178 450 233 472 tate
246 442 387 470 admodum
406 439 513 474 indigna
534 438 638 465 fuisset.
661 437 774 470 Ideoque
795 434 898 461 mulieri
924 433 963 459 sic

178 487 321 523 respondet
338 495 344 512 :
362 485 404 513 10.
427 484 458 512 Si
472 483 548 512 scires
557 482 651 509 donum
672 480 737 513 Dei,
753 483 776 506 et
798 479 853 513 quis
873 477 963 512 estqui

179 534 222 561 tibi
237 533 315 565 dicit,
332 531 373 558 Da
387 531 449 557 mihi
458 529 540 557 bibere
553 535 562 555 .'
575 533 601 555 tu
612 527 717 561 forsitan
740 526 840 560 petisses
859 523 890 550 ab
916 531 944 549 eo
954 542 961 554 ,

180 585 202 606 et
217 579 323 606 dedisset
337 577 381 603 tibi
394 583 486 610 aquam
506 574 597 601 vivam.
616 572 692 600 Prius
711 570 809 598 indicat
826 576 884 596 eam
904 574 964 595 esse

180 624 287 659 dignam
300 630 359 657 qua:
372 621 493 648 audiatur
502 640 509 652 ,
525 625 574 645 nec
589 617 742 652 rejiciatur;
757 622 788 641 ac
800 613 895 641 deinde
905 612 964 647 quis

180 657 238 704 ipse
250 669 284 696 sit
299 667 408 695 revelat.
422 665 488 693 Nam
502 672 562 691 mox
579 662 700 690 auditura
720 660 779 695 quis
800 663 889 690 esset,
912 657 961 692 ipsi

180 703 394 748 obtemperatum
408 715 484 744 erat;
502 708 572 745 quod
585 707 619 735 de
637 706 735 735 Judzeis
756 712 835 732 nemo
856 703 962 731 dixerit.

180 761 246 789 Nam
260 757 500 789 cumdidicissent,
524 754 590 782 nihil
613 754 646 781 ab
666 753 724 788 ipso
747 751 892 786 petierunt,
914 755 964 776 nec

181 805 317 841 quidpiam
332 803 395 830 utile
409 801 527 829 ediscere
540 799 698 834 cupierunt;
714 798 767 824 imo
781 796 854 823 illum
869 798 964 822 contu—

182 840 268 878 meliis
282 849 427 876 onerabant
440 851 467 875 et
488 845 630 881 pellebant.
655 843 701 870 His
725 841 821 869 auditis
848 840 963 872 mulier,

182 897 242 924 vide
254 903 332 931 quam
343 894 463 921 modeste
476 890 635 926 respondeat
649 897 656 916 :
672 889 716 916 Η.
738 887 863 919 Domine,
888 893 965 919 neque

181 944 207 970 in
220 950 269 976 quo
284 941 387 968 haurias
400 939 484 971 habes,
508 942 531 964 et
551 941 639 972 puteus
659 935 725 962 altus
745 938 801 965 est;
823 933 889 959 unde
907 939 965 966 ergo

183 989 260 1016 habes
273 995 362 1023 aquam
377 987 457 1014 vivam
466 985 479 1012 .9
493 984 550 1012 Jam
566 983 638 1010 illam
652 989 666 1008 a
679 981 772 1008 viliore
786 978 910 1014 opinione
924 985 965 1004 re-

184 1037 278 1069 traxit,
305 1036 341 1062 ita
365 1039 393 1061 ut
415 1040 468 1060 non
492 1031 561 1058 ultra
583 1028 705 1057 crederet
729 1027 801 1054 illum
828 1024 964 1059 vulgarem

184 1080 333 1115 quempiam
347 1085 407 1106 esse
417 1076 562 1104 hominem.
575 1073 632 1101 Non
647 1071 725 1099 modo
739 1071 809 1098 enim
819 1070 891 1096 illum
907 1068 967 1095 Do-

184 1112 285 1154 minum
299 1128 393 1156 vocat,
415 1122 462 1150 sed
486 1120 632 1148 honoriﬁce
656 1117 782 1152 loquitur.
806 1114 872 1142 Nam
894 1112 966 1148 quod

185 1172 294 1199 honoris
309 1177 387 1198 causa
402 1169 440 1196 sic
460 1168 623 1202 loqueretur,
638 1171 670 1192 es
683 1161 855 1198 sequentibus
872 1160 964 1193 liquet.

185 1217 242 1244 Non
256 1216 326 1244 enim
341 1215 443 1246 irrisit,
457 1220 510 1240 non
530 1210 646 1239 traduxit
669 1209 743 1236 illum
756 1228 764 1241 ,
790 1207 837 1235 sed
861 1205 966 1232 interim

185 1261 383 1290 Subdubitabat.
403 1258 479 1293 Quod
503 1257 525 1284 si
546 1264 598 1284 non
620 1254 708 1283 statim
721 1261 777 1281 rem
792 1256 873 1280 totam
888 1250 966 1278 intel-

185 1308 267 1340 lexit,
281 1314 315 1333 ne
330 1305 434 1332 mireris
449 1313 456 1331 :
471 1310 557 1337 neque
571 1301 642 1328 enim
658 1299 816 1327 Nicodemus
831 1296 968 1324 intellexe-

186 1359 238 1380 rat.
253 1352 318 1379 Nam
333 1349 395 1385 quid
408 1350 451 1376 ille
463 1347 548 1375 dicit?
565 1345 695 1380 Quomodo
708 1347 811 1380 possunt
824 1343 877 1369 hate
892 1340 968 1375 ﬁeri?

186 1403 213 1425 ct
227 1404 343 1430 rursum,
361 1393 491 1428 Quomodo
501 1397 580 1428 potest
592 1392 664 1419 homo
676 1390 746 1417 nasci
758 1397 814 1416 cum
828 1389 859 1415 rit
873 1386 969 1414 senex?

186 1449 213 1472 et
227 1444 333 1475 iterum,
350 1440 481 1474 Numquid
495 1442 574 1474 potest
587 1438 613 1464 in
628 1442 727 1464 uterum
742 1435 829 1462 matris
849 1441 901 1461 suae
921 1433 968 1460 ite-

186 1494 243 1515 ruto
253 1487 356 1515 introire
365 1491 387 1513 et
397 1485 465 1512 nasci
475 1485 487 1512 7
498 1484 559 1512 lltec
569 1487 656 1510 autem
666 1480 839 1509 verecundius
850 1477 968 1510 Domine,

187 1542 267 1570 neque
280 1533 307 1560 in
318 1540 367 1567 quo
380 1530 482 1558 haurias
496 1529 571 1555 habes
581 1549 588 1561 ,
601 1533 624 1555 et
637 1533 725 1563 puteus
739 1526 806 1552 altus
828 1529 879 1556 est;
903 1523 970 1550 unde

187 1569 246 1615 ergo
269 1579 344 1606 habes
367 1585 458 1612 aquam
479 1574 582 1602 vivam?
603 1573 681 1601 Aliud
703 1571 825 1599 Christus
846 1569 969 1602 dicebat,

187 1625 259 1652 aliud
275 1623 318 1650 illa
331 1621 514 1657 suspicabatur
525 1640 534 1654 ,
552 1618 619 1647 nihil
631 1617 703 1645 aliud
716 1624 794 1652 quam
815 1615 896 1642 verba
920 1622 969 1642 au-

187 1671 275 1702 diens,
290 1675 374 1703 neque
386 1667 472 1695 adhuc
484 1665 596 1693 sublime
608 1663 742 1700 quidpiam
763 1662 910 1697 intelligere
923 1668 971 1688 va-

189 1716 271 1744 lebat.
299 1714 377 1749 Atqui
401 1712 562 1749 petulantius
585 1709 747 1745 respondere
771 1708 919 1744 potuisset,
943 1706 971 1734 Si

190 1762 306 1789 haberes
319 1767 412 1795 aquam
427 1759 514 1786 vivant
527 1779 535 1791 ,
549 1765 602 1785 non
618 1761 722 1792 peteres
735 1763 751 1783 a
770 1763 812 1782 me
823 1775 831 1788 ,
855 1753 902 1782 sed
925 1753 971 1781 tibi

189 1809 266 1845 prius
288 1807 422 1842 praeberes
436 1814 442 1832 :
456 1806 511 1841 jam
531 1812 595 1832 vero
620 1807 646 1830 te
665 1803 759 1838 jactas.
782 1801 882 1829 Verum
908 1799 972 1827 nihil

191 1856 287 1882 horum
302 1853 367 1880 dixit
381 1860 389 1884 ;
403 1851 449 1879 sed
466 1850 584 1878 modeste
597 1848 714 1883 loquitur
724 1851 751 1874 et
764 1847 789 1874 in
804 1845 932 1881 principio
946 1849 974 1872 et

191 1901 218 1927 in
231 1898 411 1934 sequentibus.
425 1897 489 1924 Nam
503 1896 530 1923 in
546 1895 673 1930 principio
696 1893 733 1920 ait
748 1901 755 1919 ε
772 1891 902 1925 Quomodo
925 1896 952 1917 tu
964 1910 972 1923 ,

190 1945 298 1972 Iudaeus
311 1952 367 1971 cum
380 1943 414 1970 sis
427 1962 435 1975 ,
448 1942 530 1968 bibere
541 1949 557 1967 a
569 1948 607 1967 me
620 1939 702 1974 poscis
711 1938 724 1965 .’
737 1938 827 1972 Neque
839 1937 906 1964 dixit
918 1955 926 1968 ,
942 1942 973 1963 ac

192 1992 215 2019 si
231 1991 406 2025 alienigenam
428 1993 455 2016 et
474 1987 610 2015 inimicum
630 1985 810 2021 alloqueretur
825 1993 832 2011 :
848 1983 924 2011 Absit
947 1987 975 2010 ut

194 2038 241 2064 tibi
252 2037 383 2071 prtebeam
392 2034 491 2062 homini
506 2033 611 2060 inimico
619 2036 646 2060 et
655 2039 670 2059 a
684 2035 761 2067 gente
772 2035 862 2058 nostra
877 2029 974 2056 alieno.

196 2083 299 2110 Deinde
313 2089 374 2109 cum
388 2089 482 2116 magna
496 2080 646 2114 loquentem
667 2078 785 2110 audiret,
808 2084 866 2111 quae
890 2075 977 2103 solent

196 2128 318 2155 inimicos
332 2127 446 2154 maxime
461 2125 599 2156 mordere,
615 2131 667 2151 non
682 2123 779 2155 irrisit,
801 2129 853 2149 non
872 2121 978 2148 cachin-

197 2174 239 2200 nis
253 2172 358 2207 excepit
369 2172 461 2202 illum;
478 2170 524 2198 sed
537 2169 600 2204 quid
624 2168 704 2196 dicit?
728 2167 771 2195 12.
797 2166 928 2202 Numquid
951 2170 977 2192 tu

197 2218 280 2253 major
293 2226 318 2245 es
331 2222 402 2252 patre
418 2222 503 2244 nostro
517 2215 596 2242 Jucob
608 2235 615 2246 ,
630 2214 671 2248 qui
693 2213 761 2240 dedit
783 2212 854 2239 nobis
878 2216 979 2246 puteum

198 2265 265 2290 hunc
277 2284 284 2296 ,
301 2267 323 2290 et
338 2263 391 2297 ipse
403 2270 433 2290 ea:
447 2269 475 2289 eo
489 2261 565 2293 bibit,
579 2265 601 2287 et
614 2260 663 2294 [itii
674 2260 728 2294 ejus
739 2279 746 2291 ,
761 2263 783 2285 et
804 2258 915 2293 pecora?
934 2257 981 2284 Vi-

199 2308 260 2336 den‘
275 2316 328 2343 quo
341 2312 418 2342 pacto
429 2314 459 2335 se
471 2306 497 2334 in
512 2305 649 2334 Judaicam
671 2304 834 2332 nobilitatem
857 2301 981 2338 ingerat?

200 2353 255 2381 lloc
269 2359 356 2380 autem
368 2353 423 2379 vult
436 2351 586 2386 signiﬁcare
601 2360 608 2377 :
621 2349 668 2377 llle
684 2349 733 2376 hac
745 2355 808 2376 usus
828 2352 869 2375 est
892 2354 959 2382 aqua
971 2366 980 2381 ,

200 2398 267 2426 nihil
282 2398 350 2424 ultra
363 2396 433 2432 quod
443 2396 520 2424 daret
534 2395 634 2422 habuit.
646 2394 693 2421 His
711 2401 792 2428 porro
812 2392 929 2420 declarat
952 2399 982 2420 se

202 2453 234 2472 ex
251 2444 334 2479 pritna
350 2442 524 2478 responsione
537 2448 659 2476 magnum
674 2443 701 2467 et
713 2439 826 2466 sublime
848 2437 981 2473 quidpiam

202 2490 379 2519 intellexisse.
395 2489 460 2516 Nam
471 2495 532 2515 cum
546 2487 600 2519 ait,
615 2486 675 2521 Ipse
685 2486 754 2518 bibit,
770 2489 793 2512 et
808 2484 856 2519 [illi
870 2484 942 2520 ejus,
961 2487 984 2510 et

202 2543 307 2570 pecora,
331 2534 398 2561 nihil
419 2532 490 2560 aliud
511 2531 677 2563 subindicat,
697 2537 777 2565 quam
797 2537 826 2557 se
846 2529 872 2556 in
895 2533 985 2556 mente

202 2581 302 2608 habere
313 2579 392 2606 aliam
407 2577 618 2614 praestantiorem
630 2583 725 2611 aquam
735 2594 744 2608 ,
758 2582 836 2609 quam
849 2581 898 2601 nec
909 2581 982 2608 repen

204 2626 268 2653 riret
277 2645 286 2658 ,
304 2632 353 2652 nec
366 2625 438 2651 clare
452 2627 552 2651 nosset.
568 2622 604 2650 Ut
617 2627 704 2649 autem
716 2619 779 2655 quid
793 2619 836 2647 illa
858 2619 986 2653 intelligat

205 2671 303 2698 clarius
319 2669 468 2704 exprimam
487 2677 493 2695 :
507 2667 564 2695 Non
580 2662 654 2702 potes
668 2666 756 2693 dicere
769 2686 776 2696 ,
799 2664 901 2699 inquit,
915 2663 987 2691 Jaco-

206 2715 266 2742 bum
296 2715 369 2742 hunc
391 2714 467 2741 ttobis
491 2713 594 2740 dedisse
617 2711 717 2738 fontem
731 2730 739 2742 ,
762 2710 808 2737 sed
829 2709 882 2736 alio
911 2716 987 2736 usum

207 2759 286 2787 fuisse
302 2768 309 2788 :
326 2767 386 2786 nam
398 2763 422 2785 et
431 2759 487 2792 ipse
497 2762 524 2785 et
535 2757 580 2783 ﬁlii
593 2757 650 2790 ejus
662 2763 694 2782 ex
708 2754 757 2781 hac
770 2754 893 2781 bibebant
907 2761 986 2788 aqua,

208 2813 258 2831 nun
277 2805 386 2832 bibituri
399 2805 419 2831 si
434 2803 510 2831 aliam
534 2802 671 2829 meliorem
693 2799 856 2827 habuissent.
877 2799 916 2825 Ex
939 2799 988 2825 hac

206 2851 287 2885 igitur
303 2858 352 2878 nec
369 2856 394 2877 tn
410 2849 507 2884 poteris
518 2847 597 2880 dare;
612 2847 688 2873 alium
704 2853 765 2872 vero
780 2845 914 2872 meliorem
941 2843 986 2871 Ita-

692 149 723 178 ΙΝ
742 143 896 176 ,ΙΟΑΝΝΕΜ
916 140 1028 170 llCMlL.
1051 141 1133 169 XXXI
1154 144 1188 170 al.
1211 143 1292 173 XXX.

1742 152 1794 180 Ιδί

1014 201 1076 249 bere
1092 211 1144 230 non
1159 211 1232 238 potes
1242 227 1249 238 ,
1265 207 1314 234 nisi
1327 212 1352 235 te
1364 208 1462 238 Jacobo
1483 211 1609 246 majorem
1634 214 1792 249 proﬁtearis.

1016 247 1091 294 Unde
1105 249 1182 283 igitur
1197 257 1274 284 quam
1291 257 1316 279 te
1330 253 1452 281 daturum
1475 257 1610 291 polliceris
1634 247 1729 294 aquam
1752 261 1796 288 ha-

1015 293 1076 321 bere
1093 295 1195 328 possis?
1208 296 1243 322 At
1255 296 1336 324 Judaei
1347 307 1398 326 non
1412 304 1463 327 tam
1475 302 1531 329 miti
1542 310 1601 330 cum
1616 293 1795 334 illoisermone

1014 343 1132 372 utuntur,
1144 347 1204 367 cum
1215 341 1306 368 eadem
1319 343 1352 369 de
1367 351 1395 370 re
1409 344 1569 380 loqueretur,
1585 348 1703 382 ejusdem
1719 358 1795 385 aqua:

1015 384 1148 430 mentione
1182 385 1248 430 facta
1266 395 1272 413 :
1288 387 1334 414 scd
1360 388 1425 415 nihil
1451 390 1512 418 hinc
1539 392 1605 420 lucri
1640 384 1795 430 consequuti

1015 433 1086 476 sunt.
1103 429 1213 476 Quando
1226 435 1314 458 autem
1330 432 1442 461 Abrahae
1463 436 1600 468 meminit,
1623 438 1708 473 ipsum
1728 429 1797 476 lapi-

1015 473 1092 501 dibus
1106 475 1234 509 impetere
1249 477 1335 504 conati
1355 482 1426 505 sunt.
1452 479 1550 507 Verum
1566 489 1619 509 non
1642 484 1677 511 ita
1702 473 1798 513 mulier

1017 527 1076 547 cum
1091 521 1135 548 illo
1148 522 1218 556 agit;
1232 522 1278 550 sed
1291 531 1350 550 cum
1362 525 1563 554 mansuetudine
1579 527 1606 554 in
1622 533 1695 556 tanto
1712 535 1776 557 testu
1788 552 1795 564 ,

1017 565 1042 593 in
1055 567 1178 600 meridie,
1195 568 1282 595 omnia
1295 570 1425 603 patienter
1437 570 1578 599 admodum
1589 577 1617 600 et
1626 573 1689 601 dicit
1702 579 1728 601 ct
1749 583 1797 603 au-

1017 610 1078 649 dit‘
1086 616 1113 638 et
1128 613 1192 639 nihil
1206 620 1297 640 eorum
1313 616 1411 649 Cogitat
1430 624 1488 650 qua:
1510 617 1595 644 Judaei
1620 619 1799 648 verisimilitcr

1017 655 1162 689 dixissent,
1187 657 1272 692 ipsunt
1295 666 1390 694 nempe
1402 660 1523 688 insanum
1539 665 1567 689 et
1581 668 1672 690 mente
1693 669 1798 698 captum

1017 708 1076 727 esse
1088 722 1095 733 ,
1111 702 1155 736 qui
1168 709 1198 729 se
1211 702 1349 731 deluderet
1360 705 1429 732 circa
1445 705 1544 733 fontem
1558 711 1583 734 et
1599 712 1706 742 puteum
1718 729 1725 741 ,
1751 717 1800 737 nec

1017 746 1160 781 quidquam
1183 753 1340 782 praestaret,
1369 750 1415 777 sed
1436 751 1610 785 jactabundus
1636 753 1798 788 loqueretur.

1019 791 1064 818 Illa
1078 800 1141 819 vero
1151 799 1353 827 perseveranter
1366 797 1510 828 auscultat,
1527 797 1589 824 dum
1610 798 1681 834 quod
1704 800 1800 834 quan-it

1017 843 1142 865 llll'elllal.

1053 884 1079 910 5.
1099 883 1126 911 Si
1142 891 1204 910 vero
1218 884 1314 912 mulier
1326 885 1488 913 Samaritana
1504 891 1604 915 tantum
1619 888 1726 916 adhibet
1743 894 1800 916 stu-

1017 930 1099 961 dium,
1116 930 1215 965 utquid
1228 931 1290 958 utile
1300 931 1410 965 ediscat,
1424 936 1451 959 et
1464 932 1569 960 Christo
1577 934 1686 966 assidet,
1698 935 1800 963 etiamsi

1018 975 1090 1002 illum
1105 983 1158 1002 non
1179 980 1284 1008 noscat;
1304 984 1382 1011 quam
1405 984 1453 1004 nos
1473 978 1575 1005 veniam
1597 986 1799 1013 consequemur,

1018 1021 1062 1054 qui
1085 1021 1169 1055 ipsum
1193 1024 1323 1054 novimus,
1341 1023 1385 1056 qui
1408 1030 1460 1049 non
1483 1030 1558 1051 secus
1573 1029 1689 1058 puteum,
1709 1032 1760 1051 non
1775 1026 1800 1052 in

1018 1065 1123 1093 deserto
1137 1071 1248 1100 Stamus,
1264 1075 1316 1094 non
1330 1067 1356 1094 in
1370 1068 1488 1100 meridie,
1503 1076 1554 1096 non
1573 1069 1658 1097 adusti
1673 1070 1801 1098 solaribus

1019 1111 1116 1143 radiis;
1133 1111 1179 1138 scd
1192 1111 1241 1139 sub
1255 1119 1359 1146 aurora,
1373 1114 1423 1140 sub
1438 1114 1487 1142 hoc
1503 1119 1570 1142 tecto
1586 1115 1676 1142 umbra
1690 1115 1802 1143 fruimur

1019 1161 1046 1183 et
1053 1157 1169 1184 suaviter
1177 1158 1288 1192 agimus,
1297 1167 1382 1193 neque
1392 1159 1520 1194 patienter
1529 1161 1649 1193 audimus
1656 1161 1800 1196 quidpiam,

1019 1201 1065 1228 sed
1080 1201 1179 1229 desidia
1195 1204 1348 1237 torpemus?
1360 1203 1417 1230 Non
1431 1204 1470 1231 sic
1484 1205 1543 1237 illa;
1560 1205 1607 1232 sed
1622 1206 1656 1232 ita
1669 1206 1746 1233 dictis
1761 1212 1802 1234 at-

1019 1247 1112 1281 tendit,
1126 1248 1247 1275 utetiam
1263 1249 1329 1276 alios
1342 1249 1461 1277 advocet.
1478 1250 1561 1278 Judaei
1575 1259 1638 1279 vero
1658 1260 1709 1279 non
1724 1252 1803 1280 modo

1018 1300 1074 1320 non
1086 1293 1259 1327 advocabant,
1281 1294 1327 1321 sed
1346 1295 1424 1322 etiam
1447 1303 1493 1323 eos
1507 1296 1550 1331 qui
1566 1297 1692 1325 accedere
1707 1299 1803 1326 vellent

1022 1337 1214 1372 impediebant;
1230 1340 1399 1374 quamobrem
1424 1341 1545 1369 dicebant
1559 1351 1565 1369 :
1584 1342 1652 1370 Num
1666 1343 1755 1378 aliquis
1773 1352 1804 1371 es

1023 1383 1176 1419 principibus
1186 1385 1262 1411 credit
1275 1385 1301 1412 in
1314 1386 1389 1412 eum?
1402 1386 1454 1413 Sed
1466 1387 1537 1414 turba
1550 1388 1603 1414 han:
1613 1396 1668 1423 qua:
1680 1397 1728 1416 non
1738 1390 1804 1416 novit

1022 1430 1109 1465 legem,
1124 1429 1249 1457 maledicti
1262 1435 1319 1458 sunt
1332 1430 1418 1467 (Joan.
1435 1432 1460 1458 7.
1475 1433 1518 1460 48.
1530 1433 1584 1468 49).
1596 1432 1732 1462 Imitentur
1742 1442 1804 1469 ergo

1022 1475 1214 1503 Samaritanam
1231 1485 1238 1503 :
1252 1476 1434 1512 colloquamur
1443 1485 1502 1505 cum
1524 1478 1640 1505 Christo.
1656 1478 1721 1506 Nam
1735 1487 1805 1506 nunc

1021 1522 1101 1548 etiam
1125 1521 1151 1548 in
1174 1522 1262 1549 medio
1283 1526 1402 1550 nostrum
1426 1527 1488 1556 stat,
1515 1531 1562 1558 per
1588 1524 1738 1558 prophe:as,
1761 1532 1806 1558 per

1023 1566 1166 1601 discipulos
1177 1574 1225 1594 nos
1239 1566 1385 1602 alloquens.
1399 1567 1544 1595 Audiamus
1555 1575 1618 1603 ergo
1633 1573 1659 1595 et
1671 1573 1806 1603 obtempe-

1024 1620 1122 1640 remus.
1135 1612 1278 1648 Usquequo
1291 1612 1388 1640 frustm
1402 1617 1429 1641 et
1443 1613 1572 1641 inutiliter
1591 1613 1726 1641 vivemus?
1740 1613 1805 1640 Nam

1024 1657 1066 1684 illa
1089 1665 1166 1692 agere
1186 1665 1244 1692 quae
1267 1657 1320 1685 Deo
1343 1665 1394 1685 non
1411 1658 1524 1693 placent,
1540 1658 1601 1685 illud
1616 1663 1656 1686 est
1681 1659 1808 1686 inutiliter

1025 1703 1129 1736 vivere;
1146 1703 1199 1730 itno
1212 1710 1264 1730 non
1286 1707 1386 1730 tantum
1408 1703 1546 1735 inutiliter,
1560 1703 1607 1731 sed
1630 1704 1655 1730 in
1670 1704 1807 1730 damnum.

1025 1748 1091 1776 Curti
1106 1749 1176 1776 enim
1192 1749 1267 1777 nobis
1280 1749 1369 1777 datum
1386 1754 1489 1784 tempus
1504 1749 1631 1777 inutiliter
1643 1757 1750 1784 prorsus
1761 1750 1810 1776 im-

1027 1795 1176 1829 pendimus,
1200 1795 1262 1822 bine
1284 1795 1455 1829 migrabimus
1469 1800 1601 1822 extremas
1615 1795 1699 1822 daturi
1719 1802 1811 1830 prunas

1027 1842 1155 1869 inutiliter
1168 1841 1316 1875 consumpti
1333 1841 1469 1875 temporis.
1484 1840 1550 1867 Cum
1559 1840 1580 1867 is
1593 1841 1636 1875 qui
1646 1841 1770 1875 pecunias
1777 1839 1810 1867 ad

1026 1887 1213 1922 negotiandum
1227 1886 1341 1920 recepit,
1357 1890 1384 1913 et
1397 1893 1443 1913 eas
1463 1886 1604 1920 insumpsit
1620 1890 1647 1913 et
1658 1885 1805 1918 devoravit,

1024 1933 1156 1960 rationem
1170 1933 1194 1959 ei
1207 1932 1252 1966 qui
1264 1931 1315 1958 sibi
1329 1931 1442 1959 credidit
1453 1931 1562 1958 daturus
1577 1931 1611 1957 sit
1628 1939 1634 1957 :
1651 1931 1673 1957 is
1683 1935 1754 1957 certe
1766 1930 1811 1964 qui

1029 1979 1096 2006 hanc
1109 1978 1187 2005 vitain
1212 1977 1339 2004 inutiliter
1361 1976 1498 2011 impendit,
1521 1983 1572 2003 non
1594 1975 1670 2003 erita
1684 1975 1812 2010 supplicio

1029 2024 1105 2051 liber.
1119 2023 1176 2050 Non
1190 2023 1249 2050 ideo
1263 2029 1310 2049 nos
1323 2022 1392 2049 Deus
1407 2023 1432 2048 in
1447 2023 1514 2048 hanc
1528 2021 1607 2048 vitam
1624 2020 1741 2055 protulit,
1757 2019 1813 2046 ani-

1029 2075 1150 2103 mamque
1163 2067 1244 2100 dedit,
1261 2071 1289 2094 ut
1304 2068 1424 2102 przcsenti
1437 2070 1537 2094 tantum
1557 2066 1674 2093 fruamur
1688 2066 1748 2095 vita,
1766 2065 1813 2092 sed

1031 2118 1059 2141 ut
1073 2121 1120 2148 pro
1135 2113 1220 2140 futura
1235 2113 1285 2140 vita
1300 2113 1473 2146 negoticmur.
1487 2111 1565 2138 Bruta
1576 2110 1698 2145 prmsenti
1713 2115 1812 2137 tantum

1032 2159 1092 2186 vitm
1106 2159 1162 2186 usui
1176 2164 1251 2190 sunt;
1267 2165 1315 2185 nos
1329 2163 1415 2184 autent
1427 2157 1485 2184 ideo
1497 2157 1671 2184 immortalem
1685 2156 1813 2183 habemus

1032 2205 1157 2238 animam,
1174 2209 1202 2231 ut
1216 2204 1247 2231 ad
1264 2204 1336 2231 illam
1350 2203 1427 2230 nobis
1438 2203 1582 2238 parandam
1595 2202 1674 2229 vitam
1687 2200 1751 2228 nihil
1762 2208 1813 2227 non

1032 2259 1151 2288 agamus.
1171 2251 1200 2279 Si
1219 2251 1278 2286 quis
1301 2250 1450 2278 sciscitetur
1472 2250 1531 2284 quis
1553 2257 1615 2276 usus
1628 2248 1661 2276 sit
1675 2255 1813 2283 eqltorttm,

1033 2298 1179 2330 asinorum,
1196 2297 1287 2329 boum,
1310 2296 1475 2331 aliorumque
1496 2294 1646 2330 hujnsmodi
1671 2301 1816 2329 pecorum,

1035 2344 1133 2371 ttullum
1147 2343 1227 2370 alium
1243 2342 1361 2370 dicemus
1375 2349 1452 2377 quam
1468 2341 1644 2368 ministerium
1656 2340 1682 2367 in
1694 2339 1817 2374 pratsenti

1035 2388 1088 2416 vita
1102 2388 1258 2423 praestitum.
1276 2387 1312 2414 De
1325 2386 1401 2413 nobis
1420 2393 1484 2413 vero
1497 2393 1548 2413 non
1564 2385 1642 2417 item;
1663 2386 1709 2412 sed
1724 2383 1819 2410 melior

1035 2439 1120 2463 status
1140 2438 1180 2461 est
1195 2437 1256 2468 post
1268 2432 1413 2460 discessum
1426 2439 1458 2458 ex
1471 2430 1522 2459 hac
1536 2432 1588 2458 vita
1602 2439 1610 2458 :
1631 2430 1747 2464 nihilque
1765 2435 1818 2455 non

1036 2480 1166 2516 agendum
1186 2484 1237 2511 est,
1262 2483 1290 2506 ut
1304 2478 1340 2506 ibi
1360 2478 1488 2506 clariores
1510 2477 1592 2505 simus
1606 2480 1703 2504 etcum
1718 2474 1818 2509 angelis

1037 2526 1148 2554 choreas
1169 2531 1288 2559 agamus,
1313 2527 1341 2550 ut
1363 2522 1428 2558 [tegi
1449 2522 1585 2549 adstemus
1608 2524 1735 2555 perpetuo
1749 2523 1775 2545 et
1795 2518 1820 2545 in

1038 2570 1133 2598 szccula
1144 2569 1256 2597 inﬁnita.
1271 2568 1330 2595 ldeo
1341 2575 1454 2602 namque
1464 2566 1620 2594 immortalis
1632 2570 1672 2591 est
1683 2563 1781 2594 anima,
1795 2567 1820 2589 et

1039 2622 1136 2651 corpus
1157 2614 1304 2641 immortale
1317 2613 1378 2646 erit,
1402 2616 1431 2638 ut
1450 2611 1583 2646 perpetuis
1599 2609 1716 2636 fruamur
1734 2607 1819 2634 hortis.

1039 2660 1067 2689 Si
1084 2668 1147 2688 vero
1158 2659 1230 2687 caelis
1251 2659 1296 2686 tibi
1317 2657 1467 2693 propositis,
1483 2660 1559 2683 terra:
1580 2655 1721 2685 iuba-reas,
1738 2653 1822 2687 cogita

1040 2710 1165 2742 quantam
1188 2705 1271 2731 datrri
1293 2701 1478 2730 contumeliam
1508 2700 1616 2727 inferas.
1640 2699 1687 2726 Ille
1710 2704 1823 2731 superna

1041 2752 1087 2780 tibi
1101 2751 1179 2778 olfert
1193 2759 1200 2776 ε
1216 2754 1242 2775 ιιι
1257 2756 1319 2775 vero
1338 2755 1390 2774 non
1404 2753 1497 2780 magna
1517 2745 1587 2772 illius
1604 2743 1691 2771 habita
1712 2742 1822 2773 ratione,

1042 2803 1138 2825 terram
1152 2794 1299 2830 anteponis.
1310 2793 1370 2820 Ideo
1383 2791 1529 2826 gehennam
1539 2789 1724 2820 comminatur,
1734 2792 1826 2820 utpote

1044 2845 1228 2875 contemptus,
1247 2844 1273 2866 ut
1288 2839 1347 2866 hinc
1369 2837 1454 2865 discas
1474 2836 1578 2872 quantis
1594 2841 1619 2863 te
1637 2834 1725 2870 privos
1738 2831 1828 2862 bonis-
