2041 3113
249 106 297 134 185

246 166 296 193 Sed
311 165 378 192 absit
391 169 417 191 ttt
431 163 492 191 illud
508 162 664 197 supplicium
680 160 862 195 ettperiamttr;
880 164 970 184 verum
986 163 1032 191 po-

247 213 294 238 lim
313 213 365 238 Deo
380 211 522 245 placentes,
539 214 636 235 attenta
649 213 845 240 consequamur
857 205 935 236 botta,
949 203 1033 238 gratia

247 265 270 286 c:
289 257 449 290 benignitate
477 254 578 281 Domini
606 255 687 280 nostri
715 253 777 280 Jesu
799 251 908 283 Christi,
926 249 1032 284 quicum

641 105 670 132 S.
686 100 823 130 JOANNIS
842 96 1077 125 CHRYSOSTOMI
1096 100 1255 129 ARCIIIEP.
1274 103 1537 132 CONSTANTINOP.

1312 44 1333 57 ο

1823 109 1872 136 188

1088 157 1158 185 i'alri
1173 159 1266 194 gloria,
1282 169 1384 196 unaqtte
1399 162 1504 196 Spiritui
1518 169 1619 197 sancto,
1637 173 1662 192 lll
1678 166 1774 194 “ecula
1789 175 1872 194 san-u-

1086 204 1180 231 lorutn.
1197 206 1291 232 Amen.

1594 319 1853 331 ἣ

864 351 1038 384 HOMILIA
1059 349 1195 380 XXXI].

248 432 289 458 15.
315 430 452 464 Respondit
466 430 540 457 Iesus
553 436 575 457 et
586 430 649 457 dixit
658 430 680 456 ei
695 437 703 456 :
716 428 803 456 Omnis
816 427 858 461 qui
876 427 934 453 bibit
950 434 980 452 ea!
989 425 1035 452 hac

282 484 357 511 aqua,
370 476 436 503 sitiet
449 476 538 502 iterant
554 483 562 502 :
578 476 620 502 H.
637 475 679 510 qui
695 479 778 500 autent
797 473 882 499 biberit
900 480 931 498 ex
948 478 1013 506 aqua
1027 489 1034 502 ,

281 530 356 556 quant
370 529 416 557 ego
429 521 493 547 dabo
506 521 538 553 ei,
553 530 603 548 ttott
623 521 687 547 sitiet
709 521 734 546 in
755 524 875 546 teternu'n
890 526 899 545 :
915 518 958 544 sed
971 525 1037 551 aqua

281 575 357 601 quatn
369 575 414 601 ego
428 566 492 593 dabo
506 567 539 599 ei,
560 567 602 600 fiet
623 566 648 592 in
663 573 691 592 eo
715 565 772 599 fons
793 572 865 598 aqua
884 563 996 590 salientis
1011 562 1037 588 in

283 613 357 638 vitam
371 616 499 639 wteruam.

284 657 309 683 Ι.
331 656 442 692 Spiritus
457 661 555 683 sanctus
568 656 641 682 ntodo
654 655 718 690 ignis
734 654 807 680 modo
818 662 883 688 aqua
893 661 907 679 tt
919 653 1036 686 Scriptu-

252 712 281 729 ra
294 703 445 737 appellatus.
457 701 595 729 Prudentia
608 701 700 728 Christi
713 701 899 728 Samaritanam
911 699 1036 730 docentis;

253 748 422 775 Samaritana:
435 749 583 780 sinceritas;
603 748 658 782 ipsa
681 746 820 774 Nicodetuo
841 745 988 781 sapientior.
1002 760 1038 765 —-

250 794 364 830 Spiritus
377 795 486 829 gratiam
499 794 635 828 Scriptura
650 793 834 828 modoignem,
848 792 927 819 modo
940 799 1035 825 aquam

250 839 372 874 appellat,
392 847 444 866 non
467 839 632 870 substanlize,
654 837 701 865 sed
721 837 867 872 operationi
890 836 1037 864 indicanda:

248 885 306 913 lucc
319 890 378 919 apta
393 885 499 912 nontitta
511 892 571 912 esse
583 884 780 911 demonstrans.
800 883 856 909 Non
867 883 937 909 enim
953 890 984 910 ex
998 881 1037 908 di-

249 931 334 958 versis
347 930 501 958 substantiis
514 934 618 957 constat
638 929 768 964 Spiritus,
785 936 844 955 cum
860 927 997 955 invisibilis
1011 931 1038 953 et

251 977 328 1002 ttuius
341 976 448 1010 generis
463 976 505 1003 sit.
523 975 645 1003 Alterum
668 980 741 1002 certe
760 974 875 1001 Joannes
897 973 1036 1007 significat,

249 1029 308 1048 cum
323 1021 386 1047 dicit
400 1029 407 1047 :
421 1020 480 1055 Ipse
490 1029 532 1047 vos
547 1020 681 1055 baptizabit
695 1020 720 1046 in
738 1019 834 1054 Spiritu
847 1024 932 1045 sancto
946 1023 970 1045 et
982 1019 1038 1053 igne

250 1067 259 1101 (
274 1066 364 1094 Matth.
380 1067 406 1094 5.
419 1067 485 1102 il);
502 1067 614 1094 atterutn
637 1073 702 1093 vero
724 1065 854 1097 Christus,
874 1065 992 1092 Flumina
1007 1065 1038 1092 de

250 1118 333 1139 ventre
345 1113 399 1145 eius
412 1113 491 1147 ﬂuent
504 1120 576 1148 aquw
589 1113 659 1138 uittae.
678 1110 733 1138 Hoc
746 1116 828 1137 autent
848 1111 913 1137 dixit
933 1110 964 1137 de
978 1110 1038 1144 Spi-

250 1158 308 1188 ritu,
326 1165 397 1191 quem
410 1157 536 1192 ttccepturi
547 1161 618 1183 erant
627 1156 714 1191 (Joan.
728 1156 754 1183 7.
766 1155 809 1183 58.
824 1154 881 1191 59).
897 1155 932 1182 lla
943 1160 969 1182 et
982 1163 1039 1182 tnu-

251 1204 342 1230 licrem
357 1203 506 1238 alloquens,
520 1201 647 1237 Spiritum
663 1207 739 1229 vocat
752 1210 846 1237 aquam
862 1212 868 1229 :
889 1202 938 1235 Qui
953 1202 1038 1229 biben't

251 1256 282 1274 ex
295 1256 371 1282 aqtta,
387 1255 462 1282 quant
473 1256 518 1283 ego
530 1247 594 1274 dabo
608 1248 640 1279 ei,
655 1256 704 1274 non
722 1248 787 1274 sitiet
801 1247 826 1274 in
845 1253 981 1279 internum;
1001 1247 1039 1274 sic

252 1293 381 1328 Spiritum
393 1297 469 1321 vocat
491 1294 576 1328 ignem
589 1314 597 1326 ,
619 1297 647 1320 ut
661 1294 714 1320 vim
729 1293 913 1328 fervorcmque
927 1295 1018 1328 gratim
1030 1313 1037 1325 ,

251 1343 279 1366 et
294 1343 459 1373 peccatorum
473 1338 614 1372 perniciem
628 1338 756 1374 signiﬁcet
769 1347 775 1370 ;
791 1346 897 1373 aquam,
909 1343 935 1365 ttt
947 1338 1038 1372 purifi-

252 1384 382 1411 cationem
395 1384 612 1419 refrigeriumqtte
626 1391 672 1418 per
688 1384 757 1411 illam
779 1384 971 1418 excipientibus
984 1384 1040 1410 atti—

254 1430 305 1457 mis
317 1435 419 1464 partum
436 1430 542 1456 ittdicet.
559 1429 593 1456 Et
613 1429 673 1464 jure
691 1429 807 1464 qttideut.
823 1429 888 1456 Nam
908 1435 1039 1464 tamquam

255 1475 371 1507 hortum,
388 1474 529 1502 fructiferis
555 1483 713 1509 setnperqtte
737 1475 883 1502 virentibus
903 1475 1041 1502 arboribus

254 1525 416 1551 comantem,
441 1520 480 1547 sic
501 1519 646 1548 studio~am
675 1520 788 1546 animam
813 1525 936 1552 exornat,
956 1528 1041 1555 ncqtte

255 1565 395 1597 tnmroris,
412 1572 497 1600 neque
510 1565 689 1592 satauicarum
705 1564 861 1592 iusidiarmn
877 1573 984 1592 sensum
998 1573 1040 1592 ca-

256 1619 318 1645 pere
329 1611 391 1637 sinit
405 1631 412 1643 ,
429 1611 525 1646 quippe
539 1618 597 1645 qua:
612 1611 691 1645 ignita
707 1611 813 1645 maligni
829 1611 878 1637 tela
893 1611 969 1637 facile
984 1618 1036 1637 ex-

255 1658 379 1692 stinguat.
397 1657 435 1684 Tu
452 1665 515 1684 vero
529 1657 592 1684 mihi
605 1657 703 1683 Christi
719 1657 876 1691 sapientiam
887 1657 1042 1683 consideres

256 1703 345 1733 velim.
361 1710 438 1737 quam
455 1703 549 1729 leniter
563 1702 746 1729 mulierculam
760 1702 852 1736 erigat.
864 1702 954 1736 Neque
971 1703 1041 1729 cnitn

256 1757 271 1776 a
287 1749 416 1784 principio
430 1749 496 1776 dixit
518 1748 572 1781 illi,
591 1748 620 1776 Si
631 1749 707 1774 scires
730 1749 786 1784 quis
800 1752 836 1774 est
850 1748 892 1783 qui
910 1748 969 1775 dicit
984 1749 1041 1781 tibi,

259 1794 298 1821 Da
313 1794 374 1821 mihi
394 1794 551 1821 bibere:scd
567 1797 706 1828 postquam
726 1794 893 1821 occasionem
912 1794 950 1820 illi
969 1802 1043 1828 pra:—

258 1840 362 1872 buerat,
377 1844 405 1866 ut
417 1847 447 1866 se
461 1839 581 1866 Judaeum
597 1844 702 1866 vocaret
718 1843 744 1865 et
757 1843 902 1870 accusaret,
916 1839 1043 1866 crimina-

259 1887 358 1914 tionem
380 1886 518 1921 dt-pellcus
545 1886 595 1913 hoc
615 1885 687 1912 dicit.
712 1885 777 1913 Cum
791 1893 854 1912 vero
878 1885 997 1918 dixisset,
1014 1885 1044 1913 Si

258 1934 334 1960 scires
354 1933 409 1968 quis
423 1938 458 1960 est
480 1934 524 1968 qui
543 1933 603 1965 dicit
617 1932 670 1965 tibi,
683 1931 723 1958 Da
738 1932 799 1958 tui/ti
822 1933 912 1966 bibere,
938 1933 1044 1967 [ot-sitan

260 1978 370 2011 petiisses
379 1979 410 2005 ab
419 1987 457 2012 eo,
472 1982 498 2006 et
509 1978 611 2013 magnis
623 1977 840 2012 promissiouibus
852 1985 883 2005 eo
898 1978 1045 2006 induxisset

260 2025 330 2051 illam
345 2025 538 2059 utpntriarcltte
550 2025 711 2052 mentionem
734 2025 853 2058 faceret,
879 2025 917 2052 sic
940 2025 1044 2052 mulieri

260 2071 350 2097 oculos
365 2071 461 2097 mentis
486 2071 599 2105 aperuit.
623 2070 721 2098 Deitch
735 2071 777 2097 illa
792 2076 946 2104 reponente,
963 2070 1046 2098 Nunt-

260 2116 320 2149 quid
330 2121 356 2142 tu
367 2117 448 2150 major
460 2124 486 2142 es
501 2121 572 2151 patre
584 2121 668 2143 nostro
678 2115 757 2142 Iacob
770 2117 842 2143 ?uon
858 2116 932 2148 dixit,
947 2117 1044 2150 Etiam,

261 2161 345 2195 tttajor
358 2167 416 2187 Sum
433 2170 438 2187 :
454 2169 513 2188 natn
527 2162 596 2188 risus
608 2161 699 2188 fuisset
716 2161 741 2188 id
758 2169 786 2188 se
799 2161 923 2196 jactando
936 2163 1024 2190 dicere
1036 2184 1044 2196 ,

260 2214 320 2233 cum
333 2206 404 2232 nttlla
421 2206 509 2233 adltue
523 2211 593 2233 esset
608 2207 646 2233 rei
662 2206 854 2233 demonstratio
867 2216 873 2234 :
887 2215 933 2241 per
952 2216 982 2234 ea
997 2215 1046 2234 au-

260 2258 313 2279 tem
330 2261 388 2288 qua:
402 2253 474 2284 dicit,
491 2253 524 2279 ad
536 2252 598 2279 illud
615 2257 754 2287 pt'mparat.
771 2253 828 2280 Nott
843 2255 912 2281 enim
922 2255 1047 2289 simplici-

262 2302 303 2324 ter
316 2298 378 2324 dicit
394 2318 400 2329 ,
418 2297 489 2324 Dabo
504 2297 549 2324 tibi
565 2305 677 2331 aquam;
700 2297 746 2324 sed
763 2303 900 2332 postquam
919 2299 952 2326 de
966 2299 1047 2327 Jacob

262 2343 354 2374 tacuit,
369 2341 439 2375 qttod
450 2349 526 2368 sttutn
540 2345 598 2368 erat
610 2342 721 2373 extulit,
738 2350 753 2369 a
767 2347 860 2370 natura
874 2344 935 2371 doni
957 2353 1048 2378 perso-

264 2394 356 2414 narum
370 2386 544 2413 differentiam
561 2394 607 2421 per
626 2395 765 2415 ntunerum
789 2388 930 2417 discrimen
953 2390 1049 2417 decla—

266 2440 340 2464 rans,
358 2439 459 2459 necnon
473 2439 546 2458 suam
562 2440 640 2467 supra
657 2433 833 2467 patriarcham
849 2435 1046 2463 excellentiam.

264 2479 291 2506 Si
306 2479 421 2512 miraris,
436 2478 529 2513 inquit,
546 2479 615 2514 quod
636 2479 680 2507 ille
694 2480 762 2511 hanc
783 2488 876 2516 aquam
891 2482 1002 2515 dederit,
1026 2483 1047 2509 si

266 2524 343 2558 longe
358 2523 496 2550 meliorem
516 2523 561 2550 tibi
585 2524 693 2556 dedero,
710 2526 771 2560 quid
784 2526 875 2554 dices?
897 2527 954 2554 Jatn
978 2528 1050 2562 prius

268 2577 334 2603 pene
348 2569 469 2596 confessa
485 2577 513 2596 cs
529 2577 569 2596 me
581 2569 679 2598 Jacoho
694 2571 820 2606 majorem
833 2580 892 2600 esse
903 2594 910 2606 ,
925 2581 984 2600 cum
999 2575 1050 2600 sci-

266 2615 387 2642 scitando
398 2615 497 2647 dixisti,
512 2614 641 2649 Numquid
655 2621 681 2642 tu
692 2617 772 2651 major
782 2626 807 2644 es
821 2622 891 2651 patre
903 2624 987 2645 nostro
1000 2618 1048 2645 ,Ια-

266 2660 321 2693 cub,
337 2661 381 2695 qtti
395 2660 531 2688 meliorem
545 2661 680 2695 promittas
693 2670 785 2697 aquam
798 2663 809 2688 ἲ
823 2664 844 2689 si
857 2663 927 2689 illam
940 2671 1049 2698 accepe-

269 2708 305 2733 ris
328 2714 433 2740 aquam,
461 2710 523 2733 tunc
549 2713 592 2733 me
617 2707 692 2741 plane
715 2707 842 2742 majorem
871 2709 1050 2736 confiteberis.

270 2751 361 2778 \‘ideu'
376 2751 494 2778 mulieris
515 2751 641 2786 judicium
664 2753 720 2780 sine
736 2753 786 2779 ulla
803 2757 957 2788 accepttone
970 2774 977 2785 ,
993 2762 1052 2788 qua:

268 2803 300 2824 ex
315 2796 391 2823 rebus
405 2796 468 2831 ipsis
483 2801 508 2824 ct
520 2797 551 2824 de
567 2797 712 2832 patriarcha
728 2803 753 2825 et
764 2798 796 2826 de
807 2798 910 2826 (lin-isto
924 2799 974 2827 fert
989 2807 1048 2827 sett-

1091 423 1221 449 tenliam?
1238 423 1332 450 Verum
1347 432 1398 451 nott
1418 425 1452 452 ita
1469 426 1552 454 Juda-i
1571 436 1577 454 :
1594 436 1653 455 cum
1668 430 1789 459 viderent
1801 433 1871 460 enim

1089 467 1161 494 illum
1176 469 1303 496 darmonia
1316 470 1476 504 ejicientem,
1493 472 1684 501 da-moniacttm
1698 476 1782 510 ipsum
1797 486 1875 505 voca-

1089 512 1169 546 bant,
1193 515 1290 541 nedum
1314 516 1462 550 patriarcha
1483 517 1610 552 majorem
1634 520 1763 548 dicerent.
1781 523 1875 551 Mulier

1088 565 1152 585 vero
1166 566 1216 585 non
1232 560 1281 592 sic,
1292 561 1338 587 sed
1353 561 1412 588 itule
1424 561 1474 589 fert
1488 565 1658 597 sententiam,
1675 566 1744 595 ttnde
1752 567 1874 597 Chrt~tus

1088 603 1207 636 volebat;
1236 612 1268 632 ex
1296 605 1352 640 ipsa
1372 615 1468 641 nempe
1494 616 1604 642 operum
1632 611 1872 642 demonstratione.

1089 648 1153 676 Nam
1169 655 1195 676 et
1211 650 1266 684 ipse
1278 659 1381 686 quoque
1403 653 1463 680 inde
1479 653 1530 681 fert
1546 654 1673 688 judicium
1688 677 1695 690 ,
1713 658 1805 686 dicens
1821 668 1826 685 :
1845 661 1875 687 Si

1089 703 1138 721 non
1150 697 1217 730 facio
1230 705 1305 731 opera
1321 697 1404 726 Patris
1417 700 1474 732 mei,
1489 700 1566 728 nolite
1577 702 1637 728 mihi
1649 705 1750 731 credere
1763 713 1772 732 :
1786 706 1808 732 si
1821 714 1868 732 au-

1089 747 1138 769 tent
1149 744 1225 778 facio,
1237 744 1281 770 etsi
1297 745 1358 771 mihi
1371 754 1420 772 non
1431 747 1541 780 creditis,
1556 749 1672 782 operibus
1682 751 1775 778 credite
1786 751 1874 787 (Joan.

1089 789 1132 816 10.
1146 790 1202 824 37).
1212 791 1255 818 Sic
1270 796 1296 818 et
1311 792 1406 819 mulier
1419 793 1451 820 ad
1464 794 1541 821 fidem
1552 795 1699 824 adducitur.
1710 798 1876 834 Quapropter

1089 843 1148 862 culti
1165 836 1282 864 audisset
1296 857 1302 868 ,
1319 837 1451 873 Numquid
1464 840 1546 874 ntajor
1559 848 1584 867 es
1595 846 1666 875 patre
1675 848 1759 869 nostra
1772 842 1851 870 Iacob
1864 845 1877 871 Ρ

1089 881 1188 908 omisso
1202 881 1302 909 Jacobo
1314 903 1321 915 ,
1335 882 1368 910 de
1382 890 1449 918 aqua
1470 884 1586 919 loquitur
1599 885 1639 913 his
1654 887 1742 914 verbis
1755 909 1762 920 ,
1790 887 1876 915 Omnis

1089 926 1131 960 qui
1145 926 1209 953 bibet
1221 933 1253 953 ea:
1265 927 1313 954 hac
1325 936 1401 963 aqua,
1411 929 1475 956 sitiet
1489 930 1588 962 iterum,
1601 935 1627 959 et
1640 934 1875 967 comparationem,

1091 971 1172 998 missa
1191 972 1371 1005 accusatione,
1390 981 1422 1000 ex
1449 975 1624 1008 praecellentia
1649 976 1722 1004 facit.
1737 978 1793 1004 Non
1815 979 1878 1006 dicit

1089 1015 1172 1048 enim,
1188 1016 1249 1044 llatc
1267 1025 1334 1052 aqua
1360 1019 1426 1046 nihil
1447 1024 1486 1047 est
1500 1040 1507 1052 ,
1522 1021 1664 1056 omniaque
1686 1022 1855 1057 despicienda
1869 1033 1875 1056 ;

1090 1062 1135 1089 sed
1151 1062 1213 1089 illud
1229 1064 1337 1097 profert,
1356 1064 1426 1099 qttod
1440 1066 1495 1099 ipsa
1512 1071 1606 1094 ttatura
1627 1071 1738 1095 testatur
1760 1078 1765 1095 :
1791 1070 1878 1097 Omnis

1091 1108 1134 1141 qui
1148 1107 1206 1135 bibit
1222 1117 1254 1136 ea;
1270 1109 1316 1135 Imc
1329 1117 1394 1144 aqua
1407 1130 1414 1142 ,
1433 1111 1498 1137 sitiet
1521 1111 1610 1138 iterum
1619 1121 1629 1145 ;
1643 1114 1684 1147 qui
1696 1119 1779 1141 autent
1793 1115 1879 1142 biberit

1090 1161 1122 1180 ea:
1131 1161 1210 1188 aqua,
1227 1162 1302 1188 quam
1313 1163 1358 1190 ego
1369 1154 1433 1182 dabo
1444 1156 1476 1187 ei,
1489 1165 1538 1183 non
1553 1157 1619 1184 sitiet
1634 1158 1660 1184 in
1671 1163 1803 1186 teternum.
1819 1160 1877 1187 Jam

1091 1199 1317 1234 audierataquam
1332 1200 1416 1227 vivam
1432 1201 1544 1234 mulier,
1561 1202 1608 1229 sed
1629 1210 1680 1230 non
1702 1204 1878 1232 intellexerat.

1092 1245 1158 1278 Quia
1169 1245 1240 1272 enim
1255 1253 1321 1280 aqua
1343 1247 1401 1273 viva
1426 1247 1532 1280 dicitur,
1559 1256 1618 1283 quas
1644 1250 1769 1283 perennis
1791 1255 1832 1278 est
1853 1255 1880 1278 et

1092 1298 1197 1326 semper
1210 1291 1332 1324 scaturit,
1346 1299 1398 1318 non
1416 1293 1524 1326 prtecisa
1547 1293 1717 1328 scaturigine,
1731 1295 1765 1322 de
1779 1295 1827 1322 hac
1839 1297 1880 1322 in-

1093 1335 1262 1369 telligendum
1275 1338 1368 1364 mulier
1379 1338 1496 1373 putabat.
1511 1338 1572 1366 Ideo
1593 1340 1692 1367 clarius
1709 1340 1735 1368 id
1756 1341 1793 1368 illi
1806 1341 1881 1369 deiu-

1094 1391 1156 1416 teps
1179 1383 1279 1416 aperit,
1293 1387 1320 1410 et
1342 1391 1374 1411 ex
1395 1385 1594 1419 comparatione
1616 1385 1674 1421 ejus
1695 1387 1879 1415 excellentiam

1093 1427 1279 1455 demonstrans
1294 1429 1328 1455 ita
1345 1430 1429 1464 pergit
1442 1438 1449 1456 :
1465 1430 1516 1463 Qui
1528 1430 1615 1457 biberit
1625 1439 1736 1466 exaqua,
1749 1441 1824 1467 quant
1836 1442 1881 1469 ego

1093 1473 1158 1500 dabo
1170 1474 1202 1507 ei,
1217 1482 1267 1501 non
1280 1475 1345 1501 sitiet
1356 1475 1380 1501 iu
1395 1480 1536 1508 internum,-
1551 1476 1599 1510 sic,
1614 1481 1642 1503 ut
1655 1477 1720 1511 dixi,
1743 1479 1881 1506 excellen-

1095 1519 1157 1545 tiam
1182 1519 1343 1552 ostendcns,
1371 1528 1474 1548 necnon
1499 1529 1532 1548 ex
1555 1522 1727 1556 sequentibus
1754 1531 1761 1549 :
1786 1522 1880 1550 horum

1094 1564 1190 1598 quippe
1203 1563 1267 1591 nihil
1283 1564 1361 1592 habet
1376 1566 1491 1600 vulgaris
1503 1573 1580 1600 aqtta.
1595 1567 1662 1600 Quid
1677 1575 1740 1594 vero
1750 1569 1882 1602 sequitur?

1095 1610 1151 1636 lt'iet
1165 1610 1191 1637 in
1205 1618 1233 1637 eo
1247 1611 1304 1645 fons
1318 1619 1389 1645 aquae
1401 1611 1512 1639 salientis
1525 1612 1550 1638 in
1566 1613 1643 1639 vitam
1656 1617 1787 1640 wternam.
1809 1613 1883 1641 Sicut

1095 1656 1164 1682 enim
1177 1657 1219 1691 qui
1234 1656 1333 1684 fontem
1360 1657 1428 1684 intus
1448 1657 1545 1690 habet,
1571 1666 1713 1694 numquam
1734 1659 1807 1686 sitiet
1823 1669 1829 1686 :
1844 1659 1882 1686 sic

1096 1709 1144 1728 nec
1159 1701 1203 1728 ille
1216 1702 1259 1736 qui
1276 1702 1342 1730 hanc
1365 1710 1460 1737 aquam
1475 1703 1605 1731 habuerit.
1622 1704 1770 1740 Statimque
1787 1706 1882 1732 tnulicr

1096 1747 1219 1780 credidit,
1241 1748 1324 1774 multo
1339 1749 1484 1783 sapientior
1505 1749 1664 1783 Nicodemo;
1686 1758 1734 1778 nec
1749 1751 1827 1778 modo
1837 1759 1882 1778 sa-

1101 1793 1224 1827 pientior,
1241 1793 1287 1821 sed
1303 1797 1330 1821 et
1353 1794 1455 1821 fortior.
1477 1794 1522 1822 Ille
1537 1803 1651 1830 namque
1672 1797 1764 1824 tttullis
1786 1798 1883 1825 auditis

1099 1839 1260 1874 hujusmodi,
1282 1848 1331 1868 nec
1353 1841 1432 1867 alium
1456 1842 1606 1876 quempiant
1626 1842 1774 1874 advocavit,
1797 1850 1883 1877 neque

1098 1885 1154 1919 ipse
1170 1884 1291 1912 ﬁduciam
1306 1885 1397 1913 habuit
1412 1894 1420 1912 :
1436 1885 1495 1914 hmc
1518 1895 1582 1914 vero
1600 1888 1747 1921 apostolico
1768 1889 1884 1922 fuugitur

1096 1930 1195 1964 ofﬁcio,
1207 1932 1329 1959 ontuibus
1343 1933 1501 1959 annuntians
1515 1953 1521 1962 ,
1541 1940 1634 1961 omnes
1649 1933 1681 1960 ad
1697 1933 1786 1961 .ieSum
1800 1935 1882 1960 advo-

1097 1984 1171 2009 catis,
1187 1981 1320 2010 totamque
1345 1978 1478 2004 civitatem
1492 1978 1525 2005 ad
1548 1971 1621 2005 ilium
1645 1978 1811 2013 pertrahens.
1836 1978 1883 2006 Ille

1097 2022 1186 2049 attdito
1197 2022 1310 2054 Christo,
1322 2023 1396 2055 dixit,
1412 2023 1543 2055 Quomodo
1554 2029 1656 2058 possunt
1665 2024 1718 2050 luet:
1728 2025 1783 2058 ﬁeri
1795 2023 1882 2059 (Joan.

1098 2068 1124 2095 5.
1141 2067 1188 2103 9)?
1202 2075 1233 2095 ac
1247 2076 1306 2095 cum
1326 2068 1448 2096 Christus
1464 2069 1565 2096 clarttnt
1581 2069 1731 2104 exemplutn
1748 2070 1821 2096 venti
1843 2075 1884 2096 at-

1099 2113 1220 2146 tulisset,
1234 2122 1319 2149 neque
1335 2115 1369 2141 ita
1389 2122 1540 2142 sermonem
1563 2115 1679 2142 admisit.
1696 2115 1777 2143 Scens
1795 2121 1883 2142 atttem

1100 2161 1195 2187 mttlier
1208 2169 1214 2187 :
1228 2160 1274 2187 scd
1295 2162 1381 2194 primo
1396 2160 1544 2194 dubitabat,
1559 2161 1654 2188 deinde
1668 2169 1730 2188 vero
1744 2169 1796 2188 non
1813 2166 1883 2187 tanta

1100 2205 1215 2232 adltibita
1235 2205 1348 2239 cautela,
1370 2205 1416 2232 sed
1440 2207 1514 2240 quasi
1540 2206 1618 2232 latam
1639 2207 1798 2233 sententiam
1814 2205 1884 2232 dicta

1100 2251 1244 2286 excipiens,
1260 2251 1293 2277 ad
1309 2259 1364 2278 rem
1389 2251 1569 2286 accipiendam
1593 2253 1680 2279 statim
1705 2252 1798 2279 fertur.
1819 2251 1884 2285 Quit

1100 2297 1170 2323 enitn
1183 2296 1260 2324 Jesus
1280 2297 1391 2329 dixerat,
1409 2296 1465 2324 Fiet
1476 2297 1502 2324 itt
1517 2306 1545 2324 eo
1567 2298 1624 2332 [ous
1647 2306 1718 2332 aqute
1734 2298 1846 2324 salientis
1862 2299 1887 2323 iit

1100 2341 1176 2367 vitant
1191 2346 1326 2373 teter-nant;
1343 2342 1432 2368 statim
1447 2342 1484 2369 ait
1498 2341 1603 2374 ntulier,
1621 2342 1664 2369 15.
1681 2341 1722 2368 Da
1738 2343 1799 2368 milii
1821 2343 1886 2368 hanc

1100 2396 1202 2422 aquam,
1216 2393 1242 2413 ut
1255 2395 1305 2413 non
1318 2388 1412 2420 sitiant,
1428 2395 1505 2423 neque
1520 2388 1616 2415 veniam
1627 2388 1676 2414 huc
1686 2388 1796 2414 haurire.

1136 2432 1160 2459 2.
1186 2432 1276 2460 Viden'
1290 2432 1422 2467 quomodo
1438 2433 1561 2467 paulatim
1577 2432 1768 2467 addogmatutn
1781 2433 1886 2461 culmen

1102 2478 1266 2506 deducatur?
1295 2478 1383 2505 Primo
1420 2479 1521 2513 putavit
1555 2478 1628 2506 illttttt
1662 2483 1886 2513 transgressorem

1102 2524 1252 2559 quempiam
1265 2523 1385 2551 Judaeum
1397 2531 1472 2556 esse;
1488 2524 1584 2551 deinde
1608 2524 1667 2558 quia
1689 2525 1755 2551 hanc
1771 2524 1815 2551 ille
1834 2524 1886 2551 cri-

1103 2570 1273 2598 minationem
1286 2570 1387 2605 depulit
1400 2570 1462 2605 (non
1478 2570 1669 2598 decebatenim
1683 2578 1743 2597 eum
1758 2571 1801 2605 qtti
1817 2571 1886 2597 illam

1103 2615 1245 2642 educturus
1258 2620 1323 2647 erat,
1334 2621 1485 2650 suspectum
1499 2616 1580 2650 esse),
1593 2623 1651 2642 cutn
1664 2616 1781 2643 audisset
1792 2623 1886 2650 aquam

1104 2661 1200 2694 vivam,
1214 2661 1313 2695 putavit
1324 2660 1356 2687 de
1370 2661 1461 2687 scnsili
1479 2669 1545 2696 aqua
1562 2661 1612 2688 hoc
1626 2661 1688 2688 dici.
1701 2660 1812 2687 Demutu
1828 2668 1886 2687 eum

1105 2706 1221 2733 audisset
1233 2714 1263 2733 ea
1278 2714 1335 2740 quae
1349 2706 1513 2738 dicebantur,
1527 2714 1587 2734 esse
1597 2707 1756 2741 spiritualia,
1777 2706 1887 2733 erodidit

1105 2753 1211 2788 quidem
1226 2760 1303 2787 posse
1317 2753 1387 2780 illam
1399 2760 1493 2787 aquam
1510 2753 1610 2788 pellere
1630 2753 1715 2785 sitim,
1741 2761 1790 2780 nec
1801 2758 1888 2779 tatnctt

1107 2799 1168 2835 quid
1181 2799 1223 2826 illa
1233 2803 1302 2826 esset
1318 2798 1428 2832 sciebat,
1444 2798 1490 2826 sed
1505 2798 1591 2826 adhuc
1606 2797 1743 2826 dubitabat
1758 2806 1763 2824 :
1784 2797 1888 2832 putabat
