2041 3113
145 144 193 173 185
635 139 668 168 ΙΝ
687 138 841 167 JOANNEM
863 137 930 164 11οΜ

996 137 1102 166 XXXII.
1122 139 1157 166 al.
1179 139 1274 168 XXXI.
1723 144 1771 172 186

145 207 217 230 certe
235 202 294 229 lta‘c
316 200 469 229 sublimiora
485 207 555 231 esse,
570 206 649 234 quam
677 202 706 225 ut
727 203 807 237 sensu
832 194 931 230 percipi

145 252 272 284 possent;
294 246 342 274 sed
371 253 423 273 non
446 251 556 280 prorsus
579 244 605 271 id
629 243 692 278 quid
714 245 787 270 esset
810 244 931 268 noverat.

146 293 220 321 Nunc
231 297 304 320 certe
318 291 413 318 melius
426 290 542 322 videbat,
566 297 652 324 neque
671 294 758 315 tamen
774 291 856 314 totum
873 292 932 320 pcr-

145 339 262 374 cipiebat
277 347 283 364 :
297 345 358 364 nam
380 338 434 369 ait,
458 336 498 363 Da
518 337 579 363 mihi
594 336 659 362 hanc
673 343 781 369 aquam,
794 338 822 359 ut
836 340 885 359 non
899 331 934 357 si-

144 386 217 416 tiam,
242 391 320 418 neque
341 383 438 410 veniam
464 382 512 408 huc
527 382 638 408 haurire.
663 380 721 408 Jam
742 379 816 406 illum
833 377 932 405 Iacobo

145 429 314 465 praeferebat.
331 429 387 455 Non
401 428 452 455 hoc
463 427 535 454 fonte
550 434 617 462 opus
626 426 721 458 habeo,
733 425 754 452 si
770 432 783 451 a
801 429 826 451 te
837 430 932 457 aquam

145 476 216 503 illam
240 474 379 509 accipiam.
402 473 496 500 Viden’
523 472 657 508 quomodo
681 472 753 498 ilhtm
777 469 933 505 patriarclue

145 519 309 554 anteponat?
331 519 386 546 lloc
401 518 475 553 probi
496 518 577 545 animi
599 517 724 544 indicium
746 520 797 544 est.
813 514 934 542 Ostendit

145 575 224 602 quam
246 565 280 593 de
303 565 402 592 Iacobo
424 565 578 599 opinionem
601 563 711 591 haberet
725 571 732 589 :
746 562 812 590 vidit
835 561 934 589 Iacobo

146 613 294 644 meliorem,
307 619 392 646 neque
403 611 485 645 prima
499 611 542 637 illa
553 610 677 645 opinione
691 613 792 636 retenta
805 608 861 635 fuit.
876 608 933 634 Non

145 665 210 692 ergo
226 657 304 684 facile
328 657 424 683 mulier
445 655 578 688 credidit,
594 663 680 689 neque
696 659 795 682 temere
807 654 876 681 dicta
893 661 935 680 re-

146 704 228 738 cepit,
244 710 303 738 qua:
319 706 390 729 tanta
405 703 575 729 accuratione
590 701 726 736 qumsivit;
748 708 833 735 neque
853 700 933 726 etiam

147 747 314 783 immorigera
329 747 370 774 vel
392 748 558 774 contentiosa
575 747 632 774 fuit.
654 746 734 780 quue
755 753 787 774 ex
806 745 934 780 petitione

146 801 194 821 sua
214 792 418 820 demonstravit.
438 793 516 827 Atqui
531 792 631 820 Judasis
645 792 712 819 dixit
725 791 848 819 ChriS'us
863 799 868 817 ε
885 790 934 822 Qui

145 840 280 866 tatnederit
293 840 324 866 de
345 847 422 866 carne
444 847 509 872 mea,
524 847 574 865 non
589 839 697 870 esuriet;
718 843 741 864 et
761 837 804 872 qui
817 836 894 864 credit
909 837 935 863 in

146 893 195 916 nte,
212 893 263 911 non
273 885 339 911 sitiet
354 893 471 919 umquam
485 885 494 919 (
508 884 586 911 Joau.
601 884 627 911 6.
640 884 673 911 35
687 884 712 918 );
730 883 775 910 sed
788 890 840 909 non
855 882 934 909 modo

147 938 200 957 non
223 930 402 962 crediderunt,
427 929 474 956 sed
495 929 574 956 etiam
595 929 764 956 scandalizati
785 933 855 955 sunt.
872 927 935 955 Hmc

148 976 246 1003 mulier
259 980 350 1003 contra
362 980 497 1010 exspectat
508 979 535 1002 et
548 976 622 1010 petit.
636 974 735 1002 Judaeis
748 975 792 1001 ille
812 974 915 1001 dicebat
926 994 934 1006 ,

150 1021 200 1054 Qui
214 1020 292 1047 credit
306 1021 331 1047 in
343 1029 381 1048 me
395 1029 445 1048 non
456 1022 537 1053 sitiet;
551 1019 654 1048 mulieri
669 1028 734 1047 vero
749 1027 800 1046 non
816 1019 850 1046 ita
864 1040 871 1052 ,
888 1019 934 1045 sed

149 1065 259 1092 rudiore
274 1065 363 1097 modo,
379 1065 429 1099 Qui
441 1066 525 1092 biberit
538 1065 622 1092 ex/zae
634 1073 710 1100 aqua,
720 1073 770 1091 non
779 1065 854 1092 sitiet.
871 1063 935 1091 Pro-

148 1110 243 1138 missio
256 1118 368 1145 namque
383 1115 440 1138 erat
453 1111 630 1145 spiritualium
652 1118 741 1138 rerum
752 1131 758 1142 ,
775 1118 828 1138 non
844 1110 935 1137 visibi-

149 1155 214 1182 lium
229 1156 250 1182 ⁸.
265 1155 326 1182 Ideo
347 1156 465 1183 mulieris
487 1157 604 1183 animum
627 1155 861 1190 pollicitationibus
883 1155 936 1183 eri-

149 1208 229 1235 gens,
244 1201 331 1228 adlmc
344 1202 517 1228 sensibilibus
531 1202 687 1229 immoratur
698 1223 706 1235 ,
727 1201 797 1236 quod
811 1201 855 1228 illa
870 1208 936 1228 non-

149 1247 213 1273 dum
227 1251 316 1281 posset
328 1247 474 1280 spiritualia
489 1252 611 1275 accurate
627 1247 860 1282 comprehendere.
870 1246 935 1274 Nam

149 1292 171 1318 si
187 1291 309 1324 dixisset,
331 1291 358 1319 Si
373 1292 518 1319 credideris
535 1292 561 1319 in
576 1300 628 1324 me,
642 1300 695 1319 non
711 1293 801 1325 sities;
822 1292 863 1319 illa
883 1300 935 1319 non

151 1338 346 1371 intellexisset,
367 1346 427 1366 cum
453 1347 505 1366 non
531 1344 621 1367 nosset
634 1340 693 1374 quis
706 1345 776 1368 estet
791 1340 835 1367 ille
850 1347 879 1367 se
898 1339 936 1366 al-

150 1384 272 1419 loquens,
290 1392 338 1412 nec
351 1385 385 1412 de
399 1393 450 1420 qua
465 1386 506 1413 siti
522 1390 654 1421 ageretur.
669 1386 721 1413 Cur
732 1391 818 1413 autem
834 1394 886 1413 non
902 1386 936 1413 ita

150 1430 251 1458 Jttdmis
266 1430 389 1466 loquutus
400 1432 460 1459 est?
475 1432 541 1466 Quia
557 1433 593 1459 illi
608 1433 689 1460 multa
709 1432 782 1467 signa
795 1432 935 1464 viderant,

151 1477 196 1503 illa
212 1485 276 1504 vero
292 1477 410 1510 nullum;
431 1478 477 1505 sed
496 1479 575 1506 verba
596 1479 710 1514 primum
725 1479 854 1506 audierat.
875 1478 936 1506 Ideo

152 1529 199 1556 per
214 1522 380 1557 prophetiam
397 1523 521 1558 deinceps
533 1525 585 1551 vim
600 1532 674 1551 suam
689 1524 815 1556 ostendit,
826 1531 874 1551 nec
884 1528 938 1552 sta-

153 1569 198 1595 titn
214 1568 301 1603 arguit
321 1569 409 1602 illam;
431 1570 477 1597 sed
493 1570 555 1605 quid
571 1570 653 1597 dicit?
669 1570 710 1597 16.
732 1570 814 1603 Vade,
829 1578 889 1597 vaca
901 1570 938 1596 vi-

151 1623 208 1641 rum
221 1620 302 1648 tuum,
318 1619 342 1642 et
355 1616 410 1642 veni
425 1615 482 1642 huc.
496 1616 539 1643 17.
555 1615 605 1643 Illa
617 1624 673 1642 vero
688 1617 757 1648 dicit,
781 1615 866 1643 Virum
887 1624 937 1642 non

152 1661 240 1687 habeo.
257 1660 323 1687 Dicit
337 1662 359 1688 ei
369 1661 444 1688 Iesus
455 1683 462 1695 ,
474 1661 542 1689 Bene
550 1662 637 1690 dixiin
646 1683 653 1695 ,
675 1662 762 1689 Virum
775 1671 825 1690 non
836 1663 914 1689 habeo
928 1670 937 1689 :

152 1707 196 1734 18.
212 1707 322 1742 quinque
335 1709 400 1734 enim
423 1708 488 1735 viras
506 1708 631 1739 habuisti,
644 1713 669 1735 et
681 1717 746 1735 nunc
759 1717 830 1743 quem
847 1708 936 1742 habes,

151 1761 202 1779 non
217 1757 254 1779 est
269 1757 325 1780 tuus
338 1753 386 1780 vir.
404 1753 460 1780 Hoc
469 1762 524 1780 vere
538 1754 634 1781 dixisti.
652 1754 694 1782 i9.
711 1754 780 1781 Dicit
793 1756 815 1781 ei
829 1755 936 1788 mulier,

151 1796 268 1829 Domine,
283 1799 354 1824 video
366 1799 425 1834 quia
437 1799 558 1833 propheta
572 1807 598 1826 es
611 1805 646 1826 tu.

187 1842 357 1870 Samnritame
366 1843 524 1880 philosophia
533 1846 605 1872 malw
613 1846 672 1878 fidei
679 1847 694 1873 ,Ι
699 1845 825 1873 admoram
833 1848 939 1882 apponi-

151 1887 329 1923 tur—Papae,
344 1894 439 1924 quanta
450 1889 568 1917 mulieris
577 1891 741 1925 philosophia
755 1892 761 1918 !
776 1899 852 1926 quam
865 1899 939 1918 man-

150 1937 227 1959 suete
244 1933 479 1967 reprehensionem
491 1935 605 1962 admittit
617 1936 623 1961 l
633 1935 695 1967 Cur,
706 1937 818 1970 inquies,
832 1944 883 1963 non
891 1937 939 1964 ad-

151 1977 290 2004 misisset?
306 1982 393 2005 uenne
407 1986 477 2011 saepe
499 1979 604 2006 Judasos
616 1980 704 2007 acrius
715 1981 866 2015 redarguit?
881 1981 937 2008 Non

149 2021 221 2048 enim
232 2022 302 2056 paris
314 2022 418 2050 virtutis
425 2028 465 2050 est
474 2024 569 2051 mentis
583 2029 684 2052 secreta
693 2025 717 2052 in
728 2026 841 2052 tut-dium
857 2026 939 2053 addu-

149 2075 224 2101 cere,
244 2073 271 2095 et
288 2076 343 2095 rem
359 2069 426 2096 clam
435 2074 568 2105 peractam
585 2071 712 2098 revelare.
729 2071 796 2098 Illud
805 2071 874 2099 enim
892 2073 937 2099 Dei

149 2119 253 2141 tantum
263 2119 312 2146 est,
325 2122 384 2141 cum
399 2123 477 2142 nemo
486 2117 567 2149 novit,
578 2117 627 2144 nisi
637 2117 707 2152 isqui
715 2117 739 2144 id
754 2117 780 2144 in
790 2123 878 2146 nteute
889 2118 938 2146 ha-

148 2159 205 2191 bet;
220 2159 331 2186 alterum
340 2167 403 2186 vero
409 2161 502 2188 saltem
512 2160 684 2189 familiaribus
702 2168 792 2190 notum
801 2167 850 2190 est.
863 2164 939 2190 Διιπ-

149 2212 212 2231 men
221 2204 305 2232 Juda-i
313 2213 342 2233 se
352 2207 526 2241 reprehensos
539 2215 598 2235 esse
612 2208 718 2243 indigne
731 2209 825 2236 ferunt.
834 2209 884 2237 Sed
894 2210 938 2237 illo

149 2249 340 2284 dicente,Quid
353 2259 391 2278 me
404 2253 514 2287 qumritis
524 2253 663 2288 interficere
673 2253 761 2289 (Jaan.
776 2255 800 2281 7.
814 2255 873 2291 20)?
885 2264 937 2283 non

149 2295 232 2323 modo
241 2303 294 2323 non
307 2297 481 2332 admirantur,
493 2303 521 2326 ιιι
532 2300 686 2332 mulierilla,
702 2301 746 2328 sed
756 2302 835 2328 etiam
847 2303 938 2330 convi-

148 2340 199 2367 ciis
214 2345 241 2368 et
251 2342 418 2369 contumeliis
426 2343 553 2376 afficiunt,
566 2345 669 2372 etiamsi
682 2346 791 2373 aliorum
802 2348 937 2382 signorum

150 2390 306 2420 argumenta
329 2387 457 2416 haberent
470 2398 476 2415 :
491 2388 549 2417 lucc
571 2395 659 2417 autem
675 2391 725 2418 hoc
743 2400 822 2419 unum
837 2397 937 2420 tantum

150 2430 283 2458 audierat.
307 2432 431 2460 Attamen
455 2434 491 2460 illi
516 2442 569 2462 non
589 2435 668 2463 modo
691 2443 742 2463 non
760 2437 846 2464 mirati
865 2445 935 2471 sunt,

149 2475 197 2502 sed
213 2476 293 2503 etiam
306 2478 404 2511 probro
417 2479 560 2507 affecerunt
576 2481 704 2514 dicentes,
721 2482 877 2511 Dtemonium
892 2485 938 2511 lia-

149 2520 201 2552 bes,
225 2521 281 2556 quis
303 2526 326 2549 te
347 2524 435 2558 quaerit
459 2525 616 2559 inter/icere?
631 2526 692 2555 Haec
712 2535 776 2555 vero
790 2536 844 2556 non
860 2529 938 2556 modo

150 2572 203 2592 non
219 2567 394 2600 conviciatur,
408 2569 454 2596 sed
470 2570 580 2597 miratur
594 2576 620 2598 et
640 2572 810 2607 obstupescit.
824 2574 938 2608 prophe-

149 2614 258 2645 tamque
270 2612 395 2646 opinatur
408 2621 485 2647 esse;
505 2615 555 2642 etsi
569 2617 656 2643 acrius
671 2617 738 2645 hanc
751 2618 938 2652 reprehendat,

149 2663 228 2689 quam
252 2656 322 2684 illos.
349 2657 404 2686 lloc
422 2660 492 2686 enim
514 2667 651 2695 peccatum
667 2663 743 2690 unius
765 2651 847 2698 ipsius
864 2669 937 2697 erat;

150 2700 214 2727 illud
226 2709 290 2729 vero
303 2704 428 2731 omnibus
443 2713 591 2734 commune.
606 2707 664 2734 Non
675 2713 762 2735 autem
775 2709 809 2736 ita
824 2711 938 2738 morderi

150 2747 267 2775 solemus
280 2748 314 2775 de
335 2751 520 2778 communibus
539 2751 654 2786 delictis,
671 2757 699 2780 ut
718 2753 750 2781 de
765 2756 887 2789 propriis.
905 2757 939 2784 Et

180 2823 188 2839 ¹
205 2823 254 2850 Alii
266 2826 361 2857 legunt,
371 2826 617 2860 indetermmatorum,
630 2837 684 2862 pro,
696 2809 889 2860 ndu’risibilium.

987 194 1024 221 illi
1037 195 1143 229 quidem
1159 204 1282 232 magnum
1295 198 1428 233 quidpiam
1443 206 1472 226 se
1493 198 1620 233 perlicere
1634 200 1769 234 putabant.

986 239 1008 266 si
1022 239 1155 267 Christum
1171 242 1351 271 interficerent
1363 253 1369 271 :
1382 244 1500 272 mulieris
1521 252 1583 272 vero
1597 245 1697 272 litcinus
1713 253 1770 272 ma-

985 283 1039 311 lum
1055 292 1114 313 esse
1127 287 1196 320 apud
1210 294 1302 315 omnes
1317 289 1342 316 in
1361 289 1484 317 confesso
1498 295 1564 318 erat.
1579 292 1702 319 Attamen
1718 299 1770 319 non

985 338 1055 365 δἐι-θ
1069 332 1125 359 tulit
1137 333 1241 366 mulier,
1251 334 1297 362 sed
1308 335 1441 370 obstupuit
1452 338 1597 373 mirataque
1608 330 1658 364 est.
1671 338 1775 365 Eodem‘

985 384 1089 412 quoque
1103 378 1181 406 modo
1193 386 1252 406 cum
1268 379 1429 409 Nathanaele
1439 382 1560 410 Christus
1572 391 1601 411 se
1610 385 1700 419 gessit.
1712 383 1770 411 Non

987 422 1100 456 primum
1116 424 1281 459 prophetiam
1295 425 1407 457 induxit.
1425 435 1510 462 neque
1523 428 1601 461 dixit,
1619 428 1678 456 Vidi
1693 435 1715 456 te
1725 429 1771 456 sub

986 469 1053 502 ﬁcu;
1067 469 1113 497 sed
1135 477 1195 497 cum
1220 471 1263 498 ille
1283 471 1404 505 dixisset,
1420 472 1492 500 Unde
1507 482 1546 500 me
1557 476 1622 501 nosti
1642 475 1731 511 (Joan.
1744 477 1770 504 1.

986 514 1046 549 48)?
1060 515 1084 542 id
1100 515 1246 550 respondit.
1261 516 1372 544 Volebat
1386 518 1456 544 enim
1473 518 1599 546 miracula
1614 524 1640 546 et
1656 522 1772 555 prophe-

988 560 1036 586 tias
1048 560 1082 588 ab
1096 561 1146 588 illis
1160 561 1285 596 incipere,
1301 563 1345 596 qui
1360 563 1392 590 ad
1417 563 1502 597 ipsum
1518 565 1688 598 accedebant,
1704 571 1732 593 ut
1746 572 1773 594 et

987 605 1070 640 magis
1084 605 1143 632 illos
1155 606 1204 632 sibi
1226 607 1389 639 conciliaret,
1403 612 1430 635 et
1445 616 1518 635 vanae
1537 608 1628 643 gloria:
1644 611 1770 644 suspieio-

988 657 1046 676 netn
1061 649 1195 684 effugeret.
1213 651 1268 678 Hoc
1284 652 1367 686 ipsum
1384 653 1426 680 hic
1440 653 1501 687 agit.
1514 654 1688 681 Existituabat
1702 658 1772 683 enim

987 695 1127 724 molestum
1142 702 1167 724 ct
1179 698 1340 732 superfluum
1355 699 1419 730 fore,
1432 700 1453 726 si
1467 707 1524 726 catn
1537 701 1624 728 statim
1638 706 1774 729 accusaret

987 741 1110 776 dicendo,
1139 743 1227 770 Virum
1242 753 1291 771 non
1306 745 1390 772 habes.
1408 745 1472 772 Illud
1488 754 1552 773 vero
1567 747 1699 781 corrigere
1716 753 1774 782 post

987 792 1121 822 acceptam
1137 789 1170 816 ab
1183 789 1276 816 eadem
1290 790 1344 824 ipsa
1358 792 1535 825 occasionem,
1550 797 1622 820 certe
1634 799 1775 820 consenta-

988 841 1065 860 neum
1080 839 1146 867 erat,
1162 839 1188 862 et
1203 835 1353 863 audientem
1369 839 1574 865 mansuctiorem
1591 839 1727 866 reddebat.
1742 839 1775 866 Et

987 885 1109 912 quaenam
1134 879 1178 906 illa
1201 881 1401 916 consequentia,
1426 882 1540 916 inquies,
1566 883 1665 916 dicere,
1694 883 1773 916 Vnde,

987 931 1047 950 vam
1061 925 1139 951 virum
1154 926 1246 952 tuum?
1259 926 1295 953 De
1308 926 1379 954 dono
1392 928 1518 962 agebatur
1532 932 1560 956 et
1577 928 1609 955 de
1627 929 1711 964 gratia
1726 929 1775 956 lm-

989 976 1092 995 manam
1105 974 1224 997 naturant
1238 975 1389 1005 superante.
1405 971 1521 1000 Instabat
1536 973 1631 1000 mulier
1642 974 1773 1009 flagitans,

989 1017 1014 1040 ct
1026 1013 1091 1041 dixit
1104 1015 1138 1046 ei,
1160 1015 1227 1042 Voca
1239 1017 1318 1044 cirum
1329 1022 1415 1050 tuum;
1428 1018 1599 1046 subindieans
1618 1020 1692 1047 illum
1706 1028 1774 1055 quo-

988 1067 1040 1095 que
1062 1060 1156 1088 horum
1179 1063 1332 1097 participem
1348 1071 1407 1091 esse
1420 1064 1518 1092 debere
1528 1065 1547 1091 ί.
1568 1064 1613 1092 llla
1627 1066 1773 1101 accipiendi

988 1106 1111 1141 cupida',
1134 1115 1208 1134 suam
1231 1108 1300 1136 celat
1321 1109 1521 1144 turpitudinem,
1544 1118 1625 1146 seque
1639 1111 1774 1139 hominem

987 1151 1084 1186 alloqui
1098 1156 1192 1185 putans
1204 1154 1250 1186 ait,
1266 1153 1326 1181 Non
1339 1155 1416 1182 habeo
1429 1157 1518 1182 virum.
1530 1156 1596 1184 Hinc
1608 1158 1774 1185 occasionem

988 1200 1099 1229 captans
1108 1197 1229 1226 Christus
1240 1203 1388 1233 opportune
1398 1200 1470 1227 illam
1480 1201 1661 1235 reprehendit,
1674 1207 1775 1230 utrum-

988 1249 1040 1277 que
1054 1248 1176 1270 accurate
1191 1244 1327 1279 explieans
1344 1253 1350 1270 :
1368 1253 1427 1272 nam
1452 1247 1553 1280 priores
1573 1254 1666 1274 onmes
1681 1256 1775 1275 nume-

989 1289 1065 1321 ravit,
1082 1293 1109 1316 et
1122 1289 1191 1316 hunc
1204 1290 1336 1317 occultum
1352 1291 1486 1318 revelavit.
1504 1292 1570 1324 Quid
1583 1299 1647 1327 ergo
1660 1293 1776 1320 mulier?

988 1334 1045 1361 Non
1060 1343 1130 1370 aagre
1154 1336 1222 1368 tulit,
1246 1344 1299 1363 non
1323 1336 1367 1363 illo
1379 1337 1470 1364 relicto
1484 1337 1558 1372 fugit,
1576 1345 1627 1365 non
1644 1338 1668 1364 id
1684 1343 1777 1366 contu-

989 1381 1095 1407 meliam
1119 1388 1179 1408 esse
1205 1380 1320 1416 putaxit;
1348 1381 1394 1409 sed
1419 1382 1502 1417 magis
1522 1382 1677 1414 admiratur,
1692 1384 1777 1418 magis

989 1431 1141 1460 perseverat
1155 1435 1161 1453 :
1177 1434 1235 1453 nam
1251 1428 1298 1459 ait,
1319 1426 1396 1453 Video
1413 1427 1471 1461 quia
1484 1427 1606 1462 prop/leta
1620 1436 1645 1455 es
1660 1433 1696 1454 tu.
1713 1428 1777 1463 Ejus

989 1478 1052 1498 vero
1068 1471 1234 1505 prudentiatu
1250 1472 1394 1507 perpende.
1411 1472 1468 1500 Non
1488 1473 1575 1500 statim
1590 1474 1714 1505 accurrit,
1728 1474 1776 1500 sed

989 1517 1076 1544 adlmc
1098 1518 1249 1544 considerat
1270 1522 1297 1545 ct
1321 1519 1440 1545 miratur.
1467 1519 1530 1546 Illud
1545 1519 1627 1552 enim,
1647 1519 1734 1552 Video,
1749 1519 1776 1546 id

989 1567 1040 1596 est,
1064 1562 1168 1590 Videris
1190 1564 1253 1590 tnihi
1279 1564 1406 1598 propheta
1430 1572 1499 1592 esse.
1527 1565 1626 1592 Deinde
1649 1566 1708 1600 quia
1725 1565 1777 1593 hoc

990 1609 1121 1643 suspicata
1137 1614 1204 1643 crat,
1219 1610 1282 1637 nihil
1299 1615 1431 1637 terrenum
1447 1611 1602 1646 interrogat,
1618 1619 1670 1638 non
1684 1611 1717 1638 de
1731 1620 1777 1638 va-

991 1654 1107 1682 letudine
1120 1655 1238 1689 corporis
1253 1660 1337 1689 rogat,
1351 1663 1402 1682 non
1417 1655 1450 1682 de
1467 1656 1571 1690 opibus,
1586 1664 1638 1683 non
1659 1657 1691 1684 de
1706 1657 1775 1684 (liri-

991 1699 1044 1729 tiis.
1056 1699 1102 1726 sed
1115 1700 1148 1727 de
1159 1700 1325 1735 dogmatibus
1339 1701 1436 1727 statim.
1454 1700 1522 1734 Quid
1542 1701 1611 1728 enitn
1629 1701 1710 1728 dicit?
1729 1702 1774 1729 20.

991 1744 1080 1772 Patres
1094 1746 1171 1772 nostri
1193 1745 1218 1772 in
1238 1750 1320 1772 monte
1341 1746 1387 1772 hac
1400 1745 1575 1780 adaraverunt,
1592 1747 1723 1774 Abraham
1738 1749 1776 1775 si-

990 1791 1127 1826 gniﬁcans,
1153 1799 1230 1826 quem
1255 1792 1336 1818 lilium
1361 1799 1394 1818 eo
1415 1792 1556 1820 adduxisse
1580 1793 1720 1821 dicebant:
1744 1794 1776 1822 Et

990 1837 1114 1870 quantm/0
1128 1844 1170 1863 vos
1183 1837 1265 1863 dicitis
1279 1837 1337 1872 quia
1348 1836 1514 1873 Jerosalymis
1527 1843 1562 1865 est
1576 1839 1645 1866 locus
1659 1840 1699 1866 ubi
1712 1841 1776 1866 ado-

990 1890 1048 1908 rare
1061 1882 1178 1916 oportet?

1026 1927 1051 1954 3.
1074 1926 1097 1953 E
1108 1927 1277 1954 Samaritanw
1287 1928 1369 1954 studia
1382 1927 1502 1962 fervorem
1514 1929 1666 1956 audiendum
1676 1931 1775 1959 ext-itur.

991 1973 1075 2000 Lectio
1095 1973 1236 2000 divinorum
1258 1973 1377 2000 librorum
1398 1975 1595 2002 eounnendatur.
1613 1976 1682 2003 Libri
1695 1978 1777 2004 aureis

991 2019 1126 2046 litteris.—-—
1134 2019 1226 2046 Viden'
1234 2027 1311 2054 quam
1325 2025 1414 2047 mente
1421 2021 1560 2048 sublitnior
1567 2023 1700 2049 evaserit?
1712 2023 1776 2050 Nam

991 2065 1035 2092 illa
1049 2065 1090 2092 cui
1107 2065 1139 2092 de
1150 2065 1267 2093 sedanda
1281 2066 1324 2093 siti
1340 2073 1402 2093 cura
1413 2070 1480 2099 erat,
1494 2067 1548 2101 jam
1563 2067 1596 2094 de
1609 2067 1776 2102 dogmatibus

991 2112 1145 2146 interrogat.
1165 2111 1232 2145 Quid
1247 2120 1311 2147 ergo
1325 2113 1465 2140 Christus?
1479 2113 1535 2140 Non
1555 2114 1633 2140 solvit
1650 2115 1776 2149 quaestio-

991 2165 1051 2185 nem
1066 2158 1138 2194 (non
1159 2158 1229 2185 enim
1251 2158 1302 2186 hoc
1322 2159 1441 2193 curabat,
1458 2164 1486 2187 ut
1505 2160 1537 2187 ad
1551 2161 1638 2187 omnia
1654 2167 1777 2189 accurate

991 2204 1178 2238 responderet;
1195 2205 1219 2232 id
1241 2205 1338 2240 quippe
1355 2213 1578 2240 supervacaneum
1599 2206 1714 2242 fuisset),
1731 2207 1777 2235 scd

991 2257 1082 2277 rursus
1105 2250 1241 2277 mulierem
1264 2250 1296 2277 ad
1321 2250 1449 2285 majorem
1473 2251 1659 2279 Sublimitatem
1687 2252 1776 2284 ducit;

991 2304 1040 2324 nec
1064 2297 1136 2330 prius
1160 2297 1202 2324 illa
1226 2301 1330 2330 tractat,
1354 2305 1433 2332 quam
1449 2298 1544 2325 mulier
1566 2298 1687 2326 confessa
1705 2304 1778 2326 esset

991 2342 1076 2376 ipsum
1087 2350 1146 2370 esse
1159 2342 1325 2377 prophetam,
1335 2349 1365 2370 ut
1377 2343 1503 2377 majorem
1515 2348 1605 2377 postea
1612 2344 1688 2371 dictis
1699 2344 1777 2372 fidem

991 2387 1111 2415 haberet.
1126 2387 1190 2422 Quin
1202 2389 1272 2415 cnim
1290 2389 1340 2415 hoc
1354 2388 1485 2421 crederet,
1500 2396 1552 2415 non
1568 2390 1634 2416 ultra
1655 2390 1688 2417 de
1701 2390 1778 2418 dictis

991 2432 1140 2460 dubitatura
1164 2437 1231 2460 erat.
1254 2433 1356 2460 Pudeat
1371 2441 1434 2468 ergo
1447 2441 1506 2466 nos,
1530 2438 1557 2461 et
1579 2435 1777 2463 erubescamus.

991 2479 1084 2506 Mulier
1097 2487 1156 2514 qure
1171 2480 1286 2515 quinque
1299 2481 1370 2507 viros
1384 2480 1521 2512 habuerat,
1536 2480 1709 2514 Samaritana,
1722 2486 1778 2508 tan-

992 2529 1046 2552 tum
1055 2525 1181 2552 doctrina:
1190 2525 1356 2552 addiscendae
1364 2525 1479 2553 studium
1486 2526 1574 2558 habet,
1585 2534 1634 2553 nec
1643 2527 1704 2553 hora
1713 2527 1777 2560 diei,

991 2578 1042 2597 nec
1050 2570 1119 2597 aliud
1130 2570 1240 2605 quodvis
1248 2570 1364 2598 ofﬁcium
1373 2571 1412 2597 vel
1423 2570 1554 2604 negotium
1562 2571 1631 2597 illam
1640 2571 1674 2598 ab
1685 2571 1778 2605 hujus-

992 2616 1062 2643 modi
1072 2616 1217 2651 quaestione
1227 2616 1348 2643 abducit:
1362 2623 1410 2643 nos
1424 2620 1512 2643 autem
1528 2623 1580 2643 non
1590 2615 1667 2642 modo
1680 2616 1714 2643 de
1727 2617 1777 2643 do-

991 2662 1123 2696 gmatibus
1137 2669 1189 2689 non
1203 2661 1405 2696 interrogamus,
1418 2662 1463 2688 sed
1474 2661 1498 2687 in
1510 2661 1632 2689 omnibus
1653 2663 1779 2689 socordes

993 2707 1132 2742 ignavique
1154 2715 1256 2734 sumus.
1280 2707 1341 2734 Ideo
1355 2706 1443 2733 omnia
1458 2706 1634 2741 negliguntur.
1657 2707 1720 2741 Quis
1734 2715 1779 2734 ve-

1023 2773 1030 2788 ¹
1042 2775 1098 2801 Quae
1109 2774 1243 2803 sequuntur
1255 2775 1309 2802 post
1319 2770 1388 2801 illud,
1402 2775 1463 2795 voca
1474 2769 1552 2795 virum
1560 2773 1636 2803 tutan,
1656 2771 1694 2797 alii
1707 2771 1781 2797 aliter

992 2803 1120 2835 ederunt.»
1149 2832 1155 2835 _
1179 2833 1185 2835 _
1274 2831 1288 2835 η
1319 2832 1324 2835 _
1450 2831 1456 2835 _

1024 2836 1033 2849 ²
1050 2833 1130 2858 Morel.
1149 2832 1239 2858 habet:
1260 2831 1304 2857 Illa
1315 2832 1388 2858 latere
1400 2831 1506 2864 cupiens.
