2041 3113
268 144 315 171 187

265 209 361 236 strum,
378 210 477 237 quaeso,
493 201 564 229 domi
579 201 751 229 christianum
767 202 860 231 librum
872 201 1052 236 arripit,tlicta

265 250 410 281 examinat,
438 252 484 275 aut
509 247 672 282 Scripturam
695 248 848 275 scrutatur?
871 247 955 275 Nemo
970 255 1052 279 sane;

265 295 311 322 sed
327 295 394 322 talos
407 299 432 321 et
448 293 529 321 cubos
542 293 612 328 apud
624 293 766 329 plerosque
783 294 957 326 inveniemus,
972 293 1053 321 libros

266 348 403 375 nusquam,
430 339 470 367 vel
493 339 563 374 apud
588 347 685 374 paucos
706 344 787 367 certe.
805 339 836 366 lli
862 347 925 367 vero
945 339 1053 374 perinde

264 387 351 414 all‘rcti
376 390 446 418 sunt,
463 390 544 421 atque
559 386 575 413 ii
590 386 633 421 qui
650 394 701 414 non
717 386 825 420 habent,
841 387 885 421 qui
902 387 996 421 ligatos
1011 385 1053 412 vel

265 439 374 466 prorsus
397 432 422 459 in
445 433 551 459 scriniis
570 433 705 467 depositas
719 437 836 465 servant,
851 440 981 467 omneque
996 437 1052 459 stu-

264 477 336 504 dium
351 483 453 512 poliunt
472 478 497 504 in
513 478 728 505 membranarum
744 478 881 509 tenuitate,
895 483 940 505 aut
954 478 979 504 in
993 478 1053 505 lite-

264 530 352 550 rarum
369 523 575 558 pulchritudine,
590 524 709 559 neglecta
731 524 855 551 lectione.
871 523 962 559 Neque
982 524 1052 551 enim

263 569 295 596 ad
309 569 449 597 utilitatem
469 570 618 604 quampiam
643 570 703 597 illos
717 571 866 604 acquirunt,
881 570 927 597 sed
941 574 969 597 ut
987 577 1052 604 opu-

264 615 371 642 lentiam
387 623 462 643 suam
478 616 618 643 ambitiose
632 619 767 643 ostentent
784 625 790 642 :
808 620 894 642 tantus
908 621 949 643 est
967 615 1053 642 inanis

264 661 355 694 gloria:
375 661 469 689 fastus.
490 661 629 689 Neminem
654 662 732 689 audio
756 662 781 689 id
803 662 905 689 ambire
927 667 956 690 ut
971 663 1053 690 libros

264 706 409 741 intelligat;
425 706 471 734 sed
490 706 577 740 potius
592 714 620 734 se
640 707 722 734 libros
736 707 834 734 habere
847 707 948 742 jactant
965 707 1053 734 aureis

264 750 348 778 literis
361 752 484 786 scriptos.
500 751 618 786 thnid,
635 759 736 786 quaeso,
758 752 820 780 hinc
833 752 898 779 lucri
913 752 1052 787 provenit?

263 796 320 823 Non
335 797 406 824 enim
421 802 561 831 propterea
576 797 646 824 data:
669 797 746 825 nobis
767 803 828 825 sunt
850 798 1008 832 Seripturae.
1024 802 1054 825 ut

263 842 322 869 illas
338 842 364 869 in
386 841 461 869 libris
484 846 586 869 tantum
606 842 768 875 habeamus;
783 843 829 870 sed
845 847 872 870 ut
887 844 913 870 in
928 843 1053 872 cordibus

263 887 455 921 insculpamus.
471 887 550 915 Certe
570 887 628 914 haec
650 888 777 915 librorum
791 889 924 923 possessio
936 889 1052 916 Iudaica

262 932 417 960 ambitionis
431 937 481 966 est,
498 940 557 960 cum
573 933 695 961 videlicet
718 938 850 969 praecepta
871 934 954 962 literis
966 935 1052 962 solum

263 978 433 1005 mandantur.
449 978 530 1006 Nobis
545 978 635 1013 utique
657 986 710 1006 non
731 980 766 1007 ab
781 979 856 1007 initio
880 980 918 1007 sic
934 980 975 1007 lex
992 980 1053 1008 data

265 1024 322 1057 fuit,
338 1024 383 1051 sed
397 1024 422 1051 in
435 1024 529 1051 tabulis
541 1025 629 1052 cordis
645 1025 805 1053 carnalibus.
821 1025 884 1053 Haec
903 1033 968 1054 vero
982 1026 1052 1060 dico,

264 1077 317 1096 non
333 1069 401 1104 quod
412 1069 493 1097 libros
501 1077 657 1105 comparare
666 1071 833 1106 prohibeam,
845 1072 899 1100 imo
918 1072 943 1100 id
961 1072 1051 1106 laudo,

263 1119 290 1142 et
310 1119 339 1142 nt
360 1115 405 1142 ﬁat
431 1119 545 1151 exopto;
568 1116 613 1143 sed
637 1116 716 1144 velim
737 1125 829 1145 eorum
850 1123 877 1146 et
890 1118 960 1146 dicta
974 1119 1010 1146 ita
1027 1123 1054 1147 et

262 1168 340 1189 sensa
360 1162 386 1188 in
407 1161 504 1189 animis
520 1162 618 1190 nostris
631 1163 743 1196 versari,
758 1169 787 1191 ut
805 1164 822 1191 ii
837 1165 996 1200 scriptorum
1011 1166 1053 1193 in-

265 1206 412 1241 telligentia
437 1211 594 1242 purgentur.
610 1207 676 1235 Natu
692 1209 712 1236 si
729 1209 847 1243 domum,
873 1210 917 1238 ubi
932 1210 1053 1246 Evange-

263 1253 328 1279 lium
344 1257 394 1286 est,
410 1253 484 1280 adire
499 1261 551 1281 non
568 1254 648 1282 audet
668 1254 805 1287 diabolus;
820 1256 904 1284 multo
918 1258 1006 1284 minus
1020 1257 1054 1285 ad

264 1298 379 1325 animam
398 1299 556 1334 evangelicis
571 1300 698 1327 imbutam
716 1302 856 1330 sententiis
868 1302 996 1331 accedere
1008 1307 1054 1331 aut

265 1344 370 1372 daemon
385 1349 430 1372 aut
444 1349 584 1380 peceatum
599 1347 718 1375 audebit.
742 1347 883 1376 Sanctiftea
903 1349 983 1385 igitur
997 1350 1053 1377 ani-

265 1397 335 1417 mam
351 1395 432 1423 tuam,
450 1391 584 1420 sanctifica
600 1400 697 1428 corpus
712 1402 718 1419 :
734 1394 790 1422 hmc
805 1402 911 1430 semper
926 1395 952 1422 in
971 1396 1053 1424 corde

263 1440 291 1463 et
304 1437 329 1463 in
342 1436 429 1471 lingua
440 1445 541 1465 verses.
556 1437 621 1465 Nam
636 1438 657 1465 si
672 1439 757 1473 turpia
771 1439 851 1468 verba
867 1441 1014 1476 inquinant,
1027 1445 1054 1469 et

264 1481 400 1510 demones
414 1487 542 1513 evocant;
566 1483 651 1518 palam
669 1488 743 1512 certe
760 1489 801 1511 est
815 1485 956 1514 lectionem
972 1487 1052 1522 spiri-

264 1528 361 1555 tualem
375 1527 542 1556 sanctificare
556 1534 582 1556 et
603 1530 765 1565 spiritualcm
781 1532 892 1566 gratiam
907 1533 1051 1560 attrahere.

263 1574 406 1609 Scriptura:
412 1575 500 1602 divina
507 1580 569 1603 sunt
577 1577 689 1604 cantica.
699 1578 843 1606 Cantemus
851 1586 915 1615 ergo
925 1580 992 1607 intra
1004 1588 1054 1608 nos

263 1620 345 1654 ipsos,
360 1628 391 1647 ac
403 1621 501 1649 morbis
512 1622 607 1648 anima:
623 1622 680 1650 haec
691 1623 807 1651 remedia
826 1624 1010 1652 adhibeamus.
1025 1627 1052 1654 Si

263 1668 392 1695 sciremus
414 1669 485 1696 enim
495 1676 525 1696 ea
534 1677 593 1704 qua:
607 1669 740 1704 leguntur,
751 1678 847 1706 magno
858 1672 900 1699 illa
911 1672 999 1700 studio
1007 1680 1053 1700 au-

262 1712 390 1741 dircmns.
405 1713 467 1740 Htec
477 1721 584 1749 semper
597 1715 667 1747 dico,
678 1723 727 1742 nec
741 1715 820 1743 ﬁnem
830 1716 934 1745 dicendi
947 1718 1050 1746 faciam.

262 1758 358 1785 Annon
366 1758 508 1786 absurdum
518 1759 605 1792 fuerit,
619 1761 640 1788 si
647 1760 710 1788 dum
719 1761 840 1790 homines
851 1763 946 1791 in-foro
954 1764 1052 1792 seden-

263 1808 313 1835 tes,
321 1805 470 1840 aurigarum
481 1809 507 1832 et
515 1806 669 1834 saltatorum
678 1808 796 1842 nomina,
807 1810 996 1844 genus,urbes,
1013 1811 1053 1838 in-

261 1849 404 1882 dustriam,
421 1850 474 1878 imo
495 1859 624 1886 equorum
647 1853 772 1880 virtutem
784 1859 831 1881 aut
845 1855 906 1881 vitia
922 1861 1051 1883 narrant:

263 1895 301 1921 illi
316 1895 359 1929 qui
374 1895 426 1922 huc
436 1897 608 1929 conveniunt,
626 1905 719 1925 eorum
733 1906 792 1934 quae
805 1899 847 1926 hic
858 1904 971 1935 aguntur
986 1900 1051 1927 nihil

262 1941 359 1974 Sciant,
382 1941 434 1968 imo
455 1942 550 1981 ipsum
566 1943 693 1970 librorum
710 1952 849 1972 numerum
870 1946 1010 1980 ignorent?
1024 1945 1050 1973 Si

260 1987 333 2014 enim
358 1988 500 2022 voluptatis
523 1995 602 2016 causa
620 1989 662 2016 illa
686 1991 827 2025 percipias,
844 1991 982 2019 ostendam
1005 1991 1050 2019 tibi

635 145 662 173 S.
680 144 818 172 JOANNIS
836 141 1068 172 ClIRYSOSTOMI
1088 143 1243 173 ARCIIIEP.
1265 146 1529 176 CONSTANTINOP.

1848 151 1894 177 “3'8

1106 201 1166 228 hinc
1180 202 1307 236 majorem
1321 203 1427 238 decerpi
1439 205 1609 239 voluptatem.
1622 203 1689 241 Quid
1699 206 1780 239 enim,
1792 214 1891 242 quaeso,

1105 248 1232 275 suavius?
1245 249 1306 283 quid
1321 250 1487 278 mirabilius?
1499 259 1531 278 an
1553 251 1688 279 hominem
1707 260 1767 280 cum
1787 253 1893 281 homine

1105 294 1246 322 luctantem
1259 303 1379 329 cernere,
1394 304 1427 323 au
1440 297 1572 324 hominem
1585 305 1645 325 cum
1659 298 1766 326 diabolo
1777 307 1894 334 pugnan-

1107 343 1170 371 tem,
1184 344 1211 367 et
1223 347 1319 375 corpus
1331 348 1390 368 cuin
1403 342 1558 376 incorporea
1575 347 1706 378 potestate
1718 345 1893 379 congrediens

1105 391 1133 415 et
1142 389 1289 423 superans?
1302 389 1352 416 [Ias
1362 397 1463 424 pugnas
1471 391 1691 425 contemplemur;
1702 391 1760 425 has,
1775 393 1892 427 inquam,

1105 442 1171 469 quas
1187 435 1285 462 imitari
1297 435 1424 463 decorum
1442 437 1558 470 utileque
1572 441 1623 469 est,
1639 445 1705 472 quas
1718 438 1762 472 qui
1787 438 1894 465 imitan-

1106 483 1158 512 tur,
1181 486 1307 506 coronam
1332 481 1466 515 accipiunt
1481 489 1488 507 :
1503 488 1556 508 non
1581 486 1669 509 autem
1694 482 1764 516 illas,
1780 491 1894 518 quarum

1105 525 1222 553 studium
1237 526 1405 561 ignominiam
1420 527 1490 562 parit
1501 527 1674 555 imitantibus.
1687 528 1840 556 Illamenim
1849 538 1895 564 pu-

1104 578 1182 606 gnam
1191 579 1250 598 cum
1263 572 1427 600 daemonibus
1436 573 1558 607 aspicies,
1569 574 1591 601 si
1600 575 1745 608 aspexeris;
1757 575 1825 603 banc
1834 583 1893 603 cum

1105 617 1204 652 angelis
1214 623 1240 645 et
1251 618 1404 653 angelorum
1415 619 1422 635 ¹
1434 619 1612 647 Domino.Dic
1629 622 1698 648 enim
1710 621 1786 654 mihi,
1798 622 1820 649 si
1835 622 1893 650 lice-

1105 669 1145 691 ret
1153 664 1198 691 tibi
1206 671 1264 692 cum
1275 665 1436 700 principibus
1442 673 1473 693 ac
1482 667 1728 701 regibussedentem
1736 670 1895 703 spectaculis

1106 709 1167 742 frui,
1182 718 1270 737 annon
1286 711 1349 738 illud
1363 711 1439 739 valde
1449 711 1624 740 honoriﬁcum
1635 714 1760 748 putares?
1772 715 1819 742 llic
1832 722 1894 742 vero

1105 762 1164 782 cuin
1181 755 1253 791 Rege
1273 756 1429 791 angelorum
1449 757 1542 785 videns
1556 757 1691 786 diabolum
1712 767 1726 786 a
1738 759 1819 788 dorso
1832 767 1893 788 cor-

1106 806 1221 836 reptum,
1245 802 1476 831 reluctantem'ac
1497 804 1603 832 vincere
1627 805 1725 833 frustra
1741 811 1891 840 conantem,

1106 853 1193 874 annon
1207 847 1292 874 curris
1305 848 1338 875 ad
1354 848 1403 875 hoc
1419 850 1620 884 spectaculum?
1635 850 1668 878 Et
1689 851 1834 886 quomodo,
1852 853 1892 879 in-

1106 893 1190 927 quies,
1217 899 1328 928 possunt
1356 894 1413 921 haec
1429 895 1506 922 lieri?
1525 895 1552 922 Si
1579 895 1673 923 librum
1697 904 1751 931 prae
1774 899 1894 926 manibus

1107 939 1215 966 habeas.
1237 939 1265 967 In
1290 940 1335 967 illo
1359 948 1474 975 namque
1490 941 1603 975 videbis,
1617 947 1644 970 et
1666 942 1761 976 fossas,
1776 948 1804 971 et
1817 945 1893 979 longa

1107 985 1249 1018 curricula,
1263 990 1290 1013 et
1304 986 1426 1021 captandi
1442 994 1530 1019 ansas,
1548 993 1574 1015 et
1586 987 1650 1022 justi
1665 988 1817 1016 artificium.
1833 989 1894 1017 Ilatc

1106 1031 1128 1058 si
1152 1031 1301 1066 spectacula
1327 1032 1456 1064 intueare,
1483 1032 1571 1060 disces
1596 1033 1714 1060 certandi
1735 1034 1853 1067 modum,
1867 1039 1894 1062 et

1105 1077 1241 1105 daemonas
1263 1079 1411 1113 superabis.
1429 1078 1474 1106 Illa
1489 1087 1553 1106 vero
1575 1081 1725 1114 spectacula
1740 1081 1893 1109 daemonum

1106 1128 1168 1151 sunt
1182 1124 1362 1156 celebritates,
1376 1132 1430 1152 non
1445 1124 1582 1152 hominum
1597 1125 1700 1153 theatra
1711 1125 1732 1153 ³.
1748 1126 1814 1154 Nam
1828 1128 1849 1154 si
1868 1128 1893 1155 in

1106 1170 1237 1198 idolorum
1259 1171 1386 1206 templum
1407 1179 1459 1198 non
1485 1172 1546 1199 licet
1569 1172 1682 1207 ingredi,
1706 1173 1792 1200 multo
1807 1174 1894 1202 minus

1105 1217 1167 1245 licet
1181 1217 1206 1244 in
1220 1217 1364 1245 satanicam
1377 1218 1569 1246 celebritatem.
1585 1218 1647 1246 Ihec
1657 1219 1746 1247 dicere
1758 1224 1784 1247 et
1795 1220 1894 1254 agitare

1106 1271 1159 1290 non
1184 1263 1314 1296 desinam,
1336 1263 1421 1291 donec
1442 1271 1490 1291 vos
1504 1269 1619 1292 mutatos
1639 1265 1742 1292 videro.
1757 1265 1822 1292 Nam
1838 1266 1894 1294 lucc

1106 1309 1204 1342 dicere,
1227 1309 1293 1336 Mihi
1312 1310 1410 1344 quidem
1434 1319 1483 1337 non
1497 1311 1606 1345 pigrum,
1624 1311 1718 1345 inquit,
1733 1311 1800 1338 vobis
1813 1317 1895 1339 autem

1106 1361 1187 1383 tutum
1210 1361 1246 1383 est
1262 1355 1394 1392 (Philipp.
1413 1357 1439 1384 5.
1455 1357 1465 1384 l
1525 1357 1563 1384 Ne
1583 1357 1662 1392 igitur
1684 1358 1892 1385 admonitionctn

1105 1410 1175 1437 agre
1189 1403 1289 1430 feratis.
1306 1403 1372 1430 Nam
1387 1404 1409 1431 si
1427 1405 1542 1439 graviter
1556 1404 1704 1438 ferendum,
1726 1405 1790 1432 mihi
1808 1406 1894 1440 potius

1105 1454 1175 1475 esset
1191 1448 1235 1483 qui
1247 1457 1299 1476 non
1309 1449 1413 1481 audior,
1425 1458 1504 1485 quam
1519 1450 1594 1478 vobis
1604 1450 1649 1485 qui
1661 1458 1768 1486 semper
1785 1452 1893 1485 auditis,

1106 1502 1250 1529 numquam
1264 1499 1353 1522 autem
1375 1495 1573 1529 obtemperatis.
1592 1496 1644 1524 Sed
1664 1497 1735 1525 absit
1749 1503 1777 1524 ut
1790 1505 1894 1532 semper

1106 1547 1153 1567 vos
1173 1547 1300 1568 accusare
1320 1548 1414 1576 cogar;
1440 1541 1505 1568 faxit
1528 1541 1597 1568 Dens
1618 1546 1646 1569 ut
1666 1542 1715 1569 hac
1733 1543 1894 1577 turpitudine

1106 1587 1220 1618 liberati,
1245 1587 1375 1621 spirituali
1400 1587 1735 1622 spectaculo‘dignemini,
1761 1592 1788 1615 et
1807 1588 1893 1616 futura

1104 1633 1187 1668 gloria
1203 1631 1329 1660 l'ruamini
1343 1641 1350 1659 :
1370 1633 1455 1668 gratia
1467 1637 1493 1660 et
1515 1633 1678 1669 benignitate
1693 1634 1796 1661 Domini
1810 1636 1893 1662 nostri

1104 1678 1168 1706 Jesn
1192 1679 1300 1711 Christi,
1325 1679 1430 1714 quicum
1456 1679 1527 1706 Patri
1541 1679 1636 1714 gloria,
1666 1687 1769 1715 unaque
1785 1680 1894 1716 Spiritui

1104 1729 1207 1756 sancto,
1219 1724 1245 1751 iu
1261 1723 1357 1751 smcula
1373 1724 1542 1752 saeculorum.
1560 1725 1655 1752 Amen.

1136 1813 1143 1828 ι
1161 1811 1221 1847 ξιιγίι
1238 1811 1329 1840 habet,
1342 1817 1397 1836 cum
1409 1810 1500 1842 angelis
1515 1814 1537 1835 et
1556 1810 1707 1843 archangeli:
1718 1813 1741 1836 et
1752 1811 1892 1843 mtgelorum

1104 1847 1287 1897 Πῗηῖίξθῇιοτει.
1301 1872 1454 1902 legitur......
1468 1871 1550 1896 uidens
1565 1871 1688 1897 diabolum
1698 1879 1730 1897 ea:
1740 1873 1846 1898 oraculis
1856 1873 1893 1898 di-

1104 1903 1163 1926 vittis
1175 1903 1266 1926 nudare
1277 1904 1401 1926 sufﬁtsum.
1415 1902 1577 1926 relurtantem.

1103 1903 1163 1928 uiuis
1174 1903 1266 1958 pudore
1277 1904 1401 1934 summum,
1415 1903 1577 1927 reluctantem.

1136 1935 1146 1950 ³
1163 1935 1172 1958 l
1187 1935 1209 1957 ic
1220 1934 1285 1958 addit
1295 1933 1364 1957 smil.
1379 1939 1386 1957 :
1401 1936 1491 1964 Itaque,
1503 1934 1601 1958 obsecro
1612 1939 1659 1964 vos,
1669 1941 1684 1958 a
1695 1933 1808 1959 satmucis
1823 1934 1893 1960 absti-

1104 1969 1156 2000 nete
1168 1964 1352 2000 rrlebrt’tutibtts.
1377 1997 1382 2000 Δ
1431 1994 1436 1999 .
1462 1994 1467 2000 ι
1508 1994 1514 2000 Ι
1648 1995 1654 1999 _
1672 1994 1686 2000 ’ί
1723 1995 1739 2000 η

1135 1996 1146 2011 ⁸
1163 1994 1244 2019 Morel.
1256 1995 1339 2024 habet,
1350 1994 1447 2019 (uternis
1459 1994 1539 2025 bonis,
1553 2001 1605 2026 pro,
1617 1994 1739 2027 spiritualt'
1748 1995 1891 2027 spectaculo.

914 2095 1087 2126 HOMILIA
1112 2095 1262 2125 XXXIII.

259 2169 304 2195 21.
320 2168 387 2194 Dicit
402 2168 422 2194 ei
436 2167 529 2194 Jesus:
546 2167 647 2200 Mulier,
659 2167 732 2194 crede
742 2169 813 2200 milii,
827 2169 885 2203 quia
900 2169 963 2196 venit
976 2169 1048 2202 hora,

292 2214 396 2248 quando
415 2222 492 2248 neque
504 2214 529 2240 in
542 2218 624 2240 monte
637 2214 693 2246 hoc,
707 2222 785 2246 neque
801 2213 968 2249 Jerosolymis
983 2215 1047 2240 ado-

294 2261 383 2286 rabitis
410 2258 521 2286 Patrem.
550 2258 595 2285 22.
625 2258 675 2285 Vos
699 2259 811 2286 adoratis
831 2260 898 2294 quod
923 2260 1048 2286 nescitis:

295 2314 340 2332 nus
368 2304 503 2331 adoramus
536 2304 603 2338 quod
634 2305 735 2338 scimus,
763 2305 822 2339 quia
846 2305 915 2332 salus
942 2313 974 2331 ea:
998 2305 1047 2331 Ju-

293 2352 355 2377 dteis
370 2355 415 2378 est.

295 2398 321 2423 1.
337 2396 409 2422 Fidei
422 2395 564 2422 necessitas.
578 2395 650 2421 Illud
661 2416 667 2428 ,
684 2394 769 2422 Crede
784 2394 848 2422 mihi
860 2415 868 2428 ,
884 2396 1046 2423 mulier......

256 2443 402 2470 ador-abitis
416 2441 531 2473 Patrem,
557 2445 750 2468 commentatur.
766 2440 854 2468 Cultus
868 2441 1046 2468 Samaritano-

256 2498 324 2516 rum.
341 2488 489 2515 Judtearum
504 2495 579 2521 super
600 2487 775 2514 Samaritanos
789 2487 943 2520 prtcstantia.
955 2487 1048 2514 Christi

256 2535 282 2561 iu
294 2537 466 2561 testamentum
480 2537 548 2560 vatus
562 2531 721 2567 stt/fragium.
734 2547 768 2552 —
782 2531 885 2568 Ubique
898 2532 949 2560 fide
969 2533 1046 2560 nobis

256 2587 324 2614 opus
334 2584 385 2612 est,
401 2578 502 2611 dilecti,
516 2577 575 2608 lide,
592 2578 721 2604 bonorum
742 2582 837 2609 matre,
855 2578 948 2604 salutis
961 2578 1047 2605 medi-

255 2624 393 2656 ciua,sine
407 2630 458 2658 qua
484 2622 582 2648 nullam
607 2629 761 2656 magnarum
786 2630 873 2649 rerum
895 2622 1043 2649 doctrinam

256 2670 392 2705 percipere
406 2676 565 2703 possumus;
579 2668 625 2696 sed
647 2669 754 2703 perinde
776 2673 854 2702 atqtte
870 2669 905 2695 illi
921 2669 964 2703 qui
987 2669 1044 2696 sine

256 2715 315 2742 navi
329 2722 401 2741 mare
416 2713 536 2748 trajicere
549 2718 688 2746 conantur,
707 2713 838 2740 tantillum
854 2718 965 2747 possunt
987 2721 1044 2740 ma-

254 2761 332 2788 nibus
348 2761 510 2795 pedibusque
523 2766 623 2792 natare,
639 2759 685 2786 sed
699 2759 810 2787 ulterius
831 2759 974 2794 progressi,
989 2759 1044 2786 cito

253 2816 269 2834 a
281 2806 403 2833 [luctibus
415 2805 619 2840 demerguntur;
643 2805 681 2832 sic
704 2809 731 2832 et
742 2805 784 2839 qui
807 2804 920 2838 propriis
933 2809 1044 2831 utuntur

255 2854 409 2886 ratiocinits,
421 2857 561 2887 antequam
576 2851 725 2886 didicerint,
743 2851 908 2886 naufragium
921 2850 1020 2878 faciunt
1035 2859 1041 2878 :

1103 2167 1326 2202 quemadmodum
1338 2171 1363 2194 et
1377 2166 1472 2194 Paulus
1492 2166 1538 2199 ait,
1552 2166 1601 2199 Qui
1615 2166 1681 2193 circa
1695 2167 1771 2200 [idem
1786 2169 1891 2202 naufra-

1101 2218 1202 2247 garunt.
1214 2212 1287 2246 Quod
1303 2220 1335 2239 ne
1346 2219 1394 2239 nos
1408 2219 1514 2247 quoque
1525 2212 1664 2246 patiamur,
1677 2219 1780 2240 sacram
1801 2218 1890 2241 tenea-

1102 2266 1160 2286 mus
1175 2266 1309 2290 ancoram,
1322 2266 1370 2293 per
1385 2266 1462 2293 quam
1476 2257 1598 2285 Christus
1609 2257 1803 2285 Samaritanam
1816 2266 1885 2286 nunc

1101 2304 1182 2331 ducit.
1195 2303 1259 2330 Nam
1270 2311 1329 2331 cum
1346 2304 1389 2331 illa
1403 2304 1513 2335 diceret,
1531 2303 1662 2336 Quomodo
1680 2311 1722 2330 vos
1734 2304 1818 2330 dicitis
1831 2304 1890 2338 quia

1101 2351 1125 2376 in
1140 2350 1306 2385 Jerosolymis
1325 2355 1361 2378 est
1382 2351 1461 2383 locus,
1478 2351 1503 2376 iu
1517 2358 1565 2384 quo
1578 2355 1674 2384 oportet
1695 2350 1822 2376 adorare?
1845 2358 1886 2378 re-

1101 2396 1207 2430 spondit
1220 2395 1342 2423 Christus
1357 2405 1363 2422 :
1377 2396 1455 2422 Crede
1468 2396 1539 2428 nu'lu',
1553 2396 1652 2427 mulier,
1666 2396 1723 2430 quia
1736 2397 1800 2422 venit
1814 2397 1886 2429 liora,

1099 2442 1199 2476 quando
1212 2451 1289 2477 neque
1303 2442 1329 2468 in
1346 2442 1521 2477 Jcrosolymis,
1535 2450 1613 2477 neque
1626 2441 1650 2468 in
1669 2446 1752 2468 "Mite
1767 2442 1812 2468 hoc
1826 2442 1889 2469 ada-

1099 2488 1185 2514 rubitis
1200 2487 1311 2515 Patrem.
1323 2487 1464 2514 Maximum
1481 2487 1541 2514 huic
1554 2487 1650 2522 dogma
1668 2487 1806 2519 revelavit,
1817 2487 1887 2522 quod

1099 2541 1148 2560 nec
1162 2533 1315 2565 Nicodemo,
1327 2541 1375 2560 nec
1385 2533 1540 2560 Nathanaeli
1552 2533 1627 2560 dixit.
1638 2533 1699 2559 llaec
1709 2541 1755 2560 sua
1770 2533 1886 2560 Judairis

1099 2579 1281 2612 praestantiora
1300 2586 1359 2605 esse
1383 2578 1530 2609 contendit,
1555 2583 1581 2605 et
1603 2582 1708 2612 patrum
1730 2579 1871 2605 auctoritat

1099 2623 1204 2650 firmare
1220 2623 1313 2650 nititur
1324 2623 1462 2650 :Christus
1473 2631 1537 2650 vero
1551 2623 1614 2650 nihil
1627 2623 1659 2650 ad
1674 2623 1724 2650 hoc
1738 2624 1886 2658 respondit.

1098 2669 1326 2703 Supervacaneum
1341 2669 1411 2696 enim
1428 2674 1489 2696 tunc
1502 2669 1592 2696 luisset
1607 2669 1758 2699 osmnderc.
1775 2677 1824 2696 cur
1841 2677 1888 2704 p't-

1098 2720 1152 2741 tres
1168 2715 1192 2741 in
1208 2720 1307 2747 monte,
1327 2723 1375 2741 cur
1397 2715 1480 2742 .Iuda-i
1496 2715 1521 2742 in
1534 2715 1708 2750 Jerosolymis
1730 2716 1883 2742 adorarent.

1096 2761 1158 2787 Ideo
1186 2760 1248 2788 illud
1273 2762 1369 2793 tacuit;
1387 2766 1413 2788 et
1430 2761 1530 2788 sublata
1555 2761 1588 2788 de
1604 2762 1739 2796 utriusque
1753 2761 1803 2788 loci
1819 2769 1885 2796 [πω-

1096 2805 1190 2832 stantia
1205 2805 1360 2839 quaestione,
1373 2806 1430 2840 ejus
1440 2807 1555 2833 animant
1568 2807 1659 2841 erigit,
1675 2806 1819 2833 ostendens
1835 2813 1883 2833 ne-

1096 2859 1147 2886 que
1167 2851 1273 2878 inda-os
1301 2859 1386 2886 neque
1404 2856 1493 2886 patres
1507 2859 1584 2887 posse
1605 2859 1728 2887 magnum
1749 2851 1882 2886 quidpiam
