2041 3113
193 153 242 181 189

192 214 217 240 in
231 214 320 239 futuro
332 216 481 247 prmstarc;
496 217 524 241 et
535 217 597 240 tunc
612 212 788 241 diﬁcrentiam
799 213 909 241 inducit.
924 212 979 239 Vc-

190 263 341 285 ruuitamcn
355 259 555 294 praestantiores
563 258 670 286 Judzcos
679 258 818 294 signiﬁcat,
829 266 881 286 non
893 258 980 286 locum

192 305 250 332 loco
264 304 496 339 anteponens,sed
510 304 552 331 illa
563 305 647 332 solum
660 306 764 333 ratione
773 305 872 333 Judteis
884 305 981 340 primas

191 349 350 382 concedens,
367 357 399 377 ac
410 350 432 377 si
444 350 545 377 diceret
560 358 567 376 τ
580 350 652 377 Nihil
663 351 696 378 de
709 351 767 378 loco
778 351 832 386 jam
845 351 982 385 disputan-

191 395 264 422 duut.
282 395 309 422 In
325 395 413 422 cultus
426 395 533 430 quidem
549 396 627 423 modo
641 396 726 423 Judati
738 396 895 431 praeferendi
905 400 982 424 erant

190 440 364 469 Sctmaritanis
381 449 388 467 τ
409 440 469 473 Vos,
484 442 577 477 inquit,
594 442 705 469 adoratis
719 443 786 477 quod
798 443 897 469 nescitis
912 451 921 469 :
936 450 982 469 uos

191 486 328 512 adoramus
360 487 426 521 quod
447 487 550 514 scimus.
577 487 718 521 Quomodo
739 495 802 522 ergo
829 487 983 515 nesciebant

191 532 352 560 Samaritani
363 532 426 567 quid
439 532 582 560 adorarent
593 534 604 559 τ
617 533 684 567 Quia
701 534 785 560 Deum
799 534 858 561 loco
869 534 983 561 circum-

191 577 282 609 scribi,
299 578 353 604 imo
375 577 451 612 quasi
474 577 555 604 dividi
579 585 657 612 posse
676 579 814 612 putabant.
835 578 880 606 Sic
902 578 982 613 igitur

191 622 264 649 illum
286 622 429 654 colebant;
460 623 499 650 sic
522 623 610 650 Persis
636 624 810 656 nuntiarunt,
831 624 907 651 istius
930 624 981 651 loci

192 668 270 695 deum
286 668 335 694 sibi
351 668 447 695 iratum
461 675 532 700 esse,
553 668 618 695 nihil
631 668 666 696 de
678 676 710 696 eo
729 669 844 703 amplius
858 676 935 703 quam
949 668 982 696 de

193 713 265 740 idolo
279 713 339 740 rati.
355 713 521 748 Quapropter
536 714 745 748 perseverabant
757 719 785 741 et
803 714 877 741 illum
891 719 918 741 et
929 714 983 741 da:-

191 767 285 787 monas
296 760 397 792 coiere,
417 767 447 787 ea
460 766 520 794 quae
543 760 648 787 misceri
666 767 720 787 non
736 764 859 794 poterant
871 759 983 788 confun-

191 805 294 833 dentes.
308 805 394 832 Judati
410 812 473 832 vero
487 804 537 832 hac
553 805 678 839 opinione
694 805 769 832 liberi
785 810 871 837 erant,
884 805 984 839 ipsum-

190 859 242 886 que
258 851 384 885 putabant
397 858 457 878 esse
472 850 544 877 orbis
552 850 652 883 Deum;
667 851 771 878 etiamsi
787 851 812 877 id
828 859 880 877 non
889 858 982 878 omnes

189 897 343 924 crederent.
357 897 500 931 Propterea
510 896 590 924 dicit:
606 896 656 924 Vos
667 897 778 924 adoratis
789 897 857 932 quod
867 897 981 924 nescitis:

191 951 236 970 nos
251 942 388 969 adoramus
396 942 466 979 quod
480 942 582 969 scimus.
598 942 637 970 Ne
646 943 751 970 mireris
763 948 851 970 autem
868 942 938 977 quod
954 949 983 970 se

193 988 295 1016 Judatis
307 993 467 1016 annumerct
482 997 488 1014 :
502 996 565 1015 nam
578 988 724 1016 secundum
743 989 863 1016 mulieris
876 989 982 1023 opinio-

190 1043 253 1062 nem
280 1035 409 1070 loquitur,
432 1035 508 1070 quasi
525 1035 653 1070 propheta
676 1035 846 1068 Iudaeorum;
870 1035 983 1070 ideoque

190 1081 267 1113 illud,
281 1080 434 1112 Adoramus,
448 1080 546 1115 posuit.
562 1080 638 1114 Quod
653 1081 723 1108 enim
739 1081 866 1108 adoretur
880 1081 980 1108 nemini

191 1134 244 1153 non
260 1131 350 1153 notutn
361 1131 420 1159 est;
437 1126 552 1154 adorare
567 1127 638 1154 enim
662 1131 793 1154 creatura:
810 1132 862 1159 est,
875 1127 980 1154 adorari

191 1179 265 1205 vero,
281 1176 464 1199 creaturarum
487 1171 601 1198 Domini.
630 1171 727 1199 Verum
756 1172 862 1199 interim
886 1172 932 1199 ille
955 1176 984 1199 ut

190 1218 300 1245 Judaeus
311 1218 436 1252 loquitur.
455 1217 520 1244 IIlnd
533 1225 607 1253 ergo,
622 1217 689 1251 Nos,
706 1218 732 1245 id
750 1223 801 1251 est,
821 1218 874 1246 Nos
886 1217 982 1246 Judaei.

190 1263 301 1291 indaica
316 1264 395 1298 igitur
408 1263 549 1295 extollens,
566 1271 595 1291 se
616 1263 669 1291 ﬁde
689 1264 798 1299 dignum
822 1264 934 1299 prtebet,
955 1268 984 1291 et

190 1310 270 1337 dictis
293 1310 350 1336 suis
378 1309 456 1336 ﬁdem
480 1309 617 1342 conciliat,
638 1310 817 1344 suspicionem
845 1317 984 1342 amovens,

191 1356 390 1390 ostendenSqne
401 1363 431 1383 se
443 1363 495 1382 non
510 1354 679 1391 cognationis
691 1357 776 1390 gratia
786 1356 828 1383 illa
843 1356 982 1384 extollere.

190 1403 242 1436 Qui
256 1403 327 1430 enim
347 1403 418 1429 circa
446 1403 534 1429 locum
557 1402 636 1430 talem
652 1403 753 1436 profert
766 1403 935 1435 sententiam,
951 1403 985 1430 de

191 1456 245 1485 quo
267 1449 326 1476 Ioco
338 1448 422 1476 ,Ιυάπὶ
438 1449 553 1476 maxime
576 1449 769 1483 gloriabantur,
783 1456 814 1476 ac
828 1456 858 1476 se
871 1449 977 1476 caeteris

190 1494 372 1530 prml'erendos
386 1495 541 1527 censebant,
560 1494 622 1522 dum
644 1494 712 1522 hanc
733 1495 788 1522 illis
800 1495 982 1530 praastantiam

191 1539 290 1573 aufert,
306 1541 391 1574 palam
408 1544 450 1567 est
462 1548 522 1568 eum
532 1540 587 1574 jam
602 1540 700 1567 nonad
711 1540 824 1575 gratiam
836 1540 983 1575 cujuspiam

192 1587 276 1621 loqui,
292 1586 339 1613 sed
355 1593 386 1612 ex
398 1587 510 1613 veritate
524 1591 551 1613 et
569 1593 602 1613 ex
618 1586 643 1612 vi
667 1586 830 1621 prophetica.
845 1586 911 1619 Quia
936 1585 985 1620 igi-

192 1637 237 1660 utr
249 1640 265 1659 a
280 1633 324 1660 tali
351 1632 549 1660 existimatione
573 1631 684 1659 abduxit
697 1631 799 1663 dicens,
814 1631 895 1658 Crede
910 1631 983 1664 mihi,

192 1679 294 1711 mulier,
309 1683 374 1710 ctc.,
383 1678 486 1712 adjicit,
500 1678 567 1710 Quia
576 1678 645 1705 salus
655 1686 671 1704 a
684 1677 784 1704 Judaa‘s
796 1682 831 1704 ert
841 1684 851 1709 ;
863 1677 915 1704 hoc
933 1680 984 1708 est,

192 1725 234 1752 vel
247 1724 318 1760 quod
330 1723 390 1750 hinc
401 1723 461 1751 orbi
474 1723 542 1751 bona
554 1723 649 1750 collata
661 1723 714 1750 sint
727 1722 799 1757 (nam
814 1722 861 1749 Dei
869 1722 985 1757 cognitio

192 1770 379 1804 idolorumque
390 1769 545 1804 reprobatio
557 1769 618 1796 hinc
631 1774 718 1796 ortum
731 1768 832 1800 habuit,
842 1775 945 1795 necnon
959 1771 987 1795 et

191 1817 245 1843 alia
259 1816 350 1844 omnia
361 1817 494 1851 dogmata,
511 1819 537 1842 et
549 1820 638 1842 vester
650 1815 737 1842 cultus
748 1815 812 1841 licet
827 1822 878 1840 non
897 1819 986 1841 rectus

190 1862 245 1894 sit;
259 1869 274 1888 a
286 1861 385 1888 ind-.cis
394 1862 463 1888 enim
476 1866 563 1888 ortttnt
579 1860 681 1896 habuit)
694 1869 700 1888 :
716 1860 759 1888 vel
777 1860 834 1888 htec
848 1868 922 1895 ergo,
943 1860 984 1887 vel

191 1907 340 1934 adventum
354 1914 430 1934 suum
445 1907 557 1934 salutem
578 1910 664 1933 vocat.
679 1906 735 1933 Imo
760 1913 825 1933 vero
839 1913 890 1932 non
909 1905 987 1932 aber-

191 1952 461 1987 raveritquispiamsi
475 1952 546 1979 dicat
557 1952 614 1979 haec
624 1951 703 1980 ambo
717 1951 827 1978 salutem
841 1958 911 1983 esse,
926 1957 985 1978 eam

192 1999 298 2027 Scilicet
310 2006 389 2034 quant
401 2006 434 2026 ex
445 1998 544 2026 Iudaeis
558 2005 618 2025 esse
633 1997 707 2025 dicit.
717 1997 793 2031 Quod
809 1997 906 2025 Paulus
920 1997 987 2024 sub-

192 2045 316 2072 indieans
336 2044 459 2076 dicebat,
476 2043 518 2071 Ea:
540 2044 630 2078 quibus
644 2043 757 2070 Christus
771 2043 907 2069 secundum
926 2050 985 2069 car-

193 2098 261 2122 nem,
275 2089 367 2125 quiest
390 2097 465 2124 super
486 2089 572 2116 omnia
596 2089 661 2116 Deus
678 2088 764 2123 (Rom.
789 2088 816 2115 9.
838 2088 878 2122 5).
894 2087 986 2114 Viden‘

192 2134 329 2170 quomodo
341 2134 422 2162 Vetus
437 2134 563 2169 praedicet
575 2135 775 2162 Testamentum
788 2154 796 2166 ,
812 2141 843 2161 ae
857 2134 985 2161 bonorum

193 2180 313 2208 radicem
325 2187 385 2207 esse
396 2179 527 2211 declaret,
549 2184 577 2206 et
597 2187 627 2207 se
641 2179 714 2206 nullo
730 2179 810 2206 modo
821 2179 985 2206 contrarium

191 2233 254 2254 esse
265 2225 335 2260 Iegi?
348 2225 479 2260 siquidem
491 2233 522 2252 cx
539 2225 639 2252 Iudaeis
654 2226 784 2252 bonorum
805 2231 912 2251 causam
928 2232 987 2251 om-

193 2274 268 2299 nium
281 2278 341 2298 esse
353 2270 426 2298 dicit.
437 2270 483 2298 25.
495 2270 548 2297 Sed
560 2271 701 2302 venit/toro,
717 2275 739 2297 et
752 2278 818 2297 nunc
831 2275 876 2302 est,
886 2270 986 2304 quando

192 2318 245 2344 ueri
253 2317 403 2344 adoratam
412 2316 555 2343 adorabunt
566 2315 681 2343 Patrem.
697 2315 777 2342 Vobis
789 2315 986 2349 praestantiores

192 2370 299 2394 sumus,
311 2369 328 2389 ο
343 2361 449 2394 mulier,
470 2362 565 2397 inquit,
590 2363 615 2389 in
630 2361 759 2389 adorandi
775 2361 855 2388 modo
872 2369 878 2388 ε
894 2369 985 2388 verum

194 2409 238 2435 hic
257 2407 347 2435 cultus
365 2407 492 2441 deinceps
507 2407 587 2434 linem
613 2406 729 2434 habebit.
746 2406 802 2432 Non
826 2406 898 2433 sitim
914 2406 986 2433 locus

194 2460 310 2486 tantum,
326 2453 374 2480 sed
385 2453 466 2480 etiam
479 2453 573 2479 modus
588 2452 694 2479 colendi
707 2452 870 2479 mutabitur:
888 2457 915 2479 et
930 2453 987 2479 haec

193 2503 226 2530 ad
240 2503 349 2537 januam
363 2504 435 2528 sunt.
457 2499 527 2526 Vertit
539 2500 609 2527 enim
624 2499 696 2532 hora,
706 2504 729 2526 et
739 2507 804 2526 nunc
815 2503 861 2526 ut.

229 2548 257 2575 2.
270 2548 356 2581 Quare
362 2546 478 2574 Christus
491 2545 626 2576 addiderit,
636 2549 663 2572 et
675 2552 744 2572 nunc
756 2549 797 2571 est
807 2544 880 2576 ;Veri
892 2545 985 2571 adora-

195 2600 259 2622 toru
270 2595 314 2630 qui
327 2594 348 2620 si
357 2598 386 2620 ιι.
398 2593 465 2626 Quid
479 2591 525 2619 sibi
531 2592 588 2618 velit
596 2591 707 2623 istud,in
720 2591 813 2626 spiritu
827 2595 854 2618 et.
863 2591 984 2618 veritate.

195 2640 309 2668 Christus
320 2640 346 2666 in
357 2639 428 2666 libris
437 2637 533 2673 Moysi:
540 2645 607 2671 saepe
616 2637 750 2671 praedictus
761 2636 987 2671 praﬁgumttthue

196 2691 240 2714 ut.
257 2686 368 2714 Pramut
383 2684 482 2711 Judteio
496 2684 587 2710 mulier
598 2683 770 2711 Samaritana.
785 2698 820 2703 -—
834 2682 899 2716 Quia
915 2682 984 2709 enim

197 2733 334 2767 propheta:
356 2731 440 2758 mttlto
454 2734 516 2757 ante
536 2733 656 2764 tempore
681 2728 782 2763 loqnnti
804 2731 876 2760 sttnt,
894 2727 919 2754 id
935 2727 986 2754 hoc

197 2777 256 2804 loco
271 2777 367 2804 tollens
379 2775 454 2807 dicit,
468 2774 499 2801 Et
510 2782 577 2801 nunc
590 2780 636 2801 est.
648 2774 686 2801 Ne
697 2778 784 2808 putes,
801 2774 896 2807 inquit,
916 2773 985 2800 hanc

197 2824 362 2859 prophetiam
389 2826 448 2856 post
460 2822 572 2848 multum
587 2825 694 2855 tempus
718 2820 881 2854 implendam
903 2827 982 2846 esse:

200 2879 241 2898 rcs
254 2869 325 2897 enim
340 2869 432 2899 instat,
448 2871 475 2894 et
490 2867 514 2893 in
524 2865 613 2900 jannis
623 2870 673 2896 cst,
691 2865 799 2897 Quando
818 2865 869 2892 ueri
893 2865 986 2892 adora-

351 2917 486 2946 ΡΔτιιυι..
503 2917 561 2945 (ὲκ.
585 2915 618 2944 LI
627 2916 662 2943 Χ.

692 155 727 183 IN
746 154 900 183 .IOANNEM
918 155 1032 182 lIOMIL
1053 155 1170 184 XXXIII.
1187 159 1222 185 al.
1243 159 1351 187 XXXII.

1775 171 1826 199 190

1035 217 1099 239 tores
1113 214 1255 242 adorabunt
1269 216 1373 245 Patrem
1386 219 1411 245 in
1425 219 1514 254 spiritu
1525 222 1742 253 etveritate.Cntn
1758 227 1826 254 dixit

1034 265 1122 291 veros,
1139 266 1199 287 cum
1213 260 1386 291 Samaritanis
1396 264 1501 293 Judzroes
1512 267 1624 302 repulit;
1638 268 1741 298 etiamsi
1755 273 1825 300 enim

1034 304 1134 332 illisint
1148 304 1189 332 his
1209 307 1344 341 meliores,
1361 312 1479 338 venturis
1493 316 1581 341 tamen
1598 314 1675 349 longe
1686 321 1748 344 sunt
1761 317 1835 345 infe--

1034 350 1129 384 riores,
1146 356 1172 379 et
1183 358 1310 387 quantum
1324 356 1422 383 veritas
1437 357 1518 392 ﬁgura
1542 360 1637 388 melior
1651 365 1701 389 est.
1716 363 1754 390 De
1776 363 1812 391 Ec
1822 380 1830 383 -

1034 396 1114 424 clesia
1129 405 1194 424 vero
1216 398 1342 434 loquitur,
1356 402 1416 435 quia
1443 411 1502 429 vera
1519 405 1625 440 Deoque
1646 412 1822 436 consentanea

1033 441 1154 469 adoratio
1170 443 1212 469 illa
1228 443 1284 478 ipsa
1296 449 1344 471 est.
1364 445 1433 472 Nam
1448 447 1525 474 Pater
1540 450 1601 477 tales
1611 453 1826 485 qttwritadorato-

1033 494 1082 513 res.
1099 487 1168 522 Ergo
1181 489 1202 515 si
1215 489 1281 517 tales
1296 492 1442 525 quaerebat,
1455 501 1508 520 non
1524 502 1556 521 ex
1571 496 1708 526 voluntate
1719 500 1824 534 propria

1034 533 1086 560 illis
1101 534 1164 562 olim
1180 535 1258 563 talem
1273 538 1405 564 concessit
1418 538 1536 572 modum,
1551 541 1596 568 sed
1604 549 1636 569 ex
1652 533 1824 578 indulgentia,

1034 582 1062 605 ttt
1085 579 1134 607 hos
1160 580 1240 607 etiam
1265 581 1455 611 introduCeret.
1472 584 1584 617 Quinam
1610 594 1673 621 ergo
1693 593 1754 616 Sunt
1766 591 1824 617 veri

1034 625 1209 653 adoratores?
1221 628 1270 660 Qtti
1281 629 1381 656 cultttm
1402 637 1454 656 non
1478 630 1536 657 loco
1552 632 1782 667 circumscribunt,
1796 643 1827 662 ac

1035 670 1117 697 Deum
1144 673 1169 698 in
1191 673 1286 706 spiritu
1309 673 1418 707 colunt;
1442 676 1510 702 sicut
1537 681 1563 703 et
1582 676 1680 705 Paulus
1701 679 1757 706 ait:
1780 679 1827 706 Cui

1034 716 1112 742 servio
1121 716 1146 743 in
1157 718 1247 751 spiritu
1259 726 1322 751 meo,
1335 719 1361 745 in
1372 721 1500 755 evangelio
1511 720 1535 747 F
1536 722 1573 748 itii
1579 722 1635 754 eius
1646 722 1734 757 (Rom.
1747 725 1808 757 1.·9)
1819 733 1826 757 ;

1034 764 1061 787 et
1084 761 1196 794 iterum,
1219 761 1330 790 Obsecro
1345 772 1388 791 vos
1413 770 1439 792 ut
1454 766 1591 794 exltibeatis
1613 776 1719 803 corpora
1746 775 1828 796 uestra

1034 807 1141 834 hostium
1153 808 1281 840 viventem,
1290 809 1344 837 Deo
1355 811 1504 845 placentem,
1521 813 1669 840 rationabile
1682 815 1828 848 obsequium

1034 857 1141 878 vestrum
1156 852 1235 888 (Ibid.
1252 854 1294 881 1‘2.
1313 855 1349 890 I).
1366 856 1433 883 Cum
1449 862 1536 884 autem
1551 858 1625 891 dicit,
1645 858 1690 886 24.
1715 859 1828 894 Spiritus

1034 903 1069 924 est
1086 897 1166 929 Deus,
1188 900 1253 927 nihil
1278 900 1347 928 aliud
1368 909 1446 936 quam
1472 903 1658 937 incorporeum
1686 905 1825 940 signiﬁcat.

1033 942 1144 978 Oportet
1160 944 1239 980 igitur
1250 945 1400 981 incorporei
1411 948 1512 975 cultum
1525 949 1605 976 etiam
1619 950 1699 977 talem
1715 959 1784 983 esse,
1801 956 1828 979 et

1035 996 1082 1023 per
1096 989 1122 1016 id
1137 990 1207 1024 quod
1223 991 1408 1026 incorporeum
1423 994 1448 1020 in
1464 994 1541 1021 nobis
1555 999 1595 1022 est
1608 995 1713 1027 olI'erri;
1735 995 1761 1023 id
1774 1002 1825 1028 est,

1035 1042 1083 1069 per
1096 1035 1212 1063 animam
1223 1041 1250 1064 et
1263 1045 1310 1072 per
1332 1039 1429 1066 mentis
1443 1039 1597 1073 puritatem.
1612 1040 1714 1068 Idcirco
1725 1041 1761 1068 ait
1772 1050 1778 1057 ·
1794 1041 1827 1068 Et

1034 1079 1181 1107 adoratam
1200 1082 1264 1117 ejus,
1279 1082 1305 1109 in
1319 1083 1410 1116 spiritu
1430 1088 1454 1110 et
1467 1084 1569 1111 veritate
1591 1090 1687 1119 oportet
1708 1086 1825 1114 adorare.

1034 1126 1101 1151 Cum
1115 1126 1185 1153 enim
1201 1131 1228 1153 et
1243 1127 1279 1154 illi
1295 1132 1321 1154 et
1336 1128 1419 1155 Judmi
1435 1129 1549 1156 animam
1565 1130 1740 1165 negligerent,
1758 1133 1826 1159 tuui-

1036 1174 1142 1205 tamqne
1161 1173 1284 1207 corporis
1308 1181 1398 1201 curam
1424 1180 1557 1210 gererent,
1579 1177 1718 1212 ipsumque
1740 1179 1827 1206 omni-

1036 1217 1114 1244 mode
1127 1223 1279 1253 purgarent,
1294 1219 1358 1247 dicit
1369 1228 1421 1247 non
1436 1222 1556 1256 corporis
1569 1222 1696 1257 puritate,
1720 1224 1766 1251 sed
1782 1225 1827 1252 illo

1035 1264 1105 1298 qttod
1120 1266 1305 1300 incorporeum
1325 1267 1349 1294 in
1373 1267 1450 1296 nobis
1471 1273 1522 1301 est,
1547 1270 1648 1297 scilicet
1673 1276 1771 1303 mente,
1786 1272 1827 1299 itt-

1036 1316 1194 1344 corporeum
1210 1318 1271 1338 esse
1284 1311 1434 1340 colendum.
1446 1313 1485 1341 Ne
1500 1314 1588 1349 itaque
1599 1322 1661 1342 oves
1675 1320 1701 1342 et
1717 1316 1826 1350 vitulos,

1036 1354 1083 1381 sed
1095 1355 1206 1389 teipsum
1223 1355 1289 1383 offer
1304 1357 1358 1384 Deo
1368 1357 1392 1384 in
1408 1358 1590 1386 holocaustum
1608 1369 1614 1386 :
1631 1359 1681 1388 hoc
1697 1366 1739 1389 est
1755 1362 1826 1389 enim

1038 1400 1151 1427 hostiam
1164 1402 1296 1429 viventem
1310 1403 1444 1430 exhibere.
1471 1404 1498 1431 In
1511 1405 1621 1433 veritate
1639 1413 1751 1441 namque
1764 1407 1828 1434 ado-

1036 1453 1096 1472 rare
1109 1451 1222 1480 oportet.
1241 1446 1275 1475 Ut
1300 1448 1387 1482 priora
1404 1454 1480 1484 typus
1494 1455 1579 1483 erant,
1603 1459 1699 1486 nempe
1712 1453 1825 1480 circum-

1034 1491 1112 1525 cisio,
1132 1491 1297 1526 holocausta,
1324 1495 1465 1527 sacriﬁcia,
1487 1496 1642 1530 incensum;
1660 1506 1730 1526 nunc
1754 1503 1827 1527 certo

1038 1546 1090 1565 non
1105 1538 1183 1571 item;
1199 1538 1245 1565 sed
1259 1539 1347 1566 omnia
1359 1541 1467 1568 veritas.
1483 1542 1540 1569 Non
1551 1543 1621 1569 enim
1635 1551 1697 1571 caro
1709 1545 1825 1572 circum-

1037 1583 1160 1615 cidenda,
1181 1584 1227 1611 scd
1250 1585 1373 1619 maligna:
1387 1586 1572 1620 cogitationes,
1586 1595 1618 1615 ac
1629 1589 1745 1623 seipsum
1761 1597 1826 1617 crur-

1037 1628 1145 1663 ciﬁgerc
1155 1633 1270 1662 oportet,
1287 1629 1469 1665 absurdasque
1480 1633 1709 1667 concupiscentias
1732 1635 1827 1662 tollere

1037 1678 1064 1700 et
1076 1674 1222 1701 immolare.
1240 1674 1302 1701 Haec
1319 1675 1425 1702 mulieri
1442 1677 1554 1704 obscura
1566 1678 1620 1704 visa
1641 1683 1722 1706 sunt:
1737 1679 1827 1707 dicto-

1037 1726 1095 1745 rum
1112 1718 1302 1746 sublimitatem
1312 1726 1363 1746 non
1379 1726 1521 1755 aSSequuta
1537 1722 1592 1754 illa,
1602 1727 1629 1749 et
1641 1723 1754 1756 Inercns,
1765 1725 1827 1752 audi

1037 1764 1100 1799 quid
1122 1764 1192 1792 dicat
1216 1773 1223 1792 :
1245 1765 1291 1793 25.
1308 1765 1368 1793 Scio
1394 1767 1453 1799 quia
1467 1768 1532 1794 venit
1555 1768 1661 1796 Messias
1673 1770 1717 1804 qui
1738 1771 1829 1798 dicitur

1037 1809 1151 1838 Christus
1162 1817 1172 1837 :
1182 1819 1237 1837 cum
1249 1812 1341 1838 uenerit
1354 1811 1407 1846 ille,
1422 1814 1580 1840 annuutiabit
1591 1815 1663 1842 nobis
1676 1817 1772 1846 omnia.
1782 1817 1828 1844 215.

1039 1855 1106 1882 Dicit
1116 1856 1139 1882 ei
1147 1855 1242 1883 Iesus:
1254 1856 1368 1892 Egosum
1376 1858 1419 1892 qui
1432 1858 1522 1893 loquor
1534 1864 1623 1886 tecum.
1632 1860 1665 1887 Et
1675 1861 1744 1889 uttde
1753 1861 1829 1890 Citri-

1038 1902 1070 1929 sti
1091 1902 1234 1929 adventum
1259 1903 1452 1936 exspectabant
1477 1904 1646 1938 Samaritaui,
1671 1906 1716 1941 qui
1740 1908 1826 1934 solum

1038 1947 1155 1982 Moysem
1174 1948 1355 1982 recipiebant?
1369 1948 1410 1976 Ex
1423 1949 1486 1983 ipsis
1508 1949 1606 1986 Moysis
1629 1951 1746 1986 scriptis.
1762 1951 1828 1979 Nam

1039 1994 1064 2020 in
1080 1993 1209 2029 principio
1224 1994 1319 2021 Filium
1335 1995 1470 2023 revelavit.
1488 1995 1556 2023 Illud
1579 1997 1671 2024 enim:
1694 1997 1831 2025 Faciuntne

1040 2039 1164 2066 hominem
1186 2039 1220 2066 ad
1232 2039 1366 2074 imaginem
1381 2045 1404 2067 et
1423 2041 1611 2069 similitudinem
1626 2048 1738 2074 nostram
1754 2043 1828 2077 (Gen.

1041 2086 1066 2113 I.
1079 2085 1140 2122 '26),
1157 2086 1189 2113 ad
1205 2085 1300 2112 Filium
1315 2086 1415 2113 dictum
1431 2086 1533 2120 fuerat;
1547 2088 1736 2116 etAbrahamo
1748 2089 1774 2117 in
1789 2094 1830 2116 ta-

1039 2130 1184 2158 bernaculo
1197 2131 1280 2158 Filius
1295 2131 1429 2166 loquitur;
1453 2137 1480 2159 et
1504 2132 1586 2160 Jaeob
1600 2133 1634 2160 de
1654 2133 1699 2160 illo
1714 2135 1829 2169 prophe-

1038 2177 1091 2204 tice
1099 2176 1219 2212 praedicit
1235 2185 1242 2204 :
1260 2176 1319 2203 Non
1333 2177 1431 2210 deﬁciet
1440 2177 1558 2213 princeps
1571 2178 1604 2205 de
1611 2178 1692 2210 Juda,
1715 2187 1761 2206 nec
1777 2180 1830 2206 dua:

1039 2224 1070 2250 de
1085 2223 1220 2259 feruoribus
1233 2223 1297 2258 ejus,
1314 2223 1393 2250 donec
1406 2224 1488 2250 veniat
1504 2224 1524 2250 is
1545 2225 1586 2251 cui
1600 2225 1736 2260 repositum
1747 2230 1794 2259 est,
1807 2230 1830 2253 et

1039 2270 1092 2304 ipse
1112 2269 1262 2304 exspectatio
1277 2269 1397 2304 gentium.
1415 2269 1491 2303 (Gen.
1506 2269 1551 2297 49.
1575 2271 1631 2304 I0).
1655 2270 1713 2306 Ipse
1723 2279 1831 2306 quoque

1039 2315 1143 2350 Moyses
1153 2315 1190 2341 ait
1204 2323 1211 2342 :
1228 2314 1382 2349 Prophetam
1390 2315 1458 2342 vobis
1467 2316 1596 2342 suscitauit
1610 2316 1733 2344 Dominus
1743 2316 1813 2344 Deus
1820 2338 1827 2348 ,

1039 2361 1071 2387 de
1084 2360 1205 2395 fratribus
1220 2361 1307 2387 vestris
1319 2361 1382 2387 sicut
1396 2368 1451 2392 me;
1463 2361 1547 2395 ipsum
1559 2362 1667 2388 audietis
1680 2362 1767 2397 (Deut.
1785 2363 1829 2390 18.

1040 2406 1095 2440 IS).
1109 2406 1173 2432 Item
1187 2413 1246 2440 qnte
1258 2405 1292 2432 de
1303 2410 1436 2439 serpente,
1451 2406 1485 2432 de
1495 2406 1567 2440 virga
1584 2406 1742 2442 Moysis.de
1759 2407 1830 2434 Isaac

1039 2451 1109 2478 etde
1121 2459 1180 2482 ove,
1205 2451 1340 2485 multaque
1361 2451 1422 2482 alia,
1443 2451 1502 2485 quis
1517 2451 1643 2485 colligere
1666 2452 1831 2487 possit,qn-.e

1040 2497 1182 2523 adventum
1205 2496 1273 2523 illius
1301 2496 1493 2530 prmdicebant.
1510 2497 1543 2524 Et
1569 2505 1636 2528 cur,
1651 2497 1764 2532 inquies,
1789 2497 1830 2524 his

1039 2542 1161 2570 Christus
1180 2549 1232 2568 non
1245 2548 1308 2568 usus
1320 2546 1362 2568 est
1377 2545 1405 2568 ut
1418 2541 1522 2569 mulieri
1538 2542 1671 2574 suaderet,
1685 2541 1731 2570 sed
1744 2542 1826 2569 Nico-

1040 2589 1118 2615 demo
1133 2593 1284 2622 serpentem
1301 2587 1418 2622 protulit,
1434 2587 1587 2615 Nathanaeli
1597 2588 1749 2622 prophetias
1756 2596 1830 2615 com-

1039 2634 1212 2665 memoravit;
1225 2633 1286 2660 huic
1303 2641 1368 2660 vero
1379 2633 1443 2660 nihil
1459 2633 1547 2660 simile
1562 2632 1649 2660 dixit?
1662 2633 1717 2660 Cur
1731 2639 1758 2660 et
1777 2641 1827 2669 qua

1039 2679 1073 2706 de
1087 2686 1166 2706 causa
1173 2679 1184 2704 ’ἰ
1199 2678 1264 2712 Quia
1279 2678 1314 2705 illi
1325 2678 1371 2704 viri
1385 2681 1471 2710 erant,
1496 2677 1540 2712 qui
1556 2678 1581 2704 in
1598 2677 1638 2704 his
1653 2678 1828 2706 versabantur

1040 2725 1135 2756 rebus;
1159 2724 1215 2750 haec
1233 2731 1296 2750 vero
1311 2723 1407 2750 mulier
1431 2723 1516 2757 inops,
1533 2723 1616 2755 rudis,
1631 2722 1827 2757 Scripturarum

1039 2778 1145 2805 expers.
1158 2769 1273 2804 Ideoque
1281 2777 1333 2796 non
1349 2769 1393 2796 illa
1404 2768 1543 2795 mulierem
1552 2769 1689 2803 alloquens
1699 2769 1805 2797 adhibet
1816 2779 1827 2802 ;

1040 2818 1086 2844 sed
1102 2825 1133 2844 cx
1148 2824 1214 2851 aqua
1231 2823 1317 2850 exque
1339 2814 1478 2851 prophetia
1507 2814 1579 2841 illam
1592 2814 1715 2846 attrahit,
1731 2822 1829 2856 θολοει-

1043 2864 1084 2890 illa
1102 2862 1234 2890 Christum
1255 2862 1279 2888 in
1301 2860 1453 2888 memoriam
1471 2865 1588 2893 revocat,
1604 2867 1635 2886 ac
1649 2860 1766 2894 seipsum
1782 2859 1828 2885 de—
