2041 3113
175 129 223 157 191

176 193 249 215 mum
276 183 387 212 revelat.
415 180 479 215 Qua:
502 179 525 207 si
548 179 623 206 initio
647 184 699 204 non
713 173 840 210 quaerenti
861 169 966 199 mulieri

176 232 296 263 dixisset,
309 230 381 256 visus
397 227 489 254 fuisset
502 225 527 252 ei
539 224 652 252 delirare
667 226 694 249 ct
707 221 790 248 futilia
801 218 883 254 loqui.
893 217 968 245 Nunc

177 282 265 304 autem
297 273 422 310 paulatim
437 271 474 297 illi
499 269 656 297 memoriam
683 271 822 297 revocans,
837 268 968 310 oportune

177 330 237 351 sese
251 307 359 348 revelat.
373 317 406 345 Et
420 315 525 352 quidem
541 313 640 342 Judteis
653 320 724 353 smpc
737 309 898 341 dicentibus,
917 307 969 335 Us-

177 375 274 404 quequo
301 365 412 391 animant
439 367 553 389 nostram
582 357 733 387 tollis?Dic
759 356 830 383 nobis
851 354 873 382 si
903 359 970 404 tune:

179 398 294 441 Christus
310 409 398 445 (Joan.
429 408 470 435 l0.
490 407 536 442 ει)
552 415 558 432 :
574 405 616 432 his
641 411 693 430 non
717 403 790 429 clare
814 398 969 434 respondit;

180 459 243 486 huic
255 464 319 484 vero
333 454 475 483 manifeste
483 453 549 480 dixit
559 459 588 479 se
600 451 734 479 Christum
751 455 810 475 esse
822 456 829 473 :
845 453 905 472 nam
917 451 972 471 me-

180 505 231 531 lius
243 502 339 530 all'ecta
352 500 449 528 mulier
461 503 529 531 erat,
541 504 619 532 quam
634 492 776 522 .lud:ci.llli
789 491 860 519 enim
875 497 926 517 non
939 487 972 515 ad

179 548 335 576 discendum
350 545 520 582 quaerebant.
533 542 580 570 sed
591 546 619 568 ut
633 540 719 575 ipsum
733 545 839 572 semper
850 535 973 562 traduce-

182 599 251 622 rent.
263 593 328 621 Nam
341 593 364 620 si
381 593 487 620 discere
498 588 655 618 voluissent,
671 585 734 612 satis
748 583 842 610 fuisset
856 581 974 608 doctrina

181 640 336 670 verborum,
352 637 562 671 Seripturarum,
574 633 719 666 signorum.
731 629 775 656 Illa
786 635 850 655 vero
862 625 975 660 simplici

182 690 274 714 mente
286 689 314 712 et
325 684 430 711 sincero
443 680 539 708 aﬂcctu
551 677 720 713 loquebatur,
739 679 767 702 ut
781 674 868 708 palam
882 677 924 700 est
944 679 977 699 ex

185 731 219 758 iis
235 737 295 766 quas
306 733 397 764 postea
411 727 484 754 fecit.
500 724 567 752 Nam
582 722 683 750 audivit
697 726 722 748 et
736 719 859 750 credidit,
874 723 900 746 ct
911 718 978 745 alios

186 776 220 803 ad
236 765 400 803 credendum
416 771 528 803 induxit,
544 769 570 796 in
582 768 759 801 omnibusque
772 765 863 792 videre
871 769 912 791 est
922 771 980 790 mu-

186 821 258 848 lieris
272 818 438 854 diligentiam
452 820 480 844 et
493 815 584 842 (idem.
599 814 644 840 27.
669 811 702 838 Et
715 814 834 838 continuo
860 813 979 836 venerunt

187 865 304 900 discipuli
317 865 380 900 ejus.
394 861 565 896 Tempestive
580 859 764 889 advenerunt,
784 863 845 883 cum
859 855 980 883 doctrina

187 912 242 946 iam
257 909 375 945 perfecte
390 907 485 934 tradita
511 909 594 933 esset.
620 903 656 931 Et
670 902 828 930 mirabantur
844 901 911 936 quod
925 908 982 926 cum

188 945 295 984 ntuliere
314 955 465 989 loqueretur.
485 950 568 978 Nemo
594 954 676 976 tamen
696 948 769 981 dixit,
786 945 854 980 Quid
871 945 983 981 quieris?

189 1007 243 1033 alit,
261 1000 327 1034 Quid
340 998 452 1033 loqueris
469 1005 526 1024 cum
539 1004 568 1023 ea
579 995 594 1022 7

216 1047 252 1074 ’3.
267 1044 334 1080 Quid
347 1042 531 1071 mirabantur?
546 1038 908 1072 Facilitatem,ltumilitatem
923 1041 981 1064 lan-

190 1098 263 1124 tam;
277 1089 347 1125 quod
360 1093 412 1116 tam
426 1087 586 1121 conSpicuus
607 1093 667 1112 cum
687 1088 770 1116 esset,
796 1091 829 1110 eo
847 1090 876 1109 se
889 1081 985 1110 demit~

191 1143 249 1164 tere
272 1136 436 1170 dignaretur,
452 1137 481 1159 ut
495 1131 633 1159 mulierem
656 1131 773 1164 inopem,
792 1128 986 1156 Samaritanam

192 1182 382 1216 adloqueretur.
411 1178 538 1205 ‘Allamen
559 1176 619 1203 licet
641 1173 797 1209 stupefacti,
816 1179 922 1200 causam
935 1179 986 1199 non

194 1226 374 1263 qumsierunt;
390 1224 425 1251 ita
440 1230 536 1257 nempe
549 1220 663 1248 instituti
685 1224 780 1252 erant,
796 1223 824 1245 ut
842 1218 987 1253 discipulo-

195 1278 254 1299 rum
264 1277 370 1304 semper
380 1268 502 1296 ordinem
517 1269 638 1294 tenerent
651 1274 657 1292 :
671 1265 707 1292 ita
720 1265 804 1298 ipsum
818 1264 947 1290 timebant
957 1271 989 1290 ac

196 1315 398 1344 reverebantur.
420 1312 531 1340 Etiamsi
555 1311 627 1339 enim
654 1309 772 1338 nondum
796 1309 904 1344 dignam
930 1309 988 1344 ejus

197 1360 422 1389 existimationem
453 1358 600 1390 haberent,
635 1360 663 1383 at
694 1355 769 1390 quasi
800 1353 990 1381 admirandum

199 1406 341 1443 quemdam
354 1405 440 1432 virum
451 1405 538 1439 ipsum
552 1401 733 1438 suspiciebant
747 1401 989 1434 observabantque.

202 1455 329 1480 Attamen
342 1457 414 1486 smpe
429 1449 599 1476 audentiores
619 1447 668 1474 visi
681 1450 754 1478 sunt,
768 1450 796 1472 ut
806 1453 866 1472 cum
877 1445 992 1473 Joannes

203 1504 282 1532 supra
297 1500 390 1531 pectus
407 1495 464 1529 ejus
476 1493 616 1526 recubuit;
636 1495 664 1519 et
682 1499 742 1518 cum
767 1494 937 1518 accesserunt
960 1491 993 1518 ad

202 1551 263 1571 eum
273 1543 400 1573 dicentes,
414 1541 477 1575 Qui;
486 1541 566 1574 maior
575 1544 611 1567 est
621 1540 648 1566 in
658 1547 734 1574 regno
743 1538 863 1566 cwlorum
877 1537 887 1573 (
900 1537 993 1564 Matth.

204 1590 247 1617 1‘8.
261 1590 274 1617 Ι
287 1589 313 1624 )l
335 1595 396 1615 cum
414 1587 460 1613 lilii
473 1585 595 1613 Zebedmi
617 1589 712 1620 rogant
728 1589 756 1612 ut
769 1584 837 1611 alter
854 1591 869 1610 a
884 1583 994 1617 dextris,

205 1635 274 1662 alter
293 1641 308 1660 a
327 1632 443 1660 sinistris
455 1631 547 1658 sedeat
562 1630 658 1665 (Marc.
673 1630 716 1657 10.
734 1630 776 1657 55.
793 1630 825 1657 57
837 1629 857 1665 ).
870 1629 923 1656 Cur
933 1636 997 1664 ergo

206 1681 250 1708 hic
270 1687 322 1706 non
349 1677 569 1712 interrogarunt?
595 1676 661 1710 Quia
686 1682 748 1703 tunc
778 1684 838 1703 cum
863 1675 896 1703 de
919 1676 999 1703 rebus

206 1726 262 1754 suis
276 1729 410 1759 ageretur,
433 1723 586 1750 necessario
614 1722 833 1754 sciscitabantur;
856 1721 898 1749 hic
911 1726 999 1749 autem

208 1778 251 1799 res
274 1770 338 1797 nihil
357 1769 391 1796 ad
411 1776 457 1796 eos
481 1768 640 1803 pertinebat.
666 1767 783 1795 Joannes
803 1771 891 1795 autem
916 1768 1001 1795 multo

209 1821 270 1852 post
285 1820 405 1849 tempore
420 1813 470 1840 hoc
486 1813 572 1840 facere
586 1813 698 1846 solebat,
715 1812 821 1847 quando
831 1813 929 1840 Christi
939 1821 1001 1848 erga

209 1869 241 1888 se
261 1861 404 1888 dilectione
422 1859 520 1890 fretus,
536 1859 620 1893 magis
640 1857 737 1885 fidebat
754 1867 760 1884 :
777 1857 827 1884 llic
841 1858 907 1885 enim
931 1863 1002 1891 erat,

211 1906 306 1940 inquit,
327 1913 400 1940 quem
421 1904 539 1939 diligebat
563 1904 639 1930 Jesue
664 1902 760 1938 (Jaan.
791 1903 836 1931 l9.
853 1903 919 1938 26).
935 1903 1005 1936 Quid

212 1951 275 1978 huic
301 1949 458 1977 beatitudini
471 1948 537 1983 par?
563 1948 659 1975 Verum
683 1955 734 1975 non
749 1948 792 1975 hic
804 1948 914 1983 gradum
930 1949 1007 1975 sista-

213 2003 284 2029 mus,
299 1995 401 2028 dilecti,
415 1998 444 2021 ut
465 1995 614 2029 apostolum
635 1994 740 2021 beatum
755 1994 946 2029 prmdicemus;
960 1994 1007 2022 sed

214 2041 282 2070 nihil
296 2048 348 2068 non
364 2047 473 2075 agamus
486 2044 515 2067 ut
526 2039 552 2066 in
576 2040 714 2067 beatorum
736 2048 848 2067 numero
864 2047 1007 2068 accensea—

215 2096 289 2121 mur;
301 2087 435 2114 imitemur
446 2086 647 2121 evangelistam,
659 2091 685 2113 et
698 2086 835 2113 videamus
848 2086 910 2121 quid
922 2093 1010 2113 causa:

215 2133 304 2166 fuerit,
316 2131 385 2167 quod
403 2136 502 2158 tantam
516 2131 565 2158 sibi
581 2131 679 2158 Christi
704 2131 876 2158 dilectionem
891 2131 1011 2158 attrahe-

217 2183 271 2206 ret.
285 2177 412 2210 Quianam
435 2183 513 2204 causa
530 2175 597 2203 fuit?
612 2176 717 2203 Patrem
741 2176 846 2210 reliquit
859 2181 885 2203 et
905 2177 1013 2203 navicu-

218 2224 271 2251 lam
286 2226 313 2249 et
326 2227 394 2254 rete,
410 2225 437 2248 et
455 2221 545 2248 Jesum
561 2226 689 2256 sequutus
715 2225 767 2247 est.
790 2220 888 2247 Verum
910 2221 960 2247 hoc
975 2221 1013 2247 illi

222 2274 365 2295 mmmune
379 2274 439 2293 cum
458 2266 541 2294 fratre
562 2275 610 2293 suo
624 2270 699 2299 erat,
716 2267 833 2300 itemque
853 2274 913 2292 cum
936 2266 1014 2294 Petro

220 2319 246 2340 et
261 2312 378 2345 Andrea,
397 2317 423 2340 et
438 2319 498 2339 cum
517 2312 623 2338 caeteris
637 2311 778 2346 apostolis.
794 2311 861 2344 Quid
887 2318 950 2345 ergo
961 2311 1016 2337 cxi-

221 2360 304 2386 mimn
318 2358 420 2390 habuit,
436 2357 507 2392 quod
521 2362 620 2384 tantam
637 2357 686 2391 ipsi
699 2356 869 2383 dilectionem
887 2356 1015 2382 concilia-

223 2406 339 2434 ret'lllle
352 2406 385 2432 de
407 2405 498 2440 seipso
511 2404 577 2432 nihil
597 2403 748 2438 hujusmodi
769 2403 844 2435 dixit,
859 2403 909 2429 nisi
931 2403 1017 2429 solum

223 2453 294 2488 quod
305 2453 475 2488 diligeretur;
489 2460 598 2480 causam
614 2459 677 2478 vero
691 2458 738 2477 cur
753 2450 907 2484 diligeretur
923 2449 1017 2476 mode-

224 2505 265 2527 ste
286 2500 377 2527 tacuit.
394 2498 470 2532 Quod
485 2499 555 2525 enim
582 2497 680 2525 eximie
703 2504 718 2522 a
733 2496 840 2533 Christo
865 2495 1019 2530 diligeretur

225 2545 351 2572 omnibus
363 2545 450 2579 palam
461 2547 519 2571 erat
532 2551 539 2569 :
551 2548 667 2569 attamen
681 2549 732 2569 non
744 2542 917 2569 observamus
932 2542 1019 2575 ipsum

226 2590 418 2624 alloquentem.
433 2596 465 2616 ac
483 2589 594 2615 seorsim
611 2588 802 2620 sciscitantem,
818 2591 847 2614 ut
874 2587 936 2614 fecit
950 2595 1021 2622 saepe

227 2635 333 2666 Petrus.
350 2640 378 2662 ut
393 2634 542 2668 Philippus,
560 2638 588 2660 ut
601 2632 694 2665 Judas,
709 2637 738 2660 ut
751 2633 884 2665 Thomas;
898 2633 947 2660 nisi
965 2639 1022 2660 tan-

231 2687 287 2708 tum
299 2681 380 2708 semel
394 2681 420 2706 in
431 2679 543 2713 gratiam
555 2678 702 2713 coapostoli
715 2678 756 2705 sui
768 2679 885 2712 rogantis
900 2686 940 2705 se.
957 2679 1022 2706 Nam

229 2727 358 2753 innuente
373 2724 554 2759 apostolorum
569 2725 721 2761 coryplueo,
738 2729 800 2751 tunc
815 2725 967 2751 necessario
981 2725 1023 2751 in—

230 2771 390 2805 terrogavit;
413 2769 439 2796 hi
458 2769 528 2796 enim
540 2774 631 2797 mutuo
653 2777 683 2798 se
708 2777 799 2797 amore
813 2768 965 2804 diligebant.
981 2769 1025 2797 Sic

230 2817 258 2844 in
272 2816 398 2852 templum
419 2815 496 2843 simul
510 2817 670 2851 ascendisse,
685 2816 764 2845 simul
779 2816 949 2844 concionatos
964 2822 1022 2843 esse

510 122 537 150 S.
556 117 693 149 JOANNIS
711 111 943 145 CHRYSOSTULII
963 109 1121 138 ARCIIIEP.
1140 110 1403 139 CONSTANTINOP.

1755 108 1805 138 ΝΞ

1022 175 1154 198 narratur.
1171 170 1250 205 Atqui
1263 171 1357 197 Petrus
1369 175 1456 197 tamen
1472 169 1608 196 ardentius
1623 174 1693 203 saepe
1708 172 1736 195 et
1748 175 1807 195 mo-

1019 220 1096 243 vetur
1115 220 1141 243 et
1162 215 1279 250 loquitur
1303 224 1310 242 :
1334 222 1365 242 ac
1387 214 1493 242 demum
1518 213 1652 241 Christum
1675 213 1808 240 dicentem

1020 260 1094 288 audit
1119 270 1125 288 :
1146 260 1236 292 Petra,
1264 269 1335 287 amas
1357 268 1396 287 me
1416 260 1473 294 plus
1497 259 1535 286 his
1562 259 1658 294 (Joan.
1677 258 1722 286 21.
1737 259 1808 293 15)?

1021 306 1071 340 Qui
1091 313 1156 333 vero
1169 306 1227 340 plus
1239 306 1345 333 ctetcris
1359 305 1500 341 diligebat,
1516 305 1607 339 procul
1624 304 1704 332 dubio
1718 305 1811 339 dilige-

1022 351 1109 379 batur.
1122 351 1218 379 Verum
1234 352 1346 378 alterum
1362 359 1396 378 ex
1408 358 1498 378 amore
1510 358 1570 384 erga
1583 350 1683 382 Iesum,
1698 354 1811 377 alterum

1023 405 1056 425 ex
1069 405 1160 425 amore
1174 398 1236 426 Jesu
1251 406 1313 433 erga
1328 398 1402 425 illum
1418 397 1504 432 palam
1519 401 1587 424 erat.
1606 397 1672 430 Quid
1688 404 1752 432 ergo
1775 397 1813 424 illi

1024 443 1094 470 hunc
1107 444 1233 471 eximium
1249 451 1366 471 amorem
1380 443 1553 470 conciliavit?
1575 442 1684 470 Videtur
1693 442 1758 470 mihi
1770 443 1814 470 ille

1024 488 1182 516 modestiam
1206 493 1234 516 et
1252 488 1482 516 mansuetudinem
1498 495 1620 523 magnam
1641 488 1812 516 exhibuisse:

1026 537 1186 568 quapropter
1204 541 1274 568 saepe
1291 541 1344 561 non
1359 535 1394 561 ita
1408 534 1492 561 libere
1511 538 1538 561 et
1552 533 1663 561 fidenter
1674 541 1754 569 agerc
1766 533 1815 561 de-

1026 580 1209 614 prehenditur.
1222 580 1285 608 Haec
1304 585 1401 615 quanta
1416 580 1450 607 sit
1469 581 1562 612 virtus,
1577 588 1609 608 ea
1624 580 1715 616 Moyse
1728 581 1817 616 argui-

1028 630 1071 652 tur
1085 633 1092 651 :
1104 633 1164 652 nam
1178 625 1235 653 haec
1249 626 1321 652 illum
1336 626 1416 653 talem
1432 630 1459 652 et
1473 630 1574 652 tantum
1590 625 1689 653 eﬂccil.

1066 671 1203 698 Humilitas
1211 671 1402 706 fundamentum
1410 672 1537 699 virtutum.
1550 671 1701 698 Diuitiarum
1709 672 1815 699 vanitas.

1030 715 1197 751 Eleemosyna
1222 716 1420 743 commendatur.
1444 730 1482 737 —
1508 716 1578 743 Nihil
1604 724 1651 750 par
1678 717 1818 744 humilitati

1030 766 1080 789 est.
1095 761 1156 789 Ideo
1168 762 1230 789 hinc
1253 762 1429 790 beatitudines
1444 761 1568 789 Christus
1589 762 1688 797 incepit
1702 761 1817 796 (Matth.

1031 807 1058 835 5.
1074 807 1117 842 5).
1137 807 1202 835 Nam
1214 808 1289 842 quasi
1304 807 1408 835 aedilicii
1431 808 1536 834 maximi
1562 807 1763 835 fundamentum
1780 808 1818 842 ja-

1032 860 1133 886 cturus,
1156 853 1331 880 humilitatem
1354 853 1466 888 primatu
1494 854 1583 888 posuit
1618 853 1703 881 Nemo
1724 855 1821 888 quippe

1033 904 1120 934 potest
1134 899 1234 935 absque
1246 900 1289 927 illa
1302 899 1415 930 salutem
1429 900 1573 934 consequi;
1586 899 1633 927 sed
1645 900 1750 927 etiamsi
1762 901 1821 934 quia

1033 947 1208 982 jejunaverit,
1232 947 1335 974 etiamsi
1359 952 1484 982 precatus
1508 947 1543 974 sit
1572 946 1822 982 eleemosynamquo

1035 992 1161 1027 erogarit,
1175 992 1197 1019 si
1211 992 1236 1019 id
1251 992 1365 1028 superbe
1378 992 1466 1025 faciat,
1481 992 1537 1020 haec
1547 992 1635 1019 omnia
1646 992 1823 1020 abominanda

1037 1042 1117 1070 sunt;
1132 1042 1160 1064 ut
1172 1042 1265 1065 contra
1281 1038 1304 1064 si
1326 1038 1396 1065 adsit
1418 1037 1561 1069 humilitas,
1587 1038 1675 1064 omnia
1701 1038 1824 1072 optabilia

1037 1084 1213 1119 amabiliaque
1227 1089 1289 1111 sunt
1302 1088 1329 1111 et
1345 1091 1405 1112 cum
1425 1084 1567 1111 securitate
1589 1089 1758 1111 exercentur.
1770 1083 1826 1111 Mo-

1038 1129 1113 1157 deste
1128 1130 1208 1165 igitur
1219 1137 1339 1165 agamus,
1363 1129 1465 1162 dilecti,
1479 1129 1600 1156 modeSIe
1614 1137 1724 1164 agamus
1737 1138 1742 1156 :
1755 1134 1828 1156 certe

1040 1175 1124 1204 facilis
1137 1176 1195 1203 haec
1205 1176 1291 1203 virtus
1302 1180 1354 1208 est,
1366 1176 1388 1203 si
1401 1175 1548 1211 vigilemus.
1561 1174 1629 1209 Quid
1641 1175 1746 1202 tandem
1762 1174 1829 1201 illud

1040 1227 1098 1254 est,
1115 1224 1150 1249 mi
1166 1221 1256 1254 homo,
1268 1221 1337 1256 quod
1353 1226 1378 1248 te
1394 1221 1422 1248 in
1437 1221 1619 1256 arrogantiam
1645 1221 1829 1248 extollittan-

1042 1275 1095 1295 non
1117 1268 1192 1295 vides
1214 1272 1314 1294 natura:
1334 1265 1486 1294 vilitatem?
1506 1266 1667 1293 voluntatem
1681 1266 1714 1293 ad
1729 1267 1830 1301 lapsum

1043 1313 1174 1349 pronam?
1189 1313 1280 1348 Cogita
1295 1318 1406 1340 mortem
1423 1316 1506 1345 tuam,
1524 1316 1693 1347 peccatorum
1712 1312 1833 1339 multitu-

1044 1361 1143 1388 dinem.
1168 1360 1266 1387 Verum
1282 1359 1400 1387 fortassis
1412 1358 1445 1386 ob
1468 1359 1549 1386 milita
1564 1358 1691 1393 praeclare
1705 1363 1779 1393 gesta
1793 1359 1833 1385 al-

1045 1411 1101 1434 tum
1116 1405 1204 1441 sapis?
1218 1405 1275 1433 lloc
1289 1406 1347 1440 ipso
1359 1405 1448 1432 omnia
1463 1405 1580 1431 amittes.
1596 1404 1763 1439 Quapropter
1781 1412 1834 1431 non

1046 1457 1100 1479 tam
1112 1454 1246 1487 "peccator,
1257 1459 1335 1486 quam
1350 1450 1454 1477 virtutis
1477 1454 1592 1477 sectator
1614 1449 1751 1478 modestia:
1773 1457 1837 1484 ope-

1047 1505 1104 1526 ram
1118 1497 1181 1525 dare
1190 1497 1279 1524 debet.
1291 1496 1396 1530 Quare't
1409 1495 1474 1529 Quia
1492 1495 1537 1522 ille
1548 1502 1580 1522 ex
1592 1494 1753 1522 conscientia
1767 1494 1836 1521 adid

1050 1544 1171 1578 cogitur;
1195 1543 1239 1569 hic
1255 1550 1328 1574 vero,
1345 1541 1395 1568 nisi
1415 1541 1558 1568 admodum
1571 1540 1671 1575 vigilet,
1695 1540 1748 1567 cito
1762 1547 1811 1566 ccu
1824 1548 1838 1566 a

1051 1594 1131 1616 vento
1140 1588 1264 1623 quopiam
1276 1587 1405 1621 abripitur
1418 1590 1445 1613 et
1452 1584 1597 1618 evanescit,
1612 1585 1680 1612 sicut
1690 1584 1840 1612 Pharistcns

1050 1635 1105 1662 ille.
1120 1634 1172 1662 Sed
1187 1633 1348 1668 pauperibus
1360 1632 1474 1667 erogas?
1495 1631 1594 1659 Verum
1610 1639 1663 1658 non
1679 1636 1734 1664 tua,
1748 1630 1795 1658 sed
1809 1638 1841 1657 ea

1051 1689 1110 1716 quae
1133 1680 1237 1707 Domini
1265 1683 1344 1710 sunt,
1369 1686 1428 1713 quae
1443 1682 1506 1706 sunt
1528 1677 1665 1705 conservis
1677 1676 1841 1704 communia.

1053 1726 1168 1760 Ideoque
1181 1725 1318 1752 humiliter
1335 1723 1514 1756 sentiendmn,
1539 1722 1603 1750 dum
1615 1722 1641 1749 in
1654 1722 1843 1750 contribulium

1054 1770 1258 1803 calamitatibus,
1282 1777 1342 1804 qua:
1360 1769 1407 1796 tibi
1436 1769 1537 1795 instent
1550 1767 1690 1802 pratvides,
1703 1773 1730 1794 et
1743 1771 1845 1794 natura

1056 1822 1108 1844 tua:
1120 1816 1301 1844 conditionem
1317 1815 1343 1841 in
1359 1815 1417 1841 aliis
1427 1813 1534 1841 ediscis.
1549 1813 1674 1840 Fortasse
1687 1820 1735 1840 nos
1748 1811 1846 1839 talibus

1056 1863 1107 1890 orti
1127 1869 1219 1889 sumus
1242 1860 1467 1896 progenitoribus.
1489 1859 1564 1893 Quod
1586 1859 1608 1886 si
1633 1858 1732 1886 divitia:
1751 1858 1785 1886 ad
1798 1866 1847 1885 nos

1058 1908 1199 1939 transiere,
1216 1907 1275 1934 illas
1298 1905 1367 1933 haud
1389 1906 1469 1933 dubie
1489 1905 1681 1940 relinquemus.
1701 1904 1769 1937 Quid
1784 1911 1849 1931 vero

1058 1958 1120 1981 sunt
1131 1952 1249 1980 divitias?
1263 1952 1360 1980 Umbra
1380 1951 1467 1978 inanis
1478 1972 1485 1984 ,
1507 1951 1596 1978 fumus
1609 1958 1773 1978 evanescens
1799 1949 1849 1976 llos

1060 1999 1135 2032 foeni,
1157 2000 1210 2026 imo
1224 1998 1291 2026 flore
1302 2003 1365 2025 sunt
1377 1998 1495 2025 viliores.
1510 1997 1565 2025 Cur
1577 1997 1610 2024 de
1624 1996 1698 2024 foeno
1710 1997 1793 2024 altum
1805 2004 1849 2023 sa-

1022 2045 1121 2079 -rpis?
1132 2043 1226 2071 Nonne
1241 2048 1267 2071 et
1288 2043 1402 2074 furibus,
1416 2047 1444 2069 et
1466 2042 1602 2074 mollibus,
1616 2047 1644 2069 et
1665 2041 1850 2069 meretricibus

1062 2095 1089 2116 et
1100 2089 1281 2124 sepulcrorum
1295 2088 1468 2116 elfossoribus
1482 2087 1581 2114 divitia:
1591 2087 1738 2115 accedunt?
1753 2087 1852 2114 ldeone

1064 2134 1217 2161 intumescis
1230 2133 1301 2168 quod
1316 2133 1383 2161 tales
1398 2140 1477 2168 opum
1500 2137 1640 2160 consortes
1654 2132 1775 2160 habeas?
1800 2132 1852 2159 Sed

1065 2179 1173 2206 honoris
1184 2179 1295 2213 cupidus
1305 2179 1353 2206 es?
1369 2179 1467 2206 Verum
1482 2178 1546 2205 nihil
1567 2180 1600 2205 ad
1612 2178 1740 2205 honorem
1755 2185 1854 2213 oppor-

1065 2225 1154 2251 tunius
1162 2225 1340 2259 elcemosyna.
1356 2224 1420 2251 Nam
1436 2224 1553 2252 honores
1562 2232 1595 2252 ex
1609 2224 1708 2251 divitiis
1719 2229 1746 2251 et
1760 2229 1855 2258 poten-

1067 2270 1102 2296 tia
1116 2270 1193 2304 parti,
1209 2270 1293 2297 coacti
1308 2274 1370 2297 sunt
1384 2275 1411 2298 et
1425 2270 1526 2303 odiosi;
1541 2270 1568 2298 hi
1581 2278 1644 2298 vero
1656 2278 1690 2297 ex
1706 2271 1817 2297 arbitrio
1830 2276 1858 2297 et

1068 2316 1229 2343 conscientia
1244 2316 1431 2343 honorantium
1448 2317 1596 2351 prodeunt,
1612 2324 1679 2351 quos
1701 2324 1735 2343 ne
1756 2316 1774 2343 ii
1798 2317 1857 2350 qui-

1069 2361 1129 2388 dcm
1153 2362 1198 2396 qui
1223 2362 1355 2389 honorant
1382 2362 1416 2389 de
1437 2362 1525 2390 medio
1542 2363 1636 2390 tollere
1649 2366 1769 2398 possunt.
1782 2361 1857 2395 Quod

1070 2408 1091 2434 si
1106 2407 1226 2435 homines
1239 2412 1338 2435 tantam
1355 2415 1417 2443 erga
1440 2409 1638 2444 eleemosynam
1660 2413 1801 2443 erogantes
1816 2416 1859 2435 re-

1071 2453 1218 2481 verentiam
1229 2453 1335 2485 habent,
1349 2459 1377 2481 et
1389 2454 1478 2481 omnia
1496 2454 1561 2489 ipsis
1576 2454 1643 2481 bona
1657 2459 1836 2489 apprecantur
1852 2463 1859 2481 :

1071 2498 1157 2532 cogita
1181 2503 1306 2532 quantam
1321 2506 1335 2525 a
1350 2499 1465 2533 benigno
1483 2499 1537 2526 Deo
1560 2499 1709 2526 mercedem
1725 2500 1860 2534 accepturi

1072 2545 1135 2575 sint,
1152 2551 1229 2578 quam
1249 2544 1461 2571 retributionem.
1479 2544 1531 2571 llas
1553 2552 1616 2579 ergo
1627 2552 1778 2580 qumramus
1792 2545 1863 2572 divi-

1074 2589 1124 2616 tias
1149 2596 1254 2623 semper
1267 2594 1415 2621 manentes,
1431 2597 1573 2623 numquam
1594 2589 1740 2623 fugientes;
1753 2595 1781 2616 ut
1794 2590 1860 2617 etin

1075 2635 1124 2662 hac
1147 2635 1198 2661 vita
1220 2635 1318 2669 magni,
1343 2639 1369 2662 et
1393 2635 1419 2662 in
1440 2635 1486 2662 illa
1508 2636 1646 2670 conspicui
1668 2637 1762 2667 simus,
1783 2641 1863 2671 atque

1075 2685 1174 2707 mterna
1189 2686 1382 2714 consequamur
1396 2680 1481 2710 bona:
1503 2681 1586 2715 gratia
1597 2685 1624 2708 et
1638 2681 1800 2716 benignitate
1814 2681 1865 2708 Do-

1077 2725 1142 2752 mini
1153 2725 1236 2751 nostri
1249 2724 1312 2751 Jesu
1323 2723 1437 2758 Christi,
1452 2725 1559 2760 quicum
1570 2725 1642 2754 Patri
1655 2726 1749 2761 gloria,
1759 2734 1867 2761 unaque

1078 2769 1184 2800 Spiritui
1199 2774 1302 2802 sancto,
1318 2777 1388 2797 nunc
1400 2774 1428 2798 et
1439 2777 1545 2806 semper
1559 2776 1587 2800 et
1601 2771 1625 2799 in
1642 2772 1738 2800 saecula
1753 2771 1866 2800 seculo-

1081 2821 1149 2842 rum.
1165 2816 1259 2842 Amen.
