2041 3113
167 177 216 207 (93

672 176 704 203 ΙΝ
723 175 879 204 ΙΟΑΝΝΕΜ
899 175 1013 205 ΙΙΟΜΙΙι.
1035 177 1152 204 XXXIV.
1173 179 1206 205 al.
1228 179 1345 208 XXXIII.

1735 187 1788 216 illi

166 234 1335 247 —-—-—————%~

1336 241 1786 253 '—-—--——-—_

813 265 985 296 HOMILIA
1008 265 1158 296 XXXIV.

163 318 207 346 28.
224 318 336 351 Reliquit
347 325 407 353 ergo
421 317 538 352 hydriant
556 324 630 343 suam
645 317 745 349 mulier,
765 321 788 343 et
802 316 861 343 abiit
875 317 899 342 in
911 316 949 342 ci-

199 363 308 394 uitatem,
323 366 346 388 et
358 361 422 390 dixit
436 361 576 388 hominibus
591 360 654 388 :29.
671 360 767 394 Venite,
781 361 860 387 videte
871 360 951 387 Itami-

198 415 264 440 nem,
281 407 402 441 quidixit
421 407 484 433 milii
502 413 665 440 quacumque
675 406 723 441 feci
736 414 746 433 :
759 405 881 440 numquid
894 406 950 440 ipse

198 456 234 478 est
248 451 383 478 Christus?

199 499 224 524 Ι.
239 497 373 524 Fervorem
387 496 541 523 audientium
560 497 652 523 excitat
681 495 873 531 C/trysostomus
894 503 950 522 cum

167 543 247 569 verbis
260 542 369 574 Christi,
383 547 434 568 tum
448 541 560 577 exemplo
572 542 683 568 mulieris
698 541 868 568 Samaritana
878 541 950 575 cujus

169 587 244 613 etiam
257 587 421 613 humilitatem
432 587 528 613 laudat.
540 586 655 614 Christus
666 594 740 620 quant
754 585 787 613 de
802 586 884 613 salute
901 585 949 612 lio-

163 632 258 658 minum
267 632 400 664 sollicitus,
409 639 484 666 quam
497 631 523 657 in
535 631 685 658 inculcanda
697 631 812 657 doctrina
823 630 950 664 prudens!

163 677 286 704 —~Molto
304 684 354 704 nos
369 675 473 703 fervore
486 680 601 710 oportet,
618 676 701 703 multo
725 675 833 702 excitari
847 674 948 706 studio;

163 722 280 756 alioquin
290 722 419 755 promissa
428 721 496 748 bona
508 721 632 755 consequi
647 728 698 747 non
709 721 864 755 poterimus.
873 719 949 753 Quod

165 767 318 802 signiﬁcans
342 767 462 795 Christus
485 766 564 794 modo
586 766 692 801 quidem
714 766 772 794 ait:
787 765 816 793 Si
831 766 885 799 quis
898 773 949 792 non

163 812 255 845 accipit
270 820 367 838 crucem
379 820 462 843 suam,
476 816 500 838 et
518 810 629 845 sequitur
641 819 689 842 me,
703 819 754 838 non
762 815 798 838 est
809 819 848 837 me
859 811 948 844 dignus

165 857 279 892 (Manli.
298 857 337 884 10.
353 856 403 893 58)
416 865 423 889 ;
434 857 513 884 modo
527 861 631 889 autem,
645 855 734 892 lgnent
748 855 803 882 veni
813 856 909 882 mittere
922 855 949 882 in

163 906 271 934 terram,
287 906 310 928 et
321 901 381 936 quid
393 902 449 929 uolo
458 902 509 928 nisi
517 906 542 928 ut
552 902 703 928 accendatur
720 900 802 936 (Luc.
819 900 862 927 ΙΞ.
876 900 948 936 49)?

164 946 282 982 Utroque
304 947 386 979 dicto,
408 946 556 974 ferventem
581 947 770 982 incensumque
789 945 946 980 discipulum

165 994 252 1026 nobis,
263 999 288 1020 et
300 993 333 1020 ad
346 993 434 1019 omnia
448 992 584 1020 subeunda
600 992 714 1027 pericula
735 996 854 1026 paratum
867 992 949 1026 signi-

165 1039 236 1066 ﬁcat.
266 1038 337 1065 Talis
363 1041 422 1065 erat
446 1043 473 1065 et
496 1038 554 1065 hazc
578 1038 693 1064 mulier:
709 1037 744 1064 ita
765 1037 836 1064 enim
860 1036 948 1063 verbis

165 1084 262 1112 Christi
279 1084 384 1110 incensa
399 1088 453 1116 est,
469 1087 497 1109 ut
509 1083 602 1110 relicta
630 1082 724 1118 hydria
737 1086 765 1109 et
779 1089 857 1116 aqua,
873 1081 948 1115 cujus

164 1129 248 1164 gratia
263 1136 295 1156 eo
304 1132 479 1160 concesserat,
495 1132 522 1155 et
537 1128 563 1155 in
576 1128 667 1154 urbem
678 1134 829 1158 accurrens,
843 1127 948 1153 univer-

165 1182 225 1201 sutn
242 1175 366 1208 populum
379 1174 411 1201 ad
431 1174 521 1201 .lesum
539 1174 666 1201 traheret.
693 1173 788 1206 Venite,
818 1173 910 1207 inquit,
926 1176 949 1198 et

165 1221 246 1247 ridete
257 1221 391 1253 hominem,
405 1221 448 1255 qui
462 1220 526 1247 dixit
544 1220 606 1246 mihi
619 1220 702 1246 omnia
716 1227 876 1254 quacumque
887 1219 946 1253 feci.

168 1265 233 1292 Vide
247 1265 373 1296 studium.
389 1266 448 1292 vide
466 1265 643 1299 prudentiam.
666 1264 782 1291 Venerat
805 1268 834 1290 ut
853 1271 947 1298 aquam

165 1310 295 1342 hauriret,
311 1315 411 1337 etcum
433 1318 526 1337 verum
542 1310 640 1337 fontem
667 1310 822 1342 invenisset,
849 1309 948 1336 fontem

165 1356 216 1383 sub
228 1363 336 1382 sensum
350 1356 489 1382 cadentem
513 1355 645 1389 despexit,
662 1360 691 1382 ut
704 1362 752 1381 nos
765 1354 882 1386 doceret,
899 1353 948 1380 etsi

165 1402 261 1435 exiguo
273 1401 404 1435 exemplo,
425 1400 555 1435 spirituali
569 1401 696 1427 doctrinm
710 1400 826 1427 intentos
836 1398 949 1426 saecula-

165 1447 205 1474 ria
216 1452 388 1474 contemnere
403 1452 537 1481 oportere,
553 1447 704 1481 nullamque
716 1451 844 1480 quatttum
857 1445 883 1471 in
899 1451 949 1471 no-

164 1492 207 1519 bis
220 1497 271 1524 cst,
288 1492 394 1519 illorum
408 1493 536 1519 rationem
558 1492 666 1520 habere.
683 1491 758 1525 Quod
786 1495 814 1518 et
836 1490 948 1525 apostoli

165 1538 298 1571 fecerunt,
321 1538 375 1573 ipsa
389 1546 504 1573 quoque,
516 1539 569 1565 imo
586 1538 732 1566 ferventius
754 1537 884 1572 praestitit.
911 1536 950 1564 llli

165 1591 281 1618 natnque
306 1584 400 1616 vocati,
424 1585 490 1611 retia
514 1584 688 1616 dimiserunt;
711 1583 767 1610 haec
781 1590 843 1610 vero
855 1586 951 1616 sponte

165 1637 225 1662 sita,
241 1629 313 1656 nullo
327 1629 506 1663 prtucipieute,
521 1629 645 1664 relinquit
660 1628 780 1664 hydriam
798 1632 825 1655 et
837 1635 951 1662 evange-

166 1675 289 1702 Ii~tarum
312 1675 398 1702 ofﬁcio
421 1675 546 1710 fungitur,
569 1675 665 1709 gaudio
680 1674 729 1708 ipsi
743 1674 798 1700 alas
820 1673 950 1706 addente;

166 1728 253 1754 neque
275 1728 356 1746 unum
378 1725 422 1746 aut
442 1721 566 1752 alterum,
583 1724 612 1746 ut
628 1720 748 1746 Andreas
758 1723 785 1746 et
798 1718 950 1752 Philippus,

165 1765 213 1792 sed
226 1766 376 1792 universam
387 1769 535 1792 commovet
548 1756 692 1797 civitatem,
709 1769 734 1791 et
754 1768 853 1791 tantum
870 1771 953 1797 popu-

166 1811 221 1837 lum
236 1810 269 1836 ad
282 1809 416 1837 Christunt
428 1810 543 1837 adducit.
566 1810 600 1836 Et
619 1810 678 1836 vide
702 1816 781 1844 quam
808 1808 953 1843 prudenter

167 1857 301 1890 loquatur.
316 1855 372 1882 Non
393 1855 467 1887 dixit,
495 1855 598 1888 Vertite,
623 1854 712 1881 videte
731 1853 879 1885 Christum;
905 1851 953 1880 sed

167 1909 228 1928 cum
254 1900 345 1928 eadem
366 1901 589 1934 attemperatione
612 1907 663 1934 qtta
679 1899 798 1927 Christus
813 1899 896 1934 ipsam
909 1905 954 1925 ce-

167 1951 254 1980 perat,
271 1945 328 1972 illos
337 1946 427 1972 allicit.
450 1945 544 1978 Venite,
560 1946 656 1980 ittqtlil,
667 1945 748 1972 videte
762 1945 896 1975 hominem,
911 1943 954 1978 qui

167 1991 231 2017 dixit
247 1990 307 2016 mihi
318 1991 402 2016 omnia
414 1998 573 2025 quwcumque
586 1990 643 2024 feci.
656 1989 709 2017 Nec
723 1989 816 2024 puduit
828 1989 898 2016 illam
914 1989 954 2015 di-

167 2043 241 2068 cere,
258 2035 327 2062 Dixit
342 2036 401 2062 mihi
419 2036 504 2062 omnia
521 2043 682 2071 quacumque
708 2037 774 2070 fect;
794 2035 844 2062 etsi
866 2034 955 2062 dicere

168 2081 315 2115 potuisset,
341 2080 453 2114 Venite,
478 2081 565 2108 videte
588 2081 742 2115 propltetant
759 2088 870 2107 :verum
893 2087 954 2106 eum

168 2127 258 2154 anima
270 2127 360 2154 divino
375 2127 435 2162 igne
457 2134 586 2155 succensa
601 2131 651 2159 est,
664 2127 728 2154 nihil
739 2127 806 2153 ultra
821 2131 954 2153 terrenum

169 2173 289 2207 respicit,
309 2180 361 2199 non
384 2172 491 2204 famam,
516 2180 569 2200 non
596 2171 749 2206 infamiam;
773 2171 819 2199 sed
842 2171 956 2198 flamma:

171 2223 272 2245 tantum
287 2218 382 2245 ardore
403 2223 534 2245 movetur.
552 2217 682 2252 Numquid
695 2217 749 2251 ipse
767 2221 803 2244 est
824 2216 957 2243 Christus?

171 2263 360 2290 Animadverte
383 2263 477 2289 iterum
499 2270 620 2297 magnam
645 2262 762 2289 mulieris
787 2261 954 2295 sapientiam.

171 2308 262 2343 Neque
277 2309 381 2343 penitus
390 2307 515 2341 afﬁrmat,
532 2315 618 2342 neque
642 2307 744 2334 reticet.
761 2306 872 2333 Volebat
886 2306 956 2332 enim

172 2362 224 2380 non
238 2361 271 2380 ex
284 2354 408 2388 opinione
421 2360 467 2380 sua
482 2353 540 2380 illos
556 2353 700 2384 inducere;
716 2352 763 2379 sed
782 2352 827 2378 illo
846 2351 937 2378 audito
947 2372 955 2384 ,

172 2399 245 2432 ipsos
257 2405 312 2424 sute
327 2399 464 2424 sententia:
476 2402 612 2425 consortes
626 2397 736 2428 habere,
752 2396 820 2423 ttnde
835 2403 877 2422 res
899 2403 956 2422 ina-

171 2444 212 2477 gis
228 2443 370 2477 probabilis
381 2450 491 2470 evasura
505 2447 573 2469 erat.
602 2442 682 2477 Atqui
703 2449 757 2468 non
773 2446 853 2468 totam
878 2440 958 2467 vitain

172 2495 248 2513 suam
264 2487 312 2522 ipsi
327 2486 448 2514 Christus
462 2487 660 2518 deelaravcrat;
684 2485 731 2513 sed
744 2493 777 2513 ex
790 2485 868 2512 dictis
877 2489 958 2511 caete-

172 2539 265 2558 mrum
276 2539 381 2566 quoque
403 2531 523 2558 notitiam
539 2531 624 2565 ipsum
649 2530 747 2558 habere
770 2530 891 2557 credidit.
906 2529 959 2556 Nec

173 2577 250 2609 dixit,
264 2577 368 2609 Venite,
380 2577 495 2609 credite;
509 2576 565 2608 sed,
586 2575 683 2608 Venite,
698 2575 786 2607 uidete,
812 2575 882 2609 qttod
895 2582 960 2601 sane

173 2621 260 2648 levius
275 2625 341 2653 erat,
371 2626 398 2648 et
421 2621 503 2655 magis
519 2621 592 2655 ipsos
604 2620 712 2647 allicere
733 2623 844 2654 poterat.
867 2619 959 2646 Vidisti

174 2667 294 2694 mulieris
306 2667 486 2701 sapientiam?
506 2666 614 2694 Sciebat
627 2667 697 2693 enim
713 2671 739 2693 et
752 2666 830 2700 plane
849 2665 959 2697 sciebat,

175 2712 221 2739 illo
241 2713 380 2746 degustato
402 2711 485 2745 fonte,
508 2712 622 2746 idipsutn
649 2711 703 2738 illis
724 2716 879 2738 eventurum
901 2718 960 2738 esse

175 2758 246 2792 quod
272 2758 321 2785 sibi
347 2762 482 2785 evenerat.
506 2758 586 2792 Atqui
607 2757 676 2784 alius
698 2757 838 2784 crassioris
852 2756 960 2791 ingenii,

175 2803 388 2830 criminationem
413 2803 463 2830 sibi
490 2803 586 2831 factam
614 2803 754 2830 obscurius
778 2802 903 2834 dixisset;
919 2801 961 2828 illa

175 2856 242 2876 vero
253 2850 332 2876 vitam
348 2856 422 2876 suam
436 2849 552 2876 declarat
565 2854 593 2875 et
609 2849 634 2875 in
651 2848 766 2875 medium
779 2848 884 2875 adducit
898 2868 905 2880 ,
935 2851 963 2874 ut

177 2902 271 2922 omnes
290 2894 435 2922 attralteret
463 2898 630 2929 cuperetque.
656 2894 699 2921 5i.
721 2893 820 2920 Interea
843 2893 963 2929 rogabunt

1002 323 1058 341 eum
1067 316 1187 350 discipuli
1214 318 1278 350 eius,
1303 319 1413 347 dicente:
1429 329 1438 347 :
1449 322 1541 356 Rabbi,
1554 324 1690 352 manduca.
1703 325 1768 353 Illud
1777 347 1784 358 ,

1001 359 1145 395 Rogabant,
1171 362 1297 390 idiomate
1316 372 1365 392 suo
1384 365 1426 393 hic
1440 366 1579 401 signiﬁcat,
1596 369 1785 400 llortabantur.

1002 407 1128 435 Videntes
1149 408 1221 435 enim
1236 416 1295 436 eunt
1311 417 1345 437 ex
1357 411 1451 438 itinere
1470 418 1497 439 et
1518 419 1582 440 tBSlll
1595 414 1763 450 defatigatqu
1777 438 1784 450 ,

1001 451 1174 480 hortabantur
1187 461 1258 480 eutn.
1279 454 1336 482 Non
1364 457 1434 483 enim
1450 465 1481 484 ex
1496 459 1638 492 petulantia
1651 481 1659 491 ,
1684 462 1731 489 sed
1752 470 1783 489 ex

1001 504 1091 523 antore
1104 497 1221 525 doctoris
1234 499 1266 525 ad
1280 500 1368 526 cibum
1382 502 1538 529 sumendum
1557 505 1700 537 pellebant.
1715 507 1782 539 Quid

1001 548 1064 576 ergo
1075 542 1216 570 Christus?
1232 544 1275 571 52.
1292 545 1345 580 Ego
1357 546 1438 573 cibum
1450 547 1527 574 ltabao
1540 551 1699 584 manducare,
1711 561 1784 587 quem

1001 595 1042 631 vos
1052 588 1150 614 nescitis
1164 589 1227 616 εδδ.
1249 589 1371 617 Dicebant
1384 600 1444 625 ergo
1463 593 1497 619 ad
1516 593 1620 620 invicem
1633 603 1643 622 :
1654 595 1784 631 Numquid

1001 630 1090 666 aliquis
1100 633 1184 659 attulit
1197 634 1219 660 ei
1229 635 1379 662 manducare
1389 636 1402 662 ζ)
1412 636 1479 669 Quid
1492 645 1555 672 ergo
1570 639 1674 666 ntiraris
1688 640 1711 667 si
1725 649 1783 668 mu-

1001 674 1051 702 lier
1075 683 1170 710 aquam
1184 678 1305 712 audiens,
1323 688 1385 707 vere
1398 689 1491 716 aquam
1516 689 1576 710 esse
1589 683 1782 719 arbitrabatur,

1001 722 1106 756 quando
1125 723 1245 758 discipuli
1273 725 1329 758 pari
1350 730 1412 753 sunt
1444 729 1526 756 modo
1554 728 1651 761 affecti,
1666 729 1784 765 nihilque

1001 767 1139 802 spirituale
1151 768 1318 803 intelligunt;
1341 770 1387 798 sed
1402 771 1532 804 dubitant,
1544 772 1606 800 dum
1620 774 1722 802 doctori
1740 783 1783 803 re—

1001 814 1146 840 verentiam
1157 819 1184 841 et
1200 815 1328 842 honorem
1341 824 1390 850 pro
1404 824 1478 844 more
1495 818 1633 851 exhibent,
1649 827 1681 847 ac
1693 825 1787 848 mutue

1001 857 1200 892 colloquuntur,
1213 867 1262 887 nec
1272 861 1412 888 audentab
1423 862 1467 888 illo
1480 863 1627 890 sciscitari?
1639 864 1693 891 Hoc
1706 865 1784 892 etiam

1001 902 1064 928 alibi
1077 903 1185 935 faciunt,
1213 904 1275 931 dum
1296 905 1460 940 interrogare
1481 907 1626 941 cupientes,
1653 909 1787 937 abstinent

1002 951 1099 975 tamen.
1115 948 1182 982 Quid
1195 957 1257 984 ergo
1268 950 1406 978 Christus?
1422 952 1466 979 54.
1483 952 1556 979 Meus
1565 953 1634 980 cibus
1643 958 1689 988 est,
1705 960 1732 981 ut
1746 957 1787 990 fa-

1001 993 1066 1019 ciant
1085 994 1235 1022 voluntatem
1256 996 1309 1030 ejus
1320 997 1364 1030 qui
1376 997 1443 1023 misit
1465 1005 1504 1024 me
1516 1018 1523 1030 ,
1540 1003 1563 1024 et
1575 1000 1703 1033 perﬁciant
1723 1009 1788 1035 opus

1001 1038 1064 1073 ejus.
1081 1038 1220 1066 llominum
1245 1041 1356 1068 salutem
1372 1041 1416 1068 ltie
1427 1042 1515 1069 cibum
1532 1048 1617 1076 vocat,
1644 1045 1786 1073 ostendens

1001 1090 1060 1109 cum
1070 1089 1167 1118 quanta
1179 1092 1242 1112 cura
1255 1086 1331 1113 nobis
1344 1087 1487 1120 provideat.
1501 1087 1534 1115 Ut
1544 1089 1613 1115 enim
1624 1097 1672 1116 nos
1685 1090 1784 1123 cibum,

1001 1129 1036 1156 ita
1050 1130 1093 1157 ille
1106 1135 1224 1158 nostram
1235 1132 1347 1159 salutem
1361 1133 1504 1160 desiderat.
1519 1134 1587 1161 Audi
1597 1143 1660 1162 vero
1676 1144 1729 1170 quo
1739 1145 1785 1171 pa-

1001 1178 1044 1201 cto
1059 1182 1110 1201 non
1125 1175 1223 1210 ubique
1233 1176 1320 1204 omnia
1334 1178 1387 1204 cito
1402 1179 1510 1212 revelet,
1526 1179 1572 1206 sed
1587 1181 1672 1214 primo
1683 1182 1787 1208 audito-

1001 1226 1057 1245 rem
1072 1220 1097 1246 in
1115 1220 1304 1249 dubitationem
1318 1222 1453 1257 conjiciat,
1466 1229 1494 1251 tit
1511 1230 1651 1259 postquam
1664 1234 1786 1260 qumrere

1002 1263 1099 1298 incepit
1121 1265 1182 1299 quid
1197 1266 1230 1292 sit
1245 1266 1309 1294 illud
1333 1267 1404 1301 quod
1429 1269 1535 1301 dicitur,
1561 1277 1622 1296 cum
1641 1270 1785 1298 dubitando

1001 1308 1113 1341 laborat,
1130 1310 1255 1338 libentius
1269 1311 1295 1339 id
1309 1312 1379 1346 qurul
1400 1313 1536 1347 quaerebat
1550 1314 1700 1348 expositum
1714 1316 1786 1342 acci-

1001 1355 1066 1388 piat,
1080 1358 1108 1381 et
1121 1355 1154 1382 ad
1168 1355 1327 1384 audiendum
1340 1357 1422 1392 magis
1432 1358 1572 1385 excitetur.
1588 1358 1639 1385 Cur
1653 1367 1716 1394 ergo
1731 1368 1784 1387 non

1001 1399 1089 1426 statim
1104 1399 1180 1434 dixit,
1191 1400 1263 1428 Meus
1271 1402 1340 1429 cibus
1352 1407 1423 1429 estut
1434 1403 1526 1439 faciam
1539 1404 1688 1431 uoluntatem
1700 1405 1787 1433 Patris

1002 1445 1072 1473 mei:
1087 1447 1156 1481 quod
1179 1447 1229 1474 etsi
1245 1455 1298 1475 non
1321 1448 1429 1475 omnino
1448 1449 1559 1480 clarum.
1580 1455 1668 1477 tamen
1691 1451 1787 1479 clarius

1003 1491 1049 1518 illo
1063 1497 1130 1524 erat,
1143 1493 1213 1527 quod
1221 1493 1276 1528 jam
1291 1493 1410 1526 dixerat;
1424 1495 1470 1521 sed
1485 1495 1568 1529 quid?
1580 1495 1634 1531 Ego
1646 1496 1727 1523 cibum
1738 1495 1786 1523 lia-

1002 1535 1047 1563 beo
1060 1537 1221 1570 manducare,
1243 1546 1314 1573 quem
1331 1547 1374 1565 vos
1395 1539 1504 1567 nescitis.
1528 1539 1619 1567 Primo
1643 1541 1730 1576 igitur,
1760 1546 1788 1569 ut

1003 1581 1067 1614 dixi,
1082 1590 1114 1609 ex
1135 1583 1299 1611 dubitatione
1320 1584 1479 1612 attentiores
1503 1585 1565 1613 illos
1589 1586 1687 1618 reddit,
1708 1591 1788 1621 atque

1003 1627 1155 1661 assuefaeit,
1170 1634 1198 1655 ut
1209 1629 1289 1656 etiam
1314 1637 1361 1663 per
1371 1630 1520 1664 mnigmata,
1536 1630 1605 1657 dicta
1628 1631 1787 1666 intelligant

1003 1673 1070 1706 Quid
1097 1678 1184 1700 autern
1213 1674 1247 1700 sit
1270 1674 1390 1700 voluntas
1409 1675 1503 1707 Patris,
1517 1674 1642 1710 deinceps
1663 1677 1786 1710 explicat.

1004 1718 1048 1745 55.
1077 1717 1170 1745 Nonne
1187 1726 1230 1745 ea:
1253 1718 1354 1750 dicitis,
1377 1719 1444 1750 quod
1466 1719 1550 1746 adhuc
1573 1725 1681 1754 quatuor
1693 1729 1788 1748 menses

1004 1767 1077 1795 sunt,
1102 1768 1125 1789 et
1142 1763 1228 1789 messis
1246 1763 1332 1790 venit?
1355 1762 1421 1790 Ecce
1444 1763 1500 1790 dico
1520 1765 1601 1797 nobis,
1627 1764 1717 1792 Leonte
1730 1773 1788 1792 ocu-

1005 1809 1042 1836 los
1054 1813 1146 1836 vestras
1157 1829 1164 1841 ,
1181 1813 1204 1835 et
1226 1808 1306 1836 videte
1323 1809 1447 1845 regiones,
1464 1810 1523 1845 quia
1538 1810 1601 1837 alba:
1616 1815 1675 1837 sunt
1687 1812 1741 1846 iam
1754 1811 1788 1837 ad

1005 1861 1118 1880 messem.

1040 1899 1068 1925 2.
1079 1899 1116 1926 Eu
1130 1906 1233 1926 rursum
1244 1899 1414 1926 familiaribus
1423 1899 1511 1926 verbis
1522 1899 1581 1927 illos
1591 1899 1624 1926 ad
1634 1900 1784 1927 sublimium

1006 1951 1094 1970 rerum
1108 1945 1355 1979 contemplationem
1366 1945 1451 1980 erigit.
1466 1944 1531 1972 Nam
1542 1953 1602 1972 eum
1616 1945 1702 1972 Cibum
1711 1945 1788 1978 dixit,

1007 1989 1071 2016 nihil
1082 1989 1151 2016 aliud
1165 1997 1242 2024 quam
1258 1991 1369 2017 futuram
1385 1990 1518 2017 hominum
1539 1990 1651 2017 salutem
1671 1991 1789 2018 declara-

1007 2034 1062 2066 vit;
1085 2041 1147 2069 agcr
1167 2042 1272 2062 rursum
1291 2039 1318 2062 et
1336 2035 1431 2062 messis
1452 2035 1501 2062 hoc
1522 2036 1608 2069 ipsum
1629 2035 1787 2069 signiﬁcant,

1007 2081 1153 2108 animarum
1168 2088 1263 2115 nempe
1275 2080 1470 2107 multitudinem
1483 2080 1515 2107 ad
1528 2079 1703 2115 prmdicantes
1713 2082 1789 2108 exci-

1008 2125 1118 2160 piendos
1131 2130 1258 2160 paratam.
1272 2124 1368 2152 Oculos
1379 2129 1466 2151 autem
1484 2125 1526 2151 hic
1537 2125 1600 2151 dicit
1610 2130 1636 2152 et
1647 2125 1743 2152 mentis
1763 2131 1789 2153 ct

1008 2171 1127 2205 corporis
1143 2179 1150 2197 :
1164 2178 1225 2197 nam
1239 2170 1361 2196 videbant
1378 2169 1604 2196 Samaritanorum
1625 2170 1729 2197 turbam
1743 2178 1789 2197 ve-

1010 2217 1125 2243 nientem
1141 2225 1148 2243 :
1161 2216 1264 2243 illorum
1286 2223 1348 2243 vero
1368 2219 1514 2249 promptam
1529 2215 1687 2242 vclantatem
1702 2216 1790 2250 regio-

1010 2270 1057 2289 nes
1070 2262 1143 2289 albas
1158 2262 1281 2296 appellat.
1298 2260 1524 2295 Quemadmodum
1540 2261 1610 2287 enim
1624 2261 1715 2295 spicae,
1729 2268 1790 2288 cum

1009 2307 1076 2334 albae
1091 2311 1166 2340 sunt,
1180 2307 1233 2341 jam
1253 2307 1285 2334 ad
1310 2314 1423 2333 messem
1443 2311 1504 2332 sunt
1521 2310 1619 2340 paratae
1634 2314 1641 2332 :
1656 2306 1694 2333 sic
1708 2311 1735 2333 et
1750 2307 1791 2334 isti

1010 2352 1042 2380 ad
1056 2353 1165 2380 salutem
1183 2352 1237 2386 jam
1260 2356 1322 2378 sunt
1342 2352 1424 2385 parati
1445 2355 1472 2378 et
1496 2351 1593 2377 idonei.
1616 2350 1649 2377 Et
1668 2358 1716 2378 cur
1739 2359 1791 2378 non

1009 2398 1081 2425 clare
1093 2397 1169 2430 dixit,
1194 2397 1253 2424 illos
1271 2397 1304 2423 ad
1319 2396 1479 2423 credendutu
1498 2395 1634 2427 accedere,
1648 2400 1673 2422 et
1688 2401 1792 2430 paratos

1010 2443 1042 2470 ad
1058 2443 1166 2470 verbum
1181 2442 1377 2477 suscipiendum
1390 2449 1459 2473 esse,
1473 2449 1487 2467 a
1500 2441 1634 2476 prophetis
1646 2441 1700 2475 jam
1716 2442 1792 2468 insti-

1012 2493 1092 2520 tutos,
1103 2493 1129 2515 et
1143 2488 1255 2515 fructum
1279 2487 1447 2519 reddituros;
1472 2487 1519 2514 sed
1538 2487 1671 2521 regionem
1683 2492 1710 2513 et
1723 2494 1792 2513 mes-

1012 2541 1069 2561 sem
1090 2535 1162 2568 ipsos
1182 2534 1342 2568 appellavit?
1366 2533 1427 2568 quid
1449 2533 1499 2560 sibi
1520 2533 1610 2559 volunt
1628 2531 1669 2559 hae
1683 2532 1794 2566 ﬁgurae?

1012 2578 1103 2613 Neque
1116 2578 1185 2605 enim
1204 2579 1247 2605 ltic
1268 2582 1381 2611 tantum,
1403 2577 1449 2604 sed
1462 2577 1540 2604 etiam
1552 2584 1601 2611 per
1612 2580 1694 2603 totum
1712 2583 1796 2603 evan-

1013 2624 1108 2659 geliqu
1122 2623 1147 2650 id
1162 2624 1216 2657 agit
1229 2632 1235 2649 :
1250 2627 1277 2649 et
1294 2622 1428 2657 prOphette
1441 2628 1546 2656 quoque
1560 2628 1593 2648 eo
1609 2620 1666 2654 ipso
1687 2625 1794 2646 utuntur

1013 2676 1105 2700 more,
1126 2673 1152 2696 et
1173 2667 1352 2702 metapltorice
1372 2667 1454 2693 multa
1478 2666 1576 2693 dicunt.
1593 2665 1712 2698 Quanam
1731 2673 1794 2700 ergo

1013 2713 1047 2741 de
1061 2720 1138 2739 causa
1150 2712 1162 2738 ἵ
1174 2712 1265 2746 Neque
1278 2712 1347 2738 enini
1364 2717 1464 2738 temere
1478 2711 1592 2744 Spiritus
1609 2710 1691 2745 gratia
1706 2710 1744 2737 sie
1757 2711 1795 2737 iu-

1013 2757 1108 2784 stituit.
1128 2756 1180 2783 Sed
1195 2764 1242 2782 cur
1257 2755 1382 2782 tandem?
1406 2755 1511 2781 Duabus
1530 2754 1564 2781 de
1577 2755 1664 2782 causis
1678 2763 1684 2780 :
1699 2755 1794 2788 primo,

1015 2807 1042 2829 ut
1057 2802 1141 2835 major
1153 2801 1285 2827 dictorum
1306 2799 1439 2834 emphasis
1451 2803 1532 2830 esset,
1542 2803 1570 2826 et
1579 2807 1609 2827 ea
1619 2801 1644 2827 in
1652 2804 1795 2833 conspectu

1015 2850 1184 2881 ponerentur.
1206 2845 1280 2872 Mens
1301 2846 1372 2872 enirn
1395 2844 1533 2878 imaginem
1553 2845 1631 2871 rebus
1651 2851 1794 2870 consonant

1016 2896 1166 2927 asscquuta,
1184 2892 1267 2926 magis
1280 2890 1420 2924 excitatur,
1435 2897 1466 2917 ac
1480 2897 1523 2918 res
1535 2890 1609 2924 quasi
1627 2890 1745 2924 depictas
1757 2888 1794 2916 vi-
