2041 3113
246 171 296 200 lilii

240 237 316 268 ἁι-ιιι,
332 233 366 261 ab
379 231 431 264 illis
451 228 534 264 magis
548 225 684 260 abripitur.
701 223 763 250 [hec
777 221 852 256 prior
865 224 907 248 est
920 226 1020 248 causa:

240 266 367 310 secundo,
388 280 417 303 ut
429 272 544 301 narratio
558 270 592 297 sit
606 268 723 301 suavior,
737 271 764 294 et
777 266 908 293 dictorum
924 271 1024 291 memo-

240 308 278 351 i-ta
293 308 375 356 magis
388 320 551 354 perseveret.
564 314 655 349 Neque
670 312 741 340 enim
756 311 791 338 ita
811 309 941 338 sententia
952 308 1024 335 acci-

243 369 322 402 pitur.
337 355 424 399 neque
438 363 474 389 ita
488 360 582 388 suadet
594 357 758 385 auditoribus
770 355 872 387 multis,
886 358 916 380 ut
931 359 1026 380 narra-

241 414 278 439 tio
302 419 348 446 per
366 398 410 437 res
429 409 512 442 ipsas,
534 411 646 440 quarum
664 402 874 436 experimentum
889 398 1026 425 habemus.

243 443 317 489 Quod
332 455 359 481 in
374 452 499 488 parabola
513 448 707 484 sapientissime
720 449 861 473 tractatum
873 443 964 470 videre
975 446 1026 468 est.

241 486 286 528 g6.
303 500 334 527 Et
349 486 392 534 qui
406 497 482 529 metit,
506 494 642 521 mercedem
659 491 759 526 accipit,
775 493 798 516 et
812 490 920 524 fructum
934 486 1029 520 colligit

243 549 269 574 in
282 547 358 573 vitam
371 549 501 571 uernam.
514 541 579 568 Nam
595 543 707 566 terrenae
722 536 800 570 hujus
809 533 906 561 messis
916 532 1028 562 fruetus,

245 600 296 619 non
310 590 343 618 ad
354 594 493 619 mternam,
508 585 553 613 sed
567 584 600 611 ad
622 587 818 616 tetnporaueam
842 578 922 604 vitam
933 577 1008 610 juvat
1021 584 1028 607 ;

246 635 388 671 spiritualis
401 640 466 660 vero
478 630 573 658 messis
584 628 694 659 fructus,
706 625 739 652 ad
750 622 926 651 immortalem
937 621 1029 648 vitam.

247 667 482 712 Viden'lquomodo
496 674 575 701 verba
588 671 694 706 quidem
709 667 845 696 sensibilia
861 667 924 698 sint,
938 671 1032 692 sensus

247 733 311 754 vero
325 711 486 758 spirituales.
509 723 588 752 atque
607 718 666 752 ipsa
679 715 758 742 verba
778 721 793 740 a
813 711 963 740 caelestibus
977 715 1032 737 ter-

247 778 311 799 rena
325 757 506 802 distinguant?
521 763 595 797 Quod
607 762 678 790 enim
689 760 723 788 de
733 766 800 794 aqua
810 757 884 790 dixit,
895 761 1033 792 postquam

249 817 306 851 ejus
320 813 508 850 proprietatem
524 809 696 838 iudicaverat,
719 805 767 838 Qui
786 804 843 831 bibit
856 811 887 830 ea;
899 803 946 829 hac
957 808 1032 836 aqua,

249 847 299 889 non
415 858 440 885 id
462 857 546 891 ipsum
563 855 605 882 hic
620 853 692 885 facit,
707 859 767 879 cum
780 851 816 877 ait
834 850 906 876 hunc
920 847 1034 875 fructum

249 905 338 940 colligi
353 905 380 932 in
399 890 480 930 vitam
494 905 619 928 aeternam
636 907 642 925 τ
665 902 693 925 ιιι
712 901 739 925 ει
759 896 803 930 qui
823 893 937 921 seminat
949 896 977 919 et
990 890 1034 926 qui

252 938 328 979 metit
341 949 419 977 simul
433 946 574 983 gaudeant.
588 944 652 978 Quis
670 947 711 970 est
727 942 772 976 qui
787 940 909 971 seminat,
921 938 981 972 quis
995 941 1036 964 est

251 996 296 1031 qui
308 994 400 1022 metit?
414 991 552 1026 Prophetw
561 996 652 1016 semen
661 988 760 1022 jecere,
772 992 820 1012 nec
829 984 877 1018 ipsi
889 989 1034 1014 messuere,

252 1028 299 1067 sed
313 1038 438 1073 apostoli.
465 1035 555 1069 Neque
579 1038 666 1060 tamen
686 1031 746 1059 ideo
767 1030 804 1057 illi
826 1037 841 1056 a
859 1028 995 1062 voluptate
1011 1030 1038 1053 et

252 1083 375 1112 mercede
387 1082 508 1109 laborum
524 1079 617 1113 privati
633 1081 714 1109 sunt;
729 1075 775 1103 sed
789 1074 927 1101 nobiscum
942 1073 1036 1099 laetan-

253 1136 295 1157 tur
308 1133 335 1157 et
346 1128 471 1163 gaudent,
486 1125 590 1153 etiamsi
604 1131 656 1151 non
671 1122 806 1150 nobiscum
820 1124 920 1147 metant
933 1128 940 1145 :
952 1125 1038 1152 neque

253 1176 325 1203 enim
348 1173 443 1201 messis
460 1179 527 1207 opus
540 1170 610 1198 idem
627 1173 669 1196 est
682 1175 713 1195 ac
731 1166 867 1194 sementis.
887 1164 936 1192 Ubi
961 1164 1039 1199 igitur

255 1222 341 1248 minor
354 1224 395 1247 est
406 1219 491 1250 labor,
507 1221 535 1245 et
555 1215 640 1250 major
659 1214 788 1248 voluptas,
805 1212 838 1239 ad
855 1211 905 1238 hoc
918 1217 966 1238 vos
980 1218 1039 1237 ser-

256 1266 392 1297 vavi,non
412 1263 444 1289 ad
467 1265 623 1292 sementem.
647 1259 692 1286 ubi
711 1257 822 1284 multum
845 1256 988 1283 laboratur.
1011 1253 1039 1280 In

257 1317 344 1338 messe
358 1314 470 1342 namque
481 1306 584 1340 amplus
598 1308 639 1331 est
658 1306 812 1337 proventus,
826 1299 901 1327 labor
913 1306 976 1326 vero
988 1305 1039 1325 nou

258 1360 357 1386 tantus,
371 1353 417 1381 sed
433 1351 512 1379 multa
525 1349 646 1377 facilitas.
659 1347 707 1375 Hic
717 1351 805 1374 autem
818 1343 1039 1379 vultsignilicare,

260 1400 448 1436 prophetarum
472 1396 634 1424 voluntatem
650 1400 707 1420 eam
727 1398 797 1422 esse,
819 1394 850 1417 ut
869 1389 990 1417 homines
1008 1387 1041 1415 ad

260 1433 302 1473 ine
310 1433 457 1474 accedant;
473 1441 523 1468 hoc
538 1439 616 1466 etlex
630 1436 776 1473 apparavit.
792 1434 855 1462 Ideo
867 1433 1041 1464 seminarunt,

260 1494 290 1517 ut
303 1490 373 1516 hanc
392 1488 505 1514 fructum
526 1486 659 1518 parerent.
683 1479 805 1508 Ostendit
824 1485 929 1513 quoque
950 1483 980 1504 se
994 1475 1044 1503 mi-

260 1536 325 1563 sisse
341 1534 409 1565 illos,
425 1539 456 1558 ac
469 1530 577 1557 multam
594 1529 662 1555 inter
675 1531 791 1553 veterem
807 1529 833 1552 et
848 1530 942 1551 novam
957 1522 1042 1557 legem
1075 1549 1078 1553 _

260 1587 321 1608 esse
329 1578 492 1608 affinitatem,
507 1573 638 1608 simulque
651 1571 738 1598 omnia
754 1577 802 1604 per
812 1569 879 1596 hanc
891 1567 1044 1603 parabolam

261 1625 353 1654 efficit.
372 1622 488 1651 Meminit
508 1624 595 1647 autem
621 1616 751 1652 proverbii
767 1614 916 1649 cujusdam,
932 1612 1003 1647 quod
1018 1612 1044 1639 in

262 1673 404 1699 multorum
434 1675 482 1695 ore
503 1665 646 1694 ferebatur.
666 1663 709 1690 57.
728 1661 760 1688 In
779 1661 826 1687 hoc
850 1659 926 1691 enim,
950 1658 1042 1692 inquit,

263 1723 300 1746 est
314 1716 412 1744 verbum
427 1721 512 1741 verum
527 1719 536 1738 :
550 1711 608 1746 quia
625 1709 690 1735 alius
704 1712 739 1734 est
751 1707 792 1741 qui
804 1705 920 1736 seminat,
932 1704 998 1730 alius
1011 1707 1045 1729 est

261 1763 308 1798 qui
319 1761 396 1788 metit.
412 1759 474 1786 llaec
488 1761 577 1784 autent
591 1754 714 1782 dicebant
727 1751 813 1783 multi,
828 1749 896 1777 Num
915 1748 959 1776 alii
975 1747 1047 1774 Iahn.

265 1792 308 1836 res
319 1807 427 1838 ferrent,
443 1803 487 1831 alii
510 1802 611 1829 fructus
631 1797 826 1832 decerperent?
847 1795 962 1829 dicitque
977 1803 984 1820 :
999 1792 1047 1820 Hic

263 1858 352 1881 sermo
360 1852 415 1886 jam
430 1855 508 1876 verus
520 1851 561 1875 est
576 1855 582 1872 :
606 1844 742 1879 prophetae
756 1841 862 1876 quidem
879 1839 1043 1870 laborarunt,

264 1905 312 1924 vos
322 1882 409 1923 autem
425 1894 543 1920 laborum
563 1891 680 1924 ipsorum
696 1888 808 1914 fructum
821 1884 974 1918 decerpitis.
989 1882 1046 1910 Non

264 1943 341 1974 dixit,
355 1939 505 1968 mercedem
522 1946 529 1963 :
547 1942 631 1970 neque
643 1934 713 1961 enim
734 1933 768 1959 illi
781 1932 840 1959 sine
854 1929 976 1958 mercede
989 1934 1047 1955 tan-

268 1993 323 2014 tum
335 1973 476 2019 suscepere
492 1973 609 2009 laborem
623 1987 630 2011 ;
642 1978 698 2009 sed,
715 1976 837 2004 fructum.
852 1975 907 2002 Hoc
920 1979 946 2001 et
958 1973 1048 2000 Daniel

266 2033 327 2059 fecit
341 2030 392 2067 (a);
407 2029 463 2063 ipse
477 2033 589 2060 namque
601 2022 766 2058 proverbium
779 2021 828 2047 hoc
837 2021 1028 2046 commemorat
1040 2026 1046 2043 :

268 2078 335 2104 Exiit
346 2063 379 2103 ab
392 2074 482 2108 iniquis
494 2072 573 2099 scelus
587 2070 623 2105 (l.
641 2069 703 2103 Reg.
716 2067 760 2094 24.
783 2064 836 2101 ll).
851 2063 931 2092 David
945 2069 1049 2098 quoque

297 2164 334 2194 (a)
352 2162 379 2187 ln
398 2159 526 2194 sequentia
546 2162 626 2194 usque
636 2155 667 2194 ad
676 2154 731 2194 it'leo
738 2153 793 2183 jam
808 2151 880 2194 prius.
886 2149 986 2194 Savililus
997 2148 1050 2194 hac

267 2178 788 2222 no‘tai:3&1:in:hiqnitiﬂcntglossema
797 2178 882 2222 Equod'
891 2180 913 2205 si
925 2178 1051 2222 relliqenda

340 2208 702 2252 §,;"e7:r‘eii£&'iﬁlﬁik'éngb
715 2217 800 2252 noster,
808 2208 857 2252 .pro
876 2209 958 2252 Dqtt‘iel
971 2208 1052 2252 lege";

268 2235 330 2252 Wm,
341 2235 365 2248 tu
376 2235 405 2246 cu
414 2235 495 2245 ιιι-μη
507 2235 550 2243 μου.
559 2235 603 2247 mw
616 2235 624 2240 ι
634 2235 695 2239 wn.—
715 2235 783 2237 ..νην
795 2235 800 2242 ,
816 2235 821 2242 ι
1003 2235 1007 2238 ,

268 2256 327 2279 dum
340 2256 378 2278 est
389 2251 470 2283 ιδενίςιν
482 2253 503 2273 ει
519 2246 645 2283 prope-id
657 2243 858 2283 t9"£€,,‘£€l€’_"‘l‘."3
869 2235 1051 2283 simulae

269 2271 551 2311 S‘JFZttTEt'sE'séii'itéicio.
563 2271 683 2311 Hactenus
693 2271 801 2311 Savil'ius.
814 2271 930 2311 Sed-haee.
935 2276 987 2311 11ορ¹
995 2275 1052 2304 esse

607 2299 658 2330 tiles.
673 2308 758 2331 nostri,
771 2308 822 2327 tum
835 2303 908 2326 etiam
919 2299 1030 2324 Saviliani
1043 2315 1051 2327 ,

333 2343 338 2346 ⁵
410 2343 414 2346 ·
442 2340 473 2346 "'-
518 2339 523 2346 ¹
538 2338 604 2346 νι-η-
638 2339 658 2346 -ι
679 2335 771 2346 “mnu...
783 2332 897 2346 "noui-mni
912 2330 939 2346 σπι
952 2331 1041 2346 uni-inn)

396 2330 620 2375 siinili’ter‘liabeut,
636 2339 661 2360 et
672 2332 900 2376 ιριῐιιιὶιιο,ίιιιειιιι-ίιῐιι
912 2330 1051 2376 adlse’riemi

513 2369 528 2376 "
554 2374 582 2376 ηλ-
592 2371 597 2376 -
641 2370 648 2376 -
657 2373 663 2376 ι
686 2371 772 2376 ,ηιμ-...-
807 2369 867 2376 nnc.“
880 2367 939 2376 uvm
949 2366 968 2376 »ιι
980 2365 1001 2376 π)
1024 2366 1041 2376 ιι,

270 2359 621 2404 iiiiéuiiiiinmiiriiiii‘tiiiElii}:
639 2359 783 2404 laborarth
793 2359 868 2388 'em'm
880 2359 1010 2404 prop/tritta,
1023 2359 1052 2383 ad

271 2391 575 2434 L§3;,-.Ei;'m&;‘ieniigét
586 2391 662 2434 primo
673 2394 798 2434 ttqnieletn
808 2394 993 2434 commemorat;
1005 2391 1052 2434 i't‘no

269 2422 609 2467 ﬁSﬁiii'Bgii-id’ém‘glnainuhic
621 2425 746 2467 'Datiilelem
757 2428 815 2455 puto
827 2422 942 2467 mendose
953 2427 997 2467 pro
1008 2423 1052 2467 Da;

399 2466 402 2467 ν
687 2462 723 2467 ην.
740 2461 826 2467 κων...
911 2459 915 2467 .
937 2458 957 2467 ,η
994 2456 1043 2467 νη,

271 2450 724 2494 :ideu‘jto-sit'dmtalibrariisisiquidem
740 2450 893 2494 pi'overbium
910 2450 976 2494 illud:
994 2450 1053 2475 exiit

517 2491 522 2494 '
611 2491 625 2494 ->
661 2487 665 2492 ⁵
677 2487 681 2494 ι
691 2493 695 2494 ν
716 2492 754 2494 μμμ
768 2489 829 2494 λιι»...
849 2488 944 2494 “tam”...
995 2485 1043 2494 nm.

271 2482 533 2524 Eiiuiiiilé'iéiitzis,"_ab
549 2495 596 2524 uno
611 2482 700 2511 ttavide
715 2482 831 2524 prima}qu
848 2482 978 2524 reperioJ'
995 2485 1051 2511 Reg.

271 2513 549 2554 tihirsa'ulem
566 2513 748 2554 alloquens_,__:et
769 2516 801 2539 de
817 2513 1053 2554 in's'idiislcontra'so

272 2541 642 2583 Eruc'ti’s‘cdn-querens,:neitttie
650 2541 764 2582 justitiam
776 2543 899 2583 appellans
908 2543 1019 2583 illicithu
1030 2541 1054 2565 in

273 2572 712 2614 ἶὲἄῖἶῖετνῆιῗῇίὸῦἇῗιίῷίεάξ,ἱῃῖᾳκξε
723 2572 858 2614 egredietur
870 2572 955 2614 scelus.
968 2572 1055 2614 Itaque

274 2601 748 2640 “Dav-ide—Vdiripotuit:
763 2606 934 2640 sergitatttem
950 2609 958 2640 ξ
976 2601 1053 2626 Dat-id

273 2632 683 2676 simqiiehllr'nildlimus-prouerbii
701 2632 823 2676 mention:
833 2638 860 2659 Lit
876 2632 999 2676 Du'niele‘m
1011 2637 1055 2662 pro

461 2661 562 2702 positiun
568 2661 642 2701 'ptiio';
654 2661 689 2693 ita
701 2668 738 2691 ltic
754 2666 884 2704 Davidlpro
901 2661 1000 2704 inutile
1013 2661 1054 2704 po:

658 2705 702 2729 per
713 2702 764 2722 tres
776 2693 937 2720 hebdomadas
953 2693 1057 2725 fleverat

275 2741 297 2754 at
319 2736 468 2754 ininnaveral.
479 2731 569 2754 Daniel.
591 2736 635 2754 nec
651 2733 704 2754 post
720 2727 765 2752 alia
782 2725 857 2750 multa
868 2724 966 2750 audivit.
977 2725 999 2746 et
1012 2721 1057 2754 trti-

275 2721 704 2767 iiaéé'lioisi
716 2721 765 2752 alia
782 2725 860 2767 inulta‘
868 2724 966 2767 aqdivit.
977 2725 999 2746 et
1012 2721 1057 2767 lipi-

579 2761 606 2767 ...
674 2766 677 2767 ,
729 2764 780 2767 _,__.
912 2759 984 2767 πη...
998 2759 1008 2767 ..
1031 2758 1056 2767 .._

725 2755 899 2797 quod
997 2751 1056 2797 alia;

507 2781 658 2827 Fé'c'iqitj'ali
666 2781 752 2823 iniquis
763 2781 998 2827 egredietur_.sﬁél'tt‘s.
1009 2781 1057 2827 Y‘e-l

346 2811 792 2859 νὲιῖιῖὖῖΗέἱιῖιέὲῖέξίοῆἱῐῶ’ὸῖιιιιίιιιῆ
815 2816 981 2841 auctoritatem
998 2811 1057 2837 nihil

276 2863 369 2882 mutato
380 2862 430 2880 M15!
446 2860 534 2880 sumus.

599 159 628 187 S.
645 153 781 185 JOANNIS
798 150 1033 182 CHRYSOSTOMI
1052 149 1207 178 ARCHIEP.
1228 144 1488 178 (ZONSTANTINOI‘.

1805 147 1854 174 ιθ(

1079 207 1166 236 flendo
1182 207 1258 242 hujus
1279 207 1408 241 proverbii
1432 204 1560 232 meminit.
1586 203 1646 230 Ideo
1664 202 1716 237 jant
1738 203 1810 237 prius
1822 202 1857 229 di-

1077 257 1151 280 xerat
1167 262 1174 280 ι
1187 252 1220 280 Ut
1235 257 1257 279 et
1268 252 1310 286 qui
1322 252 1426 278 seminat
1439 250 1514 277 simul
1535 249 1654 284 gaudeat,
1677 252 1700 273 et
1723 247 1765 281 qui
1779 247 1857 274 metit.

1077 298 1144 330 Quia
1157 298 1226 324 enim
1246 297 1364 324 dicturus
1385 299 1442 322 erat
1463 295 1542 321 alium
1561 293 1764 323 seminaturum,
1779 291 1859 318 alium

1082 349 1230 370 messorum
1246 349 1315 373 esse,
1338 348 1372 368 ne
1389 340 1459 375 quis,
1479 344 1508 366 ut
1522 338 1586 370 dixi,
1602 342 1704 372 putaret
1719 335 1861 372 prophetas

1080 387 1202 414 mercede
1217 387 1312 421 privari
1328 393 1385 419 sua,
1400 393 1495 412 novum
1507 385 1640 419 quidpiam
1655 387 1682 410 et
1698 383 1862 416 inexspecta-

1081 437 1135 459 tum
1148 432 1228 464 dicit;
1253 431 1323 466 quod
1347 432 1373 458 in
1401 431 1480 458 rebus
1506 429 1648 457 sensilibus
1673 436 1724 455 non
1750 427 1862 459 accidat,

1081 476 1129 503 sed
1156 477 1182 504 in
1215 475 1395 511 spiritualibus
1431 475 1556 502 eximium
1588 473 1631 500 sit.
1665 473 1692 500 In
1725 471 1865 498 settsilibus

1082 522 1152 549 enim
1183 523 1204 549 si
1242 522 1376 555 contingat
1410 521 1490 547 alium
1524 526 1637 551 serere,
1670 517 1749 544 alium
1782 520 1865 543 mete-

1082 574 1134 598 re,
1160 574 1213 593 non
1240 573 1291 592 una
1320 565 1445 601 gaudent,
1466 563 1512 590 sed
1534 563 1606 590 dolet
1631 563 1654 589 is
1677 562 1722 595 qui
1748 560 1866 588 semina-

1082 613 1139 646 vit,
1162 617 1252 646 utpote
1273 611 1316 646 qui
1339 610 1415 638 alteri
1439 609 1616 639 laboraverit;
1643 606 1758 642 gaudent
1770 612 1833 632 vero
1848 605 1865 631 ii

1084 661 1184 684 tantum
1211 657 1256 691 qui
1278 660 1389 684 metunt.
1414 655 1461 682 Hie
1490 659 1578 681 autern
1602 659 1653 679 non
1679 652 1729 683 ita;
1754 650 1800 677 sed
1822 650 1865 683 qui

1085 710 1138 730 non
1153 707 1254 730 metunt
1268 710 1298 729 ea
1312 710 1370 736 quae
1383 700 1556 730 seminarunt,
1572 706 1623 725 una
1635 705 1693 725 cttm
1707 695 1866 724 metentibus

1085 747 1199 783 gaudent
1211 755 1218 779 ;
1233 747 1302 774 unde
1316 747 1401 781 palam
1420 749 1461 772 est
1472 752 1519 771 eos
1540 743 1669 770 mercedis
1681 749 1740 769 esse
1753 748 1865 768 consor-

1086 798 1136 821 tes.
1153 793 1197 820 58.
1216 793 1268 828 Ego
1281 793 1337 819 misi
1353 800 1395 818 vos
1408 796 1498 818 metere
1511 790 1578 825 quod
1590 797 1633 816 vos
1650 796 1700 815 non
1712 786 1843 814 laborastis
1858 794 1866 812 :

1085 839 1131 865 alii
1145 839 1300 870 laborarunt,
1312 842 1334 864 et
1348 845 1390 864 vos
1407 837 1434 863 in
1455 837 1564 863 laborem
1577 842 1662 862 eorum
1675 833 1796 860 intrastis.
1813 832 1867 859 lloc

1088 889 1164 919 pacto
1186 883 1245 910 illos
1264 883 1359 910 melius
1381 882 1510 908 hortatur.
1528 880 1594 914 Quia
1618 879 1688 906 enim
1707 877 1866 905 laboriosum

1088 930 1224 957 videbatur
1238 936 1297 956 esse
1312 933 1396 956 totum
1415 928 1506 954 orbem
1522 933 1660 960 peragrare
1674 928 1701 951 ct
1715 923 1866 958 praedicare,

1089 982 1145 1002 rem
1157 981 1216 1001 esse
1229 973 1333 1000 facilem
1347 972 1471 999 ostendit.
1492 971 1557 998 Nam
1572 971 1621 997 hoc
1636 968 1806 997 laboriosum.
1820 966 1869 994 hoc

1089 1019 1165 1046 multi
1189 1018 1294 1046 sudoris
1314 1022 1381 1048 erat,
1399 1016 1499 1043 sentina
1519 1015 1618 1049 jacere,
1643 1018 1670 1040 et
1688 1012 1802 1039 animant
1817 1018 1868 1037 non

1090 1064 1219 1091 initiatam
1232 1063 1264 1089 ad
1286 1062 1332 1089 Dei
1352 1061 1526 1096 cognitionem
1547 1059 1687 1086 deducere.
1711 1057 1764 1084 Cur
1782 1061 1869 1083 autem

1090 1110 1147 1137 hzec
1160 1109 1290 1144 loquitur?
1302 1108 1336 1136 Ut
1349 1116 1409 1135 cum
1430 1107 1543 1133 mitteret
1556 1113 1602 1132 eos
1615 1104 1648 1132 ad
1663 1102 1869 1138 praedicandum,

1091 1163 1143 1183 non
1166 1155 1354 1186 turbarentur,
1378 1153 1453 1188 qttasi
1476 1152 1507 1178 ad
1531 1159 1586 1178 rem
1612 1150 1768 1177 laboriosam
1787 1148 1870 1175 missi.

1091 1200 1283 1234 Prophetarum
1296 1199 1393 1234 quippe
1407 1204 1503 1224 munus
1522 1196 1599 1230 longe
1613 1194 1695 1229 magis
1709 1193 1871 1220 laboriosum

1097 1250 1164 1277 erat,
1181 1250 1208 1271 ut
1221 1252 1263 1272 res
1277 1244 1333 1278 ipsa
1346 1243 1518 1272 testificatur;
1533 1248 1579 1267 vos
1599 1239 1631 1266 ad
1653 1239 1737 1266 facilia
1751 1238 1872 1264 venistis.

1092 1290 1166 1318 Sicut
1177 1289 1247 1316 enim
1261 1289 1288 1316 in
1303 1295 1388 1315 messe
1404 1286 1477 1314 facile
1493 1285 1592 1312 fructus
1606 1284 1748 1319 colligitur,
1761 1288 1788 1310 et
1803 1281 1874 1310 brevi

1094 1339 1213 1369 tempore
1227 1341 1289 1361 area
1303 1333 1445 1366 manipulis
1465 1331 1600 1366 implctttr,
1626 1337 1675 1357 nec
1694 1333 1813 1363 tempora
1826 1335 1874 1354 ex-

1093 1383 1254 1415 spectantur,
1272 1386 1323 1406 non
1345 1378 1438 1408 hiems,
1455 1384 1506 1403 non
1529 1382 1585 1408 ver,
1603 1382 1654 1401 non
1671 1373 1773 1400 imber:
1796 1373 1830 1399 ita
1849 1376 1875 1399 ct

1094 1433 1165 1453 nunc
1179 1425 1225 1456 fit;
1241 1429 1270 1451 ut
1284 1425 1338 1458 ipsa
1351 1430 1430 1458 opera
1442 1422 1567 1449 clamant.
1584 1420 1648 1446 Dum
1671 1419 1727 1445 han:
1742 1417 1784 1445 ille
1802 1417 1875 1444 dice-

1095 1475 1145 1503 ret,
1157 1471 1277 1498 exierunt
1299 1469 1466 1500 Samaritani,
1484 1471 1511 1494 et
1526 1465 1670 1493 confertim
1690 1464 1816 1491 collectus
1837 1467 1876 1490 est

1097 1515 1213 1547 fructus;
1228 1515 1286 1542 ideo
1300 1513 1402 1541 dicebat
1417 1521 1422 1539 :
1442 1511 1533 1539 chate
1547 1510 1632 1537 oculos
1645 1514 1749 1542 uestros,
1767 1513 1788 1534 et
1798 1508 1877 1535 uidete

1096 1561 1217 1596 regiones,
1234 1560 1291 1594 quia
1313 1559 1376 1586 alba:
1389 1562 1454 1585 runt.
1471 1557 1533 1584 lizcc
1547 1556 1622 1587 dixit,
1638 1560 1664 1582 et
1685 1561 1727 1580 res
1746 1554 1801 1587 ipsa
1822 1553 1876 1579 vict

1097 1611 1147 1638 est,
1158 1613 1308 1633 sermonem
1320 1611 1401 1638 opera
1415 1606 1524 1636 sequuta
1540 1606 1613 1627 sunt.
1626 1599 1690 1627 Nam
1704 1599 1746 1626 39.
1762 1597 1803 1624 Ea:
1815 1598 1876 1624 civi-

1098 1656 1147 1679 tate
1158 1652 1204 1678 illa
1220 1651 1293 1677 multi
1305 1649 1462 1677 crediderunt
1480 1648 1505 1674 in
1520 1655 1576 1674 eum
1592 1646 1807 1673 Samaritanorum
1819 1652 1877 1678 pra-

1099 1704 1153 1733 pter
1163 1697 1261 1725 verbum
1278 1696 1387 1723 mulieris
1400 1694 1566 1722 testimonium
1583 1692 1741 1726 per/libentia,
1759 1690 1825 1723 Quia
1839 1689 1876 1715 di-

1097 1744 1135 1772 xit
1146 1743 1206 1770 milii
1221 1742 1304 1769 οηιηία
1321 1747 1481 1776 qutecnmque
1499 1738 1557 1772 feci.
1582 1736 1711 1764 Vitlebaut
1728 1736 1798 1762 enim
1819 1742 1878 1761 eam

1098 1797 1151 1817 non
1165 1788 1198 1815 ad
1209 1787 1317 1822 gratiam
1333 1785 1452 1813 laudasse
1464 1784 1547 1815 ilhtm,
1563 1782 1606 1817 qui
1626 1785 1731 1816 peccata
1744 1787 1791 1808 sua
1804 1786 1879 1806 coar-

1099 1835 1198 1870 guisset
1213 1842 1220 1866 ;
1235 1840 1320 1867 neque
1331 1836 1359 1859 ut
1372 1831 1481 1867 gratiam
1493 1829 1638 1864 eujuspiam
1653 1828 1702 1855 sibi
1714 1826 1876 1858 conciliaret,

1100 1882 1162 1909 vitia
1176 1888 1221 1907 sua
1235 1880 1359 1906 oumibus
1373 1876 1532 1912 patefacere.

1135 1928 1161 1954 5.
1177 1926 1249 1953 lianc
1263 1932 1326 1960 ergo
1340 1923 1476 1950 mulierem
1489 1926 1515 1948 et
1529 1928 1575 1947 nos
1588 1919 1731 1957 imitemur,
1742 1922 1769 1945 et
1782 1917 1807 1944 iit
1819 1924 1880 1952 pec-

1101 1972 1167 2000 catis
1190 1971 1287 1998 nostris
1306 1967 1442 2002 vulgaudis
1465 1973 1498 1993 ne
1519 1972 1658 1992 vereamur
1678 1962 1818 1994 homines;
1834 1960 1880 1988 sed

1102 2019 1183 2046 Deum
1198 2021 1226 2044 ut
1241 2023 1288 2050 par
1301 2018 1342 2042 est
1355 2014 1502 2044 timeamus,
1518 2011 1563 2046 qui
1576 2016 1600 2038 et
1619 2016 1689 2036 nunc
1702 2009 1816 2035 facinora
1833 2014 1879 2032 uo-

1101 2068 1155 2091 stra
1168 2062 1248 2093 videt,
1264 2064 1292 2088 et
1303 2064 1364 2087 tunc
1376 2058 1515 2093 puniturus
1534 2060 1575 2083 est
1590 2063 1637 2083 eos
1648 2055 1691 2090 qui
1712 2061 1782 2080 nunc
1798 2052 1881 2087 pinni-

1103 2108 1210 2136 tentiatn
1225 2113 1277 2133 non
1298 2109 1388 2140 agunt.
1404 2104 1438 2130 At
1458 2108 1506 2129 nos
1522 2105 1612 2128 contra
1627 2107 1698 2130 eum,
1713 2097 1757 2133 qui
1776 2105 1824 2124 nos
1839 2097 1881 2131 ju-

1102 2155 1236 2182 dicaturus
1256 2156 1307 2184 est,
1331 2158 1382 2178 non
1410 2149 1545 2178 timemus;
1570 2153 1617 2174 eos
1635 2149 1733 2176 autem,
1749 2143 1793 2178 qui
1807 2143 1882 2169 nobis

1103 2206 1200 2227 nocere
1213 2200 1356 2232 nequeunt,
1373 2194 1552 2223 formidamus,
1568 2190 1758 2222 tremimusque
1771 2195 1803 2215 ne
1814 2187 1883 2221 apud

1105 2245 1165 2272 illos
1180 2243 1284 2270 infamia
1300 2241 1458 2268 laboremus.
1475 2238 1576 2265 Idcirco
1590 2237 1616 2263 in
1631 2243 1684 2270 quo
1706 2234 1838 2264 timemus,
1859 2232 1883 2258 in

1105 2298 1137 2317 eo
1159 2296 1251 2324 pinnas
1271 2287 1401 2314 dabimus.
1425 2285 1490 2312 Nam
1510 2284 1553 2317 qui
1578 2282 1663 2309 solum
1679 2287 1712 2307 ne
1734 2278 1886 2306 hominibus

1106 2323 1188 2368 turpis
1203 2333 1320 2360 videatur
1339 2335 1424 2361 cavet,
1448 2336 1532 2363 neque
1551 2326 1684 2354 erubescit
1709 2325 1762 2351 Deo
1781 2323 1889 2350 vidente

1106 2379 1234 2407 nefarium
1247 2377 1379 2412 quidpiam
1393 2379 1507 2410 patrare,
1520 2373 1541 2399 si
1555 2379 1607 2398 non
1621 2368 1803 2405 paenitentiam
1816 2371 1885 2401 agat.

1107 2426 1132 2453 in
1154 2425 1196 2452 illa
1211 2425 1254 2452 die
1276 2431 1328 2450 tton
1351 2427 1412 2449 ante
1431 2428 1510 2447 unum
1532 2423 1578 2445 aut
1597 2418 1674 2450 duos,
1694 2415 1740 2443 sed
1753 2414 1818 2442 orbe
1833 2418 1889 2440 tuto

1106 2471 1211 2499 vidente
1222 2469 1381 2497 traducelur.
1396 2466 1460 2493 Nam
1473 2464 1542 2500 quod
1556 2463 1588 2490 ad
1603 2463 1669 2489 bona
1683 2466 1709 2488 et
1722 2460 1790 2486 mala
1805 2465 1887 2491 opera

1107 2515 1249 2551 spectanda
1269 2519 1378 2548 magnus
1393 2511 1428 2538 ibi
1447 2515 1589 2538 consessus
1601 2508 1644 2540 sit,
1663 2505 1787 2540 parabola
1800 2503 1888 2530 ovium

1107 2546 1134 2590 et
1148 2560 1284 2588 hmdorum
1299 2546 1325 2585 te
1335 2557 1438 2588 doceat,
1451 2561 1553 2582 necnon
1566 2552 1658 2580 beatus
1673 2549 1780 2580 Paulus,
1792 2548 1836 2582 qui
1851 2546 1890 2573 di-

1108 2610 1144 2637 cit
1157 2618 1163 2635 :
1179 2606 1271 2634 Omnes
1283 2606 1348 2632 enim
1360 2611 1404 2630 nos
1424 2600 1579 2636 manifestari
1598 2601 1693 2633 oportet
1707 2599 1765 2622 ante
1779 2593 1888 2620 tribunal

1109 2652 1211 2682 Clu-isti.
1225 2655 1251 2677 ut
1266 2652 1357 2684 referat
1379 2646 1547 2681 mmsqnisque
1563 2643 1663 2678 propria
1684 2639 1796 2674 corporis
1819 2640 1891 2671 prout

1109 2697 1220 2734 gesserit,
1244 2682 1299 2721 sive
1312 2694 1414 2724 bonum,
1432 2691 1482 2717 sive
1500 2690 1592 2716 malum
1614 2688 1650 2721 (l.
1672 2685 1731 2713 Cor.
1747 2684 1773 2710 5.
1791 2682 1850 2715 l0);
1865 2685 1891 2708 et

1111 2725 1211 2772 iursus,
1228 2739 1275 2772 Qui
1290 2737 1455 2772 manifestubit
1468 2734 1614 2762 abscondita
1632 2729 1788 2758 tenebrarum
1802 2728 1810 2761 (
1823 2725 1892 2752 lbul.

1110 2788 1136 2815 4.
1152 2787 1190 2820 5).
1205 2771 1367 2812 commisisti
1383 2780 1487 2816 aliquod
1504 2783 1651 2815 peccatum.
1666 2779 1712 2801 aut.
1724 2772 1846 2808 cogitasti
1861 2771 1892 2797 il-

1111 2815 1207 2864 lud,'et
1223 2828 1372 2856 hominibus
1385 2815 1518 2854 occultas?
1541 2825 1574 2851 At
1588 2823 1641 2850 Deo
1657 2827 1709 2848 non
1722 2817 1851 2846 occultas.
1866 2815 1894 2842 Et
