2041 3113
140 148 191 176 197

137 209 224 232 tamen
239 203 306 231 nihil
325 209 418 234 curas:
433 201 524 230 oculos
539 205 627 228 autem
642 199 780 227 hominum
794 197 930 226 formidas.

137 249 227 284 Cogita
252 255 316 282 ergo
341 252 368 275 te
384 255 437 274 non
454 246 575 273 homines
593 246 675 273 latere
688 252 766 279 posse
779 244 806 272 in
818 243 861 271 die
873 243 930 270 illo.

137 294 232 322 Omnia
244 294 316 321 enim
331 293 407 328 quasi
421 293 447 319 in
470 292 583 326 imagine
600 297 661 318 tunc
675 290 782 318 stabunt
794 295 856 316 ante
869 296 932 316 ocu-

139 341 177 368 los
193 346 310 373 nostros,
333 345 364 366 ut
381 339 561 373 unusquisque
579 343 672 365 contra
694 344 724 364 se
738 335 807 363 ferat
824 339 932 362 senten-

139 386 200 413 tiam
213 394 221 418 ς
236 385 307 420 quod
325 393 358 412 ex
372 385 454 412 divite
475 384 562 419 palam
585 388 636 411 est.
659 382 762 410 Etenim
786 387 930 416 pauperem

139 432 212 458 illum
238 439 317 466 quem
343 431 513 465 despexerat,
539 430 668 457 Lazarum
690 429 760 460 dico,
782 427 818 454 ob
841 427 932 454 oculos

137 481 252 504 stantem
266 476 341 504 dives
354 476 429 508 vidit,
445 481 472 503 et
495 483 573 508 quem
589 483 648 502 cum
664 474 775 502 horrore
793 472 930 505 depulerat

139 523 250 557 digitum
262 522 317 557 jam
333 528 408 557 rogat
421 521 471 548 sibi
489 521 585 548 solatio
603 527 673 548 esse.
688 519 762 553 Rogo
778 518 867 552 igitur,
881 516 930 543 etsi

140 576 218 596 nemo
240 574 332 596 nosua
358 567 455 599 videat,
477 567 573 601 singuli
599 566 625 593 in
645 573 720 592 suam
740 563 930 591 conscientiam

139 613 332 649 ingrediantur,
354 617 382 640 et
400 612 518 647 judieem
537 611 587 638 sibi
607 610 736 637 rationem
756 609 930 638 constituant,

139 664 246 695 peccata
262 658 417 686 inmedium
431 662 519 692 agant.
536 657 567 684 Et
582 656 631 684 nisi
650 656 732 682 velint
748 662 778 682 ea
795 655 820 681 in
831 654 874 681 die
887 653 930 680 illa

137 704 249 731 terribili
273 703 444 738 promulgari,
468 702 631 737 paenitentiae
653 700 770 728 remedia
785 703 929 734 apponant,

137 758 168 777 ac
183 751 296 778 vulnera
319 755 423 777 sanent.
438 749 530 777 Potest
545 749 628 781 enim,
644 752 732 783 potest
745 747 866 781 quisque,
880 745 930 772 etsi

136 795 212 823 mille
232 796 314 830 plagis
324 799 448 827 onustus,
460 802 540 822 sanus
556 795 639 821 abire.
651 793 716 821 Nam
731 793 760 820 Si
774 792 929 824 dimissi-itis,

137 841 233 876 inquit,
245 846 347 876 peccata
358 841 515 867 dimittantur
524 839 607 872 vobis;
620 839 641 866 si
653 847 703 866 non
713 837 868 869 ditniseritis,
881 844 931 863 non

137 887 295 912 dimittantur
308 885 414 921 (Matth.
428 886 454 912 6.
469 885 513 912 Η.
526 884 584 920 15).

175 931 328 958 Ptenitcntia
341 940 400 958 vera
413 939 478 966 quia.
493 929 722 964 Quemadmodum
735 929 760 956 in
773 929 931 963 baptismate

136 977 225 1004 abluta
239 981 346 1012 peccata
358 984 411 1004 non
424 976 538 1010 amplius
552 979 681 1010 apparent
695 984 702 1002 :
722 975 757 1002 ita
771 980 796 1001 et
811 973 867 1000 haec
881 973 929 1000 de-

137 1023 272 1055 lebuntur.
287 1024 309 1050 si
323 1023 505 1058 paenitentiam
524 1029 644 1056 agamus.
666 1021 694 1048 ln
710 1020 760 1047 hoc
777 1024 863 1046 autem
875 1025 931 1053 pte-

138 1069 250 1097 niteutia
270 1069 319 1096 sita
333 1074 384 1101 est,
401 1076 434 1096 ne
447 1069 542 1096 eadem
562 1068 617 1103 ipsa
633 1071 789 1102 patrentur:
805 1065 873 1092 Nam
888 1065 930 1100 qui

137 1115 173 1141 ad
183 1119 285 1149 peccata
298 1114 439 1145 reuertitur,
452 1114 543 1141 similis
556 1118 591 1140 est
604 1113 661 1140 cani
676 1113 709 1139 ad
727 1112 845 1138 vomitum
859 1119 931 1137 suum

137 1160 254 1186 redeunti
267 1159 305 1194 (2.
317 1159 374 1188 Pet.
385 1160 412 1186 2.
421 1159 452 1186 Ἡ
461 1179 468 1185 .
478 1158 524 1194 22)
536 1168 542 1192 ;
557 1159 596 1195 (α)
610 1158 725 1195 [necnon
738 1158 763 1185 ei
776 1157 821 1192 qui
833 1165 931 1184 secun-

137 1206 201 1232 dmn
218 1205 387 1240 proverbium
402 1206 488 1239 ignem
506 1205 639 1238 verberat,
656 1208 682 1232 et
696 1204 724 1231 in
738 1208 847 1238 pertuso
859 1203 931 1231 dolio

140 1250 252 1287 haurit.]
266 1250 376 1286 Oportet
391 1258 454 1285 ergo
467 1255 494 1278 et
507 1258 536 1277 re
550 1258 577 1277 et
589 1250 701 1277 animoa
713 1248 858 1277 sceleribus
868 1249 932 1276 abs<

139 1297 236 1330 linere,
253 1302 333 1332 atque
347 1297 479 1324 contraria
495 1297 611 1331 peccatis
628 1296 739 1331 singulis
753 1295 869 1322 remedia
883 1302 932 1329 ap-

139 1350 251 1377 ponere.
269 1342 388 1377 Exempli
411 1349 501 1375 causa,
518 1341 639 1376 rapuisti,
654 1346 680 1368 et
696 1348 792 1368 avarus
804 1340 895 1368 fuisti?
911 1341 932 1368 Λ

140 1387 233 1422 rapina
247 1387 360 1419 abstine,
375 1392 401 1414 et
414 1387 592 1423 eleemosyna:
607 1386 753 1414 remedium
768 1386 873 1413 vulneri
884 1385 933 1412 ad.

141 1440 231 1459 move.
246 1432 403 1473 Fornicatus
419 1433 465 1459 es?
480 1433 500 1459 Α
517 1432 694 1459 fornicatione
708 1432 816 1463 absiste,
832 1436 859 1458 et
876 1431 933 1457 vul-

140 1479 198 1506 neri
214 1479 362 1505 castitatem
378 1486 490 1513 appone.
507 1478 607 1506 Fratris
627 1478 663 1505 tui
679 1478 775 1505 fatuam
787 1478 869 1505 verbo
884 1477 933 1504 lte-

142 1524 211 1555 sisti,
227 1524 332 1559 ipsique
346 1525 479 1551 nocuisti?
492 1525 512 1551 A
529 1524 676 1552 maledictis
691 1525 805 1557 abstine,
822 1528 847 1551 et
863 1524 933 1551 cari-

142 1570 205 1597 tatis
226 1570 372 1597 remedium
397 1577 511 1605 appone.
541 1570 576 1596 lta
601 1577 648 1604 per
669 1569 772 1605 singula
795 1569 934 1605 falciamus,

142 1624 228 1651 neque
254 1622 361 1651 peccata
382 1621 604 1644 transcurramns.
626 1616 689 1643 Nam
714 1617 795 1644 instat
815 1616 931 1650 demum,

141 1664 222 1691 instat
235 1670 308 1691 certe
329 1663 438 1690 rationis
461 1663 603 1690 reddenda:
625 1668 740 1696 tempus.
759 1663 821 1690 ldeo
836 1663 934 1690 Paulus

141 1709 248 1736 dicebat
270 1717 277 1735 :
306 1708 430 1735 Dominus
454 1717 534 1743 prOpe
556 1713 621 1740 est;
653 1708 717 1734 nihil
748 1707 849 1734 solliciti
878 1708 934 1735 sitis

141 1755 269 1790 (Philipp.
286 1755 313 1782 4.
328 1754 354 1782 ὅ.
367 1754 406 1790 6).
422 1754 475 1782 Sed
497 1754 574 1781 nobis
597 1754 665 1781 forte
684 1759 775 1781 contra
791 1753 933 1781 dicendum

140 1805 193 1833 est,
210 1800 337 1827 Dominus
352 1807 436 1835 prope
449 1804 501 1832 est,
518 1799 624 1827 solliciti
641 1804 736 1827 estote.
760 1799 799 1826 llli
819 1807 934 1835 namque

140 1854 204 1876 tunc
226 1848 337 1883 pulchre
348 1848 502 1882 audiebant,
527 1847 602 1875 Nihil
620 1849 721 1876 solliciti
746 1849 813 1882 sitis,
839 1849 883 1884 qui
907 1850 932 1876 in

140 1895 282 1927 utrumuis,
297 1894 444 1928 laboribus,
458 1895 648 1922 certaminibus
663 1895 804 1930 degebant.
825 1895 875 1928 Qui
885 1903 934 1922 au-

140 1945 194 1968 tem
211 1941 237 1968 in
261 1941 361 1976 rapinis
382 1945 532 1974 versantur,
556 1940 582 1968 in
604 1941 750 1976 voluptate,
774 1942 817 1975 qui
839 1948 934 1976 graves

139 1986 270 2014 reddituri
292 1991 352 2014 sunt
381 1987 507 2019 rationes,
531 1994 582 2013 non
605 1985 667 2019 hoc,
691 1986 738 2013 sed
760 1986 823 2013 illud
838 1987 934 2013 merito

139 2032 284 2065 audierint,
301 2032 428 2059 Dominus
447 2039 530 2066 prope
545 2036 604 2059 est:
625 2031 733 2058 solliciti
752 2035 849 2059 estote.
874 2031 932 2058 Non

138 2173 157 2194 Β
171 2139 208 2170 (u)
217 2144 274 2193 quae
282 2139 378 2163 uncinis
385 2137 632 2170 clauduntur,desunt
643 2140 667 2164 in
678 2138 782 2165 Savil.et
790 2140 933 2171 quibusdam

207 2177 221 2194 a
234 2177 270 2194 us.
333 2186 339 2188 ν

207 2177 270 2194 alllS.

617 143 649 171 IN
669 142 825 170 JOANNEM
846 141 960 169 HOMIL.
981 140 1091 168 XXXV.
1111 141 1147 168 al.
1168 139 1289 169 XXXIV.

1726 143 1776 170 {5‘8

987 198 1057 224 enim
1071 198 1149 231 longe
1163 203 1177 222 a
1192 194 1422 223 consummatione
1442 195 1568 224 absumus
1583 197 1632 231 (α),
1646 197 1691 225 sed
1703 200 1736 226 ad
1751 201 1780 227 fi-

986 249 1046 269 nem
1062 241 1117 275 jam
1141 241 1257 268 mundus
1281 242 1376 276 vergit.
1406 241 1461 269 lloc
1486 243 1661 277 praenuntiant
1687 244 1777 278 bella,

985 294 1122 318 terummr,
1146 291 1224 313 terra:
1238 292 1335 317 motus.
1355 287 1405 314 hoc
1424 288 1554 315 exstincta
1575 290 1682 316 caritas.
1705 290 1779 317 Sient

985 332 1057 358 enim
1071 339 1168 366 corpus
1188 332 1327 366 exspirans
1342 337 1368 359 et
1382 333 1460 360 morti
1476 334 1625 368 proximum
1642 334 1713 362 mille
1728 335 1778 362 do-

985 378 1087 405 loribus
1108 377 1232 410 aft'icitur,
1257 382 1284 404 et
1305 378 1406 404 ruitura
1427 379 1521 405 donius
1539 383 1619 407 multa
1641 381 1778 416 pra-mittit

984 431 1044 458 qum
1059 431 1091 450 ex
1104 427 1173 450 tecto
1185 426 1213 450 et
1226 431 1259 450 ex
1280 424 1426 458 parietibus
1439 425 1583 453 decidunt:
1599 428 1636 454 sic
1650 435 1777 455 consum-

983 470 1067 497 matio
1081 470 1153 497 orbis
1163 469 1218 504 jam
1234 478 1314 505 prope
1328 476 1352 497 et
1370 478 1417 504 pro
1437 471 1537 498 foribus
1552 477 1592 499 est
1607 482 1613 499 :
1634 474 1693 501 ideo
1709 475 1776 501 mala

985 516 1101 549 undique
1113 516 1198 550 ipsum
1212 516 1349 543 invadunt.
1366 516 1431 543 Nam
1443 517 1463 543 si
1482 523 1543 544 tunc
1555 518 1681 546 Dominus
1696 528 1778 554 prope

983 566 1051 593 erat,
1068 562 1152 588 multo
1166 563 1248 597 magis
1272 570 1342 589 nunc
1355 570 1438 596 prope
1454 568 1504 589 est.
1524 563 1550 591 Si
1575 569 1636 591 ωιιιι
1651 567 1778 600 quadrin-

984 608 1100 643 gentos‘
1121 615 1208 635 annos
1233 616 1293 635 cum
1315 608 1372 635 haec
1395 608 1564 641 dicerentur,
1589 615 1692 644 tempus
1714 612 1777 639 illud

983 654 1174 688 plenitudinem
1198 659 1347 689 temporum
1365 654 1462 681 Paulus
1483 656 1606 687 vocabat,
1624 657 1707 683 inulto
1721 665 1779 683 ma-

983 699 1024 734 gis
1037 706 1155 733 prmsens
1172 704 1276 734 tempus
1297 700 1332 726 ita
1349 700 1509 726 vocandum.
1530 702 1563 727 At
1579 700 1698 728 fortassis
1720 702 1779 730 ideo

984 746 1090 779 quidam
1105 754 1156 772 non
1178 745 1300 773 credunt.
1320 746 1400 781 Atqui
1423 746 1482 773 ideo
1502 746 1586 782 magis
1599 747 1774 775 credendum.

984 791 1060 818 Unde
1074 792 1152 822 nosti,
1168 791 1202 818 mi
1215 793 1305 823 homo,
1320 791 1398 818 linem
1413 796 1440 818 et
1455 799 1534 826 supra
1547 793 1616 819 dicta
1631 799 1682 820 non
1695 800 1779 828 prope

983 838 1063 865 esse?
1078 838 1156 864 Certe
1171 842 1200 864 ut
1213 838 1274 864 anni
1290 838 1369 865 linem
1386 846 1438 864 non
1449 838 1519 865 diem
1532 839 1652 866 ultimum
1666 840 1779 867 dicimus

984 890 1053 915 esse,
1068 883 1116 911 sed
1131 883 1210 910 etiam
1225 883 1347 910 ultimum
1371 891 1500 914 mensem,
1521 889 1549 911 et
1563 884 1585 912 si
1601 884 1706 918 triginta
1722 884 1779 911 die-

984 936 1042 955 rum
1059 928 1093 955 sit
1108 938 1114 955 :
1131 928 1166 956 ita
1181 928 1203 955 si
1220 933 1257 955 tot
1270 937 1399 956 annorum
1416 930 1704 964 quadringentesimum
1718 938 1778 958 esse

984 973 1063 1000 linem
1078 973 1235 1006 dixerimus,
1250 982 1304 1001 non
1319 974 1513 1002 aberrabimus.
1537 974 1627 1009 Itaque
1643 975 1698 1009 jam
1715 980 1779 1002 tunc

983 1019 1028 1046 ille
1040 1019 1117 1047 linem
1131 1019 1330 1054 praenuntiavit.
1343 1020 1522 1048 Coerceamus
1534 1021 1612 1056 igitur
1624 1029 1672 1048 nos
1685 1022 1756 1056 ipsos
1769 1031 1776 1048 :

984 1065 1105 1092 ltetemur
1118 1065 1143 1092 in
1166 1065 1260 1092 timore
1283 1065 1339 1092 Dei.
1366 1065 1469 1092 Etenim
1493 1066 1570 1092 nobis
1589 1073 1649 1093 cum
1671 1066 1778 1093 licentia

983 1110 1162 1144 versantibus,
1177 1119 1229 1137 non
1245 1110 1322 1138 valde
1341 1111 1506 1143 curantibus,
1523 1119 1575 1138 non
1596 1114 1776 1146 exspectanti-

983 1155 1044 1188 bus,
1061 1161 1171 1191 repente
1191 1156 1278 1183 aderit
1298 1157 1343 1183 Dei
1366 1157 1517 1184 adventus:
1532 1157 1603 1192 quod
1625 1158 1778 1192 signiﬁcans

984 1201 1107 1230 Christus
1128 1202 1258 1230 dicebat:
1282 1203 1355 1230 Sicut
1375 1204 1441 1230 enim
1464 1205 1558 1239 factum
1586 1209 1621 1230 est
1641 1205 1667 1230 in
1691 1205 1778 1231 diebus

985 1247 1053 1279 Noe,
1068 1253 1090 1274 et
1103 1248 1128 1274 in
1143 1248 1229 1274 diebus
1243 1247 1299 1279 Lot,
1310 1249 1346 1275 sic
1358 1249 1404 1275 erit
1424 1249 1450 1275 in
1465 1250 1677 1276 consummatione
1692 1250 1778 1276 steculi

985 1293 1060 1328 hujus
1075 1294 1177 1328 (Ill-atth.
1191 1294 1240 1322 24.
1256 1295 1313 1330 5⁵1),
1339 1295 1395 1322 lloc
1419 1301 1446 1322 et
1467 1295 1564 1322 Paulus
1587 1297 1624 1323 sic
1638 1296 1753 1324 declarat
1770 1305 1777 1325 :

985 1338 1048 1365 Cum
1063 1339 1181 1372 dixerint,
1198 1340 1256 1366 Pax
1268 1345 1290 1367 et
1301 1341 1433 1372 securitas,
1449 1345 1507 1367 tunc
1522 1342 1667 1376 repentinus
1685 1343 1719 1368 eis
1732 1350 1777 1368 su-

985 1384 1110 1418 perveniet
1133 1385 1266 1417 interitus,
1290 1385 1354 1412 sicut
1371 1386 1444 1412 dolor
1468 1386 1493 1412 in
1518 1391 1588 1413 utero
1603 1387 1716 1414 habentis
1739 1388 1776 1422 (l.

987 1429 1074 1458 Thess.
1090 1431 1116 1458 5.
1134 1430 1172 1467 5).
1188 1431 1256 1465 Quid
1277 1436 1317 1459 est
1331 1432 1413 1459 Dolor
1426 1433 1451 1459 in
1467 1438 1537 1459 utero
1551 1434 1664 1460 habentis
1677 1434 1688 1460 ἒ)
1700 1433 1778 1468 δίιιρθ

986 1481 1155 1511 praegnantes
1173 1477 1310 1509 mulieres,
1324 1478 1386 1504 dum
1403 1478 1506 1511 ludunt,
1528 1479 1669 1512 prandent,
1683 1480 1708 1506 in
1723 1479 1778 1507 bal-

986 1530 1048 1555 neo,
1065 1523 1091 1549 in
1106 1522 1163 1550 foro
1174 1528 1245 1556 sunt,
1263 1524 1295 1551 de
1316 1524 1404 1551 futuro
1425 1525 1490 1552 nihil
1505 1527 1662 1560 cogitantes,
1679 1535 1777 1561 repen—

986 1567 1049 1595 tinis
1062 1567 1221 1595 invaduntur
1236 1569 1383 1596 doloribus.
1400 1569 1467 1597 Cum
1481 1578 1544 1605 ergo
1555 1571 1673 1605 ejusdem
1689 1571 1779 1599 condi-

986 1613 1066 1640 tionis
1079 1621 1122 1641 res
1135 1619 1232 1641 nostra:
1245 1615 1308 1648 sint,
1321 1615 1404 1642 simus
1413 1623 1519 1650 semper
1534 1617 1626 1650 parati.
1638 1616 1695 1643 Non
1707 1617 1776 1645 enim

985 1666 1093 1693 seraper
1106 1658 1163 1686 lucc
1176 1659 1326 1692 audiemus,
1343 1668 1397 1687 non
1412 1668 1518 1695 semper
1536 1661 1605 1688 hanc
1618 1666 1777 1695 potestatem

987 1705 1151 1732 habebimus.
1176 1704 1210 1732 In
1232 1706 1346 1741 inferno,
1370 1706 1466 1741 inquit,
1487 1707 1542 1741 quis
1563 1708 1722 1739 conﬁtebitur
1734 1709 1779 1735 tibi

987 1749 1071 1787 (I’sal.
1088 1750 1114 1778 6.
1138 1751 1189 1787 8)?
1214 1751 1261 1778 llic
1282 1752 1371 1786 itaque
1396 1752 1580 1786 paenitentiam
1605 1760 1725 1787 agamus.
1750 1759 1779 1782 ut

986 1796 1025 1823 sic
1051 1796 1133 1823 Deum
1156 1797 1298 1832 propitium
1322 1797 1477 1830 habeamus,
1494 1805 1525 1825 ac
1548 1798 1651 1832 plenam
1666 1799 1779 1826 delicto-

986 1849 1046 1868 rum
1071 1843 1174 1870 veniam
1201 1850 1396 1878 consequamur
1422 1851 1429 1869 :
1456 1851 1534 1878 quant
1562 1844 1661 1870 utinam
1686 1852 1778 1873 omnes

986 1888 1168 1923 impetremus,
1183 1889 1267 1924 gratia
1284 1893 1310 1916 et
1323 1889 1487 1924 benignitate
1502 1890 1606 1917 Domini
1619 1891 1701 1918 nostri
1715 1891 1779 1918 Jesu

986 1933 1097 1967 Christi,
1116 1934 1159 1961 cui
1171 1934 1255 1970 gloria
1270 1940 1297 1962 ct
1310 1935 1450 1969 imperiutn
1465 1936 1596 1963 iusmcula
1608 1937 1777 1964 saeculorum.

987 1981 1085 2008 Amen.

1018 2092 1025 2107 ι
1043 2094 1082 2116 Sat
1088 2090 1114 2116 il.
1127 2092 1221 2125 habet,
1239 2094 1368 2120 trecentos.
1382 2095 1408 2117 et
1423 2093 1457 2118 sic
1467 2093 1516 2117 duo
1525 2096 1579 2118 Mss.
1593 2096 1620 2118 Λι
1637 2093 1720 2125 plures
1733 2094 1775 2118 lia-

985 2121 1054 2154 bent,
1066 2122 1260 2154 quadringentos.

1017 2153 1053 2183 (α)
1071 2154 1169 2178 Putabat
1179 2153 1361 2184 Cbrysostomus
1377 2160 1425 2178 non
1436 2153 1510 2185 longe
1523 2160 1579 2179 esse
1591 2155 1665 2180 linem
1683 2156 1776 2180 mundi.

139 2248 1774 2267 —-—-———————.—.—_—

778 2294 949 2327 HOMILIA
975 2297 1110 2327 XXXV.

139 2365 184 2393 40.
202 2364 265 2392 Cum
284 2365 409 2393 venissent
428 2374 486 2401 ergo
499 2366 533 2392 ad
547 2366 620 2394 illum
639 2367 796 2394 Samaritani
808 2388 814 2400 ,
831 2376 934 2404 rogave-

176 2416 236 2437 runt
248 2419 305 2437 eum
316 2417 343 2438 ut
356 2412 390 2438 ibi
401 2418 521 2439 indueret.
535 2413 568 2439 Et
581 2414 671 2440 mansit
684 2413 718 2440 ibi
731 2414 794 2440 duos
807 2414 870 2441 dies.
886 2416 931 2443 41.

177 2457 211 2483 Et
227 2459 306 2485 multo
321 2458 405 2492 plures
419 2459 578 2486 Crediderunt
591 2459 617 2486 in
636 2468 693 2486 eum
715 2466 816 2494 propter
838 2469 934 2488 seruta-

176 2512 233 2530 nent
247 2505 322 2538 ejus;
338 2505 383 2532 4‘2.
399 2510 422 2531 et
443 2505 542 2532 mulieri
559 2506 673 2533 dicebant
698 2515 708 2533 .'
723 2506 792 2539 Quia
808 2507 864 2541 jam
885 2516 934 2534 non

176 2556 280 2584 propter
287 2555 357 2577 tuam
372 2550 496 2584 loquelam
506 2552 630 2579 credimus
643 2560 652 2578 :
661 2552 710 2586 ipsi
718 2553 783 2578 enim
794 2553 934 2580 audivimus

175 2599 200 2621 et
213 2595 316 2628 scimus,
328 2597 387 2629 quia
401 2596 441 2623 hic
455 2601 491 2623 est
506 2604 564 2624 vere
577 2597 697 2624 Salvator
711 2598 797 2624 mundi
809 2598 933 2626 Christus.

174 2641 220 2668 45.
237 2640 272 2667 Et
282 2647 339 2676 post
349 2642 402 2669 dies
413 2642 478 2669 duos
488 2643 591 2670 excessit
607 2643 665 2670 inde
676 2664 684 2677 ,
699 2648 722 2670 et
736 2643 795 2670 abiit
816 2644 843 2671 in
863 2643 934 2671 Cali-

173 2689 258 2715 lcum.

178 2735 200 2760 l.
213 2733 435 2761 Samaritanorum
444 2735 461 2761 .1
465 2734 642 2770 νάαξοηιηιηαε
652 2744 711 2771 erga
719 2736 755 2764 Ch
760 2737 846 2763 vistum
857 2745 934 2771 agm-

138 2780 166 2806 di
177 2780 288 2806 rationes
300 2786 482 2814 comparantur
496 2789 505 2807 :
517 2781 652 2808 laudantur
664 2784 771 2817 priores.
782 2783 935 2817 redargutur

138 2830 182 2850 tur
195 2822 295 2851 Judtci.
310 2823 382 2852 Nihil
397 2825 494 2853 invidia
509 2830 535 2853 et
551 2826 633 2854 livore
656 2827 729 2861 pejus
740 2847 747 2860 ,
772 2827 837 2854 nihil
862 2827 933 2854 inani

138 2868 221 2905 gloria
237 2869 358 2898 deterius
373 2879 378 2897 :
394 2870 450 2899 lucc
466 2871 604 2900 innumera
618 2879 790 2909 corrumpere
803 2873 871 2901 solct
886 2873 931 2901 bo<

990 2378 1033 2396 ua.
1047 2369 1132 2397 .Iudazi
1148 2379 1212 2405 ergo
1225 2379 1285 2398 cum
1302 2372 1431 2406 majorem
1447 2381 1525 2407 quam
1549 2374 1708 2402 Samaritani
1731 2383 1778 2402 co-

988 2416 1132 2451 gnitionem
1156 2417 1300 2450 baberent,
1325 2423 1351 2446 et
1375 2427 1435 2446 cum
1458 2420 1597 2455 prophetis
1618 2422 1723 2449 educati
1738 2430 1779 2449 es-

988 2466 1065 2494 sent,
1082 2462 1135 2489 illis
1151 2467 1239 2490 tamen
1256 2464 1318 2491 hinc
1331 2464 1470 2492 inferiores
1484 2465 1600 2493 fuerunt.
1616 2466 1778 2495 Samaritani

988 2508 1141 2535 testimonio
1161 2509 1280 2536 mulieris
1308 2509 1386 2537 fidem
1413 2510 1547 2544 ltabuere,
1574 2511 1700 2547 nulloque
1721 2513 1780 2539 viso

988 2553 1064 2587 signo
1078 2558 1178 2581 exeunt
1189 2555 1305 2588 rogaturi
1325 2555 1460 2583 Christum
1476 2561 1504 2583 ut
1528 2564 1617 2584 secum
1639 2564 1757 2585 maneret
1771 2566 1779 2589 ;

987 2597 1072 2625 ιιι(Ιωὶ
1088 2606 1170 2632 vero,
1189 2599 1270 2626 etiam
1285 2600 1349 2627 visis
1373 2601 1527 2634 miraculis,
1553 2609 1605 2628 non
1626 2601 1706 2629 modo
1726 2610 1779 2629 non

987 2643 1061 2670 illum
1073 2643 1142 2677 apud
1156 2652 1185 2671 se
1196 2644 1382 2678 retinuerunt,
1396 2645 1443 2673 sed
1456 2647 1536 2673 etiam
1560 2646 1644 2681 ipsum
1667 2648 1777 2682 expule-

988 2695 1066 2722 runt,
1082 2689 1199 2725 nihilque
1215 2698 1266 2717 non
1283 2696 1395 2725 egerunt
1410 2696 1437 2717 ut
1459 2691 1547 2725 ipsum
1563 2699 1578 2719 e
1600 2693 1710 2727 regione
1730 2701 1777 2720 sua

991 2736 1169 2763 eliminareut.
1186 2737 1293 2764 Etiamsi
1309 2737 1414 2764 illorum
1439 2738 1524 2772 gratia
1547 2740 1679 2772 venisset,
1705 2740 1777 2767 illum

987 2781 1161 2810 nihilominus
1177 2782 1333 2817 ejeccrunt;
1349 2783 1374 2810 hi
1389 2788 1481 2811 contra
1497 2788 1525 2811 ut
1539 2785 1608 2819 apud
1618 2793 1646 2813 se
1660 2791 1776 2814 manere!

987 2832 1123 2862 rogarunt.
1140 2827 1208 2855 Num
1224 2835 1287 2863 ergo
1302 2829 1335 2855 ad
1359 2828 1407 2856 hos
1429 2834 1554 2864 rogantes
1574 2839 1627 2858 non
1647 2832 1779 2860 acceden-

988 2872 1049 2900 dum
1065 2872 1129 2908 fuit,
1145 2873 1191 2901 sed
1207 2873 1276 2907 illis,
1291 2874 1336 2909 qui
1350 2874 1400 2903 sibi
1414 2875 1481 2903 bene
1505 2875 1594 2904 affecti
1617 2883 1709 2912 erant,
1733 2887 1775 2906 re-
