2041 3113
282 143 332 172 190

281 202 350 230 lictis
360 223 367 235 ,
382 200 452 237 apud
466 199 636 228 insidiatores
650 203 677 227 et
690 199 861 226 adversarios
872 206 982 227 manere
994 205 1070 234 opor-

281 247 348 275 tuit?
363 248 396 274 At
411 253 463 273 non
478 245 573 272 fuisset
587 243 653 272 illud
676 244 735 279 ejus
758 243 925 279 providentia
948 243 1067 280 dignum.

280 293 341 319 ldu-o
354 299 454 319 morem
465 290 548 326 gessit
560 295 587 318 et
600 290 697 318 mansit
710 290 780 325 apud
789 297 835 317 eos
848 290 953 317 duobus
964 290 1068 319 diebus.

277 338 329 372 Ipsi
345 337 451 372 quidem
466 337 615 364 voluissent
627 336 701 364 illum
715 341 845 372 perpetuo
859 336 990 364 retinere:
1004 336 1070 364 illud

277 383 348 410 enim
362 382 462 410 indicat
475 383 638 418 evangelista
653 382 694 409 his
708 382 796 410 verbis
810 389 819 409 :
835 381 997 417 Rogaverunt
1012 390 1068 409 eum

276 433 304 456 ut
320 428 353 456 ibi
366 434 495 461 maneret;
510 429 566 464 ipse
577 437 641 456 vero
654 428 748 461 noluit,
760 428 806 456 sed
817 428 885 456 duos
899 432 1000 455 tantum
1012 427 1070 455 dies

273 482 334 501 cum
348 474 401 501 illis
414 475 521 506 mansit,
537 480 564 502 et
580 474 626 502 illo
643 474 772 509 temporis
785 473 873 508 spatio
887 473 964 508 longe
977 473 1068 508 plures

274 519 448 547 crediderunt
461 520 486 546 in
500 528 572 548 eum.
590 519 670 555 Atqui
684 527 737 546 non
752 519 898 546 verisimile
911 523 968 546 erat
978 539 986 551 ,
1007 519 1067 546 illos

273 573 334 593 esse
344 566 494 593 credituros
505 586 512 597 ,
528 570 582 592 tum
597 564 668 600 quod
689 564 790 592 nullum
806 565 910 600 signum
926 564 1065 598 vidissent,

274 616 331 638 tum
346 611 416 646 quod
431 611 539 639 Judzeos
551 609 614 638 odio
635 610 775 637 haberent.
798 611 924 638 Attamen
945 610 1006 644 quia
1028 610 1068 637 di-

275 663 378 685 ctornm
401 656 471 683 illius
486 657 627 684 veritatem
645 656 717 691 juste
736 656 917 688 aestimarunt,
940 655 982 683 his
1002 655 1067 683 nihil

274 702 471 734 officientibus,
487 702 642 729 sublimiora
666 702 701 729 de
724 702 770 729 illo
794 701 963 737 cogitarunt,
986 709 1066 737 quam

273 756 332 783 qua:
347 752 457 783 possent
471 747 623 782 hujusmodi
636 747 757 776 obicibus
773 747 895 782 impediri
907 769 915 780 .
930 755 962 775 ac
972 752 1062 775 certa-

274 795 320 822 tim
335 795 407 821 illnm
419 794 503 829 magis
517 801 548 821 ac
562 793 648 828 magis
662 793 874 821 admirabantur.
884 793 951 820 Nam
962 793 1067 821 Mulieri

273 841 387 867 dicebant
398 848 408 867 :
420 839 479 867 Non
484 840 540 875 jam
553 844 656 875 propter
670 844 739 866 tuam
755 840 879 874 loquelam
892 840 915 866 ei
926 839 1065 868 credimus:

272 886 322 920 ipsi
344 886 409 912 enim
426 885 568 912 audivimus
587 890 610 912 et
632 885 724 912 scimus
734 905 741 918 ,
755 885 814 920 quia
827 885 867 912 hic
881 890 918 912 est
932 893 987 912 vere
1002 885 1064 913 Sal-

273 937 344 958 uator
356 931 442 958 mundi
456 931 579 958 Christus.
599 931 724 966 Discipuli
751 930 789 966 (α)
815 931 968 966 magistram
991 931 1063 959 illam

272 983 444 1012 Superarunt.
462 977 492 1004 111
512 984 627 1012 namque
641 976 748 1004 Judaeos
769 977 830 1011 jure
851 984 978 1005 accusare
1000 984 1063 1012 pos-

271 1027 349 1055 sunt.
367 1023 474 1058 etquod
489 1023 653 1050 crediderint
666 1028 695 1050 et
716 1023 788 1058 qttod
814 1031 875 1050 eum
898 1024 1061 1058 acceperint.

272 1067 309 1095 Illi
321 1075 433 1103 quorum
445 1068 530 1103 gratia
542 1072 628 1095 totum
640 1067 690 1096 hoc
701 1075 769 1102 opus
790 1073 966 1103 susceperat,
989 1077 1062 1104 saepe

270 1114 356 1148 ipsum
373 1113 577 1149 lapidaverunt;
593 1113 618 1141 hi
633 1122 698 1141 vero
714 1122 767 1141 non
780 1114 951 1142 accedentem
975 1116 1009 1142 ad
1032 1123 1062 1144 se

269 1165 408 1188 traxerunt
423 1169 429 1187 :
445 1160 483 1188 illi
496 1161 559 1188 visis
573 1161 655 1196 signis
669 1161 820 1196 pertinaces
834 1166 953 1194 manent,
963 1161 990 1188 hi
1003 1162 1061 1190 sine

267 1208 350 1241 signis
363 1215 484 1242 magnam
496 1216 558 1243 erga
571 1208 644 1235 illum
660 1207 738 1235 fidem
750 1208 899 1240 exhibent,
923 1212 951 1236 et
974 1215 1004 1236 ea
1027 1208 1060 1236 dc

268 1262 347 1281 causa
368 1255 527 1289 gloriantur,
543 1255 613 1290 qttod
627 1255 687 1282 sine
708 1255 792 1290 signis
816 1255 995 1288 crediderint;
1022 1256 1059 1284 illi

267 1308 331 1327 vero
346 1300 424 1328 linem
440 1308 491 1328 non
507 1300 608 1328 faciunt
620 1301 740 1328 tentandi
761 1305 789 1328 et
808 1301 883 1336 signa
908 1301 1058 1336 qumrendi.

267 1346 303 1373 Ita
319 1354 426 1382 semper
442 1347 524 1382 probe
536 1346 632 1374 affecta
648 1347 737 1374 anima
762 1355 830 1382 opus
852 1351 893 1374 est
911 1355 918 1374 :
934 1354 1013 1380 quam
1035 1347 1057 1374 si

267 1394 364 1420 veritas
377 1392 472 1424 adeat,
487 1392 564 1420 facile
575 1392 733 1427 occupabit;
750 1393 772 1420 si
794 1401 848 1420 non
871 1397 985 1427 occupet
997 1412 1005 1425 ,
1031 1392 1057 1420 id

267 1446 319 1465 non
332 1446 365 1466 ex
380 1439 500 1466 veritatis
523 1438 696 1472 infirmitate,
715 1437 762 1465 sed
781 1446 814 1466 ex
831 1439 890 1474 ejus
909 1439 1057 1474 pervicacia

264 1486 360 1513 oritur.
374 1484 441 1512 Nam
455 1490 481 1513 et
493 1485 533 1511 sol
550 1492 630 1519 puros
645 1484 739 1512 oculos
753 1484 832 1512 facile
846 1485 994 1517 illuminat;
1015 1485 1056 1512 sin

264 1532 353 1559 minus
365 1552 372 1564 ,
386 1532 525 1559 oculorum
538 1532 629 1566 culpa,
655 1538 707 1558 non
726 1531 790 1558 solis
815 1530 980 1558 imbecillitas
1002 1535 1053 1558 est.

264 1578 332 1605 Audi
346 1579 424 1613 igitur
437 1577 499 1613 qttid
514 1577 540 1604 hi
555 1577 665 1610 dicunt,
682 1577 784 1604 Scimus
794 1578 854 1611 quia
876 1577 916 1603 hic
939 1581 975 1603 est
999 1584 1056 1604 uere

263 1623 384 1651 Salvator
398 1623 486 1650 mutuli
502 1622 626 1650 Christus.
640 1622 734 1650 Viden‘
747 1630 825 1657 quam
840 1623 895 1650 cito
910 1627 1052 1655 noverunt,

263 1669 349 1703 ipsum
363 1669 454 1696 orbem
472 1673 602 1695 terrarunt
618 1673 793 1696 attraclurum
807 1676 867 1696 esse
878 1673 906 1696 et
925 1668 958 1696 ad
978 1676 1054 1696 com-

264 1723 371 1743 munem
385 1715 548 1750 operandam
566 1715 679 1742 salutem
704 1716 827 1748 venisse;
849 1715 974 1750 quodque
999 1723 1052 1743 non

264 1763 289 1788 in
304 1761 369 1788 solis
380 1761 479 1788 Iudaeis
493 1761 552 1795 ejus
565 1760 731 1795 providentia
745 1760 976 1788 circnmcludenda
985 1781 993 1792 ,
1007 1759 1054 1788 sed

264 1807 373 1833 verbum
384 1806 442 1840 ejtts
453 1806 549 1840 ubique
562 1805 788 1833 dissominandum
803 1805 890 1833 iuret?
911 1806 945 1832 At
965 1805 1051 1833 Judtui

263 1860 315 1879 non
330 1853 408 1884 item;
422 1852 476 1878 imo
489 1852 551 1878 dum
573 1856 725 1886 quaererent
747 1852 875 1886 justitiam
896 1859 971 1879 suam
996 1857 1052 1879 sta.

264 1904 339 1926 tuere
350 1919 356 1930 ,
370 1897 480 1933 justitite
495 1897 540 1924 Dei
555 1904 607 1924 non
623 1896 735 1931 subjecti
751 1897 865 1924 fuerunt.
882 1897 914 1924 Hi
930 1905 994 1924 vero
1016 1898 1053 1924 fa-

263 1949 351 1971 tentur
363 1951 455 1970 otnncs
467 1943 492 1970 in
506 1943 582 1978 culpa
599 1950 658 1970 esse
669 1963 676 1974 ,
693 1942 754 1970 illud
769 1943 942 1978 apostolicum
957 1951 1012 1978 pra:
1023 1951 1052 1971 se

262 1990 379 2017 terentes
394 1997 400 2015 :
416 1988 510 2015 Omnes
537 1993 719 2023 peccauerunt,
745 1993 767 2015 et
789 1993 861 2024 egent
883 1990 964 2024 gloria
985 1989 1050 2021 Dei,

256 2035 391 2069 justiﬁcati
401 2034 480 2070 gratis
489 2042 532 2068 per
544 2034 652 2069 gratiam
665 2034 744 2068 ipsius
759 2033 850 2069 (Rom.
867 2035 909 2062 10.
923 2035 949 2062 5.
961 2034 1050 2069 ).Cum

260 2081 351 2108 dicunt
363 2082 433 2108 enim
450 2081 535 2116 ipsum
559 2088 618 2108 esse
635 2080 798 2108 Salvatoretn
823 2081 932 2114 mundi,
957 2086 1049 2109 osten-

260 2128 326 2154 dunt
350 2127 478 2154 minutum
503 2127 634 2162 periisse;
663 2131 690 2154 et
716 2135 768 2154 non
791 2128 871 2154 modo
885 2127 1050 2155 Salvatorem

259 2181 330 2207 esse,
345 2174 391 2201 sed
404 2179 431 2201 et
444 2174 469 2200 in
481 2174 560 2200 rebus
575 2173 711 2200 maximis.
728 2173 863 2200 Venerunt
883 2174 953 2200 enim
975 2173 1051 2200 multi

260 2225 290 2245 ut
304 2219 425 2246 homines
439 2218 528 2245 salvos
540 2218 674 2249 lacerent,
696 2218 832 2252 propheta:
845 2238 851 2250 ,
873 2219 974 2253 angeli;
1002 2218 1050 2246 sed

259 2273 340 2294 verus
351 2265 473 2293 Salvator
485 2265 528 2292 hic
542 2269 600 2296 est.
617 2264 719 2299 inquit,
736 2264 778 2298 qui
794 2272 882 2291 veram
896 2264 996 2298 praabet
1008 2271 1050 2290 sa-

260 2313 341 2340 lutem
353 2333 361 2345 ,
377 2320 430 2340 non
446 2312 532 2340 solum
547 2316 634 2338 autem
650 2315 858 2345 temporancam.
871 2310 926 2337 lloe
939 2310 1050 2337 sincera:

259 2359 320 2386 fidei
336 2362 520 2393 argumentum
535 2361 585 2384 est.
603 2356 731 2390 Utrinqne
743 2356 813 2383 enim
828 2356 963 2383 mirabiles
976 2361 1048 2389 sunt,

257 2409 284 2431 et
297 2403 369 2438 quod
380 2403 542 2431 crediderint
552 2424 559 2433 .
573 2407 600 2430 et
611 2402 680 2436 quod
694 2402 752 2428 sine
765 2402 847 2436 signis
868 2402 1046 2435 crediderint;

257 2455 325 2483 quos
346 2453 372 2476 et
391 2448 513 2475 Christus
535 2447 628 2474 beatos
647 2446 774 2482 praedicat
796 2447 837 2474 his
851 2447 960 2474 verbis:
975 2447 1048 2474 Beati

257 2495 301 2528 qui
323 2502 373 2521 non
392 2493 523 2526 uiderunt,
544 2497 566 2519 et
579 2492 738 2519 crediderunt
750 2493 759 2528 (
771 2492 844 2521 Rom.
861 2493 887 2520 3.
907 2493 951 2521 25.
974 2493 1045 2528 M);

258 2546 284 2568 ct
297 2540 367 2575 quod
383 2540 462 2568 etiam
475 2539 580 2566 sincere
593 2539 767 2566 crediderint.
783 2538 850 2566 Cum
873 2539 944 2566 enim
969 2541 1046 2567 audi-

259 2591 320 2613 rent
333 2585 471 2612 mulierem
487 2584 567 2611 dubio
585 2585 755 2619 loquentem,
780 2583 912 2617 Numquid
936 2586 990 2622 ipse
1009 2592 1047 2614 est

257 2630 393 2658 Christus?
408 2638 460 2657 non
471 2630 614 2662 dixerunt,
629 2629 681 2658 Nos
694 2638 799 2665 quoque
814 2630 964 2658 dubitamus
976 2653 983 2664 ,
999 2639 1047 2659 ne-

257 2684 310 2711 quc
322 2676 356 2703 ita
372 2675 571 2708 existimamus,
589 2675 653 2708 sed,
670 2675 788 2709 Scimus;
804 2684 890 2712 neque
913 2678 964 2705 hoc
985 2683 1044 2705 tan-

257 2726 312 2748 tum
325 2741 332 2752 .
346 2721 393 2748 sed
409 2721 488 2748 ctiam
498 2741 506 2753 ,
522 2720 570 2747 llic
585 2726 620 2748 est
633 2729 688 2748 vere
699 2721 818 2749 Saluator
831 2723 928 2750 mumti.
952 2723 1046 2758 Neque

256 2767 326 2795 enim
340 2766 474 2794 Christum
491 2772 519 2794 ut
533 2775 612 2795 unum
629 2775 643 2795 c
665 2768 743 2803 vulgo
764 2769 958 2797 conﬁtebantur
970 2789 978 2804 ,
998 2769 1044 2798 sed

287 2858 323 2888 (η)
340 2856 408 2883 Hanc
419 2863 502 2885 vocem
513 2858 545 2884 de
556 2858 707 2885 Samaritanis
724 2859 844 2890 lntcllige.

618 141 647 169 S.
665 140 804 169 JOANNIS
818 140 1052 169 CHRYSOSTOMI
1072 140 1230 171 ARCHIEP.
1251 142 1517 174 CONSTANTINOP.

1863 153 1919 183 $00

1125 205 1189 227 vere
1202 198 1369 230 Salvatorem
1383 202 1519 231 dicebant.
1534 203 1614 240 Atqui
1628 213 1708 241 quem
1720 207 1755 235 ab
1768 207 1814 236 illo
1825 216 1915 238 servs-

1124 248 1180 271 tum
1195 245 1338 274 viderant?
1358 247 1444 276 Verl‘a
1470 255 1572 278 tantum
1596 251 1753 287 audierant,
1775 259 1802 282 et
1826 260 1914 284 tamen

1123 293 1154 314 ea
1170 287 1226 322 ipsa
1242 288 1382 322 proferunt
1393 298 1452 325 qua:
1464 291 1613 326 dixissent,
1637 295 1660 321 si
1678 294 1809 324 vidissent
1832 299 1914 326 multa

1122 339 1272 368 magnaque
1291 335 1428 364 miracula.
1440 336 1473 364 Et
1486 345 1535 365 cur
1547 340 1715 375 evangelista;
1728 349 1781 369 non
1797 342 1915 371 referunt

1122 385 1153 405 ea
1174 386 1234 413 qua:
1254 379 1340 414 dixit,
1356 389 1468 417 qumque
1490 384 1622 411 mirabilia
1643 386 1741 413 erant?
1767 387 1803 415 Ut
1825 388 1914 417 discas

1122 423 1194 458 ipsos
1208 426 1290 453 multa
1307 433 1340 454 ex
1355 428 1459 463 magnis
1473 429 1552 456 rebus
1567 431 1788 466 praetermittere;
1812 433 1860 462 sed
1880 442 1912 462 ex

1122 474 1220 497 eventu
1244 475 1330 499 totum
1354 472 1618 502 demonstraverunt.
1648 475 1742 504 Verbis
1763 479 1836 506 enim
1857 480 1913 508 suis

1122 518 1206 542 totum
1223 517 1350 551 populum
1361 538 1369 552 ,
1386 519 1591 555 universumque
1613 520 1747 550 civitatem
1769 525 1912 552 convertit.

1121 558 1170 587 Ubi
1183 565 1272 588 autem
1294 562 1431 592 auditores
1453 572 1506 592 non
1533 565 1740 601 obtemperant,
1767 572 1829 596 tunc
1851 578 1911 604 qua:

1120 605 1243 634 Christus
1269 607 1368 636 dixerit
1392 609 1494 639 referre
1513 617 1662 647 coguntur,
1698 621 1732 642 ne
1756 614 1909 643 auditorum

1120 651 1252 687 ignaviam
1266 653 1292 680 in
1303 655 1508 684 concionantem
1535 658 1595 692 quis
1620 658 1730 687 referat.
1757 659 1823 688 Post
1847 661 1911 689 duos

1119 702 1202 725 autem
1211 698 1265 726 dies
1275 700 1336 727 exiit
1349 701 1424 735 inde,
1440 706 1463 729 et
1481 703 1543 730 abiit
1561 704 1588 730 in
1610 703 1755 733 Gatilaam.
1777 706 1823 734 Μ.
1850 706 1912 743 Ipse

1119 744 1185 771 enim
1197 744 1314 773 Christus
1328 747 1497 775 testimonium
1508 749 1650 784 perhibuit,
1664 751 1724 786 quia
1738 753 1862 786 propheta
1883 754 1910 780 in

1119 791 1201 825 patria
1215 800 1262 818 sua
1283 793 1403 821 honorent
1428 803 1479 822 non
1500 795 1583 823 habet.
1611 797 1666 824 Cur
1689 798 1740 826 hoc
1765 799 1910 834 adjicitur!

1117 836 1184 869 Quia
1200 837 1225 864 in
1240 837 1407 873 Capernaum
1420 847 1472 868 non
1487 841 1552 868 abiit
1563 862 1570 874 ,
1585 842 1631 870 sed
1652 843 1678 870 in
1703 843 1856 878 Galilteam,
1882 851 1910 873 et

1117 882 1179 910 inde
1193 883 1219 910 in
1234 883 1318 912 Cana.
1333 885 1372 913 Ne
1385 894 1491 921 quaeras
1503 887 1575 915 enim
1587 909 1595 921 ,
1612 896 1660 915 cur
1675 897 1728 916 non
1744 890 1814 924 apud
1826 899 1907 925 suos,

1116 929 1163 956 sed
1177 930 1246 965 apud
1260 930 1441 960 Samaritanos
1454 939 1579 966 maneat,
1596 942 1703 962 causam
1726 936 1818 969 all'ert.
1837 939 1908 973 quod

1117 982 1212 1010 nempe
1228 976 1314 1011 ipsum
1339 984 1391 1004 non
1414 977 1548 1005 audirent.
1567 979 1630 1006 Ideo
1647 981 1725 1015 igitur
1747 989 1801 1010 non
1820 991 1854 1010 eo
1879 991 1908 1011 se

1116 1020 1237 1054 contulit,
1253 1029 1287 1049 ne
1300 1023 1408 1057 gravius
1417 1023 1548 1058 judicium
1561 1025 1692 1053 subirent.

1149 1066 1177 1093 2.
1193 1067 1260 1094 Puto
1270 1067 1342 1094 enim
1367 1068 1410 1096 hic
1432 1070 1545 1104 patriam
1567 1078 1642 1097 suam
1667 1071 1779 1108 intelligi
1805 1073 1906 1108 Caper-

1115 1119 1193 1139 naum
1209 1120 1215 1138 :
1231 1112 1304 1147 quod
1316 1117 1405 1141 autem
1422 1114 1457 1141 ibi
1480 1115 1553 1142 nullo
1567 1123 1628 1143 cum
1652 1117 1754 1144 honore
1777 1123 1906 1154 exceptus

1113 1157 1149 1184 sit
1160 1178 1167 1188 .
1183 1157 1244 1185 audi
1257 1159 1342 1193 ipsum
1357 1158 1489 1188 dicentem
1506 1169 1512 1187 :
1529 1160 1563 1187 Et
1577 1166 1603 1187 tu
1614 1182 1621 1194 ,
1645 1161 1805 1197 Capernaunt
1816 1185 1823 1196 ,
1850 1172 1906 1199 qua;

1113 1211 1191 1238 usque
1204 1203 1238 1230 ad
1251 1204 1342 1231 calum
1356 1204 1467 1232 exaltant
1489 1213 1514 1233 es
1526 1226 1533 1239 ,
1557 1215 1635 1241 usque
1655 1207 1689 1234 ad
1711 1208 1837 1244 infernum
1856 1197 1907 1237 de:

1112 1248 1215 1276 semidea
1230 1249 1313 1285 (Luc.
1331 1251 1374 1278 10.
1390 1250 1423 1278 15
1434 1250 1454 1286 ).
1471 1251 1587 1279 Patriam
1602 1260 1667 1281 vero
1680 1261 1755 1281 suam
1767 1259 1845 1282 vocat
1859 1264 1903 1284 se-

1113 1294 1229 1322 cundum
1252 1297 1410 1324 meonomia:
1422 1298 1562 1332 rationem,
1577 1299 1637 1334 quia
1651 1299 1749 1327 diutius
1765 1301 1799 1328 ibi
1812 1309 1903 1329 versa-

1111 1343 1155 1368 tus
1170 1340 1265 1368 fuerat.
1278 1341 1346 1375 Quid
1360 1343 1442 1377 ergo?
1456 1343 1575 1378 inquies,
1595 1352 1686 1371 annon
1709 1345 1806 1374 multos
1829 1347 1903 1375 vide-

1111 1393 1178 1418 mus,
1188 1387 1232 1421 qui
1247 1387 1315 1420 apud
1329 1388 1470 1423 populares
1483 1396 1546 1416 suos
1561 1389 1734 1418 admirationi
1753 1391 1903 1421 habentur?

1111 1431 1238 1460 Videmus
1250 1434 1360 1468 utique;
1376 1434 1424 1461 sed
1445 1442 1494 1469 per
1519 1442 1551 1462 ea
1577 1443 1637 1470 qua:
1659 1444 1721 1463 raro
1745 1438 1902 1473 contingunt

1110 1485 1162 1505 non
1177 1482 1219 1505 est
1232 1479 1362 1506 sententia
1377 1480 1499 1508 ferenda.
1515 1481 1590 1514 Quod
1604 1482 1626 1508 si
1638 1482 1745 1516 quidam
1771 1483 1796 1510 in
1817 1485 1902 1518 patria

1109 1531 1156 1551 sua
1170 1523 1299 1552 honorem
1312 1529 1375 1552 sunt
1384 1527 1552 1561 consequuti,
1563 1527 1646 1554 multo
1657 1528 1740 1563 magis
1755 1528 1781 1556 iu
1796 1529 1899 1557 aliena:

1107 1570 1272 1598 consuetudo
1295 1579 1410 1606 namque
1430 1578 1611 1608 contemptum
1637 1581 1730 1608 parere
1751 1575 1830 1603 solet.
1853 1575 1899 1603 65.

1107 1614 1171 1643 Cum
1182 1624 1241 1652 ergo
1252 1617 1395 1644 venissetitt
1407 1617 1559 1650 Galilaeam,
1573 1624 1724 1654 exceperunt
1746 1628 1803 1647 eum
1828 1620 1900 1648 Gali-

1107 1661 1165 1694 ltei,
1187 1669 1244 1688 cum
1265 1662 1385 1689 vidissent
1406 1663 1490 1690 omnia
1512 1671 1570 1698 quae
1587 1666 1681 1700 fecerat
1692 1664 1858 1700 Jerasolymis
1872 1668 1897 1693 in

1107 1706 1149 1733 die
1161 1706 1224 1741 festo
1238 1716 1247 1734 :
1260 1707 1310 1742 ipsi
1324 1708 1390 1734 enim
1404 1713 1523 1735 venerant
1536 1709 1570 1735 ad
1589 1709 1655 1736 diem
1675 1711 1777 1745 festum.
1804 1710 1899 1739 Viden'

1107 1752 1241 1786 quomodo
1256 1753 1272 1779 ii
1285 1753 1328 1787 qui
1345 1754 1415 1781 male
1429 1753 1572 1781 audiebant
1585 1775 1592 1788 ,
1607 1754 1656 1788 ipsi
1682 1755 1797 1783 maxime
1818 1756 1896 1783 Chri-

1106 1803 1176 1825 stum
1192 1797 1307 1835 adeant?
1321 1798 1386 1826 Nam
1402 1799 1444 1827 hic
1456 1799 1562 1834 quidem
1576 1800 1738 1835 evangelista
1753 1800 1818 1828 dicit
1832 1811 1838 1828 :
1856 1801 1896 1830 Ex

1107 1843 1219 1871 Nazaret
1231 1849 1309 1879 potest
1322 1845 1419 1880 aliquid
1432 1845 1492 1872 boni
1506 1854 1559 1873 esse
1573 1846 1581 1880 (
1592 1845 1669 1873 Joan.
1683 1847 1709 1874 1.
1728 1847 1762 1874 47
1776 1847 1784 1882 )
1796 1847 1808 1873 τ
1829 1848 1896 1875 alius

1105 1894 1192 1917 autem
1203 1911 1210 1922 ,
1227 1890 1348 1918 Scrutare
1361 1896 1383 1918 et
1394 1891 1465 1924 uide,
1481 1892 1540 1927 quia
1555 1892 1678 1928 prop/tela
1688 1901 1703 1919 a
1715 1892 1822 1920 (inlitam
1842 1902 1894 1920 non

1104 1936 1184 1970 surgit
1207 1935 1304 1970 (Joan.
1326 1937 1351 1963 7.
1366 1937 1421 1972 52)
1438 1937 1529 1972 :qttod
1553 1937 1580 1964 in
1601 1939 1791 1966 contumeliam
1813 1939 1896 1974 ipsius

1104 1980 1237 2008 dicebant.
1260 1981 1331 2008 Multi
1349 1989 1463 2017 namque
1478 1983 1604 2017 putabant
1618 1983 1705 2018 ipsum
1726 1991 1759 2011 ex
1781 1984 1896 2012 Nazarct

1104 2034 1164 2054 esse
1179 2035 1185 2054 :
1201 2026 1279 2062 alque
1302 2028 1325 2054 ci
1350 2032 1482 2062 tamquam
1498 2028 1665 2055 Samaritano
1685 2029 1892 2064 exprobrabant.

1106 2073 1284 2100 Samaritanus
1311 2082 1353 2107 es,
1379 2074 1501 2106 aiebant,
1527 2079 1550 2100 et
1576 2074 1727 2100 dazmonium
1741 2075 1826 2102 habes.
1841 2074 1894 2102 Sed

1104 2125 1189 2150 ecce,
1216 2118 1318 2153 inquit,
1349 2119 1508 2146 Samaritani
1533 2123 1561 2146 et
1585 2118 1686 2146 Galilzni
1715 2119 1829 2147 credttnt
1861 2120 1893 2148 ad

1104 2164 1274 2199 ignominiam
1296 2164 1468 2197 Judtcorum;
1503 2165 1556 2193 imo
1587 2165 1744 2193 Samaritani
1777 2166 1894 2194 Galilatis

1103 2211 1227 2238 meliores
1249 2210 1484 2245 deprehenduntur
1497 2219 1504 2236 :
1519 2211 1556 2238 illi
1567 2212 1637 2238 enim
1652 2219 1685 2239 ex
1708 2212 1828 2240 mulieris
1850 2220 1894 2240 so-

1103 2256 1157 2282 lum
1179 2256 1328 2284 testimonio
1349 2257 1436 2291 ipsum
1455 2261 1632 2291 acceperunt;
1663 2256 1689 2284 bi
1714 2265 1792 2290 vero,
1820 2263 1893 2292 post-

1102 2308 1182 2335 quam
1203 2302 1277 2336 signa
1300 2302 1334 2329 ab
1352 2302 1397 2329 illo
1420 2302 1486 2329 facta
1508 2302 1637 2330 viderant.
1665 2302 1710 2330 £6.
1740 2302 1813 2330 Venit
1833 2311 1894 2339 ergo

1101 2346 1176 2374 .lesus
1187 2348 1277 2374 iterum
1290 2349 1316 2375 in
1328 2348 1398 2376 Cana
1410 2348 1523 2376 Galiltta!
1534 2369 1541 2381 ,
1558 2350 1598 2375 ubi
1611 2349 1668 2384 fecit
1682 2357 1774 2385 aquam
1796 2351 1895 2379 vinum.

1102 2394 1256 2422 Miraculum
1275 2395 1301 2422 in
1326 2396 1481 2423 memoriam
1505 2399 1623 2428 revocat,
1638 2395 1671 2422 ad
1695 2395 1825 2430 majorem
1844 2396 1894 2424 Sa-

1102 2439 1291 2468 maritanorum
1320 2441 1437 2468 laudem.
1463 2440 1495 2468 Hi
1522 2448 1637 2476 namque
1663 2445 1724 2476 post.
1757 2442 1831 2477 signa
1866 2448 1894 2470 et

1099 2483 1271 2520 Jerosolymis
1286 2490 1312 2513 et
1331 2485 1401 2520 apud
1422 2494 1452 2513 sc
1472 2486 1560 2519 edita,
1586 2486 1670 2521 ipsum
1694 2493 1892 2520 susceperunt:

1100 2531 1259 2559 Samaritani
1276 2540 1383 2560 veroex
1404 2532 1523 2560 doctrina
1547 2537 1659 2559 tantum.
1690 2532 1759 2560 lstnc
1787 2534 1892 2562 venisse

1099 2583 1208 2611 narrat;
1224 2587 1274 2613 qna
1289 2579 1323 2606 de
1345 2586 1424 2606 causa
1448 2579 1553 2607 venerit
1580 2586 1632 2606 non
1657 2579 1756 2614 adjicit.
1784 2579 1812 2606 In
1837 2579 1891 2607 Ga-

1100 2624 1195 2651 lilzuam
1225 2624 1296 2651 enim
1328 2629 1435 2660 propter
1463 2624 1616 2652 Judaaornm
1642 2625 1767 2652 invidiam
1800 2626 1890 2657 venit;

1098 2671 1144 2698 sed
1159 2678 1207 2698 cur
1227 2671 1253 2698 in
1275 2671 1371 2698 Caua?
1395 2671 1513 2698 Primum
1537 2675 1648 2698 vocatus
1666 2671 1699 2698 ad
1720 2671 1827 2706 nuptias
1842 2672 1889 2699 illo

1098 2721 1267 2743 concesserat
1286 2724 1293 2748 ;
1317 2716 1364 2744 sed
1378 2724 1448 2744 nunc
1461 2725 1543 2751 quare
1558 2718 1569 2744 ?
1584 2717 1646 2744 Mihi
1662 2717 1768 2752 quidem
1784 2718 1891 2745 venisse

1098 2763 1202 2790 videtur
1221 2767 1249 2789 nt
1270 2763 1348 2790 fidem
1367 2765 1463 2797 patrati
1484 2763 1605 2791 miraculi
1624 2764 1765 2799 prtesentia
1780 2772 1828 2791 sua
1843 2764 1890 2791 ﬁr-

1098 2815 1183 2837 maret
1194 2829 1201 2840 ,
1217 2814 1298 2844 tttque
1319 2817 1369 2836 non
1387 2814 1496 2838 vocatus
1510 2811 1652 2843 accedens,
1677 2811 1760 2846 magis
1775 2811 1836 2838 illos
1849 2811 1889 2837 al-

1100 2856 1204 2888 liceret,
1220 2863 1280 2883 ctnn
1293 2855 1385 2883 relicta
1401 2856 1483 2890 patria
1495 2877 1502 2890 ,
1518 2856 1577 2884 illos
1589 2857 1644 2884 suis
1658 2858 1812 2885 anteferret.
1826 2857 1890 2885 Erat
