  <div class='ocr_page' id='page_1' title='image "/cluster/home/n/w/nwhite01/storage/ocr_20150623/59/njp.32101077772661/200.png"; bbox 0 0 2041 3113; ppageno 0'>
   <div class='ocr_carea' id='block_1_1' title="bbox 151 137 200 164">
    <p class='ocr_par' dir='ltr' id='par_1_1' title="bbox 151 137 200 164">
     <span class='ocr_line' id='line_1_1' title="bbox 151 137 200 164; baseline 0 0"><span class='ocrx_word' id='word_1_1' title='bbox 151 137 200 164; x_wconf 72' lang='lat' dir='ltr'><strong>2M</strong></span> 
     </span>
    </p>
   </div>
   <div class='ocr_carea' id='block_1_2' title="bbox 151 186 945 226">
    <p class='ocr_par' dir='ltr' id='par_1_2' title="bbox 151 186 945 226">
     <span class='ocr_line' id='line_1_2' title="bbox 151 186 945 226; baseline -0.009 -7"><span class='ocrx_word' id='word_1_2' title='bbox 151 198 234 219; x_wconf 78' lang='lat' dir='ltr'><strong>autem</strong></span> <span class='ocrx_word' id='word_1_3' title='bbox 248 191 352 226; x_wconf 78' lang='lat' dir='ltr'><strong>quidam</strong></span> <span class='ocrx_word' id='word_1_4' title='bbox 367 189 478 225; x_wconf 71' lang='lat' dir='ltr'><strong>regulus,</strong></span> <span class='ocrx_word' id='word_1_5' title='bbox 491 188 564 223; x_wconf 80' lang='lat' dir='ltr'><strong>cujus</strong></span> <span class='ocrx_word' id='word_1_6' title='bbox 576 188 643 220; x_wconf 79' lang='lat' dir='ltr'><strong>ﬁlias</strong></span> <span class='ocrx_word' id='word_1_7' title='bbox 655 187 831 222; x_wconf 84' lang='lat' dir='ltr'><strong>infirmabatur</strong></span> <span class='ocrx_word' id='word_1_8' title='bbox 849 186 945 221; x_wconf 84' lang='lat' dir='ltr'><strong>Caper-</strong></span> 
     </span>
    </p>
   </div>
   <div class='ocr_carea' id='block_1_3' title="bbox 152 233 945 268">
    <p class='ocr_par' dir='ltr' id='par_1_3' title="bbox 152 233 945 268">
     <span class='ocr_line' id='line_1_3' title="bbox 152 233 945 268; baseline -0.009 -3"><span class='ocrx_word' id='word_1_9' title='bbox 152 246 240 265; x_wconf 74' lang='lat' dir='ltr'><strong>naum.</strong></span> <span class='ocrx_word' id='word_1_10' title='bbox 261 236 308 264; x_wconf 66' lang='lat'><strong>47.</strong></span> <span class='ocrx_word' id='word_1_11' title='bbox 333 235 383 263; x_wconf 87' lang='lat' dir='ltr'><strong>llic</strong></span> <span class='ocrx_word' id='word_1_12' title='bbox 405 243 462 261; x_wconf 83' lang='lat' dir='ltr'><strong>cunt</strong></span> <span class='ocrx_word' id='word_1_13' title='bbox 481 235 591 261; x_wconf 79' lang='lat' dir='ltr'><strong>audisset</strong></span> <span class='ocrx_word' id='word_1_14' title='bbox 614 234 672 268; x_wconf 86' lang='lat' dir='ltr'><strong>quia</strong></span> <span class='ocrx_word' id='word_1_15' title='bbox 692 233 768 260; x_wconf 76' lang='lat' dir='ltr'><strong>Iesus</strong></span> <span class='ocrx_word' id='word_1_16' title='bbox 789 233 915 259; x_wconf 79' lang='lat' dir='ltr'><strong>adveniret</strong></span> <span class='ocrx_word' id='word_1_17' title='bbox 929 240 945 258; x_wconf 76' lang='grc' dir='ltr'><strong><em>η</em></strong></span> 
     </span>
    </p>
   </div>
   <div class='ocr_carea' id='block_1_4' title="bbox 151 278 943 314">
    <p class='ocr_par' dir='ltr' id='par_1_4' title="bbox 151 278 943 314">
     <span class='ocr_line' id='line_1_4' title="bbox 151 278 943 314; baseline -0.009 -5"><span class='ocrx_word' id='word_1_18' title='bbox 151 282 245 309; x_wconf 82' lang='lat' dir='ltr'><strong>Juda-a</strong></span> <span class='ocrx_word' id='word_1_19' title='bbox 260 282 287 308; x_wconf 86' lang='lat' dir='ltr'><strong>in</strong></span> <span class='ocrx_word' id='word_1_20' title='bbox 307 280 441 309; x_wconf 79' lang='lat' dir='ltr'><strong>Calilceam</strong></span> <span class='ocrx_word' id='word_1_21' title='bbox 454 300 461 311; x_wconf 87' lang='lat'><strong>,</strong></span> <span class='ocrx_word' id='word_1_22' title='bbox 477 280 542 306; x_wconf 76' lang='lat' dir='ltr'><strong>venit</strong></span> <span class='ocrx_word' id='word_1_23' title='bbox 562 280 595 306; x_wconf 86' lang='lat' dir='ltr'><strong>ad</strong></span> <span class='ocrx_word' id='word_1_24' title='bbox 607 287 662 306; x_wconf 83' lang='lat' dir='ltr'><strong>eum</strong></span> <span class='ocrx_word' id='word_1_25' title='bbox 672 299 680 311; x_wconf 80' lang='lat'><strong>,</strong></span> <span class='ocrx_word' id='word_1_26' title='bbox 694 283 718 305; x_wconf 86' lang='lat' dir='ltr'><strong>et</strong></span> <span class='ocrx_word' id='word_1_27' title='bbox 731 278 835 314; x_wconf 82' lang='lat' dir='ltr'><strong>rogabat</strong></span> <span class='ocrx_word' id='word_1_28' title='bbox 847 286 903 304; x_wconf 75' lang='lat' dir='ltr'><strong>cuiu</strong></span> <span class='ocrx_word' id='word_1_29' title='bbox 917 281 943 302; x_wconf 88' lang='lat' dir='ltr'><strong>ut</strong></span> 
     </span>
    </p>
   </div>
   <div class='ocr_carea' id='block_1_5' title="bbox 151 325 945 359">
    <p class='ocr_par' dir='ltr' id='par_1_5' title="bbox 151 325 945 359">
     <span class='ocr_line' id='line_1_5' title="bbox 151 325 945 359; baseline -0.009 -4"><span class='ocrx_word' id='word_1_30' title='bbox 151 329 330 359; x_wconf 70' lang='lat' dir='ltr'><strong>descenderet,</strong></span> <span class='ocrx_word' id='word_1_31' title='bbox 352 332 376 354; x_wconf 84' lang='lat' dir='ltr'><strong>et</strong></span> <span class='ocrx_word' id='word_1_32' title='bbox 396 330 497 353; x_wconf 81' lang='lat' dir='ltr'><strong>sanaret</strong></span> <span class='ocrx_word' id='word_1_33' title='bbox 519 325 601 359; x_wconf 84' lang='lat' dir='ltr'><strong>ﬁlium</strong></span> <span class='ocrx_word' id='word_1_34' title='bbox 625 325 682 359; x_wconf 78' lang='lat' dir='ltr'><strong>ejus</strong></span> <span class='ocrx_word' id='word_1_35' title='bbox 696 332 705 356; x_wconf 89' lang='lat'><strong>;</strong></span> <span class='ocrx_word' id='word_1_36' title='bbox 719 325 774 351; x_wconf 89' lang='lat' dir='ltr'><strong>sive</strong></span> <span class='ocrx_word' id='word_1_37' title='bbox 799 331 830 350; x_wconf 80' lang='lat' dir='ltr'><strong>ex</strong></span> <span class='ocrx_word' id='word_1_38' title='bbox 847 330 945 358; x_wconf 83' lang='lat' dir='ltr'><strong>genere</strong></span> 
     </span>
    </p>
   </div>
   <div class='ocr_carea' id='block_1_6' title="bbox 151 369 945 409">
    <p class='ocr_par' dir='ltr' id='par_1_6' title="bbox 151 369 945 409">
     <span class='ocr_line' id='line_1_6' title="bbox 151 369 945 409; baseline -0.01 -7"><span class='ocrx_word' id='word_1_39' title='bbox 151 375 226 409; x_wconf 75' lang='lat' dir='ltr'><strong>regio</strong></span> <span class='ocrx_word' id='word_1_40' title='bbox 240 381 301 401; x_wconf 92' lang='lat' dir='ltr'><strong>cum</strong></span> <span class='ocrx_word' id='word_1_41' title='bbox 326 378 419 404; x_wconf 86' lang='lat' dir='ltr'><strong>esset,</strong></span> <span class='ocrx_word' id='word_1_42' title='bbox 438 371 477 399; x_wconf 75' lang='lat' dir='ltr'><strong>vel</strong></span> <span class='ocrx_word' id='word_1_43' title='bbox 502 379 534 398; x_wconf 83' lang='lat' dir='ltr'><strong>ex</strong></span> <span class='ocrx_word' id='word_1_44' title='bbox 550 370 664 406; x_wconf 81' lang='lat' dir='ltr'><strong>quatiam</strong></span> <span class='ocrx_word' id='word_1_45' title='bbox 688 370 814 404; x_wconf 82' lang='lat' dir='ltr'><strong>dignitate</strong></span> <span class='ocrx_word' id='word_1_46' title='bbox 838 369 945 403; x_wconf 84' lang='lat' dir='ltr'><strong>regulus</strong></span> 
     </span>
    </p>
   </div>
   <div class='ocr_carea' id='block_1_7' title="bbox 150 413 944 454">
    <p class='ocr_par' dir='ltr' id='par_1_7' title="bbox 150 413 944 454">
     <span class='ocr_line' id='line_1_7' title="bbox 150 413 944 454; baseline -0.008 -8"><span class='ocrx_word' id='word_1_47' title='bbox 150 420 342 454; x_wconf 71' lang='lat' dir='ltr'><strong>appellaretur.</strong></span> <span class='ocrx_word' id='word_1_48' title='bbox 360 418 471 452; x_wconf 83' lang='lat' dir='ltr'><strong>Quidam</strong></span> <span class='ocrx_word' id='word_1_49' title='bbox 496 421 590 451; x_wconf 87' lang='lat' dir='ltr'><strong>putant</strong></span> <span class='ocrx_word' id='word_1_50' title='bbox 613 416 683 443; x_wconf 92' lang='lat' dir='ltr'><strong>hunc</strong></span> <span class='ocrx_word' id='word_1_51' title='bbox 708 416 794 449; x_wconf 66' lang='lat' dir='ltr'><strong>ipsum</strong></span> <span class='ocrx_word' id='word_1_52' title='bbox 817 422 877 442; x_wconf 79' lang='lat' dir='ltr'><strong>esse</strong></span> <span class='ocrx_word' id='word_1_53' title='bbox 900 413 944 448; x_wconf 86' lang='lat' dir='ltr'><strong>qui</strong></span> 
     </span>
    </p>
   </div>
   <div class='ocr_carea' id='block_1_8' title="bbox 151 460 944 494">
    <p class='ocr_par' dir='ltr' id='par_1_8' title="bbox 151 460 944 494">
     <span class='ocr_line' id='line_1_8' title="bbox 151 460 944 494; baseline -0.009 -2"><span class='ocrx_word' id='word_1_54' title='bbox 151 470 317 492; x_wconf 86' lang='lat' dir='ltr'><strong>memoratur</strong></span> <span class='ocrx_word' id='word_1_55' title='bbox 339 472 353 489; x_wconf 69' lang='grc' dir='ltr'><strong>τι</strong></span> <span class='ocrx_word' id='word_1_56' title='bbox 370 462 493 490; x_wconf 73' lang='lat' dir='ltr'><strong>Mattiaco</strong></span> <span class='ocrx_word' id='word_1_57' title='bbox 508 471 515 494; x_wconf 89' lang='lat'><strong>;</strong></span> <span class='ocrx_word' id='word_1_58' title='bbox 532 462 577 488; x_wconf 86' lang='lat' dir='ltr'><strong>sed</strong></span> <span class='ocrx_word' id='word_1_59' title='bbox 601 462 670 488; x_wconf 87' lang='lat' dir='ltr'><strong>alius</strong></span> <span class='ocrx_word' id='word_1_60' title='bbox 682 468 741 487; x_wconf 85' lang='lat' dir='ltr'><strong>esse</strong></span> <span class='ocrx_word' id='word_1_61' title='bbox 754 460 880 494; x_wconf 92' lang='lat' dir='ltr'><strong>probatur</strong></span> <span class='ocrx_word' id='word_1_62' title='bbox 891 467 944 486; x_wconf 87' lang='lat' dir='ltr'><strong>non</strong></span> 
     </span>
    </p>
   </div>
   <div class='ocr_carea' id='block_1_9' title="bbox 149 506 945 544">
    <p class='ocr_par' dir='ltr' id='par_1_9' title="bbox 149 506 945 544">
     <span class='ocr_line' id='line_1_9' title="bbox 149 506 945 544; baseline -0.005 -7"><span class='ocrx_word' id='word_1_63' title='bbox 149 518 185 537; x_wconf 78' lang='lat' dir='ltr'><strong>ex</strong></span> <span class='ocrx_word' id='word_1_64' title='bbox 208 510 337 544; x_wconf 83' lang='lat' dir='ltr'><strong>dignitate</strong></span> <span class='ocrx_word' id='word_1_65' title='bbox 356 509 456 539; x_wconf 87' lang='lat' dir='ltr'><strong>modo,</strong></span> <span class='ocrx_word' id='word_1_66' title='bbox 472 507 519 534; x_wconf 83' lang='lat' dir='ltr'><strong>sed</strong></span> <span class='ocrx_word' id='word_1_67' title='bbox 534 507 613 534; x_wconf 79' lang='lat' dir='ltr'><strong>etiam</strong></span> <span class='ocrx_word' id='word_1_68' title='bbox 634 514 665 534; x_wconf 80' lang='lat' dir='ltr'><strong>ex</strong></span> <span class='ocrx_word' id='word_1_69' title='bbox 681 507 742 534; x_wconf 84' lang='lat' dir='ltr'><strong>fide.</strong></span> <span class='ocrx_word' id='word_1_70' title='bbox 763 506 811 533; x_wconf 83' lang='lat' dir='ltr'><strong>Ille</strong></span> <span class='ocrx_word' id='word_1_71' title='bbox 831 512 945 540; x_wconf 85' lang='lat' dir='ltr'><strong>namque</strong></span> 
     </span>
    </p>
   </div>
   <div class='ocr_carea' id='block_1_10' title="bbox 150 551 945 587">
    <p class='ocr_par' dir='ltr' id='par_1_10' title="bbox 150 551 945 587">
     <span class='ocr_line' id='line_1_10' title="bbox 150 551 945 587; baseline -0.004 -6"><span class='ocrx_word' id='word_1_72' title='bbox 150 556 288 582; x_wconf 76' lang='lat' dir='ltr'><strong>Christum</strong></span> <span class='ocrx_word' id='word_1_73' title='bbox 310 556 349 583; x_wconf 80' lang='lat' dir='ltr'><strong>ire</strong></span> <span class='ocrx_word' id='word_1_74' title='bbox 371 555 522 586; x_wconf 83' lang='lat' dir='ltr'><strong>volentem,</strong></span> <span class='ocrx_word' id='word_1_75' title='bbox 538 561 571 580; x_wconf 82' lang='lat' dir='ltr'><strong>ne</strong></span> <span class='ocrx_word' id='word_1_76' title='bbox 593 557 635 579; x_wconf 90' lang='lat' dir='ltr'><strong>cat</strong></span> <span class='ocrx_word' id='word_1_77' title='bbox 650 557 743 587; x_wconf 79' lang='lat' dir='ltr'><strong>rogat;</strong></span> <span class='ocrx_word' id='word_1_78' title='bbox 759 551 802 579; x_wconf 83' lang='lat' dir='ltr'><strong>hic</strong></span> <span class='ocrx_word' id='word_1_79' title='bbox 823 559 872 579; x_wconf 86' lang='lat' dir='ltr'><strong>nec</strong></span> <span class='ocrx_word' id='word_1_80' title='bbox 885 559 945 578; x_wconf 84' lang='lat' dir='ltr'><strong>sese</strong></span> 
     </span>
    </p>
   </div>
   <div class='ocr_carea' id='block_1_11' title="bbox 150 597 945 632">
    <p class='ocr_par' dir='ltr' id='par_1_11' title="bbox 150 597 945 632">
     <span class='ocr_line' id='line_1_11' title="bbox 150 597 945 632; baseline -0.005 -4"><span class='ocrx_word' id='word_1_81' title='bbox 150 601 321 631; x_wconf 73' lang='lat' dir='ltr'><strong>offerentem,</strong></span> <span class='ocrx_word' id='word_1_82' title='bbox 337 601 445 628; x_wconf 86' lang='lat' dir='ltr'><strong>domum</strong></span> <span class='ocrx_word' id='word_1_83' title='bbox 458 599 548 626; x_wconf 84' lang='lat' dir='ltr'><strong>trahit.</strong></span> <span class='ocrx_word' id='word_1_84' title='bbox 559 599 606 626; x_wconf 89' lang='lat' dir='ltr'><strong>llle</strong></span> <span class='ocrx_word' id='word_1_85' title='bbox 621 598 695 630; x_wconf 90' lang='lat' dir='ltr'><strong>dicit,</strong></span> <span class='ocrx_word' id='word_1_86' title='bbox 712 597 772 624; x_wconf 83' lang='lat' dir='ltr'><strong>Non</strong></span> <span class='ocrx_word' id='word_1_87' title='bbox 788 606 841 624; x_wconf 86' lang='lat' dir='ltr'><strong>sum</strong></span> <span class='ocrx_word' id='word_1_88' title='bbox 854 597 945 632; x_wconf 79' lang='lat' dir='ltr'><strong>dignus</strong></span> 
     </span>
    </p>
   </div>
   <div class='ocr_carea' id='block_1_12' title="bbox 151 642 945 677">
    <p class='ocr_par' dir='ltr' id='par_1_12' title="bbox 151 642 945 677">
     <span class='ocr_line' id='line_1_12' title="bbox 151 642 945 677; baseline -0.005 -5"><span class='ocrx_word' id='word_1_89' title='bbox 151 652 179 672; x_wconf 88' lang='lat' dir='ltr'><strong>ut</strong></span> <span class='ocrx_word' id='word_1_90' title='bbox 194 647 271 673; x_wconf 83' lang='lat' dir='ltr'><strong>intres</strong></span> <span class='ocrx_word' id='word_1_91' title='bbox 284 646 329 672; x_wconf 82' lang='lat' dir='ltr'><strong>sub</strong></span> <span class='ocrx_word' id='word_1_92' title='bbox 344 650 432 672; x_wconf 83' lang='lat' dir='ltr'><strong>tectum</strong></span> <span class='ocrx_word' id='word_1_93' title='bbox 447 652 529 670; x_wconf 84' lang='lat' dir='ltr'><strong>meum</strong></span> <span class='ocrx_word' id='word_1_94' title='bbox 537 652 547 675; x_wconf 87' lang='lat'><strong><em>;</em></strong></span> <span class='ocrx_word' id='word_1_95' title='bbox 560 643 602 670; x_wconf 90' lang='lat' dir='ltr'><strong>hic</strong></span> <span class='ocrx_word' id='word_1_96' title='bbox 614 647 689 677; x_wconf 75' lang='lat' dir='ltr'><strong>urget</strong></span> <span class='ocrx_word' id='word_1_97' title='bbox 699 642 802 675; x_wconf 88' lang='lat' dir='ltr'><strong>dicens,</strong></span> <span class='ocrx_word' id='word_1_98' title='bbox 818 642 945 669; x_wconf 76' lang='lat' dir='ltr'><strong>Descende</strong></span> 
     </span>
    </p>
   </div>
   <div class='ocr_carea' id='block_1_13' title="bbox 151 689 946 728">
    <p class='ocr_par' dir='ltr' id='par_1_13' title="bbox 151 689 946 728">
     <span class='ocr_line' id='line_1_13' title="bbox 151 689 946 728; baseline -0.006 -7"><span class='ocrx_word' id='word_1_99' title='bbox 151 695 301 728; x_wconf 75' lang='lat' dir='ltr'><strong>priusquam</strong></span> <span class='ocrx_word' id='word_1_100' title='bbox 326 692 446 719; x_wconf 82' lang='lat' dir='ltr'><strong>moriatur</strong></span> <span class='ocrx_word' id='word_1_101' title='bbox 469 691 538 725; x_wconf 82' lang='lat' dir='ltr'><strong>ﬁlius</strong></span> <span class='ocrx_word' id='word_1_102' title='bbox 559 698 629 717; x_wconf 83' lang='lat' dir='ltr'><strong>meus</strong></span> <span class='ocrx_word' id='word_1_103' title='bbox 650 689 764 724; x_wconf 84' lang='lat' dir='ltr'><strong>(Matth.</strong></span> <span class='ocrx_word' id='word_1_104' title='bbox 780 690 806 716; x_wconf 88' lang='lat'><strong>8.</strong></span> <span class='ocrx_word' id='word_1_105' title='bbox 823 689 872 723; x_wconf 87' lang='lat'><strong>8).</strong></span> <span class='ocrx_word' id='word_1_106' title='bbox 900 689 946 716; x_wconf 86' lang='lat' dir='ltr'><strong>llle</strong></span> 
     </span>
    </p>
   </div>
   <div class='ocr_carea' id='block_1_14' title="bbox 151 735 946 769">
    <p class='ocr_par' dir='ltr' id='par_1_14' title="bbox 151 735 946 769">
     <span class='ocr_line' id='line_1_14' title="bbox 151 735 946 769; baseline -0.004 -4"><span class='ocrx_word' id='word_1_107' title='bbox 151 748 188 767; x_wconf 77' lang='lat' dir='ltr'><strong>ue</strong></span> <span class='ocrx_word' id='word_1_108' title='bbox 211 743 306 766; x_wconf 86' lang='lat' dir='ltr'><strong>monte</strong></span> <span class='ocrx_word' id='word_1_109' title='bbox 329 737 496 765; x_wconf 77' lang='lat' dir='ltr'><strong>descendens</strong></span> <span class='ocrx_word' id='word_1_110' title='bbox 515 735 680 769; x_wconf 85' lang='lat' dir='ltr'><strong>Capcrnaum</strong></span> <span class='ocrx_word' id='word_1_111' title='bbox 703 735 794 768; x_wconf 84' lang='lat' dir='ltr'><strong>venit;</strong></span> <span class='ocrx_word' id='word_1_112' title='bbox 818 735 860 761; x_wconf 92' lang='lat' dir='ltr'><strong>hic</strong></span> <span class='ocrx_word' id='word_1_113' title='bbox 882 742 946 762; x_wconf 88' lang='lat' dir='ltr'><strong>vero</strong></span> 
     </span>
    </p>
   </div>
   <div class='ocr_carea' id='block_1_15' title="bbox 153 780 945 816">
    <p class='ocr_par' dir='ltr' id='par_1_15' title="bbox 153 780 945 816">
     <span class='ocr_line' id='line_1_15' title="bbox 153 780 945 816; baseline -0.008 -4"><span class='ocrx_word' id='word_1_114' title='bbox 153 795 166 812; x_wconf 77' lang='grc' dir='ltr'><strong>ιι</strong></span> <span class='ocrx_word' id='word_1_115' title='bbox 181 785 314 816; x_wconf 82' lang='lat' dir='ltr'><strong>Samaria,</strong></span> <span class='ocrx_word' id='word_1_116' title='bbox 331 791 383 810; x_wconf 89' lang='lat' dir='ltr'><strong>non</strong></span> <span class='ocrx_word' id='word_1_117' title='bbox 407 783 432 809; x_wconf 92' lang='lat' dir='ltr'><strong>in</strong></span> <span class='ocrx_word' id='word_1_118' title='bbox 448 783 627 816; x_wconf 86' lang='lat' dir='ltr'><strong>Capernaum,</strong></span> <span class='ocrx_word' id='word_1_119' title='bbox 643 780 690 809; x_wconf 84' lang='lat' dir='ltr'><strong>sed</strong></span> <span class='ocrx_word' id='word_1_120' title='bbox 708 782 732 807; x_wconf 94' lang='lat' dir='ltr'><strong>in</strong></span> <span class='ocrx_word' id='word_1_121' title='bbox 748 780 820 808; x_wconf 81' lang='lat' dir='ltr'><strong>Cana</strong></span> <span class='ocrx_word' id='word_1_122' title='bbox 836 781 945 807; x_wconf 84' lang='lat' dir='ltr'><strong>venien-</strong></span> 
     </span>
    </p>
   </div>
   <div class='ocr_carea' id='block_1_16' title="bbox 150 825 945 863">
    <p class='ocr_par' dir='ltr' id='par_1_16' title="bbox 150 825 945 863">
     <span class='ocr_line' id='line_1_16' title="bbox 150 825 945 863; baseline -0.004 -8"><span class='ocrx_word' id='word_1_123' title='bbox 150 836 206 857; x_wconf 85' lang='lat' dir='ltr'><strong>tem</strong></span> <span class='ocrx_word' id='word_1_124' title='bbox 221 830 285 856; x_wconf 86' lang='lat' dir='ltr'><strong>adit.</strong></span> <span class='ocrx_word' id='word_1_125' title='bbox 305 829 377 855; x_wconf 91' lang='lat' dir='ltr'><strong>Illius</strong></span> <span class='ocrx_word' id='word_1_126' title='bbox 398 835 464 862; x_wconf 82' lang='lat' dir='ltr'><strong>p&#39;tCI‘</strong></span> <span class='ocrx_word' id='word_1_127' title='bbox 485 827 598 863; x_wconf 75' lang='lat' dir='ltr'><strong>paralysi</strong></span> <span class='ocrx_word' id='word_1_128' title='bbox 615 826 767 859; x_wconf 79' lang='lat' dir='ltr'><strong>laborabat,</strong></span> <span class='ocrx_word' id='word_1_129' title='bbox 785 825 862 860; x_wconf 86' lang='lat' dir='ltr'><strong>hujus</strong></span> <span class='ocrx_word' id='word_1_130' title='bbox 876 826 945 852; x_wconf 79' lang='lat' dir='ltr'><strong>illius</strong></span> 
     </span>
    </p>
   </div>
   <div class='ocr_carea' id='block_1_17' title="bbox 151 871 945 908">
    <p class='ocr_par' dir='ltr' id='par_1_17' title="bbox 151 871 945 908">
     <span class='ocr_line' id='line_1_17' title="bbox 151 871 945 908; baseline -0.005 -6"><span class='ocrx_word' id='word_1_131' title='bbox 151 875 230 902; x_wconf 66' lang='lat' dir='ltr'><strong>febri.</strong></span> <span class='ocrx_word' id='word_1_132' title='bbox 252 874 287 901; x_wconf 82' lang='lat' dir='ltr'><strong>Et</strong></span> <span class='ocrx_word' id='word_1_133' title='bbox 303 874 401 901; x_wconf 77' lang='lat' dir='ltr'><strong>veniens</strong></span> <span class='ocrx_word' id='word_1_134' title='bbox 416 873 520 908; x_wconf 78' lang='lat' dir='ltr'><strong>rogabat</strong></span> <span class='ocrx_word' id='word_1_135' title='bbox 535 881 592 899; x_wconf 84' lang='lat' dir='ltr'><strong>eum</strong></span> <span class='ocrx_word' id='word_1_136' title='bbox 613 877 640 898; x_wconf 86' lang='lat' dir='ltr'><strong>ut</strong></span> <span class='ocrx_word' id='word_1_137' title='bbox 658 876 758 899; x_wconf 85' lang='lat' dir='ltr'><strong>sanaret</strong></span> <span class='ocrx_word' id='word_1_138' title='bbox 771 871 852 906; x_wconf 86' lang='lat' dir='ltr'><strong>ﬁlium</strong></span> <span class='ocrx_word' id='word_1_139' title='bbox 865 872 919 905; x_wconf 85' lang='lat' dir='ltr'><strong>ejus</strong></span> <span class='ocrx_word' id='word_1_140' title='bbox 936 879 945 898; x_wconf 92' lang='lat'><em>:</em></span> 
     </span>
    </p>
   </div>
   <div class='ocr_carea' id='block_1_18' title="bbox 152 917 946 954">
    <p class='ocr_par' dir='ltr' id='par_1_18' title="bbox 152 917 946 954">
     <span class='ocr_line' id='line_1_18' title="bbox 152 917 946 954; baseline -0.004 -7"><span class='ocrx_word' id='word_1_141' title='bbox 152 921 287 954; x_wconf 75' lang='lat' dir='ltr'><strong>incipiebat</strong></span> <span class='ocrx_word' id='word_1_142' title='bbox 312 920 377 947; x_wconf 85' lang='lat' dir='ltr'><strong>enim</strong></span> <span class='ocrx_word' id='word_1_143' title='bbox 397 919 471 945; x_wconf 87' lang='lat' dir='ltr'><strong>mori.</strong></span> <span class='ocrx_word' id='word_1_144' title='bbox 494 918 561 951; x_wconf 85' lang='lat' dir='ltr'><strong>Quid</strong></span> <span class='ocrx_word' id='word_1_145' title='bbox 586 926 650 953; x_wconf 79' lang='lat' dir='ltr'><strong>ergo</strong></span> <span class='ocrx_word' id='word_1_146' title='bbox 664 918 805 945; x_wconf 80' lang='lat' dir='ltr'><strong>Christus?</strong></span> <span class='ocrx_word' id='word_1_147' title='bbox 819 918 862 945; x_wconf 70' lang='lat'><strong>48.</strong></span> <span class='ocrx_word' id='word_1_148' title='bbox 886 917 946 945; x_wconf 78' lang='lat' dir='ltr'><strong>Nisi</strong></span> 
     </span>
    </p>
   </div>
   <div class='ocr_carea' id='block_1_19' title="bbox 151 964 944 1002">
    <p class='ocr_par' dir='ltr' id='par_1_19' title="bbox 151 964 944 1002">
     <span class='ocr_line' id='line_1_19' title="bbox 151 964 944 1002; baseline -0.004 -8"><span class='ocrx_word' id='word_1_149' title='bbox 151 968 225 1002; x_wconf 75' lang='lat' dir='ltr'><strong>signa</strong></span> <span class='ocrx_word' id='word_1_150' title='bbox 249 970 271 993; x_wconf 79' lang='lat' dir='ltr'><strong>et</strong></span> <span class='ocrx_word' id='word_1_151' title='bbox 292 965 410 1000; x_wconf 86' lang='lat' dir='ltr'><strong>prodigia</strong></span> <span class='ocrx_word' id='word_1_152' title='bbox 433 964 543 991; x_wconf 79' lang='lat' dir='ltr'><strong>videritis</strong></span> <span class='ocrx_word' id='word_1_153' title='bbox 556 985 563 996; x_wconf 84' lang='grc'><em>,</em></span> <span class='ocrx_word' id='word_1_154' title='bbox 580 972 630 990; x_wconf 86' lang='lat' dir='ltr'><strong>non</strong></span> <span class='ocrx_word' id='word_1_155' title='bbox 650 964 762 990; x_wconf 78' lang='lat' dir='ltr'><strong>creditis.</strong></span> <span class='ocrx_word' id='word_1_156' title='bbox 780 964 859 998; x_wconf 84' lang='lat' dir='ltr'><strong>Atqui</strong></span> <span class='ocrx_word' id='word_1_157' title='bbox 874 964 944 999; x_wconf 90' lang='lat' dir='ltr'><strong>qttod</strong></span> 
     </span>
    </p>
   </div>
   <div class='ocr_carea' id='block_1_20' title="bbox 152 1009 944 1045">
    <p class='ocr_par' dir='ltr' id='par_1_20' title="bbox 152 1009 944 1045">
     <span class='ocr_line' id='line_1_20' title="bbox 152 1009 944 1045; baseline -0.003 -7"><span class='ocrx_word' id='word_1_158' title='bbox 152 1011 257 1038; x_wconf 88' lang='lat' dir='ltr'><strong>veniret</strong></span> <span class='ocrx_word' id='word_1_159' title='bbox 277 1015 304 1038; x_wconf 85' lang='lat' dir='ltr'><strong>et</strong></span> <span class='ocrx_word' id='word_1_160' title='bbox 325 1015 451 1045; x_wconf 77' lang='lat' dir='ltr'><strong>rogaret,</strong></span> <span class='ocrx_word' id='word_1_161' title='bbox 469 1010 494 1037; x_wconf 88' lang='lat' dir='ltr'><strong>id</strong></span> <span class='ocrx_word' id='word_1_162' title='bbox 511 1009 577 1037; x_wconf 87' lang='lat' dir='ltr'><strong>fides</strong></span> <span class='ocrx_word' id='word_1_163' title='bbox 595 1015 649 1036; x_wconf 89' lang='lat' dir='ltr'><strong>erat</strong></span> <span class='ocrx_word' id='word_1_164' title='bbox 665 1018 672 1042; x_wconf 89' lang='lat'><strong>;</strong></span> <span class='ocrx_word' id='word_1_165' title='bbox 689 1013 716 1036; x_wconf 87' lang='lat' dir='ltr'><strong>et</strong></span> <span class='ocrx_word' id='word_1_166' title='bbox 732 1015 822 1043; x_wconf 88' lang='lat' dir='ltr'><strong>postea</strong></span> <span class='ocrx_word' id='word_1_167' title='bbox 838 1010 888 1037; x_wconf 88' lang='lat' dir='ltr'><strong>hoc</strong></span> <span class='ocrx_word' id='word_1_168' title='bbox 904 1011 944 1044; x_wconf 89' lang='lat' dir='ltr'><strong>ip-</strong></span> 
     </span>
    </p>
   </div>
   <div class='ocr_carea' id='block_1_21' title="bbox 153 1056 944 1091">
    <p class='ocr_par' dir='ltr' id='par_1_21' title="bbox 153 1056 944 1091">
     <span class='ocr_line' id='line_1_21' title="bbox 153 1056 944 1091; baseline -0.001 -7"><span class='ocrx_word' id='word_1_169' title='bbox 153 1066 213 1085; x_wconf 85' lang='lat' dir='ltr'><strong>sum</strong></span> <span class='ocrx_word' id='word_1_170' title='bbox 231 1057 388 1085; x_wconf 85' lang='lat' dir='ltr'><strong>testificatur</strong></span> <span class='ocrx_word' id='word_1_171' title='bbox 409 1057 571 1091; x_wconf 71' lang='lat' dir='ltr'><strong>evangelista</strong></span> <span class='ocrx_word' id='word_1_172' title='bbox 594 1057 685 1084; x_wconf 90' lang='lat' dir='ltr'><strong>dicens</strong></span> <span class='ocrx_word' id='word_1_173' title='bbox 703 1066 709 1083; x_wconf 92' lang='lat'>:</span> <span class='ocrx_word' id='word_1_174' title='bbox 731 1056 797 1084; x_wconf 90' lang='lat' dir='ltr'><strong>Cum</strong></span> <span class='ocrx_word' id='word_1_175' title='bbox 812 1057 890 1084; x_wconf 84' lang='lat' dir='ltr'><strong>Jesus</strong></span> <span class='ocrx_word' id='word_1_176' title='bbox 904 1057 944 1083; x_wconf 46' lang='lat' dir='ltr'><strong>di-</strong></span> 
     </span>
    </p>
   </div>
   <div class='ocr_carea' id='block_1_22' title="bbox 155 1103 943 1139">
    <p class='ocr_par' dir='ltr' id='par_1_22' title="bbox 155 1103 943 1139">
     <span class='ocr_line' id='line_1_22' title="bbox 155 1103 943 1139; baseline -0.001 -8"><span class='ocrx_word' id='word_1_177' title='bbox 155 1104 250 1137; x_wconf 59' lang='lat' dir='ltr'><strong>sisset,</strong></span> <span class='ocrx_word' id='word_1_178' title='bbox 267 1103 345 1135; x_wconf 82' lang='lat' dir='ltr'><strong>Vade,</strong></span> <span class='ocrx_word' id='word_1_179' title='bbox 360 1104 429 1137; x_wconf 82' lang='lat' dir='ltr'><strong>ﬁlius</strong></span> <span class='ocrx_word' id='word_1_180' title='bbox 451 1108 508 1130; x_wconf 82' lang='lat' dir='ltr'><strong>titus</strong></span> <span class='ocrx_word' id='word_1_181' title='bbox 527 1104 602 1136; x_wconf 85' lang='lat' dir='ltr'><strong>vivit,</strong></span> <span class='ocrx_word' id='word_1_182' title='bbox 618 1103 722 1130; x_wconf 75' lang='lat' dir='ltr'><strong>credidit</strong></span> <span class='ocrx_word' id='word_1_183' title='bbox 744 1105 851 1130; x_wconf 76' lang='lat' dir='ltr'><strong>sermoni</strong></span> <span class='ocrx_word' id='word_1_184' title='bbox 872 1105 943 1139; x_wconf 81' lang='lat' dir='ltr'><strong>ejus,</strong></span> 
     </span>
    </p>
   </div>
   <div class='ocr_carea' id='block_1_23' title="bbox 153 1149 944 1184">
    <p class='ocr_par' dir='ltr' id='par_1_23' title="bbox 153 1149 944 1184">
     <span class='ocr_line' id='line_1_23' title="bbox 153 1149 944 1184; baseline 0 -8"><span class='ocrx_word' id='word_1_185' title='bbox 153 1155 175 1176; x_wconf 75' lang='lat' dir='ltr'><strong>ct</strong></span> <span class='ocrx_word' id='word_1_186' title='bbox 198 1151 258 1176; x_wconf 87' lang='lat' dir='ltr'><strong>ibat.</strong></span> <span class='ocrx_word' id='word_1_187' title='bbox 274 1150 342 1183; x_wconf 85' lang='lat' dir='ltr'><strong>Quid</strong></span> <span class='ocrx_word' id='word_1_188' title='bbox 363 1158 425 1184; x_wconf 82' lang='lat' dir='ltr'><strong>ergo</strong></span> <span class='ocrx_word' id='word_1_189' title='bbox 444 1150 492 1177; x_wconf 90' lang='lat' dir='ltr'><strong>sibi</strong></span> <span class='ocrx_word' id='word_1_190' title='bbox 514 1151 569 1177; x_wconf 92' lang='lat' dir='ltr'><strong>vult</strong></span> <span class='ocrx_word' id='word_1_191' title='bbox 585 1149 628 1177; x_wconf 89' lang='lat' dir='ltr'><strong>hic</strong></span> <span class='ocrx_word' id='word_1_192' title='bbox 641 1152 653 1176; x_wconf 77' lang='lat' dir='ltr'><strong>‘l</strong></span> <span class='ocrx_word' id='word_1_193' title='bbox 670 1150 716 1177; x_wconf 83' lang='lat' dir='ltr'><strong>Vel</strong></span> <span class='ocrx_word' id='word_1_194' title='bbox 732 1151 782 1177; x_wconf 88' lang='lat' dir='ltr'><strong>hoc</strong></span> <span class='ocrx_word' id='word_1_195' title='bbox 795 1150 944 1177; x_wconf 84' lang='lat' dir='ltr'><strong>Samarita-</strong></span> 
     </span>
    </p>
   </div>
   <div class='ocr_carea' id='block_1_24' title="bbox 153 1195 944 1230">
    <p class='ocr_par' dir='ltr' id='par_1_24' title="bbox 153 1195 944 1230">
     <span class='ocr_line' id='line_1_24' title="bbox 153 1195 944 1230; baseline -0.001 -7"><span class='ocrx_word' id='word_1_196' title='bbox 153 1203 214 1228; x_wconf 77' lang='lat' dir='ltr'><strong>uos,</strong></span> <span class='ocrx_word' id='word_1_197' title='bbox 230 1196 274 1230; x_wconf 89' lang='lat' dir='ltr'><strong>qui</strong></span> <span class='ocrx_word' id='word_1_198' title='bbox 295 1196 352 1222; x_wconf 88' lang='lat' dir='ltr'><strong>sine</strong></span> <span class='ocrx_word' id='word_1_199' title='bbox 367 1196 448 1230; x_wconf 79' lang='lat' dir='ltr'><strong>signis</strong></span> <span class='ocrx_word' id='word_1_200' title='bbox 461 1195 642 1229; x_wconf 81' lang='lat' dir='ltr'><strong>crediderunt,</strong></span> <span class='ocrx_word' id='word_1_201' title='bbox 660 1196 794 1222; x_wconf 82' lang='lat' dir='ltr'><strong>admirans</strong></span> <span class='ocrx_word' id='word_1_202' title='bbox 810 1196 886 1227; x_wconf 81' lang='lat' dir='ltr'><strong>dixit,</strong></span> <span class='ocrx_word' id='word_1_203' title='bbox 904 1196 944 1222; x_wconf 91' lang='lat' dir='ltr'><strong>vel</strong></span> 
     </span>
    </p>
   </div>
   <div class='ocr_carea' id='block_1_25' title="bbox 153 1241 943 1276">
    <p class='ocr_par' dir='ltr' id='par_1_25' title="bbox 153 1241 943 1276">
     <span class='ocr_line' id='line_1_25' title="bbox 153 1241 943 1276; baseline 0.001 -9"><span class='ocrx_word' id='word_1_204' title='bbox 153 1248 223 1271; x_wconf 80' lang='lat' dir='ltr'><strong>eam,</strong></span> <span class='ocrx_word' id='word_1_205' title='bbox 239 1248 298 1274; x_wconf 72' lang='lat' dir='ltr'><strong>qum</strong></span> <span class='ocrx_word' id='word_1_206' title='bbox 311 1248 357 1267; x_wconf 89' lang='lat' dir='ltr'><strong>sua</strong></span> <span class='ocrx_word' id='word_1_207' title='bbox 373 1241 512 1268; x_wconf 83' lang='lat' dir='ltr'><strong>videbatur</strong></span> <span class='ocrx_word' id='word_1_208' title='bbox 525 1249 595 1274; x_wconf 83' lang='lat' dir='ltr'><strong>esse,</strong></span> <span class='ocrx_word' id='word_1_209' title='bbox 611 1242 759 1274; x_wconf 83' lang='lat' dir='ltr'><strong>civitatem,</strong></span> <span class='ocrx_word' id='word_1_210' title='bbox 774 1242 943 1276; x_wconf 87' lang='lat' dir='ltr'><strong>Capernanm</strong></span> 
     </span>
    </p>
   </div>
   <div class='ocr_carea' id='block_1_26' title="bbox 153 1287 943 1323">
    <p class='ocr_par' dir='ltr' id='par_1_26' title="bbox 153 1287 943 1323">
     <span class='ocr_line' id='line_1_26' title="bbox 153 1287 943 1323; baseline 0.001 -10"><span class='ocrx_word' id='word_1_211' title='bbox 153 1293 260 1320; x_wconf 61' lang='lat' dir='ltr'><strong>nemini.</strong></span> <span class='ocrx_word' id='word_1_212' title='bbox 274 1287 436 1321; x_wconf 78' lang='lat' dir='ltr'><strong>perstringit.</strong></span> <span class='ocrx_word' id='word_1_213' title='bbox 449 1287 586 1322; x_wconf 80' lang='lat' dir='ltr'><strong>Siquidem</strong></span> <span class='ocrx_word' id='word_1_214' title='bbox 604 1296 664 1315; x_wconf 91' lang='lat' dir='ltr'><strong>cum</strong></span> <span class='ocrx_word' id='word_1_215' title='bbox 686 1288 752 1315; x_wconf 88' lang='lat' dir='ltr'><strong>alius</strong></span> <span class='ocrx_word' id='word_1_216' title='bbox 764 1289 833 1323; x_wconf 88' lang='lat' dir='ltr'><strong>apud</strong></span> <span class='ocrx_word' id='word_1_217' title='bbox 845 1288 943 1315; x_wconf 85' lang='lat' dir='ltr'><strong>Lucam</strong></span> 
     </span>
    </p>
   </div>
   <div class='ocr_carea' id='block_1_27' title="bbox 154 1333 945 1370">
    <p class='ocr_par' dir='ltr' id='par_1_27' title="bbox 154 1333 945 1370">
     <span class='ocr_line' id='line_1_27' title="bbox 154 1333 945 1370; baseline 0.003 -11"><span class='ocrx_word' id='word_1_218' title='bbox 154 1334 193 1368; x_wconf 87' lang='lat' dir='ltr'><strong>(a)</strong></span> <span class='ocrx_word' id='word_1_219' title='bbox 215 1333 332 1366; x_wconf 79' lang='lat' dir='ltr'><strong>diceret,</strong></span> <span class='ocrx_word' id='word_1_220' title='bbox 358 1333 451 1364; x_wconf 83' lang='lat' dir='ltr'><strong>Credo,</strong></span> <span class='ocrx_word' id='word_1_221' title='bbox 477 1333 600 1366; x_wconf 83' lang='lat' dir='ltr'><strong>Domine,</strong></span> <span class='ocrx_word' id='word_1_222' title='bbox 621 1334 714 1370; x_wconf 86' lang='lat' dir='ltr'><strong>adjuva</strong></span> <span class='ocrx_word' id='word_1_223' title='bbox 744 1334 945 1362; x_wconf 84' lang='lat' dir='ltr'><strong>incredulitatem</strong></span> 
     </span>
    </p>
   </div>
   <div class='ocr_carea' id='block_1_28' title="bbox 153 1379 945 1415">
    <p class='ocr_par' dir='ltr' id='par_1_28' title="bbox 153 1379 945 1415">
     <span class='ocr_line' id='line_1_28' title="bbox 153 1379 945 1415; baseline 0.003 -10"><span class='ocrx_word' id='word_1_224' title='bbox 153 1388 236 1406; x_wconf 81' lang='lat' dir='ltr'><strong>nteant</strong></span> <span class='ocrx_word' id='word_1_225' title='bbox 251 1379 353 1414; x_wconf 81' lang='lat' dir='ltr'><strong>(Marc.</strong></span> <span class='ocrx_word' id='word_1_226' title='bbox 369 1379 394 1406; x_wconf 87' lang='lat'><strong>9.</strong></span> <span class='ocrx_word' id='word_1_227' title='bbox 417 1379 452 1407; x_wconf 71' lang='grc'><strong>25</strong></span> <span class='ocrx_word' id='word_1_228' title='bbox 462 1380 482 1414; x_wconf 88' lang='grc'><strong>),</strong></span> <span class='ocrx_word' id='word_1_229' title='bbox 499 1379 593 1407; x_wconf 88' lang='lat' dir='ltr'><strong>iisdem</strong></span> <span class='ocrx_word' id='word_1_230' title='bbox 607 1388 670 1407; x_wconf 89' lang='lat' dir='ltr'><strong>usus</strong></span> <span class='ocrx_word' id='word_1_231' title='bbox 684 1385 724 1407; x_wconf 84' lang='lat' dir='ltr'><strong>est</strong></span> <span class='ocrx_word' id='word_1_232' title='bbox 739 1380 838 1407; x_wconf 77' lang='lat' dir='ltr'><strong>verbis.</strong></span> <span class='ocrx_word' id='word_1_233' title='bbox 854 1380 945 1415; x_wconf 85' lang='lat' dir='ltr'><strong>Itaque</strong></span> 
     </span>
    </p>
   </div>
   <div class='ocr_carea' id='block_1_29' title="bbox 153 1425 944 1461">
    <p class='ocr_par' dir='ltr' id='par_1_29' title="bbox 153 1425 944 1461">
     <span class='ocr_line' id='line_1_29' title="bbox 153 1425 944 1461; baseline 0.004 -10"><span class='ocrx_word' id='word_1_234' title='bbox 153 1426 216 1452; x_wconf 88' lang='lat' dir='ltr'><strong>licet</strong></span> <span class='ocrx_word' id='word_1_235' title='bbox 237 1425 278 1452; x_wconf 86' lang='lat' dir='ltr'><strong>hic</strong></span> <span class='ocrx_word' id='word_1_236' title='bbox 303 1425 445 1452; x_wconf 56' lang='lat' dir='ltr'><strong>crediderit</strong></span> <span class='ocrx_word' id='word_1_237' title='bbox 459 1447 466 1458; x_wconf 96' lang='lat'><strong>,</strong></span> <span class='ocrx_word' id='word_1_238' title='bbox 491 1433 543 1452; x_wconf 90' lang='lat' dir='ltr'><strong>non</strong></span> <span class='ocrx_word' id='word_1_239' title='bbox 567 1429 655 1453; x_wconf 58' lang='lat' dir='ltr'><strong>tarmen</strong></span> <span class='ocrx_word' id='word_1_240' title='bbox 679 1426 755 1460; x_wconf 85' lang='lat' dir='ltr'><strong>plene</strong></span> <span class='ocrx_word' id='word_1_241' title='bbox 770 1432 796 1454; x_wconf 87' lang='lat' dir='ltr'><strong>et</strong></span> <span class='ocrx_word' id='word_1_242' title='bbox 819 1427 944 1461; x_wconf 83' lang='lat' dir='ltr'><strong>integre:</strong></span> 
     </span>
    </p>
   </div>
   <div class='ocr_carea' id='block_1_30' title="bbox 152 1471 944 1506">
    <p class='ocr_par' dir='ltr' id='par_1_30' title="bbox 152 1471 944 1506">
     <span class='ocr_line' id='line_1_30' title="bbox 152 1471 944 1506; baseline 0.003 -9"><span class='ocrx_word' id='word_1_243' title='bbox 152 1471 224 1506; x_wconf 89' lang='lat' dir='ltr'><strong>quotl</strong></span> <span class='ocrx_word' id='word_1_244' title='bbox 238 1471 356 1499; x_wconf 89' lang='lat' dir='ltr'><strong>declarat</strong></span> <span class='ocrx_word' id='word_1_245' title='bbox 368 1480 428 1499; x_wconf 90' lang='lat' dir='ltr'><strong>cum</strong></span> <span class='ocrx_word' id='word_1_246' title='bbox 444 1472 603 1504; x_wconf 84' lang='lat' dir='ltr'><strong>sciscitatur,</strong></span> <span class='ocrx_word' id='word_1_247' title='bbox 619 1479 670 1504; x_wconf 85' lang='lat' dir='ltr'><strong>qua</strong></span> <span class='ocrx_word' id='word_1_248' title='bbox 683 1471 748 1499; x_wconf 83' lang='lat' dir='ltr'><strong>hora</strong></span> <span class='ocrx_word' id='word_1_249' title='bbox 767 1472 873 1506; x_wconf 75' lang='lat' dir='ltr'><strong>reliquit</strong></span> <span class='ocrx_word' id='word_1_250' title='bbox 884 1480 944 1500; x_wconf 85' lang='lat' dir='ltr'><strong>eum</strong></span> 
     </span>
    </p>
   </div>
   <div class='ocr_carea' id='block_1_31' title="bbox 155 1516 945 1552">
    <p class='ocr_par' dir='ltr' id='par_1_31' title="bbox 155 1516 945 1552">
     <span class='ocr_line' id='line_1_31' title="bbox 155 1516 945 1552; baseline 0.001 -9"><span class='ocrx_word' id='word_1_251' title='bbox 155 1517 247 1544; x_wconf 74' lang='lat' dir='ltr'><strong>febris.</strong></span> <span class='ocrx_word' id='word_1_252' title='bbox 267 1516 377 1544; x_wconf 73' lang='lat' dir='ltr'><strong>Volebat</strong></span> <span class='ocrx_word' id='word_1_253' title='bbox 392 1517 462 1544; x_wconf 84' lang='lat' dir='ltr'><strong>enim</strong></span> <span class='ocrx_word' id='word_1_254' title='bbox 485 1517 585 1550; x_wconf 84' lang='lat' dir='ltr'><strong>dicere,</strong></span> <span class='ocrx_word' id='word_1_255' title='bbox 607 1525 670 1544; x_wconf 91' lang='lat' dir='ltr'><strong>num</strong></span> <span class='ocrx_word' id='word_1_256' title='bbox 692 1523 787 1552; x_wconf 89' lang='lat' dir='ltr'><strong>sponte</strong></span> <span class='ocrx_word' id='word_1_257' title='bbox 810 1525 866 1550; x_wconf 83' lang='lat' dir='ltr'><strong>sua,</strong></span> <span class='ocrx_word' id='word_1_258' title='bbox 882 1525 945 1544; x_wconf 93' lang='lat' dir='ltr'><strong>num</strong></span> 
     </span>
    </p>
   </div>
   <div class='ocr_carea' id='block_1_32' title="bbox 153 1562 947 1598">
    <p class='ocr_par' dir='ltr' id='par_1_32' title="bbox 153 1562 947 1598">
     <span class='ocr_line' id='line_1_32' title="bbox 153 1562 947 1598; baseline 0.001 -9"><span class='ocrx_word' id='word_1_259' title='bbox 153 1571 184 1589; x_wconf 78' lang='lat' dir='ltr'><strong>rx</strong></span> <span class='ocrx_word' id='word_1_260' title='bbox 199 1562 297 1590; x_wconf 83' lang='lat' dir='ltr'><strong>Christi</strong></span> <span class='ocrx_word' id='word_1_261' title='bbox 312 1568 445 1597; x_wconf 66' lang='lat' dir='ltr'><strong>priet-opto</strong></span> <span class='ocrx_word' id='word_1_262' title='bbox 458 1563 538 1590; x_wconf 83' lang='lat' dir='ltr'><strong>febris</strong></span> <span class='ocrx_word' id='word_1_263' title='bbox 549 1564 731 1590; x_wconf 74' lang='lat' dir='ltr'><strong>abscessisset.</strong></span> <span class='ocrx_word' id='word_1_264' title='bbox 745 1562 778 1590; x_wconf 87' lang='lat' dir='ltr'><strong>Ut</strong></span> <span class='ocrx_word' id='word_1_265' title='bbox 791 1571 847 1590; x_wconf 84' lang='lat' dir='ltr'><strong>vero</strong></span> <span class='ocrx_word' id='word_1_266' title='bbox 858 1571 947 1598; x_wconf 83' lang='lat' dir='ltr'><strong>cogno-</strong></span> 
     </span>
    </p>
   </div>
   <div class='ocr_carea' id='block_1_33' title="bbox 153 1608 946 1644">
    <p class='ocr_par' dir='ltr' id='par_1_33' title="bbox 153 1608 946 1644">
     <span class='ocr_line' id='line_1_33' title="bbox 153 1608 946 1644; baseline 0.004 -11"><span class='ocrx_word' id='word_1_267' title='bbox 153 1609 186 1634; x_wconf 81' lang='lat' dir='ltr'><strong>vit</strong></span> <span class='ocrx_word' id='word_1_268' title='bbox 202 1609 260 1642; x_wconf 84' lang='lat' dir='ltr'><strong>quia</strong></span> <span class='ocrx_word' id='word_1_269' title='bbox 275 1609 328 1635; x_wconf 86' lang='lat' dir='ltr'><strong>lteri</strong></span> <span class='ocrx_word' id='word_1_270' title='bbox 352 1609 414 1634; x_wconf 80' lang='lat' dir='ltr'><strong>liora</strong></span> <span class='ocrx_word' id='word_1_271' title='bbox 434 1609 551 1644; x_wconf 79' lang='lat' dir='ltr'><strong>septima,</strong></span> <span class='ocrx_word' id='word_1_272' title='bbox 565 1608 671 1635; x_wconf 78' lang='lat' dir='ltr'><strong>credidit</strong></span> <span class='ocrx_word' id='word_1_273' title='bbox 685 1609 739 1643; x_wconf 83' lang='lat' dir='ltr'><strong>ipse</strong></span> <span class='ocrx_word' id='word_1_274' title='bbox 752 1614 774 1636; x_wconf 82' lang='lat' dir='ltr'><strong>et</strong></span> <span class='ocrx_word' id='word_1_275' title='bbox 788 1608 877 1636; x_wconf 83' lang='lat' dir='ltr'><strong>domus</strong></span> <span class='ocrx_word' id='word_1_276' title='bbox 892 1609 946 1644; x_wconf 71' lang='lat' dir='ltr'><strong>ejus</strong></span> 
     </span>
    </p>
   </div>
   <div class='ocr_carea' id='block_1_34' title="bbox 154 1653 944 1687">
    <p class='ocr_par' dir='ltr' id='par_1_34' title="bbox 154 1653 944 1687">
     <span class='ocr_line' id='line_1_34' title="bbox 154 1653 944 1687; baseline 0.003 -8"><span class='ocrx_word' id='word_1_277' title='bbox 154 1657 217 1680; x_wconf 82' lang='lat' dir='ltr'><strong>tota.</strong></span> <span class='ocrx_word' id='word_1_278' title='bbox 246 1653 337 1681; x_wconf 84' lang='lat' dir='ltr'><strong>Viden&#39;</strong></span> <span class='ocrx_word' id='word_1_279' title='bbox 363 1654 436 1680; x_wconf 91' lang='lat' dir='ltr'><strong>illum</strong></span> <span class='ocrx_word' id='word_1_280' title='bbox 460 1654 616 1687; x_wconf 64' lang='lat' dir='ltr'><strong>credidisse,</strong></span> <span class='ocrx_word' id='word_1_281' title='bbox 644 1655 728 1682; x_wconf 87' lang='lat' dir='ltr'><strong>servis</strong></span> <span class='ocrx_word' id='word_1_282' title='bbox 751 1655 944 1686; x_wconf 90' lang='lat' dir='ltr'><strong>nuntiantibus,</strong></span> 
     </span>
    </p>
   </div>
   <div class='ocr_carea' id='block_1_35' title="bbox 153 1699 946 1735">
    <p class='ocr_par' dir='ltr' id='par_1_35' title="bbox 153 1699 946 1735">
     <span class='ocr_line' id='line_1_35' title="bbox 153 1699 946 1735; baseline 0.003 -10"><span class='ocrx_word' id='word_1_283' title='bbox 153 1707 207 1726; x_wconf 89' lang='lat' dir='ltr'><strong>non</strong></span> <span class='ocrx_word' id='word_1_284' title='bbox 223 1699 329 1726; x_wconf 87' lang='lat' dir='ltr'><strong>Christo</strong></span> <span class='ocrx_word' id='word_1_285' title='bbox 350 1699 496 1734; x_wconf 84' lang='lat' dir='ltr'><strong>loquente?</strong></span> <span class='ocrx_word' id='word_1_286' title='bbox 508 1700 621 1727; x_wconf 85' lang='lat' dir='ltr'><strong>Mentem</strong></span> <span class='ocrx_word' id='word_1_287' title='bbox 638 1707 702 1735; x_wconf 85' lang='lat' dir='ltr'><strong>ergo</strong></span> <span class='ocrx_word' id='word_1_288' title='bbox 717 1701 784 1734; x_wconf 81' lang='lat' dir='ltr'><strong>ejus,</strong></span> <span class='ocrx_word' id='word_1_289' title='bbox 800 1708 850 1735; x_wconf 88' lang='lat' dir='ltr'><strong>qua</strong></span> <span class='ocrx_word' id='word_1_290' title='bbox 865 1708 946 1728; x_wconf 87' lang='lat' dir='ltr'><strong>vene-</strong></span> 
     </span>
    </p>
   </div>
   <div class='ocr_carea' id='block_1_36' title="bbox 153 1746 946 1782">
    <p class='ocr_par' dir='ltr' id='par_1_36' title="bbox 153 1746 946 1782">
     <span class='ocr_line' id='line_1_36' title="bbox 153 1746 946 1782; baseline 0.003 -10"><span class='ocrx_word' id='word_1_291' title='bbox 153 1751 205 1778; x_wconf 83' lang='lat' dir='ltr'><strong>rat,</strong></span> <span class='ocrx_word' id='word_1_292' title='bbox 223 1747 311 1781; x_wconf 79' lang='lat' dir='ltr'><strong>arguit</strong></span> <span class='ocrx_word' id='word_1_293' title='bbox 326 1755 332 1772; x_wconf 89' lang='lat'>:</span> <span class='ocrx_word' id='word_1_294' title='bbox 354 1746 389 1773; x_wconf 88' lang='lat' dir='ltr'><strong>ita</strong></span> <span class='ocrx_word' id='word_1_295' title='bbox 412 1746 481 1773; x_wconf 84' lang='lat' dir='ltr'><strong>enim</strong></span> <span class='ocrx_word' id='word_1_296' title='bbox 498 1747 581 1782; x_wconf 78' lang='lat' dir='ltr'><strong>magis</strong></span> <span class='ocrx_word' id='word_1_297' title='bbox 599 1746 673 1773; x_wconf 92' lang='lat' dir='ltr'><strong>illum</strong></span> <span class='ocrx_word' id='word_1_298' title='bbox 689 1746 722 1773; x_wconf 92' lang='lat' dir='ltr'><strong>ad</strong></span> <span class='ocrx_word' id='word_1_299' title='bbox 737 1747 815 1774; x_wconf 80' lang='lat' dir='ltr'><strong>fidem</strong></span> <span class='ocrx_word' id='word_1_300' title='bbox 837 1747 946 1774; x_wconf 86' lang='lat' dir='ltr'><strong>induce-</strong></span> 
     </span>
    </p>
   </div>
   <div class='ocr_carea' id='block_1_37' title="bbox 152 1792 944 1826">
    <p class='ocr_par' dir='ltr' id='par_1_37' title="bbox 152 1792 944 1826">
     <span class='ocr_line' id='line_1_37' title="bbox 152 1792 944 1826; baseline 0.003 -8"><span class='ocrx_word' id='word_1_301' title='bbox 152 1792 199 1818; x_wconf 82' lang='lat' dir='ltr'><strong>bat</strong></span> <span class='ocrx_word' id='word_1_302' title='bbox 220 1801 228 1818; x_wconf 91' lang='lat'><strong>:</strong></span> <span class='ocrx_word' id='word_1_303' title='bbox 251 1797 312 1818; x_wconf 87' lang='lat' dir='ltr'><strong>ante</strong></span> <span class='ocrx_word' id='word_1_304' title='bbox 339 1793 443 1826; x_wconf 78' lang='lat' dir='ltr'><strong>signum</strong></span> <span class='ocrx_word' id='word_1_305' title='bbox 472 1793 542 1819; x_wconf 86' lang='lat' dir='ltr'><strong>enim</strong></span> <span class='ocrx_word' id='word_1_306' title='bbox 567 1800 619 1819; x_wconf 91' lang='lat' dir='ltr'><strong>non</strong></span> <span class='ocrx_word' id='word_1_307' title='bbox 643 1792 785 1820; x_wconf 88' lang='lat' dir='ltr'><strong>admodum</strong></span> <span class='ocrx_word' id='word_1_308' title='bbox 809 1793 944 1820; x_wconf 87' lang='lat' dir='ltr'><strong>credebat.</strong></span> 
     </span>
    </p>
   </div>
   <div class='ocr_carea' id='block_1_38' title="bbox 152 1838 946 1873">
    <p class='ocr_par' dir='ltr' id='par_1_38' title="bbox 152 1838 946 1873">
     <span class='ocr_line' id='line_1_38' title="bbox 152 1838 946 1873; baseline 0.001 -9"><span class='ocrx_word' id='word_1_309' title='bbox 152 1838 229 1870; x_wconf 87' lang='lat' dir='ltr'><strong>Quod</strong></span> <span class='ocrx_word' id='word_1_310' title='bbox 245 1838 266 1864; x_wconf 89' lang='lat' dir='ltr'><strong>si</strong></span> <span class='ocrx_word' id='word_1_311' title='bbox 286 1843 312 1865; x_wconf 85' lang='lat' dir='ltr'><strong>et</strong></span> <span class='ocrx_word' id='word_1_312' title='bbox 327 1839 430 1865; x_wconf 83' lang='lat' dir='ltr'><strong>venerit</strong></span> <span class='ocrx_word' id='word_1_313' title='bbox 443 1844 470 1866; x_wconf 83' lang='lat' dir='ltr'><strong>et</strong></span> <span class='ocrx_word' id='word_1_314' title='bbox 485 1839 629 1873; x_wconf 83' lang='lat' dir='ltr'><strong>rogaverit.</strong></span> <span class='ocrx_word' id='word_1_315' title='bbox 647 1839 713 1866; x_wconf 91' lang='lat' dir='ltr'><strong>nihil</strong></span> <span class='ocrx_word' id='word_1_316' title='bbox 729 1839 837 1866; x_wconf 89' lang='lat' dir='ltr'><strong>mirum.</strong></span> <span class='ocrx_word' id='word_1_317' title='bbox 853 1839 946 1866; x_wconf 87' lang='lat' dir='ltr'><strong>Solent</strong></span> 
     </span>
    </p>
   </div>
   <div class='ocr_carea' id='block_1_39' title="bbox 153 1883 945 1918">
    <p class='ocr_par' dir='ltr' id='par_1_39' title="bbox 153 1883 945 1918">
     <span class='ocr_line' id='line_1_39' title="bbox 153 1883 945 1918; baseline 0.003 -10"><span class='ocrx_word' id='word_1_318' title='bbox 153 1883 225 1909; x_wconf 73' lang='lat' dir='ltr'><strong>enim</strong></span> <span class='ocrx_word' id='word_1_319' title='bbox 250 1887 338 1918; x_wconf 85' lang='lat' dir='ltr'><strong>patres</strong></span> <span class='ocrx_word' id='word_1_320' title='bbox 358 1883 460 1910; x_wconf 79' lang='lat' dir='ltr'><strong>ardenti</strong></span> <span class='ocrx_word' id='word_1_321' title='bbox 483 1891 575 1911; x_wconf 88' lang='lat' dir='ltr'><strong>amore</strong></span> <span class='ocrx_word' id='word_1_322' title='bbox 597 1884 668 1911; x_wconf 90' lang='lat' dir='ltr'><strong>ducti</strong></span> <span class='ocrx_word' id='word_1_323' title='bbox 682 1905 689 1915; x_wconf 94' lang='lat'><strong>,</strong></span> <span class='ocrx_word' id='word_1_324' title='bbox 713 1892 764 1911; x_wconf 88' lang='lat' dir='ltr'><strong>non</strong></span> <span class='ocrx_word' id='word_1_325' title='bbox 780 1885 865 1911; x_wconf 90' lang='lat' dir='ltr'><strong>solum</strong></span> <span class='ocrx_word' id='word_1_326' title='bbox 880 1892 945 1916; x_wconf 89' lang='lat' dir='ltr'><strong>eos,</strong></span> 
     </span>
    </p>
   </div>
   <div class='ocr_carea' id='block_1_40' title="bbox 153 1928 948 1964">
    <p class='ocr_par' dir='ltr' id='par_1_40' title="bbox 153 1928 948 1964">
     <span class='ocr_line' id='line_1_40' title="bbox 153 1928 948 1964; baseline 0.004 -11"><span class='ocrx_word' id='word_1_327' title='bbox 153 1928 252 1961; x_wconf 83' lang='lat' dir='ltr'><strong>quibus</strong></span> <span class='ocrx_word' id='word_1_328' title='bbox 266 1928 359 1960; x_wconf 81' lang='lat' dir='ltr'><strong>fidunt,</strong></span> <span class='ocrx_word' id='word_1_329' title='bbox 376 1929 493 1955; x_wconf 86' lang='lat' dir='ltr'><strong>medicos</strong></span> <span class='ocrx_word' id='word_1_330' title='bbox 513 1928 596 1960; x_wconf 86' lang='lat' dir='ltr'><strong>adire,</strong></span> <span class='ocrx_word' id='word_1_331' title='bbox 613 1937 704 1956; x_wconf 89' lang='lat' dir='ltr'><strong>verum</strong></span> <span class='ocrx_word' id='word_1_332' title='bbox 726 1929 806 1956; x_wconf 87' lang='lat' dir='ltr'><strong>etiam</strong></span> <span class='ocrx_word' id='word_1_333' title='bbox 829 1937 876 1956; x_wconf 87' lang='lat' dir='ltr'><strong>eos</strong></span> <span class='ocrx_word' id='word_1_334' title='bbox 889 1930 948 1964; x_wconf 80' lang='lat' dir='ltr'><strong>qui-</strong></span> 
     </span>
    </p>
   </div>
   <div class='ocr_carea' id='block_1_41' title="bbox 155 1973 948 2009">
    <p class='ocr_par' dir='ltr' id='par_1_41' title="bbox 155 1973 948 2009">
     <span class='ocr_line' id='line_1_41' title="bbox 155 1973 948 2009; baseline 0 -9"><span class='ocrx_word' id='word_1_335' title='bbox 155 1974 206 2000; x_wconf 80' lang='lat' dir='ltr'><strong>bus</strong></span> <span class='ocrx_word' id='word_1_336' title='bbox 228 1981 280 2000; x_wconf 88' lang='lat' dir='ltr'><strong>non</strong></span> <span class='ocrx_word' id='word_1_337' title='bbox 296 1974 333 2000; x_wconf 89' lang='lat' dir='ltr'><strong>ita</strong></span> <span class='ocrx_word' id='word_1_338' title='bbox 351 1973 453 2006; x_wconf 87' lang='lat' dir='ltr'><strong>ﬁdunt,</strong></span> <span class='ocrx_word' id='word_1_339' title='bbox 468 1982 502 2001; x_wconf 86' lang='lat' dir='ltr'><strong>ne</strong></span> <span class='ocrx_word' id='word_1_340' title='bbox 514 1974 648 2009; x_wconf 82' lang='lat' dir='ltr'><strong>quidpiam</strong></span> <span class='ocrx_word' id='word_1_341' title='bbox 663 1975 825 2009; x_wconf 64' lang='lat' dir='ltr'><strong>praateriisse</strong></span> <span class='ocrx_word' id='word_1_342' title='bbox 839 1974 948 2001; x_wconf 86' lang='lat' dir='ltr'><strong>videan—</strong></span> 
     </span>
    </p>
   </div>
   <div class='ocr_carea' id='block_1_42' title="bbox 155 2019 948 2054">
    <p class='ocr_par' dir='ltr' id='par_1_42' title="bbox 155 2019 948 2054">
     <span class='ocr_line' id='line_1_42' title="bbox 155 2019 948 2054; baseline 0.003 -9"><span class='ocrx_word' id='word_1_343' title='bbox 155 2025 208 2045; x_wconf 88' lang='lat' dir='ltr'><strong>tur.</strong></span> <span class='ocrx_word' id='word_1_344' title='bbox 220 2019 356 2053; x_wconf 83' lang='lat' dir='ltr'><strong>Siquidcm</strong></span> <span class='ocrx_word' id='word_1_345' title='bbox 370 2019 458 2046; x_wconf 87' lang='lat' dir='ltr'><strong>oblata</strong></span> <span class='ocrx_word' id='word_1_346' title='bbox 468 2019 553 2046; x_wconf 86' lang='lat' dir='ltr'><strong>solum</strong></span> <span class='ocrx_word' id='word_1_347' title='bbox 566 2021 707 2047; x_wconf 84' lang='lat' dir='ltr'><strong>occasione</strong></span> <span class='ocrx_word' id='word_1_348' title='bbox 718 2020 830 2047; x_wconf 83' lang='lat' dir='ltr'><strong>accessit</strong></span> <span class='ocrx_word' id='word_1_349' title='bbox 841 2020 948 2054; x_wconf 87' lang='lat' dir='ltr'><strong>quando</strong></span> 
     </span>
    </p>
   </div>
   <div class='ocr_carea' id='block_1_43' title="bbox 154 2064 948 2100">
    <p class='ocr_par' dir='ltr' id='par_1_43' title="bbox 154 2064 948 2100">
     <span class='ocr_line' id='line_1_43' title="bbox 154 2064 948 2100; baseline 0.003 -11"><span class='ocrx_word' id='word_1_350' title='bbox 154 2065 231 2090; x_wconf 80' lang='lat' dir='ltr'><strong>venit</strong></span> <span class='ocrx_word' id='word_1_351' title='bbox 247 2065 291 2092; x_wconf 85' lang='lat' dir='ltr'><strong>ille</strong></span> <span class='ocrx_word' id='word_1_352' title='bbox 314 2065 339 2091; x_wconf 91' lang='lat' dir='ltr'><strong>iu</strong></span> <span class='ocrx_word' id='word_1_353' title='bbox 361 2064 498 2091; x_wconf 71' lang='lat' dir='ltr'><strong>Galilmam</strong></span> <span class='ocrx_word' id='word_1_354' title='bbox 517 2074 523 2092; x_wconf 91' lang='lat'>:</span> <span class='ocrx_word' id='word_1_355' title='bbox 541 2065 585 2100; x_wconf 87' lang='lat' dir='ltr'><strong>qui</strong></span> <span class='ocrx_word' id='word_1_356' title='bbox 606 2065 628 2092; x_wconf 88' lang='lat' dir='ltr'><strong>si</strong></span> <span class='ocrx_word' id='word_1_357' title='bbox 643 2065 787 2092; x_wconf 89' lang='lat' dir='ltr'><strong>admodum</strong></span> <span class='ocrx_word' id='word_1_358' title='bbox 807 2065 844 2092; x_wconf 92' lang='lat' dir='ltr'><strong>illi</strong></span> <span class='ocrx_word' id='word_1_359' title='bbox 860 2065 948 2091; x_wconf 82' lang='lat' dir='ltr'><strong>credi-</strong></span> 
     </span>
    </p>
   </div>
   <div class='ocr_carea' id='block_1_44' title="bbox 154 2109 948 2145">
    <p class='ocr_par' dir='ltr' id='par_1_44' title="bbox 154 2109 948 2145">
     <span class='ocr_line' id='line_1_44' title="bbox 154 2109 948 2145; baseline 0.004 -10"><span class='ocrx_word' id='word_1_360' title='bbox 154 2109 240 2136; x_wconf 85' lang='lat' dir='ltr'><strong>disset</strong></span> <span class='ocrx_word' id='word_1_361' title='bbox 252 2129 261 2142; x_wconf 89' lang='lat'><strong>,</strong></span> <span class='ocrx_word' id='word_1_362' title='bbox 277 2109 330 2136; x_wconf 84' lang='lat' dir='ltr'><strong>lilio</strong></span> <span class='ocrx_word' id='word_1_363' title='bbox 352 2110 376 2136; x_wconf 93' lang='lat' dir='ltr'><strong>in</strong></span> <span class='ocrx_word' id='word_1_364' title='bbox 398 2110 526 2137; x_wconf 80' lang='lat' dir='ltr'><strong>extremis</strong></span> <span class='ocrx_word' id='word_1_365' title='bbox 540 2111 678 2138; x_wconf 85' lang='lat' dir='ltr'><strong>laborante</strong></span> <span class='ocrx_word' id='word_1_366' title='bbox 691 2132 698 2144; x_wconf 92' lang='lat'><strong>,</strong></span> <span class='ocrx_word' id='word_1_367' title='bbox 721 2119 772 2138; x_wconf 90' lang='lat' dir='ltr'><strong>non</strong></span> <span class='ocrx_word' id='word_1_368' title='bbox 786 2111 948 2145; x_wconf 83' lang='lat' dir='ltr'><strong>neglexisset</strong></span> 
     </span>
    </p>
   </div>
   <div class='ocr_carea' id='block_1_45' title="bbox 154 2155 949 2191">
    <p class='ocr_par' dir='ltr' id='par_1_45' title="bbox 154 2155 949 2191">
     <span class='ocr_line' id='line_1_45' title="bbox 154 2155 949 2191; baseline 0.003 -9"><span class='ocrx_word' id='word_1_369' title='bbox 154 2156 183 2182; x_wconf 86' lang='lat' dir='ltr'><strong>ir.</strong></span> <span class='ocrx_word' id='word_1_370' title='bbox 197 2155 318 2183; x_wconf 79' lang='lat' dir='ltr'><strong>Judzeam</strong></span> <span class='ocrx_word' id='word_1_371' title='bbox 339 2157 440 2183; x_wconf 87' lang='lat' dir='ltr'><strong>venire.</strong></span> <span class='ocrx_word' id='word_1_372' title='bbox 455 2155 529 2189; x_wconf 85' lang='lat' dir='ltr'><strong>Quod</strong></span> <span class='ocrx_word' id='word_1_373' title='bbox 545 2156 565 2182; x_wconf 89' lang='lat' dir='ltr'><strong>si</strong></span> <span class='ocrx_word' id='word_1_374' title='bbox 579 2157 699 2189; x_wconf 83' lang='lat' dir='ltr'><strong>timebat,</strong></span> <span class='ocrx_word' id='word_1_375' title='bbox 716 2165 802 2191; x_wconf 89' lang='lat' dir='ltr'><strong>neque</strong></span> <span class='ocrx_word' id='word_1_376' title='bbox 823 2157 888 2184; x_wconf 89' lang='lat' dir='ltr'><strong>illud</strong></span> <span class='ocrx_word' id='word_1_377' title='bbox 899 2165 949 2184; x_wconf 79' lang='lat' dir='ltr'><strong>ex-</strong></span> 
     </span>
    </p>
   </div>
   <div class='ocr_carea' id='block_1_46' title="bbox 154 2200 947 2237">
    <p class='ocr_par' dir='ltr' id='par_1_46' title="bbox 154 2200 947 2237">
     <span class='ocr_line' id='line_1_46' title="bbox 154 2200 947 2237; baseline 0.001 -9"><span class='ocrx_word' id='word_1_378' title='bbox 154 2201 306 2228; x_wconf 85' lang='lat' dir='ltr'><strong>cusandum</strong></span> <span class='ocrx_word' id='word_1_379' title='bbox 331 2205 399 2228; x_wconf 84' lang='lat' dir='ltr'><strong>erat.</strong></span> <span class='ocrx_word' id='word_1_380' title='bbox 424 2200 584 2228; x_wconf 86' lang='lat' dir='ltr'><strong>Consideres</strong></span> <span class='ocrx_word' id='word_1_381' title='bbox 611 2202 702 2234; x_wconf 88' lang='lat' dir='ltr'><strong>velim,</strong></span> <span class='ocrx_word' id='word_1_382' title='bbox 727 2202 769 2229; x_wconf 86' lang='lat' dir='ltr'><strong>vel</strong></span> <span class='ocrx_word' id='word_1_383' title='bbox 789 2202 844 2237; x_wconf 88' lang='lat' dir='ltr'><strong>ipsa</strong></span> <span class='ocrx_word' id='word_1_384' title='bbox 869 2202 947 2229; x_wconf 88' lang='lat' dir='ltr'><strong>verba</strong></span> 
     </span>
    </p>
   </div>
   <div class='ocr_carea' id='block_1_47' title="bbox 154 2247 948 2282">
    <p class='ocr_par' dir='ltr' id='par_1_47' title="bbox 154 2247 948 2282">
     <span class='ocr_line' id='line_1_47' title="bbox 154 2247 948 2282; baseline 0.003 -9"><span class='ocrx_word' id='word_1_385' title='bbox 154 2253 283 2282; x_wconf 85' lang='lat' dir='ltr'><strong>quantam</strong></span> <span class='ocrx_word' id='word_1_386' title='bbox 304 2247 490 2274; x_wconf 82' lang='lat' dir='ltr'><strong>demonstrent</strong></span> <span class='ocrx_word' id='word_1_387' title='bbox 513 2247 561 2274; x_wconf 94' lang='lat' dir='ltr'><strong>viri</strong></span> <span class='ocrx_word' id='word_1_388' title='bbox 578 2247 769 2275; x_wconf 87' lang='lat' dir='ltr'><strong>infirmitatem.</strong></span> <span class='ocrx_word' id='word_1_389' title='bbox 786 2247 850 2275; x_wconf 89' lang='lat' dir='ltr'><strong>Cum</strong></span> <span class='ocrx_word' id='word_1_390' title='bbox 867 2256 948 2282; x_wconf 89' lang='lat' dir='ltr'><strong>opor-</strong></span> 
     </span>
    </p>
   </div>
   <div class='ocr_carea' id='block_1_48' title="bbox 153 2292 948 2328">
    <p class='ocr_par' dir='ltr' id='par_1_48' title="bbox 153 2292 948 2328">
     <span class='ocr_line' id='line_1_48' title="bbox 153 2292 948 2328; baseline 0 -9"><span class='ocrx_word' id='word_1_391' title='bbox 153 2293 251 2319; x_wconf 86' lang='lat' dir='ltr'><strong>tuisset</strong></span> <span class='ocrx_word' id='word_1_392' title='bbox 263 2293 333 2319; x_wconf 90' lang='lat' dir='ltr'><strong>enim</strong></span> <span class='ocrx_word' id='word_1_393' title='bbox 344 2313 351 2323; x_wconf 87' lang='lat'><strong>,</strong></span> <span class='ocrx_word' id='word_1_394' title='bbox 368 2293 390 2319; x_wconf 88' lang='lat' dir='ltr'><strong>si</strong></span> <span class='ocrx_word' id='word_1_395' title='bbox 406 2300 456 2318; x_wconf 87' lang='lat' dir='ltr'><strong>non</strong></span> <span class='ocrx_word' id='word_1_396' title='bbox 472 2292 564 2326; x_wconf 86' lang='lat' dir='ltr'><strong>prius.</strong></span> <span class='ocrx_word' id='word_1_397' title='bbox 577 2292 670 2320; x_wconf 86' lang='lat' dir='ltr'><strong>saltem</strong></span> <span class='ocrx_word' id='word_1_398' title='bbox 686 2298 745 2327; x_wconf 84' lang='lat' dir='ltr'><strong>post</strong></span> <span class='ocrx_word' id='word_1_399' title='bbox 758 2293 948 2328; x_wconf 72' lang='lat' dir='ltr'><strong>reprehensam</strong></span> 
     </span>
    </p>
   </div>
   <div class='ocr_carea' id='block_1_49' title="bbox 155 2339 948 2374">
    <p class='ocr_par' dir='ltr' id='par_1_49' title="bbox 155 2339 948 2374">
     <span class='ocr_line' id='line_1_49' title="bbox 155 2339 948 2374; baseline 0.001 -9"><span class='ocrx_word' id='word_1_400' title='bbox 155 2339 238 2365; x_wconf 87' lang='lat' dir='ltr'><strong>animi</strong></span> <span class='ocrx_word' id='word_1_401' title='bbox 260 2339 300 2365; x_wconf 89' lang='lat' dir='ltr'><strong>sui</strong></span> <span class='ocrx_word' id='word_1_402' title='bbox 314 2339 487 2371; x_wconf 84' lang='lat' dir='ltr'><strong>sententiam,</strong></span> <span class='ocrx_word' id='word_1_403' title='bbox 503 2347 626 2374; x_wconf 80' lang='lat' dir='ltr'><strong>maguum</strong></span> <span class='ocrx_word' id='word_1_404' title='bbox 641 2339 776 2373; x_wconf 87' lang='lat' dir='ltr'><strong>quidpiam</strong></span> <span class='ocrx_word' id='word_1_405' title='bbox 790 2339 823 2366; x_wconf 90' lang='lat' dir='ltr'><strong>de</strong></span> <span class='ocrx_word' id='word_1_406' title='bbox 841 2339 948 2366; x_wconf 82' lang='lat' dir='ltr'><strong>Christo</strong></span> 
     </span>
    </p>
   </div>
   <div class='ocr_carea' id='block_1_50' title="bbox 155 2385 949 2420">
    <p class='ocr_par' dir='ltr' id='par_1_50' title="bbox 155 2385 949 2420">
     <span class='ocr_line' id='line_1_50' title="bbox 155 2385 949 2420; baseline -0.003 -7"><span class='ocrx_word' id='word_1_407' title='bbox 155 2387 275 2420; x_wconf 81' lang='lat' dir='ltr'><strong>cogitare</strong></span> <span class='ocrx_word' id='word_1_408' title='bbox 286 2406 293 2418; x_wconf 95' lang='lat'><strong>,</strong></span> <span class='ocrx_word' id='word_1_409' title='bbox 307 2385 367 2412; x_wconf 85' lang='lat' dir='ltr'><strong>audi</strong></span> <span class='ocrx_word' id='word_1_410' title='bbox 382 2385 515 2419; x_wconf 88' lang='lat' dir='ltr'><strong>quomodo</strong></span> <span class='ocrx_word' id='word_1_411' title='bbox 529 2385 616 2412; x_wconf 86' lang='lat' dir='ltr'><strong>adhuc</strong></span> <span class='ocrx_word' id='word_1_412' title='bbox 633 2385 704 2412; x_wconf 88' lang='lat' dir='ltr'><strong>httmi</strong></span> <span class='ocrx_word' id='word_1_413' title='bbox 720 2391 820 2420; x_wconf 86' lang='lat' dir='ltr'><strong>serpat.</strong></span> <span class='ocrx_word' id='word_1_414' title='bbox 835 2385 879 2412; x_wconf 71' lang='lat'><strong>49.</strong></span> <span class='ocrx_word' id='word_1_415' title='bbox 898 2385 949 2411; x_wconf 84' lang='lat' dir='ltr'><strong>De-</strong></span> 
     </span>
    </p>
   </div>
   <div class='ocr_carea' id='block_1_51' title="bbox 157 2431 950 2466">
    <p class='ocr_par' dir='ltr' id='par_1_51' title="bbox 157 2431 950 2466">
     <span class='ocr_line' id='line_1_51' title="bbox 157 2431 950 2466; baseline 0 -8"><span class='ocrx_word' id='word_1_416' title='bbox 157 2432 257 2463; x_wconf 76' lang='lat' dir='ltr'><strong>scende,</strong></span> <span class='ocrx_word' id='word_1_417' title='bbox 279 2432 375 2466; x_wconf 89' lang='lat' dir='ltr'><strong>inquit,</strong></span> <span class='ocrx_word' id='word_1_418' title='bbox 389 2432 535 2466; x_wconf 74' lang='lat' dir='ltr'><strong>priusquam</strong></span> <span class='ocrx_word' id='word_1_419' title='bbox 551 2432 675 2458; x_wconf 85' lang='lat' dir='ltr'><strong>moriatur</strong></span> <span class='ocrx_word' id='word_1_420' title='bbox 693 2431 762 2466; x_wconf 80' lang='lat' dir='ltr'><strong>[ilius</strong></span> <span class='ocrx_word' id='word_1_421' title='bbox 781 2440 860 2465; x_wconf 88' lang='lat' dir='ltr'><strong>meus,</strong></span> <span class='ocrx_word' id='word_1_422' title='bbox 875 2432 950 2466; x_wconf 87' lang='lat' dir='ltr'><strong>quasi</strong></span> 
     </span>
    </p>
   </div>
   <div class='ocr_carea' id='block_1_52' title="bbox 157 2478 950 2512">
    <p class='ocr_par' dir='ltr' id='par_1_52' title="bbox 157 2478 950 2512">
     <span class='ocr_line' id='line_1_52' title="bbox 157 2478 950 2512; baseline -0.001 -8"><span class='ocrx_word' id='word_1_423' title='bbox 157 2485 211 2504; x_wconf 87' lang='lat' dir='ltr'><strong>non</strong></span> <span class='ocrx_word' id='word_1_424' title='bbox 235 2481 328 2512; x_wconf 86' lang='lat' dir='ltr'><strong>posset</strong></span> <span class='ocrx_word' id='word_1_425' title='bbox 340 2482 477 2504; x_wconf 86' lang='lat' dir='ltr'><strong>mortuum</strong></span> <span class='ocrx_word' id='word_1_426' title='bbox 492 2478 623 2505; x_wconf 82' lang='lat' dir='ltr'><strong>suscitare</strong></span> <span class='ocrx_word' id='word_1_427' title='bbox 634 2498 641 2510; x_wconf 86' lang='lat'><strong>,</strong></span> <span class='ocrx_word' id='word_1_428' title='bbox 658 2482 684 2504; x_wconf 90' lang='lat' dir='ltr'><strong>et</strong></span> <span class='ocrx_word' id='word_1_429' title='bbox 698 2478 773 2512; x_wconf 84' lang='lat' dir='ltr'><strong>quasi</strong></span> <span class='ocrx_word' id='word_1_430' title='bbox 791 2486 843 2504; x_wconf 87' lang='lat' dir='ltr'><strong>non</strong></span> <span class='ocrx_word' id='word_1_431' title='bbox 859 2482 950 2504; x_wconf 88' lang='lat' dir='ltr'><strong>nosset</strong></span> 
     </span>
    </p>
   </div>
   <div class='ocr_carea' id='block_1_53' title="bbox 156 2523 951 2559">
    <p class='ocr_par' dir='ltr' id='par_1_53' title="bbox 156 2523 951 2559">
     <span class='ocr_line' id='line_1_53' title="bbox 156 2523 951 2559; baseline 0.001 -10"><span class='ocrx_word' id='word_1_432' title='bbox 156 2530 210 2557; x_wconf 90' lang='lat' dir='ltr'><strong>quo</strong></span> <span class='ocrx_word' id='word_1_433' title='bbox 233 2527 303 2549; x_wconf 87' lang='lat' dir='ltr'><strong>statu</strong></span> <span class='ocrx_word' id='word_1_434' title='bbox 326 2531 394 2557; x_wconf 86' lang='lat' dir='ltr'><strong>puer</strong></span> <span class='ocrx_word' id='word_1_435' title='bbox 412 2527 493 2550; x_wconf 86' lang='lat' dir='ltr'><strong>esset.</strong></span> <span class='ocrx_word' id='word_1_436' title='bbox 518 2523 579 2550; x_wconf 86' lang='lat' dir='ltr'><strong>ldeo</strong></span> <span class='ocrx_word' id='word_1_437' title='bbox 595 2523 670 2550; x_wconf 91' lang='lat' dir='ltr'><strong>illum</strong></span> <span class='ocrx_word' id='word_1_438' title='bbox 684 2523 819 2559; x_wconf 78' lang='lat' dir='ltr'><strong>coarguit,</strong></span> <span class='ocrx_word' id='word_1_439' title='bbox 836 2527 864 2550; x_wconf 89' lang='lat' dir='ltr'><strong>et</strong></span> <span class='ocrx_word' id='word_1_440' title='bbox 884 2531 951 2551; x_wconf 92' lang='lat' dir='ltr'><strong>con-</strong></span> 
     </span>
    </p>
   </div>
   <div class='ocr_carea' id='block_1_54' title="bbox 157 2570 951 2606">
    <p class='ocr_par' dir='ltr' id='par_1_54' title="bbox 157 2570 951 2606">
     <span class='ocr_line' id='line_1_54' title="bbox 157 2570 951 2606; baseline 0.003 -10"><span class='ocrx_word' id='word_1_441' title='bbox 157 2570 298 2596; x_wconf 86' lang='lat' dir='ltr'><strong>scientiam</strong></span> <span class='ocrx_word' id='word_1_442' title='bbox 321 2571 476 2605; x_wconf 81' lang='lat' dir='ltr'><strong>pcrstringit</strong></span> <span class='ocrx_word' id='word_1_443' title='bbox 487 2591 495 2602; x_wconf 89' lang='lat'><strong>,</strong></span> <span class='ocrx_word' id='word_1_444' title='bbox 511 2571 657 2599; x_wconf 86' lang='lat' dir='ltr'><strong>ostendens</strong></span> <span class='ocrx_word' id='word_1_445' title='bbox 672 2572 745 2606; x_wconf 82' lang='lat' dir='ltr'><strong>signa</strong></span> <span class='ocrx_word' id='word_1_446' title='bbox 760 2572 856 2599; x_wconf 75' lang='lat' dir='ltr'><strong>anima:</strong></span> <span class='ocrx_word' id='word_1_447' title='bbox 869 2579 951 2598; x_wconf 86' lang='lat' dir='ltr'><strong>causa</strong></span> 
     </span>
    </p>
   </div>
   <div class='ocr_carea' id='block_1_55' title="bbox 158 2617 951 2652">
    <p class='ocr_par' dir='ltr' id='par_1_55' title="bbox 158 2617 951 2652">
     <span class='ocr_line' id='line_1_55' title="bbox 158 2617 951 2652; baseline 0.001 -9"><span class='ocrx_word' id='word_1_448' title='bbox 158 2617 276 2644; x_wconf 78' lang='lat' dir='ltr'><strong>maxime</strong></span> <span class='ocrx_word' id='word_1_449' title='bbox 290 2617 344 2644; x_wconf 90' lang='lat' dir='ltr'><strong>edi.</strong></span> <span class='ocrx_word' id='word_1_450' title='bbox 362 2617 410 2645; x_wconf 79' lang='lat' dir='ltr'><strong>llic</strong></span> <span class='ocrx_word' id='word_1_451' title='bbox 429 2618 500 2644; x_wconf 86' lang='lat' dir='ltr'><strong>enim</strong></span> <span class='ocrx_word' id='word_1_452' title='bbox 515 2625 567 2644; x_wconf 91' lang='lat' dir='ltr'><strong>non</strong></span> <span class='ocrx_word' id='word_1_453' title='bbox 581 2618 669 2645; x_wconf 91' lang='lat' dir='ltr'><strong>minus</strong></span> <span class='ocrx_word' id='word_1_454' title='bbox 685 2623 786 2652; x_wconf 86' lang='lat' dir='ltr'><strong>patrem</strong></span> <span class='ocrx_word' id='word_1_455' title='bbox 808 2618 898 2644; x_wconf 88' lang='lat' dir='ltr'><strong>animo</strong></span> <span class='ocrx_word' id='word_1_456' title='bbox 911 2618 951 2644; x_wconf 88' lang='lat' dir='ltr'><strong>la-</strong></span> 
     </span>
    </p>
   </div>
   <div class='ocr_carea' id='block_1_56' title="bbox 158 2663 950 2697">
    <p class='ocr_par' dir='ltr' id='par_1_56' title="bbox 158 2663 950 2697">
     <span class='ocr_line' id='line_1_56' title="bbox 158 2663 950 2697; baseline 0 -8"><span class='ocrx_word' id='word_1_457' title='bbox 158 2663 299 2690; x_wconf 81' lang='lat' dir='ltr'><strong>borantem</strong></span> <span class='ocrx_word' id='word_1_458' title='bbox 311 2668 398 2694; x_wconf 83' lang='lat' dir='ltr'><strong>curat,</strong></span> <span class='ocrx_word' id='word_1_459' title='bbox 415 2671 492 2697; x_wconf 90' lang='lat' dir='ltr'><strong>quam</strong></span> <span class='ocrx_word' id='word_1_460' title='bbox 511 2663 592 2690; x_wconf 88' lang='lat' dir='ltr'><strong>filium</strong></span> <span class='ocrx_word' id='word_1_461' title='bbox 606 2672 612 2696; x_wconf 83' lang='lat'><strong>;</strong></span> <span class='ocrx_word' id='word_1_462' title='bbox 629 2668 657 2690; x_wconf 92' lang='lat' dir='ltr'><strong>ut</strong></span> <span class='ocrx_word' id='word_1_463' title='bbox 671 2663 746 2690; x_wconf 88' lang='lat' dir='ltr'><strong>nobis</strong></span> <span class='ocrx_word' id='word_1_464' title='bbox 762 2663 882 2696; x_wconf 67' lang='lat' dir='ltr'><strong>suadeat,</strong></span> <span class='ocrx_word' id='word_1_465' title='bbox 898 2671 950 2689; x_wconf 91' lang='lat' dir='ltr'><strong>non</strong></span> 
     </span>
    </p>
   </div>
   <div class='ocr_carea' id='block_1_57' title="bbox 159 2709 951 2744">
    <p class='ocr_par' dir='ltr' id='par_1_57' title="bbox 159 2709 951 2744">
     <span class='ocr_line' id='line_1_57' title="bbox 159 2709 951 2744; baseline 0 -8"><span class='ocrx_word' id='word_1_466' title='bbox 159 2714 213 2736; x_wconf 83' lang='lat' dir='ltr'><strong>tam</strong></span> <span class='ocrx_word' id='word_1_467' title='bbox 237 2709 322 2744; x_wconf 81' lang='lat' dir='ltr'><strong>signis</strong></span> <span class='ocrx_word' id='word_1_468' title='bbox 333 2730 342 2742; x_wconf 88' lang='lat'><strong>,</strong></span> <span class='ocrx_word' id='word_1_469' title='bbox 362 2717 440 2744; x_wconf 83' lang='lat' dir='ltr'><strong>quam</strong></span> <span class='ocrx_word' id='word_1_470' title='bbox 457 2709 584 2737; x_wconf 78' lang='lat' dir='ltr'><strong>doctrina:</strong></span> <span class='ocrx_word' id='word_1_471' title='bbox 599 2710 656 2744; x_wconf 85' lang='lat' dir='ltr'><strong>ejus</strong></span> <span class='ocrx_word' id='word_1_472' title='bbox 669 2709 859 2738; x_wconf 87' lang='lat' dir='ltr'><strong>attendcudmn</strong></span> <span class='ocrx_word' id='word_1_473' title='bbox 880 2716 951 2736; x_wconf 85' lang='lat' dir='ltr'><strong>esse.</strong></span> 
     </span>
    </p>
   </div>
   <div class='ocr_carea' id='block_1_58' title="bbox 195 2785 954 2817">
    <p class='ocr_par' dir='ltr' id='par_1_58' title="bbox 195 2785 954 2817">
     <span class='ocr_line' id='line_1_58' title="bbox 195 2785 954 2817; baseline 0.001 -8"><span class='ocrx_word' id='word_1_474' title='bbox 195 2786 234 2816; x_wconf 90' lang='lat' dir='ltr'><strong>(a)</strong></span> <span class='ocrx_word' id='word_1_475' title='bbox 252 2786 290 2809; x_wconf 84' lang='lat' dir='ltr'><strong>sic</strong></span> <span class='ocrx_word' id='word_1_476' title='bbox 306 2786 386 2810; x_wconf 81' lang='lat' dir='ltr'><strong>omnia</strong></span> <span class='ocrx_word' id='word_1_477' title='bbox 403 2785 552 2817; x_wconf 78' lang='lat' dir='ltr'><strong>exemplaria</strong></span> <span class='ocrx_word' id='word_1_478' title='bbox 565 2787 664 2811; x_wconf 83' lang='lat' dir='ltr'><strong>habent.</strong></span> <span class='ocrx_word' id='word_1_479' title='bbox 673 2786 718 2811; x_wconf 82' lang='lat' dir='ltr'><strong>Sed</strong></span> <span class='ocrx_word' id='word_1_480' title='bbox 733 2786 850 2811; x_wconf 82' lang='lat' dir='ltr'><strong>memoria</strong></span> <span class='ocrx_word' id='word_1_481' title='bbox 865 2785 954 2811; x_wconf 81' lang='lat' dir='ltr'><strong>labitur</strong></span> 
     </span>
    </p>
   </div>
   <div class='ocr_carea' id='block_1_59' title="bbox 150 2817 952 2872">
    <p class='ocr_par' dir='ltr' id='par_1_59' title="bbox 150 2817 952 2872">
     <span class='ocr_line' id='line_1_59' title="bbox 150 2817 952 2871; baseline 0.006 -33"><span class='ocrx_word' id='word_1_482' title='bbox 150 2817 360 2871; x_wconf 53' lang='lat' dir='ltr'><strong>.Chryslaostonlms:</strong></span> <span class='ocrx_word' id='word_1_483' title='bbox 375 2823 428 2841; x_wconf 82' lang='lat' dir='ltr'><strong>nam</strong></span> <span class='ocrx_word' id='word_1_484' title='bbox 446 2817 497 2841; x_wconf 69' lang='lat' dir='ltr'><strong>haec</strong></span> <span class='ocrx_word' id='word_1_485' title='bbox 508 2824 556 2842; x_wconf 87' lang='lat' dir='ltr'><strong>nou</strong></span> <span class='ocrx_word' id='word_1_486' title='bbox 568 2818 631 2849; x_wconf 82' lang='lat' dir='ltr'><strong>apud</strong></span> <span class='ocrx_word' id='word_1_487' title='bbox 649 2821 732 2842; x_wconf 81' lang='lat' dir='ltr'><strong>Lucam</strong></span> <span class='ocrx_word' id='word_1_488' title='bbox 740 2836 747 2849; x_wconf 85' lang='lat'><strong>,</strong></span> <span class='ocrx_word' id='word_1_489' title='bbox 763 2818 807 2843; x_wconf 85' lang='lat' dir='ltr'><strong>sed</strong></span> <span class='ocrx_word' id='word_1_490' title='bbox 817 2818 881 2849; x_wconf 85' lang='lat' dir='ltr'><strong>apud</strong></span> <span class='ocrx_word' id='word_1_491' title='bbox 893 2821 952 2843; x_wconf 66' lang='lat' dir='ltr'><strong>atar-</strong></span> 
     </span>
     <span class='ocr_line' id='line_1_60' title="bbox 159 2853 349 2872; baseline 0.011 -2"><span class='ocrx_word' id='word_1_492' title='bbox 159 2853 213 2870; x_wconf 75' lang='lat' dir='ltr'><strong>tutu</strong></span> <span class='ocrx_word' id='word_1_493' title='bbox 234 2854 301 2872; x_wconf 69' lang='grc' dir='ltr'><strong>υμιιιι</strong></span> <span class='ocrx_word' id='word_1_494' title='bbox 312 2855 349 2872; x_wconf 71' lang='grc' dir='ltr'><strong>υΓ.</strong></span> 
     </span>
    </p>
   </div>
   <div class='ocr_carea' id='block_1_60' title="bbox 631 129 1295 160">
    <p class='ocr_par' dir='ltr' id='par_1_60' title="bbox 631 129 1295 160">
     <span class='ocr_line' id='line_1_61' title="bbox 631 129 1295 160; baseline 0.002 -2"><span class='ocrx_word' id='word_1_495' title='bbox 631 130 664 158; x_wconf 83' lang='lat' dir='ltr'><strong>IN</strong></span> <span class='ocrx_word' id='word_1_496' title='bbox 682 130 836 159; x_wconf 68' lang='lat' dir='ltr'><strong>JOANNEM</strong></span> <span class='ocrx_word' id='word_1_497' title='bbox 856 129 970 158; x_wconf 79' lang='lat' dir='ltr'><strong>IlOMlL.</strong></span> <span class='ocrx_word' id='word_1_498' title='bbox 991 129 1098 157; x_wconf 69' lang='lat' dir='ltr'><strong>XXXV.</strong></span> <span class='ocrx_word' id='word_1_499' title='bbox 1119 131 1153 158; x_wconf 85' lang='lat' dir='ltr'><strong>al.</strong></span> <span class='ocrx_word' id='word_1_500' title='bbox 1175 131 1295 160; x_wconf 73' lang='lat' dir='ltr'><strong>XXXIV.</strong></span> 
     </span>
    </p>
   </div>
   <div class='ocr_carea' id='block_1_61' title="bbox 1739 133 1790 162">
    <p class='ocr_par' dir='ltr' id='par_1_61' title="bbox 1739 133 1790 162">
     <span class='ocr_line' id='line_1_62' title="bbox 1739 133 1790 162; baseline 0.02 -1"><span class='ocrx_word' id='word_1_501' title='bbox 1739 133 1790 162; x_wconf 72' lang='lat'><strong>202</strong></span> 
     </span>
    </p>
   </div>
   <div class='ocr_carea' id='block_1_62' title="bbox 1002 185 1792 221">
    <p class='ocr_par' dir='ltr' id='par_1_62' title="bbox 1002 185 1792 221">
     <span class='ocr_line' id='line_1_63' title="bbox 1002 185 1792 221; baseline 0.008 -9"><span class='ocrx_word' id='word_1_502' title='bbox 1002 185 1081 219; x_wconf 77' lang='lat' dir='ltr'><strong>Signa</strong></span> <span class='ocrx_word' id='word_1_503' title='bbox 1095 187 1194 221; x_wconf 83' lang='lat' dir='ltr'><strong>quippe</strong></span> <span class='ocrx_word' id='word_1_504' title='bbox 1219 195 1271 215; x_wconf 91' lang='lat' dir='ltr'><strong>non</strong></span> <span class='ocrx_word' id='word_1_505' title='bbox 1287 188 1410 216; x_wconf 84' lang='lat' dir='ltr'><strong>ﬁdelibus</strong></span> <span class='ocrx_word' id='word_1_506' title='bbox 1423 209 1431 221; x_wconf 94' lang='lat'><strong>,</strong></span> <span class='ocrx_word' id='word_1_507' title='bbox 1445 188 1492 216; x_wconf 83' lang='lat' dir='ltr'><strong>sed</strong></span> <span class='ocrx_word' id='word_1_508' title='bbox 1508 188 1660 217; x_wconf 84' lang='lat' dir='ltr'><strong>infidelibus</strong></span> <span class='ocrx_word' id='word_1_509' title='bbox 1673 194 1700 218; x_wconf 92' lang='lat' dir='ltr'><strong>et</strong></span> <span class='ocrx_word' id='word_1_510' title='bbox 1717 197 1792 218; x_wconf 82' lang='lat' dir='ltr'><strong>cras-</strong></span> 
     </span>
    </p>
   </div>
   <div class='ocr_carea' id='block_1_63' title="bbox 999 231 1301 266">
    <p class='ocr_par' dir='ltr' id='par_1_63' title="bbox 999 231 1301 266">
     <span class='ocr_line' id='line_1_64' title="bbox 999 231 1301 266; baseline 0.013 -9"><span class='ocrx_word' id='word_1_511' title='bbox 999 231 1114 258; x_wconf 88' lang='lat' dir='ltr'><strong>sioribus</strong></span> <span class='ocrx_word' id='word_1_512' title='bbox 1128 238 1219 266; x_wconf 87' lang='lat' dir='ltr'><strong>parata</strong></span> <span class='ocrx_word' id='word_1_513' title='bbox 1229 240 1301 262; x_wconf 89' lang='lat' dir='ltr'><strong>sunt.</strong></span> 
     </span>
    </p>
   </div>
   <div class='ocr_carea' id='block_1_64' title="bbox 1039 277 1786 309">
    <p class='ocr_par' dir='ltr' id='par_1_64' title="bbox 1039 277 1786 309">
     <span class='ocr_line' id='line_1_65' title="bbox 1039 277 1786 309; baseline 0.007 -5"><span class='ocrx_word' id='word_1_514' title='bbox 1039 277 1064 304; x_wconf 79' lang='lat'><strong>5.</strong></span> <span class='ocrx_word' id='word_1_515' title='bbox 1086 278 1160 305; x_wconf 90' lang='lat' dir='ltr'><strong>Tunc</strong></span> <span class='ocrx_word' id='word_1_516' title='bbox 1181 279 1225 305; x_wconf 87' lang='lat' dir='ltr'><strong>ille</strong></span> <span class='ocrx_word' id='word_1_517' title='bbox 1238 284 1350 308; x_wconf 58' lang='lat' dir='ltr'><strong>maestus</strong></span> <span class='ocrx_word' id='word_1_518' title='bbox 1364 288 1415 308; x_wconf 93' lang='lat' dir='ltr'><strong>non</strong></span> <span class='ocrx_word' id='word_1_519' title='bbox 1431 281 1543 309; x_wconf 91' lang='lat' dir='ltr'><strong>multum</strong></span> <span class='ocrx_word' id='word_1_520' title='bbox 1565 281 1643 309; x_wconf 86' lang='lat' dir='ltr'><strong>dictis</strong></span> <span class='ocrx_word' id='word_1_521' title='bbox 1663 281 1786 309; x_wconf 80' lang='lat' dir='ltr'><strong>attende—</strong></span> 
     </span>
    </p>
   </div>
   <div class='ocr_carea' id='block_1_65' title="bbox 999 324 1789 360">
    <p class='ocr_par' dir='ltr' id='par_1_65' title="bbox 999 324 1789 360">
     <span class='ocr_line' id='line_1_66' title="bbox 999 324 1789 360; baseline 0.005 -9"><span class='ocrx_word' id='word_1_522' title='bbox 999 325 1055 358; x_wconf 89' lang='lat' dir='ltr'><strong>bat,</strong></span> <span class='ocrx_word' id='word_1_523' title='bbox 1069 325 1119 351; x_wconf 90' lang='lat' dir='ltr'><strong>nisi</strong></span> <span class='ocrx_word' id='word_1_524' title='bbox 1136 324 1168 351; x_wconf 91' lang='lat' dir='ltr'><strong>iis</strong></span> <span class='ocrx_word' id='word_1_525' title='bbox 1190 332 1249 359; x_wconf 76' lang='lat' dir='ltr'><strong>qua:</strong></span> <span class='ocrx_word' id='word_1_526' title='bbox 1272 324 1305 352; x_wconf 90' lang='lat' dir='ltr'><strong>ad</strong></span> <span class='ocrx_word' id='word_1_527' title='bbox 1321 325 1403 353; x_wconf 86' lang='lat' dir='ltr'><strong>filium</strong></span> <span class='ocrx_word' id='word_1_528' title='bbox 1419 327 1585 360; x_wconf 86' lang='lat' dir='ltr'><strong>spectabant.</strong></span> <span class='ocrx_word' id='word_1_529' title='bbox 1608 327 1702 355; x_wconf 78' lang='lat' dir='ltr'><strong>Postea</strong></span> <span class='ocrx_word' id='word_1_530' title='bbox 1725 335 1789 355; x_wconf 83' lang='lat' dir='ltr'><strong>vero</strong></span> 
     </span>
    </p>
   </div>
   <div class='ocr_carea' id='block_1_66' title="bbox 998 370 1789 408">
    <p class='ocr_par' dir='ltr' id='par_1_66' title="bbox 998 370 1789 408">
     <span class='ocr_line' id='line_1_67' title="bbox 998 370 1789 408; baseline 0.004 -11"><span class='ocrx_word' id='word_1_531' title='bbox 998 371 1041 398; x_wconf 90' lang='lat' dir='ltr'><strong>illa</strong></span> <span class='ocrx_word' id='word_1_532' title='bbox 1068 370 1095 397; x_wconf 88' lang='lat' dir='ltr'><strong>in</strong></span> <span class='ocrx_word' id='word_1_533' title='bbox 1115 374 1232 396; x_wconf 85' lang='lat' dir='ltr'><strong>mentem</strong></span> <span class='ocrx_word' id='word_1_534' title='bbox 1255 376 1429 398; x_wconf 85' lang='lat' dir='ltr'><strong>revocaturus</strong></span> <span class='ocrx_word' id='word_1_535' title='bbox 1449 377 1522 405; x_wconf 89' lang='lat' dir='ltr'><strong>erat,</strong></span> <span class='ocrx_word' id='word_1_536' title='bbox 1543 377 1623 408; x_wconf 82' lang='lat' dir='ltr'><strong>atque</strong></span> <span class='ocrx_word' id='word_1_537' title='bbox 1647 373 1707 400; x_wconf 89' lang='lat' dir='ltr'><strong>hinc</strong></span> <span class='ocrx_word' id='word_1_538' title='bbox 1732 382 1789 400; x_wconf 80' lang='lat' dir='ltr'><strong>ma—</strong></span> 
     </span>
    </p>
   </div>
   <div class='ocr_carea' id='block_1_67' title="bbox 999 416 1790 452">
    <p class='ocr_par' dir='ltr' id='par_1_67' title="bbox 999 416 1790 452">
     <span class='ocr_line' id='line_1_68' title="bbox 999 416 1790 452; baseline 0.006 -11"><span class='ocrx_word' id='word_1_539' title='bbox 999 423 1079 450; x_wconf 77' lang='lat' dir='ltr'><strong>gnum</strong></span> <span class='ocrx_word' id='word_1_540' title='bbox 1103 421 1317 450; x_wconf 87' lang='lat' dir='ltr'><strong>conscquuturus</strong></span> <span class='ocrx_word' id='word_1_541' title='bbox 1341 416 1462 444; x_wconf 88' lang='lat' dir='ltr'><strong>lucrum:</strong></span> <span class='ocrx_word' id='word_1_542' title='bbox 1479 419 1549 452; x_wconf 91' lang='lat' dir='ltr'><strong>quod</strong></span> <span class='ocrx_word' id='word_1_543' title='bbox 1569 424 1596 445; x_wconf 87' lang='lat' dir='ltr'><strong>et</strong></span> <span class='ocrx_word' id='word_1_544' title='bbox 1614 419 1713 446; x_wconf 88' lang='lat' dir='ltr'><strong>evenit.</strong></span> <span class='ocrx_word' id='word_1_545' title='bbox 1737 419 1790 447; x_wconf 88' lang='lat' dir='ltr'><strong>Cur</strong></span> 
     </span>
    </p>
   </div>
   <div class='ocr_carea' id='block_1_68' title="bbox 999 461 1789 493">
    <p class='ocr_par' dir='ltr' id='par_1_68' title="bbox 999 461 1789 493">
     <span class='ocr_line' id='line_1_69' title="bbox 999 461 1789 493; baseline 0.008 -6"><span class='ocrx_word' id='word_1_546' title='bbox 999 465 1087 488; x_wconf 84' lang='lat' dir='ltr'><strong>autem</strong></span> <span class='ocrx_word' id='word_1_547' title='bbox 1108 461 1231 488; x_wconf 82' lang='lat' dir='ltr'><strong>Christus</strong></span> <span class='ocrx_word' id='word_1_548' title='bbox 1246 462 1394 488; x_wconf 78' lang='lat' dir='ltr'><strong>centurioni</strong></span> <span class='ocrx_word' id='word_1_549' title='bbox 1417 470 1446 489; x_wconf 85' lang='lat' dir='ltr'><strong>se</strong></span> <span class='ocrx_word' id='word_1_550' title='bbox 1461 463 1530 490; x_wconf 89' lang='lat' dir='ltr'><strong>ultro</strong></span> <span class='ocrx_word' id='word_1_551' title='bbox 1549 463 1645 491; x_wconf 89' lang='lat' dir='ltr'><strong>obtulit</strong></span> <span class='ocrx_word' id='word_1_552' title='bbox 1667 465 1764 492; x_wconf 90' lang='lat' dir='ltr'><strong>iturutn</strong></span> <span class='ocrx_word' id='word_1_553' title='bbox 1782 474 1789 493; x_wconf 89' lang='lat'><strong>:</strong></span> 
     </span>
    </p>
   </div>
   <div class='ocr_carea' id='block_1_69' title="bbox 999 507 1785 546">
    <p class='ocr_par' dir='ltr' id='par_1_69' title="bbox 999 507 1785 546">
     <span class='ocr_line' id='line_1_70' title="bbox 999 507 1785 546; baseline 0.006 -12"><span class='ocrx_word' id='word_1_554' title='bbox 999 507 1043 534; x_wconf 93' lang='lat' dir='ltr'><strong>hic</strong></span> <span class='ocrx_word' id='word_1_555' title='bbox 1055 512 1144 534; x_wconf 89' lang='lat' dir='ltr'><strong>autem</strong></span> <span class='ocrx_word' id='word_1_556' title='bbox 1159 515 1193 535; x_wconf 91' lang='lat' dir='ltr'><strong>ne</strong></span> <span class='ocrx_word' id='word_1_557' title='bbox 1207 513 1314 542; x_wconf 78' lang='lat' dir='ltr'><strong>rogatus</strong></span> <span class='ocrx_word' id='word_1_558' title='bbox 1330 508 1436 543; x_wconf 87' lang='lat' dir='ltr'><strong>quidem</strong></span> <span class='ocrx_word' id='word_1_559' title='bbox 1453 509 1465 535; x_wconf 85' lang='lat'><strong>?</strong></span> <span class='ocrx_word' id='word_1_560' title='bbox 1485 509 1551 542; x_wconf 86' lang='lat' dir='ltr'><strong>Quia</strong></span> <span class='ocrx_word' id='word_1_561' title='bbox 1566 510 1601 537; x_wconf 90' lang='lat' dir='ltr'><strong>ibi</strong></span> <span class='ocrx_word' id='word_1_562' title='bbox 1616 511 1682 538; x_wconf 85' lang='lat' dir='ltr'><strong>ﬁdes</strong></span> <span class='ocrx_word' id='word_1_563' title='bbox 1698 513 1785 546; x_wconf 52' lang='lat' dir='ltr'><strong>perfer</strong></span> 
     </span>
    </p>
   </div>
   <div class='ocr_carea' id='block_1_70' title="bbox 998 553 1787 592">
    <p class='ocr_par' dir='ltr' id='par_1_70' title="bbox 998 553 1787 592">
     <span class='ocr_line' id='line_1_71' title="bbox 998 553 1787 592; baseline 0.009 -12"><span class='ocrx_word' id='word_1_564' title='bbox 998 559 1041 580; x_wconf 82' lang='lat' dir='ltr'><strong>cta</strong></span> <span class='ocrx_word' id='word_1_565' title='bbox 1054 558 1122 581; x_wconf 84' lang='lat' dir='ltr'><strong>erat.</strong></span> <span class='ocrx_word' id='word_1_566' title='bbox 1139 553 1201 581; x_wconf 87' lang='lat' dir='ltr'><strong>ideo</strong></span> <span class='ocrx_word' id='word_1_567' title='bbox 1215 562 1245 581; x_wconf 91' lang='lat' dir='ltr'><strong>se</strong></span> <span class='ocrx_word' id='word_1_568' title='bbox 1261 555 1357 581; x_wconf 89' lang='lat' dir='ltr'><strong>iturum</strong></span> <span class='ocrx_word' id='word_1_569' title='bbox 1370 555 1484 588; x_wconf 89' lang='lat' dir='ltr'><strong>obtulit,</strong></span> <span class='ocrx_word' id='word_1_570' title='bbox 1508 561 1536 583; x_wconf 89' lang='lat' dir='ltr'><strong>ut</strong></span> <span class='ocrx_word' id='word_1_571' title='bbox 1555 557 1604 584; x_wconf 91' lang='lat' dir='ltr'><strong>viri</strong></span> <span class='ocrx_word' id='word_1_572' title='bbox 1629 558 1787 592; x_wconf 86' lang='lat' dir='ltr'><strong>probitatem</strong></span> 
     </span>
    </p>
   </div>
   <div class='ocr_carea' id='block_1_71' title="bbox 998 599 1789 637">
    <p class='ocr_par' dir='ltr' id='par_1_71' title="bbox 998 599 1789 637">
     <span class='ocr_line' id='line_1_72' title="bbox 998 599 1789 637; baseline 0.009 -12"><span class='ocrx_word' id='word_1_573' title='bbox 998 599 1179 627; x_wconf 83' lang='lat' dir='ltr'><strong>edisceremus</strong></span> <span class='ocrx_word' id='word_1_574' title='bbox 1204 609 1210 626; x_wconf 92' lang='lat'>:</span> <span class='ocrx_word' id='word_1_575' title='bbox 1232 605 1260 627; x_wconf 90' lang='lat' dir='ltr'><strong>at.</strong></span> <span class='ocrx_word' id='word_1_576' title='bbox 1285 600 1392 635; x_wconf 75' lang='lat' dir='ltr'><strong>regulus</strong></span> <span class='ocrx_word' id='word_1_577' title='bbox 1413 600 1501 628; x_wconf 90' lang='lat' dir='ltr'><strong>adhuc</strong></span> <span class='ocrx_word' id='word_1_578' title='bbox 1525 602 1696 637; x_wconf 81' lang='lat' dir='ltr'><strong>imperfectus</strong></span> <span class='ocrx_word' id='word_1_579' title='bbox 1720 610 1789 632; x_wconf 85' lang='lat' dir='ltr'><strong>erat.</strong></span> 
     </span>
    </p>
   </div>
   <div class='ocr_carea' id='block_1_72' title="bbox 998 645 1790 682">
    <p class='ocr_par' dir='ltr' id='par_1_72' title="bbox 998 645 1790 682">
     <span class='ocr_line' id='line_1_73' title="bbox 998 645 1790 682; baseline 0.008 -11"><span class='ocrx_word' id='word_1_580' title='bbox 998 645 1064 678; x_wconf 87' lang='lat' dir='ltr'><strong>Quia</strong></span> <span class='ocrx_word' id='word_1_581' title='bbox 1078 653 1141 679; x_wconf 82' lang='lat' dir='ltr'><strong>ergo</strong></span> <span class='ocrx_word' id='word_1_582' title='bbox 1155 645 1296 673; x_wconf 90' lang='lat' dir='ltr'><strong>admodum</strong></span> <span class='ocrx_word' id='word_1_583' title='bbox 1318 646 1435 673; x_wconf 82' lang='lat' dir='ltr'><strong>instabat</strong></span> <span class='ocrx_word' id='word_1_584' title='bbox 1449 646 1554 679; x_wconf 79' lang='lat' dir='ltr'><strong>dicens,</strong></span> <span class='ocrx_word' id='word_1_585' title='bbox 1573 647 1715 682; x_wconf 79' lang='lat' dir='ltr'><strong>Descende,</strong></span> <span class='ocrx_word' id='word_1_586' title='bbox 1728 658 1790 678; x_wconf 86' lang='lat' dir='ltr'><strong>nec-</strong></span> 
     </span>
    </p>
   </div>
   <div class='ocr_carea' id='block_1_73' title="bbox 998 690 1788 728">
    <p class='ocr_par' dir='ltr' id='par_1_73' title="bbox 998 690 1788 728">
     <span class='ocr_line' id='line_1_74' title="bbox 998 690 1788 728; baseline 0.006 -11"><span class='ocrx_word' id='word_1_587' title='bbox 998 690 1061 718; x_wconf 91' lang='lat' dir='ltr'><strong>dum</strong></span> <span class='ocrx_word' id='word_1_588' title='bbox 1088 691 1187 718; x_wconf 79' lang='lat' dir='ltr'><strong>sciebat</strong></span> <span class='ocrx_word' id='word_1_589' title='bbox 1212 692 1297 726; x_wconf 87' lang='lat' dir='ltr'><strong>ipsum</strong></span> <span class='ocrx_word' id='word_1_590' title='bbox 1320 692 1362 719; x_wconf 83' lang='lat' dir='ltr'><strong>vel</strong></span> <span class='ocrx_word' id='word_1_591' title='bbox 1378 692 1515 720; x_wconf 85' lang='lat' dir='ltr'><strong>absentem</strong></span> <span class='ocrx_word' id='word_1_592' title='bbox 1531 700 1610 728; x_wconf 86' lang='lat' dir='ltr'><strong>posse</strong></span> <span class='ocrx_word' id='word_1_593' title='bbox 1633 702 1748 727; x_wconf 84' lang='lat' dir='ltr'><strong>sanare;</strong></span> <span class='ocrx_word' id='word_1_594' title='bbox 1764 695 1788 722; x_wconf 89' lang='lat' dir='ltr'><strong>id</strong></span> 
     </span>
    </p>
   </div>
   <div class='ocr_carea' id='block_1_74' title="bbox 998 737 1788 773">
    <p class='ocr_par' dir='ltr' id='par_1_74' title="bbox 998 737 1788 773">
     <span class='ocr_line' id='line_1_75' title="bbox 998 737 1788 773; baseline 0.005 -10"><span class='ocrx_word' id='word_1_595' title='bbox 998 743 1028 763; x_wconf 90' lang='lat' dir='ltr'><strong>se</strong></span> <span class='ocrx_word' id='word_1_596' title='bbox 1043 744 1122 770; x_wconf 86' lang='lat' dir='ltr'><strong>posse</strong></span> <span class='ocrx_word' id='word_1_597' title='bbox 1137 737 1271 770; x_wconf 85' lang='lat' dir='ltr'><strong>ostendit;</strong></span> <span class='ocrx_word' id='word_1_598' title='bbox 1290 743 1317 765; x_wconf 93' lang='lat' dir='ltr'><strong>ut</strong></span> <span class='ocrx_word' id='word_1_599' title='bbox 1336 745 1414 772; x_wconf 90' lang='lat' dir='ltr'><strong>quam</strong></span> <span class='ocrx_word' id='word_1_600' title='bbox 1431 746 1478 773; x_wconf 86' lang='lat' dir='ltr'><strong>per</strong></span> <span class='ocrx_word' id='word_1_601' title='bbox 1492 746 1521 765; x_wconf 88' lang='lat' dir='ltr'><strong>se</strong></span> <span class='ocrx_word' id='word_1_602' title='bbox 1534 740 1654 766; x_wconf 80' lang='lat' dir='ltr'><strong>ecnturio</strong></span> <span class='ocrx_word' id='word_1_603' title='bbox 1669 741 1788 768; x_wconf 87' lang='lat' dir='ltr'><strong>notitiam</strong></span> 
     </span>
    </p>
   </div>
   <div class='ocr_carea' id='block_1_75' title="bbox 998 781 1788 820">
    <p class='ocr_par' dir='ltr' id='par_1_75' title="bbox 998 781 1788 820">
     <span class='ocr_line' id='line_1_76' title="bbox 998 781 1788 820; baseline 0.009 -13"><span class='ocrx_word' id='word_1_604' title='bbox 998 781 1122 815; x_wconf 83' lang='lat' dir='ltr'><strong>habebat,</strong></span> <span class='ocrx_word' id='word_1_605' title='bbox 1138 791 1195 809; x_wconf 86' lang='lat' dir='ltr'><strong>eam</strong></span> <span class='ocrx_word' id='word_1_606' title='bbox 1209 784 1316 818; x_wconf 74' lang='lat' dir='ltr'><strong>regulus</strong></span> <span class='ocrx_word' id='word_1_607' title='bbox 1328 791 1381 810; x_wconf 92' lang='lat' dir='ltr'><strong>non</strong></span> <span class='ocrx_word' id='word_1_608' title='bbox 1395 784 1539 812; x_wconf 87' lang='lat' dir='ltr'><strong>accedente</strong></span> <span class='ocrx_word' id='word_1_609' title='bbox 1551 784 1615 812; x_wconf 87' lang='lat' dir='ltr'><strong>Jesu</strong></span> <span class='ocrx_word' id='word_1_610' title='bbox 1626 786 1788 820; x_wconf 86' lang='lat' dir='ltr'><strong>acquireret.</strong></span> 
     </span>
    </p>
   </div>
   <div class='ocr_carea' id='block_1_76' title="bbox 997 826 1785 865">
    <p class='ocr_par' dir='ltr' id='par_1_76' title="bbox 997 826 1785 865">
     <span class='ocr_line' id='line_1_77' title="bbox 997 826 1785 865; baseline 0.006 -12"><span class='ocrx_word' id='word_1_611' title='bbox 997 826 1063 854; x_wconf 87' lang='lat' dir='ltr'><strong>Cum</strong></span> <span class='ocrx_word' id='word_1_612' title='bbox 1078 828 1166 862; x_wconf 82' lang='lat' dir='ltr'><strong>itaque</strong></span> <span class='ocrx_word' id='word_1_613' title='bbox 1179 828 1253 861; x_wconf 90' lang='lat' dir='ltr'><strong>dicit,</strong></span> <span class='ocrx_word' id='word_1_614' title='bbox 1268 828 1329 855; x_wconf 84' lang='lat' dir='ltr'><strong>Nisi</strong></span> <span class='ocrx_word' id='word_1_615' title='bbox 1341 830 1414 864; x_wconf 78' lang='lat' dir='ltr'><strong>signa</strong></span> <span class='ocrx_word' id='word_1_616' title='bbox 1429 834 1451 856; x_wconf 88' lang='lat' dir='ltr'><strong>et</strong></span> <span class='ocrx_word' id='word_1_617' title='bbox 1470 830 1587 865; x_wconf 81' lang='lat' dir='ltr'><strong>prodigia</strong></span> <span class='ocrx_word' id='word_1_618' title='bbox 1600 831 1721 864; x_wconf 78' lang='lat' dir='ltr'><strong>videritis,</strong></span> <span class='ocrx_word' id='word_1_619' title='bbox 1735 841 1785 858; x_wconf 83' lang='lat' dir='ltr'><strong>non</strong></span> 
     </span>
    </p>
   </div>
   <div class='ocr_carea' id='block_1_77' title="bbox 997 874 1789 911">
    <p class='ocr_par' dir='ltr' id='par_1_77' title="bbox 997 874 1789 911">
     <span class='ocr_line' id='line_1_78' title="bbox 997 874 1789 911; baseline 0.008 -11"><span class='ocrx_word' id='word_1_620' title='bbox 997 875 1098 901; x_wconf 79' lang='lat' dir='ltr'><strong>creditis</strong></span> <span class='ocrx_word' id='word_1_621' title='bbox 1110 895 1117 908; x_wconf 92' lang='lat'><strong>,</strong></span> <span class='ocrx_word' id='word_1_622' title='bbox 1134 874 1185 902; x_wconf 90' lang='lat' dir='ltr'><strong>hoc</strong></span> <span class='ocrx_word' id='word_1_623' title='bbox 1206 875 1353 910; x_wconf 78' lang='lat' dir='ltr'><strong>significat,</strong></span> <span class='ocrx_word' id='word_1_624' title='bbox 1370 877 1526 911; x_wconf 80' lang='lat' dir='ltr'><strong>congruenti</strong></span> <span class='ocrx_word' id='word_1_625' title='bbox 1550 877 1601 904; x_wconf 84' lang='lat' dir='ltr'><strong>fide</strong></span> <span class='ocrx_word' id='word_1_626' title='bbox 1615 877 1732 905; x_wconf 88' lang='lat' dir='ltr'><strong>nondum</strong></span> <span class='ocrx_word' id='word_1_627' title='bbox 1747 879 1789 906; x_wconf 93' lang='lat' dir='ltr'><strong>in-</strong></span> 
     </span>
    </p>
   </div>
   <div class='ocr_carea' id='block_1_78' title="bbox 1001 921 1788 958">
    <p class='ocr_par' dir='ltr' id='par_1_78' title="bbox 1001 921 1788 958">
     <span class='ocr_line' id='line_1_79' title="bbox 1001 921 1788 958; baseline 0.006 -11"><span class='ocrx_word' id='word_1_628' title='bbox 1001 921 1096 948; x_wconf 84' lang='lat' dir='ltr'><strong>structi</strong></span> <span class='ocrx_word' id='word_1_629' title='bbox 1115 921 1180 948; x_wconf 85' lang='lat' dir='ltr'><strong>estis</strong></span> <span class='ocrx_word' id='word_1_630' title='bbox 1196 929 1203 954; x_wconf 87' lang='lat'><strong>;</strong></span> <span class='ocrx_word' id='word_1_631' title='bbox 1221 921 1268 948; x_wconf 88' lang='lat' dir='ltr'><strong>sed</strong></span> <span class='ocrx_word' id='word_1_632' title='bbox 1283 921 1370 949; x_wconf 86' lang='lat' dir='ltr'><strong>adhuc</strong></span> <span class='ocrx_word' id='word_1_633' title='bbox 1392 930 1435 958; x_wconf 77' lang='lat' dir='ltr'><strong>me</strong></span> <span class='ocrx_word' id='word_1_634' title='bbox 1450 927 1479 950; x_wconf 91' lang='lat' dir='ltr'><strong>ut</strong></span> <span class='ocrx_word' id='word_1_635' title='bbox 1494 923 1649 957; x_wconf 85' lang='lat' dir='ltr'><strong>prophetam</strong></span> <span class='ocrx_word' id='word_1_636' title='bbox 1675 924 1788 952; x_wconf 87' lang='lat' dir='ltr'><strong>habetis.</strong></span> 
     </span>
    </p>
   </div>
   <div class='ocr_carea' id='block_1_79' title="bbox 1000 965 1790 1001">
    <p class='ocr_par' dir='ltr' id='par_1_79' title="bbox 1000 965 1790 1001">
     <span class='ocr_line' id='line_1_80' title="bbox 1000 965 1790 1001; baseline 0.009 -10"><span class='ocrx_word' id='word_1_637' title='bbox 1000 965 1065 1000; x_wconf 90' lang='lat' dir='ltr'><strong>Quis</strong></span> <span class='ocrx_word' id='word_1_638' title='bbox 1080 973 1143 1001; x_wconf 84' lang='lat' dir='ltr'><strong>ergo</strong></span> <span class='ocrx_word' id='word_1_639' title='bbox 1157 966 1215 1000; x_wconf 85' lang='lat' dir='ltr'><strong>ipse</strong></span> <span class='ocrx_word' id='word_1_640' title='bbox 1225 967 1260 994; x_wconf 87' lang='lat' dir='ltr'><strong>sit</strong></span> <span class='ocrx_word' id='word_1_641' title='bbox 1274 967 1415 1000; x_wconf 85' lang='lat' dir='ltr'><strong>revelans,</strong></span> <span class='ocrx_word' id='word_1_642' title='bbox 1429 973 1457 995; x_wconf 88' lang='lat' dir='ltr'><strong>et</strong></span> <span class='ocrx_word' id='word_1_643' title='bbox 1476 969 1620 995; x_wconf 78' lang='lat' dir='ltr'><strong>ostendens</strong></span> <span class='ocrx_word' id='word_1_644' title='bbox 1636 970 1716 996; x_wconf 86' lang='lat' dir='ltr'><strong>etiam</strong></span> <span class='ocrx_word' id='word_1_645' title='bbox 1732 970 1790 998; x_wconf 79' lang='lat' dir='ltr'><strong>sine</strong></span> 
     </span>
    </p>
   </div>
   <div class='ocr_carea' id='block_1_80' title="bbox 998 1012 1789 1049">
    <p class='ocr_par' dir='ltr' id='par_1_80' title="bbox 998 1012 1789 1049">
     <span class='ocr_line' id='line_1_81' title="bbox 998 1012 1789 1049; baseline 0.005 -12"><span class='ocrx_word' id='word_1_646' title='bbox 998 1012 1135 1038; x_wconf 82' lang='lat' dir='ltr'><strong>miraculis</strong></span> <span class='ocrx_word' id='word_1_647' title='bbox 1146 1012 1195 1039; x_wconf 90' lang='lat' dir='ltr'><strong>sibi</strong></span> <span class='ocrx_word' id='word_1_648' title='bbox 1210 1013 1374 1039; x_wconf 89' lang='lat' dir='ltr'><strong>credendum</strong></span> <span class='ocrx_word' id='word_1_649' title='bbox 1388 1020 1458 1046; x_wconf 88' lang='lat' dir='ltr'><strong>esse,</strong></span> <span class='ocrx_word' id='word_1_650' title='bbox 1474 1014 1567 1040; x_wconf 87' lang='lat' dir='ltr'><strong>eadem</strong></span> <span class='ocrx_word' id='word_1_651' title='bbox 1583 1015 1638 1048; x_wconf 77' lang='lat' dir='ltr'><strong>ipsa</strong></span> <span class='ocrx_word' id='word_1_652' title='bbox 1654 1022 1713 1049; x_wconf 73' lang='lat' dir='ltr'><strong>qua:</strong></span> <span class='ocrx_word' id='word_1_653' title='bbox 1727 1015 1789 1042; x_wconf 87' lang='lat' dir='ltr'><strong>Phi-</strong></span> 
     </span>
    </p>
   </div>
   <div class='ocr_carea' id='block_1_81' title="bbox 998 1057 1790 1095">
    <p class='ocr_par' dir='ltr' id='par_1_81' title="bbox 998 1057 1790 1095">
     <span class='ocr_line' id='line_1_82' title="bbox 998 1057 1790 1095; baseline 0.005 -11"><span class='ocrx_word' id='word_1_654' title='bbox 998 1057 1072 1092; x_wconf 87' lang='lat' dir='ltr'><strong>lippo</strong></span> <span class='ocrx_word' id='word_1_655' title='bbox 1085 1058 1152 1085; x_wconf 82' lang='lat' dir='ltr'><strong>dixit</strong></span> <span class='ocrx_word' id='word_1_656' title='bbox 1170 1068 1176 1084; x_wconf 90' lang='lat'>:</span> <span class='ocrx_word' id='word_1_657' title='bbox 1193 1057 1253 1085; x_wconf 88' lang='lat' dir='ltr'><strong>Non</strong></span> <span class='ocrx_word' id='word_1_658' title='bbox 1277 1059 1358 1086; x_wconf 80' lang='lat' dir='ltr'><strong>credis</strong></span> <span class='ocrx_word' id='word_1_659' title='bbox 1380 1060 1439 1094; x_wconf 82' lang='lat' dir='ltr'><strong>quia</strong></span> <span class='ocrx_word' id='word_1_660' title='bbox 1461 1068 1506 1095; x_wconf 84' lang='lat' dir='ltr'><strong>ego</strong></span> <span class='ocrx_word' id='word_1_661' title='bbox 1524 1062 1549 1086; x_wconf 87' lang='lat' dir='ltr'><strong>in</strong></span> <span class='ocrx_word' id='word_1_662' title='bbox 1564 1059 1659 1093; x_wconf 85' lang='lat' dir='ltr'><strong>Patre,</strong></span> <span class='ocrx_word' id='word_1_663' title='bbox 1674 1066 1697 1087; x_wconf 87' lang='lat' dir='ltr'><strong>el</strong></span> <span class='ocrx_word' id='word_1_664' title='bbox 1713 1061 1790 1088; x_wconf 81' lang='lat' dir='ltr'><strong>l’atcr</strong></span> 
     </span>
    </p>
   </div>
   <div class='ocr_carea' id='block_1_82' title="bbox 997 1103 1789 1140">
    <p class='ocr_par' dir='ltr' id='par_1_82' title="bbox 997 1103 1789 1140">
     <span class='ocr_line' id='line_1_83' title="bbox 997 1103 1789 1140; baseline 0.004 -10"><span class='ocrx_word' id='word_1_665' title='bbox 997 1104 1024 1130; x_wconf 87' lang='lat' dir='ltr'><strong>in</strong></span> <span class='ocrx_word' id='word_1_666' title='bbox 1039 1111 1078 1130; x_wconf 89' lang='lat' dir='ltr'><strong>me</strong></span> <span class='ocrx_word' id='word_1_667' title='bbox 1093 1109 1129 1130; x_wconf 82' lang='lat' dir='ltr'><strong>est</strong></span> <span class='ocrx_word' id='word_1_668' title='bbox 1144 1104 1156 1130; x_wconf 84' lang='lat'><strong><em>?</em></strong></span> <span class='ocrx_word' id='word_1_669' title='bbox 1179 1103 1234 1130; x_wconf 83' lang='lat' dir='ltr'><strong>Etsi</strong></span> <span class='ocrx_word' id='word_1_670' title='bbox 1249 1105 1310 1131; x_wconf 87' lang='lat' dir='ltr'><strong>mihi</strong></span> <span class='ocrx_word' id='word_1_671' title='bbox 1324 1113 1375 1131; x_wconf 84' lang='lat' dir='ltr'><strong>non</strong></span> <span class='ocrx_word' id='word_1_672' title='bbox 1389 1104 1463 1132; x_wconf 86' lang='lat' dir='ltr'><strong>vultis</strong></span> <span class='ocrx_word' id='word_1_673' title='bbox 1477 1106 1586 1138; x_wconf 78' lang='lat' dir='ltr'><strong>credere,</strong></span> <span class='ocrx_word' id='word_1_674' title='bbox 1602 1107 1720 1140; x_wconf 81' lang='lat' dir='ltr'><strong>operibus</strong></span> <span class='ocrx_word' id='word_1_675' title='bbox 1734 1115 1789 1133; x_wconf 81' lang='lat' dir='ltr'><strong>crc-</strong></span> 
     </span>
    </p>
   </div>
   <div class='ocr_carea' id='block_1_83' title="bbox 997 1149 1789 1185">
    <p class='ocr_par' dir='ltr' id='par_1_83' title="bbox 997 1149 1789 1185">
     <span class='ocr_line' id='line_1_84' title="bbox 997 1149 1789 1185; baseline 0.004 -9"><span class='ocrx_word' id='word_1_676' title='bbox 997 1149 1049 1176; x_wconf 85' lang='lat' dir='ltr'><strong>dite</strong></span> <span class='ocrx_word' id='word_1_677' title='bbox 1063 1149 1160 1185; x_wconf 86' lang='lat' dir='ltr'><strong>(Joau.</strong></span> <span class='ocrx_word' id='word_1_678' title='bbox 1177 1150 1219 1177; x_wconf 79' lang='lat' dir='ltr'><strong>M.</strong></span> <span class='ocrx_word' id='word_1_679' title='bbox 1237 1150 1298 1185; x_wconf 89' lang='lat' dir='ltr'><strong>l0).</strong></span> <span class='ocrx_word' id='word_1_680' title='bbox 1315 1150 1377 1177; x_wconf 74' lang='lat' dir='ltr'><strong>Jan:</strong></span> <span class='ocrx_word' id='word_1_681' title='bbox 1390 1156 1473 1178; x_wconf 84' lang='lat' dir='ltr'><strong>autent</strong></span> <span class='ocrx_word' id='word_1_682' title='bbox 1486 1159 1515 1178; x_wconf 86' lang='lat' dir='ltr'><strong>eo</strong></span> <span class='ocrx_word' id='word_1_683' title='bbox 1538 1152 1711 1183; x_wconf 79' lang='lat' dir='ltr'><strong>descendente,</strong></span> <span class='ocrx_word' id='word_1_684' title='bbox 1725 1153 1789 1179; x_wconf 78' lang='lat' dir='ltr'><strong>servi</strong></span> 
     </span>
    </p>
   </div>
   <div class='ocr_carea' id='block_1_84' title="bbox 997 1196 1788 1231">
    <p class='ocr_par' dir='ltr' id='par_1_84' title="bbox 997 1196 1788 1231">
     <span class='ocr_line' id='line_1_85' title="bbox 997 1196 1788 1231; baseline 0.005 -9"><span class='ocrx_word' id='word_1_685' title='bbox 997 1200 1160 1222; x_wconf 84' lang='lat' dir='ltr'><strong>occurrerunt</strong></span> <span class='ocrx_word' id='word_1_686' title='bbox 1183 1196 1206 1222; x_wconf 85' lang='lat' dir='ltr'><strong>ei</strong></span> <span class='ocrx_word' id='word_1_687' title='bbox 1229 1196 1357 1229; x_wconf 82' lang='lat' dir='ltr'><strong>dicentes,</strong></span> <span class='ocrx_word' id='word_1_688' title='bbox 1381 1196 1440 1231; x_wconf 83' lang='lat' dir='ltr'><strong>quia</strong></span> <span class='ocrx_word' id='word_1_689' title='bbox 1460 1197 1530 1230; x_wconf 80' lang='lat' dir='ltr'><strong>ﬁlius</strong></span> <span class='ocrx_word' id='word_1_690' title='bbox 1546 1197 1599 1231; x_wconf 74' lang='lat' dir='ltr'><strong>ejus</strong></span> <span class='ocrx_word' id='word_1_691' title='bbox 1618 1199 1720 1225; x_wconf 85' lang='lat' dir='ltr'><strong>viveret.</strong></span> <span class='ocrx_word' id='word_1_692' title='bbox 1743 1199 1788 1227; x_wconf 72' lang='lat'><strong>52.</strong></span> 
     </span>
    </p>
   </div>
   <div class='ocr_carea' id='block_1_85' title="bbox 997 1242 1789 1278">
    <p class='ocr_par' dir='ltr' id='par_1_85' title="bbox 997 1242 1789 1278">
     <span class='ocr_line' id='line_1_86' title="bbox 997 1242 1789 1278; baseline 0.004 -10"><span class='ocrx_word' id='word_1_693' title='bbox 997 1242 1175 1277; x_wconf 76' lang='lat' dir='ltr'><strong>Inter-rogabat</strong></span> <span class='ocrx_word' id='word_1_694' title='bbox 1188 1250 1248 1276; x_wconf 83' lang='lat' dir='ltr'><strong>ergo</strong></span> <span class='ocrx_word' id='word_1_695' title='bbox 1263 1243 1352 1269; x_wconf 86' lang='lat' dir='ltr'><strong>horam</strong></span> <span class='ocrx_word' id='word_1_696' title='bbox 1365 1243 1396 1269; x_wconf 88' lang='lat' dir='ltr'><strong>ab</strong></span> <span class='ocrx_word' id='word_1_697' title='bbox 1406 1243 1450 1272; x_wconf 86' lang='lat' dir='ltr'><strong>eis.</strong></span> <span class='ocrx_word' id='word_1_698' title='bbox 1463 1243 1488 1269; x_wconf 86' lang='lat' dir='ltr'><strong>in</strong></span> <span class='ocrx_word' id='word_1_699' title='bbox 1501 1251 1550 1278; x_wconf 86' lang='lat' dir='ltr'><strong>qua</strong></span> <span class='ocrx_word' id='word_1_700' title='bbox 1563 1244 1651 1270; x_wconf 87' lang='lat' dir='ltr'><strong>melius</strong></span> <span class='ocrx_word' id='word_1_701' title='bbox 1662 1243 1789 1271; x_wconf 74' lang='lat' dir='ltr'><strong>habuerit.</strong></span> 
     </span>
    </p>
   </div>
   <div class='ocr_carea' id='block_1_86' title="bbox 997 1287 1790 1323">
    <p class='ocr_par' dir='ltr' id='par_1_86' title="bbox 997 1287 1790 1323">
     <span class='ocr_line' id='line_1_87' title="bbox 997 1287 1790 1323; baseline 0.003 -9"><span class='ocrx_word' id='word_1_702' title='bbox 997 1287 1033 1315; x_wconf 85' lang='lat' dir='ltr'><strong>Et</strong></span> <span class='ocrx_word' id='word_1_703' title='bbox 1056 1288 1173 1315; x_wconf 76' lang='lat' dir='ltr'><strong>dixerunt</strong></span> <span class='ocrx_word' id='word_1_704' title='bbox 1192 1289 1227 1320; x_wconf 85' lang='lat' dir='ltr'><strong>ei,</strong></span> <span class='ocrx_word' id='word_1_705' title='bbox 1251 1288 1318 1322; x_wconf 80' lang='lat' dir='ltr'><strong>Quia</strong></span> <span class='ocrx_word' id='word_1_706' title='bbox 1331 1289 1386 1315; x_wconf 79' lang='lat' dir='ltr'><strong>lteri</strong></span> <span class='ocrx_word' id='word_1_707' title='bbox 1407 1289 1470 1315; x_wconf 88' lang='lat' dir='ltr'><strong>Itora</strong></span> <span class='ocrx_word' id='word_1_708' title='bbox 1485 1291 1592 1323; x_wconf 79' lang='lat' dir='ltr'><strong>septima</strong></span> <span class='ocrx_word' id='word_1_709' title='bbox 1610 1289 1711 1323; x_wconf 78' lang='lat' dir='ltr'><strong>reliquit</strong></span> <span class='ocrx_word' id='word_1_710' title='bbox 1732 1297 1790 1316; x_wconf 76' lang='grc' dir='ltr'><strong>ριιιη</strong></span> 
     </span>
    </p>
   </div>
   <div class='ocr_carea' id='block_1_87' title="bbox 998 1333 1790 1370">
    <p class='ocr_par' dir='ltr' id='par_1_87' title="bbox 998 1333 1790 1370">
     <span class='ocr_line' id='line_1_88' title="bbox 998 1333 1790 1370; baseline 0.001 -9"><span class='ocrx_word' id='word_1_711' title='bbox 998 1333 1085 1369; x_wconf 80' lang='lat' dir='ltr'><strong>febris.</strong></span> <span class='ocrx_word' id='word_1_712' title='bbox 1103 1335 1146 1362; x_wconf 75' lang='grc'><strong>55.</strong></span> <span class='ocrx_word' id='word_1_713' title='bbox 1163 1333 1284 1369; x_wconf 82' lang='lat' dir='ltr'><strong>Cognovit</strong></span> <span class='ocrx_word' id='word_1_714' title='bbox 1304 1343 1364 1370; x_wconf 82' lang='lat' dir='ltr'><strong>ergo</strong></span> <span class='ocrx_word' id='word_1_715' title='bbox 1384 1340 1464 1370; x_wconf 83' lang='lat' dir='ltr'><strong>pater,</strong></span> <span class='ocrx_word' id='word_1_716' title='bbox 1484 1335 1543 1370; x_wconf 83' lang='lat' dir='ltr'><strong>quia</strong></span> <span class='ocrx_word' id='word_1_717' title='bbox 1554 1335 1599 1361; x_wconf 88' lang='lat' dir='ltr'><strong>illa</strong></span> <span class='ocrx_word' id='word_1_718' title='bbox 1611 1335 1673 1361; x_wconf 77' lang='lat' dir='ltr'><strong>liora</strong></span> <span class='ocrx_word' id='word_1_719' title='bbox 1686 1340 1749 1367; x_wconf 73' lang='lat' dir='ltr'><strong>erat,</strong></span> <span class='ocrx_word' id='word_1_720' title='bbox 1763 1336 1790 1363; x_wconf 86' lang='lat' dir='ltr'><strong>iu</strong></span> 
     </span>
    </p>
   </div>
   <div class='ocr_carea' id='block_1_88' title="bbox 997 1380 1790 1416">
    <p class='ocr_par' dir='ltr' id='par_1_88' title="bbox 997 1380 1790 1416">
     <span class='ocr_line' id='line_1_89' title="bbox 997 1380 1790 1416; baseline 0.001 -10"><span class='ocrx_word' id='word_1_721' title='bbox 997 1389 1048 1415; x_wconf 82' lang='lat' dir='ltr'><strong>qua</strong></span> <span class='ocrx_word' id='word_1_722' title='bbox 1056 1380 1118 1407; x_wconf 71' lang='lat' dir='ltr'><strong>dixit</strong></span> <span class='ocrx_word' id='word_1_723' title='bbox 1129 1381 1151 1407; x_wconf 87' lang='lat' dir='ltr'><strong>ei</strong></span> <span class='ocrx_word' id='word_1_724' title='bbox 1160 1380 1247 1414; x_wconf 75' lang='lat' dir='ltr'><strong>Iesus,</strong></span> <span class='ocrx_word' id='word_1_725' title='bbox 1257 1381 1324 1415; x_wconf 78' lang='lat' dir='ltr'><strong>quod</strong></span> <span class='ocrx_word' id='word_1_726' title='bbox 1332 1381 1400 1415; x_wconf 77' lang='lat' dir='ltr'><strong>[ilius</strong></span> <span class='ocrx_word' id='word_1_727' title='bbox 1408 1381 1462 1416; x_wconf 76' lang='lat' dir='ltr'><strong>ejus</strong></span> <span class='ocrx_word' id='word_1_728' title='bbox 1468 1381 1566 1408; x_wconf 77' lang='lat' dir='ltr'><strong>viveret.</strong></span> <span class='ocrx_word' id='word_1_729' title='bbox 1573 1380 1603 1407; x_wconf 84' lang='lat' dir='ltr'><strong>Et</strong></span> <span class='ocrx_word' id='word_1_730' title='bbox 1612 1381 1715 1407; x_wconf 84' lang='lat' dir='ltr'><strong>credidit</strong></span> <span class='ocrx_word' id='word_1_731' title='bbox 1726 1381 1790 1415; x_wconf 79' lang='lat' dir='ltr'><strong>ipse,</strong></span> 
     </span>
    </p>
   </div>
   <div class='ocr_carea' id='block_1_89' title="bbox 998 1426 1791 1461">
    <p class='ocr_par' dir='ltr' id='par_1_89' title="bbox 998 1426 1791 1461">
     <span class='ocr_line' id='line_1_90' title="bbox 998 1426 1791 1461; baseline 0.001 -9"><span class='ocrx_word' id='word_1_732' title='bbox 998 1431 1022 1452; x_wconf 86' lang='lat' dir='ltr'><strong>et</strong></span> <span class='ocrx_word' id='word_1_733' title='bbox 1037 1426 1126 1452; x_wconf 80' lang='lat' dir='ltr'><strong>domus</strong></span> <span class='ocrx_word' id='word_1_734' title='bbox 1139 1426 1194 1461; x_wconf 81' lang='lat' dir='ltr'><strong>ejus</strong></span> <span class='ocrx_word' id='word_1_735' title='bbox 1207 1431 1268 1453; x_wconf 83' lang='lat' dir='ltr'><strong>tota.</strong></span> <span class='ocrx_word' id='word_1_736' title='bbox 1284 1426 1378 1453; x_wconf 82' lang='lat' dir='ltr'><strong>Viden’</strong></span> <span class='ocrx_word' id='word_1_737' title='bbox 1389 1434 1441 1461; x_wconf 90' lang='lat' dir='ltr'><strong>quo</strong></span> <span class='ocrx_word' id='word_1_738' title='bbox 1456 1431 1532 1460; x_wconf 89' lang='lat' dir='ltr'><strong>pacto</strong></span> <span class='ocrx_word' id='word_1_739' title='bbox 1544 1426 1701 1453; x_wconf 89' lang='lat' dir='ltr'><strong>miraculmn</strong></span> <span class='ocrx_word' id='word_1_740' title='bbox 1716 1427 1791 1453; x_wconf 81' lang='lat' dir='ltr'><strong>evul-</strong></span> 
     </span>
    </p>
   </div>
   <div class='ocr_carea' id='block_1_90' title="bbox 997 1472 1790 1508">
    <p class='ocr_par' dir='ltr' id='par_1_90' title="bbox 997 1472 1790 1508">
     <span class='ocr_line' id='line_1_91' title="bbox 997 1472 1790 1508; baseline 0.001 -9"><span class='ocrx_word' id='word_1_741' title='bbox 997 1477 1088 1508; x_wconf 72' lang='lat' dir='ltr'><strong>gatum</strong></span> <span class='ocrx_word' id='word_1_742' title='bbox 1102 1473 1160 1499; x_wconf 86' lang='lat' dir='ltr'><strong>sit?</strong></span> <span class='ocrx_word' id='word_1_743' title='bbox 1173 1472 1263 1508; x_wconf 84' lang='lat' dir='ltr'><strong>Neque</strong></span> <span class='ocrx_word' id='word_1_744' title='bbox 1279 1473 1382 1508; x_wconf 78' lang='lat' dir='ltr'><strong>vulgari</strong></span> <span class='ocrx_word' id='word_1_745' title='bbox 1401 1472 1480 1500; x_wconf 88' lang='lat' dir='ltr'><strong>modo</strong></span> <span class='ocrx_word' id='word_1_746' title='bbox 1498 1480 1513 1499; x_wconf 88' lang='lat' dir='ltr'><strong>a</strong></span> <span class='ocrx_word' id='word_1_747' title='bbox 1528 1472 1648 1508; x_wconf 88' lang='lat' dir='ltr'><strong>pericqu</strong></span> <span class='ocrx_word' id='word_1_748' title='bbox 1663 1473 1790 1500; x_wconf 84' lang='lat' dir='ltr'><strong>liberatus</strong></span> 
     </span>
    </p>
   </div>
   <div class='ocr_carea' id='block_1_91' title="bbox 998 1518 1790 1554">
    <p class='ocr_par' dir='ltr' id='par_1_91' title="bbox 998 1518 1790 1554">
     <span class='ocr_line' id='line_1_92' title="bbox 998 1518 1790 1554; baseline 0.001 -9"><span class='ocrx_word' id='word_1_749' title='bbox 998 1523 1055 1551; x_wconf 83' lang='lat' dir='ltr'><strong>est,</strong></span> <span class='ocrx_word' id='word_1_750' title='bbox 1080 1518 1126 1545; x_wconf 88' lang='lat' dir='ltr'><strong>sed</strong></span> <span class='ocrx_word' id='word_1_751' title='bbox 1147 1519 1305 1551; x_wconf 81' lang='lat' dir='ltr'><strong>confestim,</strong></span> <span class='ocrx_word' id='word_1_752' title='bbox 1323 1520 1357 1545; x_wconf 90' lang='lat' dir='ltr'><strong>ita</strong></span> <span class='ocrx_word' id='word_1_753' title='bbox 1374 1523 1402 1546; x_wconf 95' lang='lat' dir='ltr'><strong>ut</strong></span> <span class='ocrx_word' id='word_1_754' title='bbox 1416 1519 1514 1554; x_wconf 85' lang='lat' dir='ltr'><strong>liqueat</strong></span> <span class='ocrx_word' id='word_1_755' title='bbox 1530 1527 1585 1546; x_wconf 86' lang='lat' dir='ltr'><strong>rem</strong></span> <span class='ocrx_word' id='word_1_756' title='bbox 1601 1527 1652 1546; x_wconf 91' lang='lat' dir='ltr'><strong>non</strong></span> <span class='ocrx_word' id='word_1_757' title='bbox 1668 1527 1701 1546; x_wconf 80' lang='lat' dir='ltr'><strong>ex</strong></span> <span class='ocrx_word' id='word_1_758' title='bbox 1718 1525 1790 1546; x_wconf 88' lang='lat' dir='ltr'><strong>natll-</strong></span> 
     </span>
    </p>
   </div>
   <div class='ocr_carea' id='block_1_92' title="bbox 999 1564 1788 1599">
    <p class='ocr_par' dir='ltr' id='par_1_92' title="bbox 999 1564 1788 1599">
     <span class='ocr_line' id='line_1_93' title="bbox 999 1564 1788 1599; baseline 0.001 -8"><span class='ocrx_word' id='word_1_759' title='bbox 999 1564 1047 1591; x_wconf 84' lang='lat' dir='ltr'><strong>rali</strong></span> <span class='ocrx_word' id='word_1_760' title='bbox 1071 1565 1151 1597; x_wconf 88' lang='lat' dir='ltr'><strong>serie,</strong></span> <span class='ocrx_word' id='word_1_761' title='bbox 1174 1565 1221 1592; x_wconf 86' lang='lat' dir='ltr'><strong>sed</strong></span> <span class='ocrx_word' id='word_1_762' title='bbox 1247 1573 1279 1591; x_wconf 84' lang='lat' dir='ltr'><strong>ex</strong></span> <span class='ocrx_word' id='word_1_763' title='bbox 1302 1565 1398 1591; x_wconf 89' lang='lat' dir='ltr'><strong>Chriin</strong></span> <span class='ocrx_word' id='word_1_764' title='bbox 1414 1565 1569 1599; x_wconf 85' lang='lat' dir='ltr'><strong>operatione</strong></span> <span class='ocrx_word' id='word_1_765' title='bbox 1594 1565 1692 1592; x_wconf 87' lang='lat' dir='ltr'><strong>factam</strong></span> <span class='ocrx_word' id='word_1_766' title='bbox 1717 1573 1788 1593; x_wconf 84' lang='lat' dir='ltr'><strong>esse.</strong></span> 
     </span>
    </p>
   </div>
   <div class='ocr_carea' id='block_1_93' title="bbox 998 1610 1791 1645">
    <p class='ocr_par' dir='ltr' id='par_1_93' title="bbox 998 1610 1791 1645">
     <span class='ocr_line' id='line_1_94' title="bbox 998 1610 1791 1645; baseline 0.003 -8"><span class='ocrx_word' id='word_1_767' title='bbox 998 1610 1063 1637; x_wconf 84' lang='lat' dir='ltr'><strong>Nam</strong></span> <span class='ocrx_word' id='word_1_768' title='bbox 1078 1618 1137 1638; x_wconf 90' lang='lat' dir='ltr'><strong>cum</strong></span> <span class='ocrx_word' id='word_1_769' title='bbox 1154 1610 1186 1637; x_wconf 91' lang='lat' dir='ltr'><strong>ad</strong></span> <span class='ocrx_word' id='word_1_770' title='bbox 1201 1611 1256 1645; x_wconf 88' lang='lat' dir='ltr'><strong>ipsa</strong></span> <span class='ocrx_word' id='word_1_771' title='bbox 1280 1611 1373 1638; x_wconf 88' lang='lat' dir='ltr'><strong>mortis</strong></span> <span class='ocrx_word' id='word_1_772' title='bbox 1391 1610 1481 1637; x_wconf 86' lang='lat' dir='ltr'><strong>limina</strong></span> <span class='ocrx_word' id='word_1_773' title='bbox 1496 1611 1673 1645; x_wconf 87' lang='lat' dir='ltr'><strong>pervenisset,</strong></span> <span class='ocrx_word' id='word_1_774' title='bbox 1696 1615 1724 1638; x_wconf 90' lang='lat' dir='ltr'><strong>ut</strong></span> <span class='ocrx_word' id='word_1_775' title='bbox 1743 1611 1791 1639; x_wconf 83' lang='lat' dir='ltr'><strong>dc-</strong></span> 
     </span>
    </p>
   </div>
   <div class='ocr_carea' id='block_1_94' title="bbox 998 1656 1790 1692">
    <p class='ocr_par' dir='ltr' id='par_1_94' title="bbox 998 1656 1790 1692">
     <span class='ocr_line' id='line_1_95' title="bbox 998 1656 1790 1692; baseline 0.001 -9"><span class='ocrx_word' id='word_1_776' title='bbox 998 1656 1109 1684; x_wconf 86' lang='lat' dir='ltr'><strong>claravit</strong></span> <span class='ocrx_word' id='word_1_777' title='bbox 1123 1661 1198 1691; x_wconf 81' lang='lat' dir='ltr'><strong>pater</strong></span> <span class='ocrx_word' id='word_1_778' title='bbox 1212 1656 1253 1682; x_wconf 94' lang='lat' dir='ltr'><strong>his</strong></span> <span class='ocrx_word' id='word_1_779' title='bbox 1265 1656 1364 1689; x_wconf 89' lang='lat' dir='ltr'><strong>verbis,</strong></span> <span class='ocrx_word' id='word_1_780' title='bbox 1384 1656 1521 1689; x_wconf 80' lang='lat' dir='ltr'><strong>Descende,</strong></span> <span class='ocrx_word' id='word_1_781' title='bbox 1536 1656 1683 1692; x_wconf 77' lang='lat' dir='ltr'><strong>priusquam</strong></span> <span class='ocrx_word' id='word_1_782' title='bbox 1696 1657 1790 1684; x_wconf 85' lang='lat' dir='ltr'><strong>moria-</strong></span> 
     </span>
    </p>
   </div>
   <div class='ocr_carea' id='block_1_95' title="bbox 999 1701 1790 1738">
    <p class='ocr_par' dir='ltr' id='par_1_95' title="bbox 999 1701 1790 1738">
     <span class='ocr_line' id='line_1_96' title="bbox 999 1701 1790 1738; baseline 0.001 -10"><span class='ocrx_word' id='word_1_783' title='bbox 999 1707 1041 1728; x_wconf 87' lang='lat' dir='ltr'><strong>tur</strong></span> <span class='ocrx_word' id='word_1_784' title='bbox 1062 1702 1130 1734; x_wconf 77' lang='lat' dir='ltr'><strong>ﬁlius</strong></span> <span class='ocrx_word' id='word_1_785' title='bbox 1153 1709 1238 1734; x_wconf 85' lang='lat' dir='ltr'><strong>meus,</strong></span> <span class='ocrx_word' id='word_1_786' title='bbox 1255 1702 1344 1729; x_wconf 89' lang='lat' dir='ltr'><strong>subito</strong></span> <span class='ocrx_word' id='word_1_787' title='bbox 1358 1709 1389 1728; x_wconf 84' lang='lat' dir='ltr'><strong>ex</strong></span> <span class='ocrx_word' id='word_1_788' title='bbox 1413 1701 1509 1729; x_wconf 88' lang='lat' dir='ltr'><strong>morbo</strong></span> <span class='ocrx_word' id='word_1_789' title='bbox 1523 1707 1630 1736; x_wconf 86' lang='lat' dir='ltr'><strong>ereptus</strong></span> <span class='ocrx_word' id='word_1_790' title='bbox 1651 1706 1693 1729; x_wconf 89' lang='lat' dir='ltr'><strong>est</strong></span> <span class='ocrx_word' id='word_1_791' title='bbox 1707 1711 1715 1729; x_wconf 89' lang='lat'><strong>:</strong></span> <span class='ocrx_word' id='word_1_792' title='bbox 1730 1710 1790 1738; x_wconf 72' lang='lat' dir='ltr'><strong>quae</strong></span> 
     </span>
    </p>
   </div>
   <div class='ocr_carea' id='block_1_96' title="bbox 998 1747 1789 1776">
    <p class='ocr_par' dir='ltr' id='par_1_96' title="bbox 998 1747 1789 1776">
     <span class='ocr_line' id='line_1_97' title="bbox 998 1747 1789 1776; baseline 0.003 -2"><span class='ocrx_word' id='word_1_793' title='bbox 998 1754 1043 1774; x_wconf 89' lang='lat' dir='ltr'><strong>res</strong></span> <span class='ocrx_word' id='word_1_794' title='bbox 1064 1749 1143 1774; x_wconf 87' lang='lat' dir='ltr'><strong>etiam</strong></span> <span class='ocrx_word' id='word_1_795' title='bbox 1165 1755 1258 1775; x_wconf 83' lang='lat' dir='ltr'><strong>servos</strong></span> <span class='ocrx_word' id='word_1_796' title='bbox 1273 1747 1407 1774; x_wconf 82' lang='lat' dir='ltr'><strong>excitavit.</strong></span> <span class='ocrx_word' id='word_1_797' title='bbox 1425 1748 1501 1775; x_wconf 81' lang='lat' dir='ltr'><strong>Servi</strong></span> <span class='ocrx_word' id='word_1_798' title='bbox 1515 1748 1586 1775; x_wconf 89' lang='lat' dir='ltr'><strong>enim</strong></span> <span class='ocrx_word' id='word_1_799' title='bbox 1610 1747 1723 1776; x_wconf 85' lang='lat' dir='ltr'><strong>fortasse</strong></span> <span class='ocrx_word' id='word_1_800' title='bbox 1736 1756 1789 1776; x_wconf 91' lang='lat' dir='ltr'><strong>non</strong></span> 
     </span>
    </p>
   </div>
   <div class='ocr_carea' id='block_1_97' title="bbox 999 1793 1791 1828">
    <p class='ocr_par' dir='ltr' id='par_1_97' title="bbox 999 1793 1791 1828">
     <span class='ocr_line' id='line_1_98' title="bbox 999 1793 1791 1828; baseline 0.004 -9"><span class='ocrx_word' id='word_1_801' title='bbox 999 1797 1028 1819; x_wconf 92' lang='lat' dir='ltr'><strong>ut</strong></span> <span class='ocrx_word' id='word_1_802' title='bbox 1044 1793 1188 1820; x_wconf 88' lang='lat' dir='ltr'><strong>nuntiaturi</strong></span> <span class='ocrx_word' id='word_1_803' title='bbox 1213 1798 1327 1826; x_wconf 92' lang='lat' dir='ltr'><strong>tantum,</strong></span> <span class='ocrx_word' id='word_1_804' title='bbox 1342 1793 1389 1820; x_wconf 84' lang='lat' dir='ltr'><strong>sed</strong></span> <span class='ocrx_word' id='word_1_805' title='bbox 1410 1798 1438 1820; x_wconf 92' lang='lat' dir='ltr'><strong>ut</strong></span> <span class='ocrx_word' id='word_1_806' title='bbox 1451 1794 1613 1828; x_wconf 84' lang='lat' dir='ltr'><strong>superfluum</strong></span> <span class='ocrx_word' id='word_1_807' title='bbox 1628 1794 1726 1822; x_wconf 79' lang='lat' dir='ltr'><strong>Christi</strong></span> <span class='ocrx_word' id='word_1_808' title='bbox 1741 1795 1791 1822; x_wconf 85' lang='lat' dir='ltr'><strong>ad-</strong></span> 
     </span>
    </p>
   </div>
   <div class='ocr_carea' id='block_1_98' title="bbox 999 1840 1789 1873">
    <p class='ocr_par' dir='ltr' id='par_1_98' title="bbox 999 1840 1789 1873">
     <span class='ocr_line' id='line_1_99' title="bbox 999 1840 1789 1873; baseline 0.004 -8"><span class='ocrx_word' id='word_1_809' title='bbox 999 1843 1107 1866; x_wconf 80' lang='lat' dir='ltr'><strong>ventum</strong></span> <span class='ocrx_word' id='word_1_810' title='bbox 1131 1844 1264 1873; x_wconf 83' lang='lat' dir='ltr'><strong>putantes.</strong></span> <span class='ocrx_word' id='word_1_811' title='bbox 1281 1840 1385 1866; x_wconf 90' lang='lat' dir='ltr'><strong>obviam</strong></span> <span class='ocrx_word' id='word_1_812' title='bbox 1407 1844 1547 1867; x_wconf 85' lang='lat' dir='ltr'><strong>venerunt.</strong></span> <span class='ocrx_word' id='word_1_813' title='bbox 1571 1840 1696 1868; x_wconf 85' lang='lat' dir='ltr'><strong>Sciebant</strong></span> <span class='ocrx_word' id='word_1_814' title='bbox 1718 1842 1789 1869; x_wconf 91' lang='lat' dir='ltr'><strong>enim</strong></span> 
     </span>
    </p>
   </div>
   <div class='ocr_carea' id='block_1_99' title="bbox 999 1884 1789 1919">
    <p class='ocr_par' dir='ltr' id='par_1_99' title="bbox 999 1884 1789 1919">
     <span class='ocr_line' id='line_1_100' title="bbox 999 1884 1789 1919; baseline 0.005 -9"><span class='ocrx_word' id='word_1_815' title='bbox 999 1884 1086 1919; x_wconf 82' lang='lat' dir='ltr'><strong>ipsum</strong></span> <span class='ocrx_word' id='word_1_816' title='bbox 1096 1884 1151 1919; x_wconf 90' lang='lat' dir='ltr'><strong>jam</strong></span> <span class='ocrx_word' id='word_1_817' title='bbox 1165 1884 1228 1910; x_wconf 88' lang='lat' dir='ltr'><strong>illuc</strong></span> <span class='ocrx_word' id='word_1_818' title='bbox 1239 1884 1384 1914; x_wconf 87' lang='lat' dir='ltr'><strong>adventare</strong></span> <span class='ocrx_word' id='word_1_819' title='bbox 1397 1896 1404 1914; x_wconf 85' lang='lat'><strong>;</strong></span> <span class='ocrx_word' id='word_1_820' title='bbox 1415 1886 1484 1913; x_wconf 91' lang='lat' dir='ltr'><strong>unde</strong></span> <span class='ocrx_word' id='word_1_821' title='bbox 1499 1886 1592 1913; x_wconf 86' lang='lat' dir='ltr'><strong>eodem</strong></span> <span class='ocrx_word' id='word_1_822' title='bbox 1608 1887 1701 1914; x_wconf 89' lang='lat' dir='ltr'><strong>itinere</strong></span> <span class='ocrx_word' id='word_1_823' title='bbox 1715 1887 1789 1915; x_wconf 91' lang='lat' dir='ltr'><strong>illum</strong></span> 
     </span>
    </p>
   </div>
   <div class='ocr_carea' id='block_1_100' title="bbox 999 1930 1790 1966">
    <p class='ocr_par' dir='ltr' id='par_1_100' title="bbox 999 1930 1790 1966">
     <span class='ocr_line' id='line_1_101' title="bbox 999 1930 1790 1966; baseline 0.006 -11"><span class='ocrx_word' id='word_1_824' title='bbox 999 1934 1193 1956; x_wconf 87' lang='lat' dir='ltr'><strong>convenerunt.</strong></span> <span class='ocrx_word' id='word_1_825' title='bbox 1217 1930 1333 1964; x_wconf 65' lang='lat' dir='ltr'><strong>Regulus</strong></span> <span class='ocrx_word' id='word_1_826' title='bbox 1348 1935 1453 1963; x_wconf 89' lang='lat' dir='ltr'><strong>autem,</strong></span> <span class='ocrx_word' id='word_1_827' title='bbox 1472 1932 1558 1965; x_wconf 89' lang='lat' dir='ltr'><strong>posito</strong></span> <span class='ocrx_word' id='word_1_828' title='bbox 1574 1932 1670 1960; x_wconf 86' lang='lat' dir='ltr'><strong>timore</strong></span> <span class='ocrx_word' id='word_1_829' title='bbox 1683 1954 1690 1966; x_wconf 92' lang='lat'><strong>,</strong></span> <span class='ocrx_word' id='word_1_830' title='bbox 1707 1933 1739 1960; x_wconf 84' lang='lat' dir='ltr'><strong>ad</strong></span> <span class='ocrx_word' id='word_1_831' title='bbox 1756 1933 1790 1960; x_wconf 84' lang='lat' dir='ltr'><strong>fi-</strong></span> 
     </span>
    </p>
   </div>
   <div class='ocr_carea' id='block_1_101' title="bbox 1000 1974 1788 2011">
    <p class='ocr_par' dir='ltr' id='par_1_101' title="bbox 1000 1974 1788 2011">
     <span class='ocr_line' id='line_1_102' title="bbox 1000 1974 1788 2011; baseline 0.005 -10"><span class='ocrx_word' id='word_1_832' title='bbox 1000 1974 1060 2002; x_wconf 90' lang='lat' dir='ltr'><strong>dem</strong></span> <span class='ocrx_word' id='word_1_833' title='bbox 1075 1975 1198 2008; x_wconf 85' lang='lat' dir='ltr'><strong>accedit,</strong></span> <span class='ocrx_word' id='word_1_834' title='bbox 1217 1980 1244 2002; x_wconf 90' lang='lat' dir='ltr'><strong>ut</strong></span> <span class='ocrx_word' id='word_1_835' title='bbox 1262 1975 1386 2002; x_wconf 80' lang='lat' dir='ltr'><strong>ostendat</strong></span> <span class='ocrx_word' id='word_1_836' title='bbox 1402 1984 1434 2003; x_wconf 76' lang='lat' dir='ltr'><strong>ex</strong></span> <span class='ocrx_word' id='word_1_837' title='bbox 1461 1976 1544 2009; x_wconf 86' lang='lat' dir='ltr'><strong>ipsius</strong></span> <span class='ocrx_word' id='word_1_838' title='bbox 1558 1977 1723 2011; x_wconf 86' lang='lat' dir='ltr'><strong>profectione</strong></span> <span class='ocrx_word' id='word_1_839' title='bbox 1736 1978 1788 2006; x_wconf 88' lang='lat' dir='ltr'><strong>hoc</strong></span> 
     </span>
    </p>
   </div>
   <div class='ocr_carea' id='block_1_102' title="bbox 1000 2022 1788 2058">
    <p class='ocr_par' dir='ltr' id='par_1_102' title="bbox 1000 2022 1788 2058">
     <span class='ocr_line' id='line_1_103' title="bbox 1000 2022 1788 2058; baseline 0.004 -11"><span class='ocrx_word' id='word_1_840' title='bbox 1000 2028 1067 2055; x_wconf 82' lang='lat' dir='ltr'><strong>Opus</strong></span> <span class='ocrx_word' id='word_1_841' title='bbox 1087 2025 1226 2055; x_wconf 85' lang='lat' dir='ltr'><strong>sequutum</strong></span> <span class='ocrx_word' id='word_1_842' title='bbox 1249 2029 1320 2054; x_wconf 86' lang='lat' dir='ltr'><strong>esse,</strong></span> <span class='ocrx_word' id='word_1_843' title='bbox 1343 2029 1374 2048; x_wconf 89' lang='lat' dir='ltr'><strong>ac</strong></span> <span class='ocrx_word' id='word_1_844' title='bbox 1399 2022 1507 2049; x_wconf 82' lang='lat' dir='ltr'><strong>demum</strong></span> <span class='ocrx_word' id='word_1_845' title='bbox 1528 2022 1553 2049; x_wconf 91' lang='lat' dir='ltr'><strong>id</strong></span> <span class='ocrx_word' id='word_1_846' title='bbox 1567 2023 1710 2058; x_wconf 79' lang='lat' dir='ltr'><strong>diligenter</strong></span> <span class='ocrx_word' id='word_1_847' title='bbox 1724 2025 1788 2058; x_wconf 76' lang='lat' dir='ltr'><strong>agit,</strong></span> 
     </span>
    </p>
   </div>
   <div class='ocr_carea' id='block_1_103' title="bbox 1000 2066 1790 2105">
    <p class='ocr_par' dir='ltr' id='par_1_103' title="bbox 1000 2066 1790 2105">
     <span class='ocr_line' id='line_1_104' title="bbox 1000 2066 1790 2105; baseline 0.005 -12"><span class='ocrx_word' id='word_1_848' title='bbox 1000 2071 1029 2094; x_wconf 89' lang='lat' dir='ltr'><strong>ut</strong></span> <span class='ocrx_word' id='word_1_849' title='bbox 1049 2074 1082 2094; x_wconf 85' lang='lat' dir='ltr'><strong>ne</strong></span> <span class='ocrx_word' id='word_1_850' title='bbox 1097 2067 1217 2094; x_wconf 88' lang='lat' dir='ltr'><strong>videatur</strong></span> <span class='ocrx_word' id='word_1_851' title='bbox 1230 2066 1316 2101; x_wconf 88' lang='lat' dir='ltr'><strong>ipsum</strong></span> <span class='ocrx_word' id='word_1_852' title='bbox 1336 2067 1432 2094; x_wconf 78' lang='lat' dir='ltr'><strong>frustra</strong></span> <span class='ocrx_word' id='word_1_853' title='bbox 1456 2067 1602 2102; x_wconf 89' lang='lat' dir='ltr'><strong>profectum</strong></span> <span class='ocrx_word' id='word_1_854' title='bbox 1616 2077 1790 2105; x_wconf 80' lang='lat' dir='ltr'><strong>esse;quare</strong></span> 
     </span>
    </p>
   </div>
   <div class='ocr_carea' id='block_1_104' title="bbox 1001 2112 1790 2149">
    <p class='ocr_par' dir='ltr' id='par_1_104' title="bbox 1001 2112 1790 2149">
     <span class='ocr_line' id='line_1_105' title="bbox 1001 2112 1790 2149; baseline 0.005 -11"><span class='ocrx_word' id='word_1_855' title='bbox 1001 2116 1124 2139; x_wconf 84' lang='lat' dir='ltr'><strong>accurate</strong></span> <span class='ocrx_word' id='word_1_856' title='bbox 1143 2112 1232 2139; x_wconf 87' lang='lat' dir='ltr'><strong>omnia</strong></span> <span class='ocrx_word' id='word_1_857' title='bbox 1248 2113 1406 2140; x_wconf 86' lang='lat' dir='ltr'><strong>sciscitatur.</strong></span> <span class='ocrx_word' id='word_1_858' title='bbox 1423 2112 1458 2140; x_wconf 89' lang='lat' dir='ltr'><strong>Et</strong></span> <span class='ocrx_word' id='word_1_859' title='bbox 1473 2114 1579 2140; x_wconf 77' lang='lat' dir='ltr'><strong>credidit</strong></span> <span class='ocrx_word' id='word_1_860' title='bbox 1602 2115 1671 2149; x_wconf 84' lang='lat' dir='ltr'><strong>ipse,</strong></span> <span class='ocrx_word' id='word_1_861' title='bbox 1695 2120 1718 2142; x_wconf 83' lang='lat' dir='ltr'><strong>et</strong></span> <span class='ocrx_word' id='word_1_862' title='bbox 1742 2117 1790 2142; x_wconf 83' lang='lat' dir='ltr'><strong>do-</strong></span> 
     </span>
    </p>
   </div>
   <div class='ocr_carea' id='block_1_105' title="bbox 1000 2158 1789 2194">
    <p class='ocr_par' dir='ltr' id='par_1_105' title="bbox 1000 2158 1789 2194">
     <span class='ocr_line' id='line_1_106' title="bbox 1000 2158 1789 2194; baseline 0.006 -10"><span class='ocrx_word' id='word_1_863' title='bbox 1000 2166 1057 2185; x_wconf 78' lang='lat' dir='ltr'><strong>mus</strong></span> <span class='ocrx_word' id='word_1_864' title='bbox 1079 2158 1134 2192; x_wconf 82' lang='lat' dir='ltr'><strong>ejus</strong></span> <span class='ocrx_word' id='word_1_865' title='bbox 1156 2162 1217 2185; x_wconf 87' lang='lat' dir='ltr'><strong>tota.</strong></span> <span class='ocrx_word' id='word_1_866' title='bbox 1244 2158 1311 2185; x_wconf 86' lang='lat' dir='ltr'><strong>Nam</strong></span> <span class='ocrx_word' id='word_1_867' title='bbox 1333 2159 1396 2185; x_wconf 90' lang='lat' dir='ltr'><strong>nulli</strong></span> <span class='ocrx_word' id='word_1_868' title='bbox 1423 2167 1533 2194; x_wconf 87' lang='lat' dir='ltr'><strong>prorsus</strong></span> <span class='ocrx_word' id='word_1_869' title='bbox 1548 2159 1629 2188; x_wconf 87' lang='lat' dir='ltr'><strong>dubio</strong></span> <span class='ocrx_word' id='word_1_870' title='bbox 1644 2161 1789 2189; x_wconf 84' lang='lat' dir='ltr'><strong>obnoxium</strong></span> 
     </span>
    </p>
   </div>
   <div class='ocr_carea' id='block_1_106' title="bbox 1001 2204 1792 2242">
    <p class='ocr_par' dir='ltr' id='par_1_106' title="bbox 1001 2204 1792 2242">
     <span class='ocr_line' id='line_1_107' title="bbox 1001 2204 1792 2242; baseline 0.006 -12"><span class='ocrx_word' id='word_1_871' title='bbox 1001 2208 1060 2231; x_wconf 86' lang='lat' dir='ltr'><strong>erat</strong></span> <span class='ocrx_word' id='word_1_872' title='bbox 1081 2204 1272 2231; x_wconf 91' lang='lat' dir='ltr'><strong>testimonium.</strong></span> <span class='ocrx_word' id='word_1_873' title='bbox 1287 2204 1336 2239; x_wconf 90' lang='lat' dir='ltr'><strong>Qui</strong></span> <span class='ocrx_word' id='word_1_874' title='bbox 1352 2205 1422 2232; x_wconf 91' lang='lat' dir='ltr'><strong>enim</strong></span> <span class='ocrx_word' id='word_1_875' title='bbox 1439 2212 1525 2240; x_wconf 85' lang='lat' dir='ltr'><strong>neque</strong></span> <span class='ocrx_word' id='word_1_876' title='bbox 1540 2205 1690 2241; x_wconf 79' lang='lat' dir='ltr'><strong>adfuerant,</strong></span> <span class='ocrx_word' id='word_1_877' title='bbox 1704 2215 1792 2242; x_wconf 88' lang='lat' dir='ltr'><strong>neque</strong></span> 
     </span>
    </p>
   </div>
   <div class='ocr_carea' id='block_1_107' title="bbox 1001 2249 1792 2286">
    <p class='ocr_par' dir='ltr' id='par_1_107' title="bbox 1001 2249 1792 2286">
     <span class='ocr_line' id='line_1_108' title="bbox 1001 2249 1792 2286; baseline 0.006 -10"><span class='ocrx_word' id='word_1_878' title='bbox 1001 2249 1136 2276; x_wconf 85' lang='lat' dir='ltr'><strong>Christum</strong></span> <span class='ocrx_word' id='word_1_879' title='bbox 1150 2250 1299 2284; x_wconf 85' lang='lat' dir='ltr'><strong>audierant,</strong></span> <span class='ocrx_word' id='word_1_880' title='bbox 1314 2258 1399 2286; x_wconf 89' lang='lat' dir='ltr'><strong>neque</strong></span> <span class='ocrx_word' id='word_1_881' title='bbox 1415 2256 1519 2286; x_wconf 88' lang='lat' dir='ltr'><strong>tempus</strong></span> <span class='ocrx_word' id='word_1_882' title='bbox 1534 2257 1673 2285; x_wconf 84' lang='lat' dir='ltr'><strong>noverant,</strong></span> <span class='ocrx_word' id='word_1_883' title='bbox 1693 2253 1735 2280; x_wconf 92' lang='lat' dir='ltr'><strong>ubi</strong></span> <span class='ocrx_word' id='word_1_884' title='bbox 1758 2254 1792 2281; x_wconf 88' lang='lat' dir='ltr'><strong>ab</strong></span> 
     </span>
    </p>
   </div>
   <div class='ocr_carea' id='block_1_108' title="bbox 1004 2296 1792 2334">
    <p class='ocr_par' dir='ltr' id='par_1_108' title="bbox 1004 2296 1792 2334">
     <span class='ocr_line' id='line_1_109' title="bbox 1004 2296 1792 2334; baseline 0.005 -12"><span class='ocrx_word' id='word_1_885' title='bbox 1004 2296 1068 2323; x_wconf 86' lang='lat' dir='ltr'><strong>hero</strong></span> <span class='ocrx_word' id='word_1_886' title='bbox 1083 2303 1132 2323; x_wconf 88' lang='lat' dir='ltr'><strong>suo</strong></span> <span class='ocrx_word' id='word_1_887' title='bbox 1146 2296 1306 2326; x_wconf 84' lang='lat' dir='ltr'><strong>didicerunt.</strong></span> <span class='ocrx_word' id='word_1_888' title='bbox 1320 2296 1389 2323; x_wconf 89' lang='lat' dir='ltr'><strong>idem</strong></span> <span class='ocrx_word' id='word_1_889' title='bbox 1412 2297 1498 2332; x_wconf 85' lang='lat' dir='ltr'><strong>ipsum</strong></span> <span class='ocrx_word' id='word_1_890' title='bbox 1518 2305 1579 2325; x_wconf 87' lang='lat' dir='ltr'><strong>esse</strong></span> <span class='ocrx_word' id='word_1_891' title='bbox 1601 2303 1716 2334; x_wconf 90' lang='lat' dir='ltr'><strong>tempus,</strong></span> <span class='ocrx_word' id='word_1_892' title='bbox 1733 2307 1792 2326; x_wconf 90' lang='lat' dir='ltr'><strong>cer-</strong></span> 
     </span>
    </p>
   </div>
   <div class='ocr_carea' id='block_1_109' title="bbox 1003 2341 1794 2378">
    <p class='ocr_par' dir='ltr' id='par_1_109' title="bbox 1003 2341 1794 2378">
     <span class='ocr_line' id='line_1_110' title="bbox 1003 2341 1794 2378; baseline 0.005 -11"><span class='ocrx_word' id='word_1_893' title='bbox 1003 2341 1131 2368; x_wconf 88' lang='lat' dir='ltr'><strong>tissimam</strong></span> <span class='ocrx_word' id='word_1_894' title='bbox 1142 2341 1259 2368; x_wconf 85' lang='lat' dir='ltr'><strong>habuere</strong></span> <span class='ocrx_word' id='word_1_895' title='bbox 1271 2341 1368 2369; x_wconf 90' lang='lat' dir='ltr'><strong>Christi</strong></span> <span class='ocrx_word' id='word_1_896' title='bbox 1381 2343 1506 2378; x_wconf 64' lang='lat' dir='ltr'><strong>potentia:</strong></span> <span class='ocrx_word' id='word_1_897' title='bbox 1516 2343 1772 2371; x_wconf 86' lang='lat' dir='ltr'><strong>demonstrationem</strong></span> <span class='ocrx_word' id='word_1_898' title='bbox 1784 2352 1794 2377; x_wconf 83' lang='lat'><strong>;</strong></span> 
     </span>
    </p>
   </div>
   <div class='ocr_carea' id='block_1_110' title="bbox 1004 2386 1363 2421">
    <p class='ocr_par' dir='ltr' id='par_1_110' title="bbox 1004 2386 1363 2421">
     <span class='ocr_line' id='line_1_111' title="bbox 1004 2386 1363 2421; baseline 0.006 -8"><span class='ocrx_word' id='word_1_899' title='bbox 1004 2386 1064 2414; x_wconf 88' lang='lat' dir='ltr'><strong>ideo</strong></span> <span class='ocrx_word' id='word_1_900' title='bbox 1076 2391 1104 2415; x_wconf 89' lang='lat' dir='ltr'><strong>et</strong></span> <span class='ocrx_word' id='word_1_901' title='bbox 1120 2388 1168 2421; x_wconf 78' lang='lat' dir='ltr'><strong>ipsi</strong></span> <span class='ocrx_word' id='word_1_902' title='bbox 1183 2387 1363 2415; x_wconf 87' lang='lat' dir='ltr'><strong>crediderunt.</strong></span> 
     </span>
    </p>
   </div>
   <div class='ocr_carea' id='block_1_111' title="bbox 1040 2432 1794 2472">
    <p class='ocr_par' dir='ltr' id='par_1_111' title="bbox 1040 2432 1794 2472">
     <span class='ocr_line' id='line_1_112' title="bbox 1040 2432 1794 2472; baseline 0.007 -13"><span class='ocrx_word' id='word_1_903' title='bbox 1040 2432 1109 2460; x_wconf 81' lang='lat' dir='ltr'><strong>Deus</strong></span> <span class='ocrx_word' id='word_1_904' title='bbox 1118 2442 1175 2460; x_wconf 85' lang='lat' dir='ltr'><strong>cum</strong></span> <span class='ocrx_word' id='word_1_905' title='bbox 1185 2434 1211 2460; x_wconf 86' lang='lat' dir='ltr'><strong>in</strong></span> <span class='ocrx_word' id='word_1_906' title='bbox 1225 2435 1351 2469; x_wconf 71' lang='lat' dir='ltr'><strong>prosperis</strong></span> <span class='ocrx_word' id='word_1_907' title='bbox 1363 2439 1416 2461; x_wconf 85' lang='lat' dir='ltr'><strong>tant</strong></span> <span class='ocrx_word' id='word_1_908' title='bbox 1427 2436 1453 2462; x_wconf 86' lang='lat' dir='ltr'><strong>in</strong></span> <span class='ocrx_word' id='word_1_909' title='bbox 1462 2435 1573 2462; x_wconf 81' lang='lat' dir='ltr'><strong>adversis</strong></span> <span class='ocrx_word' id='word_1_910' title='bbox 1583 2436 1726 2472; x_wconf 82' lang='lat' dir='ltr'><strong>diligendus</strong></span> <span class='ocrx_word' id='word_1_911' title='bbox 1736 2442 1772 2464; x_wconf 79' lang='lat' dir='ltr'><strong>est</strong></span> <span class='ocrx_word' id='word_1_912' title='bbox 1783 2445 1794 2464; x_wconf 83' lang='lat'><strong>.&#39;</strong></span> 
     </span>
    </p>
   </div>
   <div class='ocr_carea' id='block_1_112' title="bbox 1004 2480 1794 2518">
    <p class='ocr_par' dir='ltr' id='par_1_112' title="bbox 1004 2480 1794 2518">
     <span class='ocr_line' id='line_1_113' title="bbox 1004 2480 1794 2518; baseline 0.004 -12"><span class='ocrx_word' id='word_1_913' title='bbox 1004 2480 1068 2507; x_wconf 86' lang='lat' dir='ltr'><strong>niltil</strong></span> <span class='ocrx_word' id='word_1_914' title='bbox 1085 2489 1131 2507; x_wconf 74' lang='lat' dir='ltr'><strong>nos</strong></span> <span class='ocrx_word' id='word_1_915' title='bbox 1150 2481 1181 2507; x_wconf 88' lang='lat' dir='ltr'><strong>ab</strong></span> <span class='ocrx_word' id='word_1_916' title='bbox 1196 2481 1245 2508; x_wconf 77' lang='lat' dir='ltr'><strong>ista</strong></span> <span class='ocrx_word' id='word_1_917' title='bbox 1262 2481 1394 2508; x_wconf 77' lang='lat' dir='ltr'><strong>dilectione</strong></span> <span class='ocrx_word' id='word_1_918' title='bbox 1406 2487 1516 2508; x_wconf 84' lang='lat' dir='ltr'><strong>avertere</strong></span> <span class='ocrx_word' id='word_1_919' title='bbox 1527 2482 1712 2515; x_wconf 60' lang='lat' dir='ltr'><strong>debet—Quid</strong></span> <span class='ocrx_word' id='word_1_920' title='bbox 1729 2490 1794 2518; x_wconf 76' lang='lat' dir='ltr'><strong>ergo</strong></span> 
     </span>
    </p>
   </div>
   <div class='ocr_carea' id='block_1_113' title="bbox 1006 2527 1794 2562">
    <p class='ocr_par' dir='ltr' id='par_1_113' title="bbox 1006 2527 1794 2562">
     <span class='ocr_line' id='line_1_114' title="bbox 1006 2527 1794 2562; baseline 0.003 -9"><span class='ocrx_word' id='word_1_921' title='bbox 1006 2534 1053 2561; x_wconf 88' lang='lat' dir='ltr'><strong>per</strong></span> <span class='ocrx_word' id='word_1_922' title='bbox 1074 2527 1131 2553; x_wconf 60' lang='lat' dir='ltr'><strong>haec</strong></span> <span class='ocrx_word' id='word_1_923' title='bbox 1149 2527 1301 2554; x_wconf 84' lang='lat' dir='ltr'><strong>docemur?</strong></span> <span class='ocrx_word' id='word_1_924' title='bbox 1314 2527 1351 2554; x_wconf 81' lang='lat' dir='ltr'><strong>Nc</strong></span> <span class='ocrx_word' id='word_1_925' title='bbox 1366 2528 1492 2554; x_wconf 86' lang='lat' dir='ltr'><strong>miracula</strong></span> <span class='ocrx_word' id='word_1_926' title='bbox 1514 2533 1709 2562; x_wconf 83' lang='lat' dir='ltr'><strong>exspectemus,</strong></span> <span class='ocrx_word' id='word_1_927' title='bbox 1725 2535 1794 2555; x_wconf 85' lang='lat' dir='ltr'><strong>ucvo</strong></span> 
     </span>
    </p>
   </div>
   <div class='ocr_carea' id='block_1_114' title="bbox 1006 2572 1794 2607">
    <p class='ocr_par' dir='ltr' id='par_1_114' title="bbox 1006 2572 1794 2607">
     <span class='ocr_line' id='line_1_115' title="bbox 1006 2572 1794 2607; baseline 0.001 -8"><span class='ocrx_word' id='word_1_928' title='bbox 1006 2572 1103 2599; x_wconf 72' lang='lat' dir='ltr'><strong>divina:</strong></span> <span class='ocrx_word' id='word_1_929' title='bbox 1132 2573 1258 2606; x_wconf 83' lang='lat' dir='ltr'><strong>potentiae</strong></span> <span class='ocrx_word' id='word_1_930' title='bbox 1283 2573 1391 2607; x_wconf 75' lang='lat' dir='ltr'><strong>pignora</strong></span> <span class='ocrx_word' id='word_1_931' title='bbox 1420 2581 1582 2607; x_wconf 63' lang='lat' dir='ltr'><strong>qua-ramus.</strong></span> <span class='ocrx_word' id='word_1_932' title='bbox 1608 2573 1656 2599; x_wconf 87' lang='lat' dir='ltr'><strong>llic</strong></span> <span class='ocrx_word' id='word_1_933' title='bbox 1680 2580 1794 2607; x_wconf 81' lang='lat' dir='ltr'><strong>namque</strong></span> 
     </span>
    </p>
   </div>
   <div class='ocr_carea' id='block_1_115' title="bbox 1007 2617 1794 2653">
    <p class='ocr_par' dir='ltr' id='par_1_115' title="bbox 1007 2617 1794 2653">
     <span class='ocr_line' id='line_1_116' title="bbox 1007 2617 1794 2653; baseline 0 -9"><span class='ocrx_word' id='word_1_934' title='bbox 1007 2618 1104 2645; x_wconf 81' lang='lat' dir='ltr'><strong>mulzos</strong></span> <span class='ocrx_word' id='word_1_935' title='bbox 1119 2618 1196 2644; x_wconf 88' lang='lat' dir='ltr'><strong>video</strong></span> <span class='ocrx_word' id='word_1_936' title='bbox 1206 2637 1213 2649; x_wconf 89' lang='lat'><strong>,</strong></span> <span class='ocrx_word' id='word_1_937' title='bbox 1225 2617 1268 2652; x_wconf 89' lang='lat' dir='ltr'><strong>qui</strong></span> <span class='ocrx_word' id='word_1_938' title='bbox 1282 2625 1342 2644; x_wconf 89' lang='lat' dir='ltr'><strong>cum</strong></span> <span class='ocrx_word' id='word_1_939' title='bbox 1356 2617 1398 2644; x_wconf 87' lang='lat' dir='ltr'><strong>vel</strong></span> <span class='ocrx_word' id='word_1_940' title='bbox 1414 2618 1470 2644; x_wconf 84' lang='lat' dir='ltr'><strong>lilio</strong></span> <span class='ocrx_word' id='word_1_941' title='bbox 1485 2618 1527 2645; x_wconf 83' lang='lat' dir='ltr'><strong>vel</strong></span> <span class='ocrx_word' id='word_1_942' title='bbox 1543 2626 1625 2645; x_wconf 81' lang='lat' dir='ltr'><strong>uxore</strong></span> <span class='ocrx_word' id='word_1_943' title='bbox 1638 2623 1794 2653; x_wconf 73' lang='lat' dir='ltr'><strong>mgrotaute,</strong></span> 
     </span>
    </p>
   </div>
   <div class='ocr_carea' id='block_1_116' title="bbox 1007 2663 1794 2698">
    <p class='ocr_par' dir='ltr' id='par_1_116' title="bbox 1007 2663 1794 2698">
     <span class='ocr_line' id='line_1_117' title="bbox 1007 2663 1794 2698; baseline 0.001 -9"><span class='ocrx_word' id='word_1_944' title='bbox 1007 2663 1106 2698; x_wconf 87' lang='lat' dir='ltr'><strong>aliquid</strong></span> <span class='ocrx_word' id='word_1_945' title='bbox 1129 2663 1215 2690; x_wconf 86' lang='lat' dir='ltr'><strong>solatii</strong></span> <span class='ocrx_word' id='word_1_946' title='bbox 1230 2670 1356 2697; x_wconf 80' lang='lat' dir='ltr'><strong>accepere</strong></span> <span class='ocrx_word' id='word_1_947' title='bbox 1367 2684 1374 2695; x_wconf 84' lang='lat'><strong>,</strong></span> <span class='ocrx_word' id='word_1_948' title='bbox 1389 2663 1517 2697; x_wconf 82' lang='lat' dir='ltr'><strong>majorem</strong></span> <span class='ocrx_word' id='word_1_949' title='bbox 1532 2671 1592 2698; x_wconf 74' lang='lat' dir='ltr'><strong>erga</strong></span> <span class='ocrx_word' id='word_1_950' title='bbox 1609 2664 1691 2690; x_wconf 84' lang='lat' dir='ltr'><strong>Deum</strong></span> <span class='ocrx_word' id='word_1_951' title='bbox 1708 2663 1794 2698; x_wconf 51' lang='lat' dir='ltr'><strong>picta.</strong></span> 
     </span>
    </p>
   </div>
   <div class='ocr_carea' id='block_1_117' title="bbox 1009 2707 1794 2740">
    <p class='ocr_par' dir='ltr' id='par_1_117' title="bbox 1009 2707 1794 2740">
     <span class='ocr_line' id='line_1_118' title="bbox 1009 2707 1794 2740; baseline 0 -5"><span class='ocrx_word' id='word_1_952' title='bbox 1009 2713 1061 2735; x_wconf 91' lang='lat' dir='ltr'><strong>tem</strong></span> <span class='ocrx_word' id='word_1_953' title='bbox 1075 2708 1265 2735; x_wconf 75' lang='lat' dir='ltr'><strong>exhibucrunt.</strong></span> <span class='ocrx_word' id='word_1_954' title='bbox 1286 2707 1397 2734; x_wconf 86' lang='lat' dir='ltr'><strong>Etiamsi</strong></span> <span class='ocrx_word' id='word_1_955' title='bbox 1413 2715 1476 2735; x_wconf 90' lang='lat' dir='ltr'><strong>vero</strong></span> <span class='ocrx_word' id='word_1_956' title='bbox 1494 2715 1546 2735; x_wconf 87' lang='lat' dir='ltr'><strong>non</strong></span> <span class='ocrx_word' id='word_1_957' title='bbox 1569 2708 1753 2740; x_wconf 78' lang='lat' dir='ltr'><strong>cxaudiamur,</strong></span> <span class='ocrx_word' id='word_1_958' title='bbox 1767 2708 1794 2735; x_wconf 91' lang='lat' dir='ltr'><strong>in</strong></span> 
     </span>
    </p>
   </div>
   <div class='ocr_carea' id='block_1_118' title="bbox 1007 2752 1796 2788">
    <p class='ocr_par' dir='ltr' id='par_1_118' title="bbox 1007 2752 1796 2788">
     <span class='ocr_line' id='line_1_119' title="bbox 1007 2752 1796 2788; baseline 0.004 -9"><span class='ocrx_word' id='word_1_959' title='bbox 1007 2753 1150 2788; x_wconf 78' lang='lat' dir='ltr'><strong>gratiarum</strong></span> <span class='ocrx_word' id='word_1_960' title='bbox 1172 2752 1276 2779; x_wconf 83' lang='lat' dir='ltr'><strong>actione</strong></span> <span class='ocrx_word' id='word_1_961' title='bbox 1289 2758 1314 2780; x_wconf 87' lang='lat' dir='ltr'><strong>et</strong></span> <span class='ocrx_word' id='word_1_962' title='bbox 1327 2752 1404 2780; x_wconf 80' lang='lat' dir='ltr'><strong>laude</strong></span> <span class='ocrx_word' id='word_1_963' title='bbox 1421 2760 1590 2788; x_wconf 81' lang='lat' dir='ltr'><strong>perseverare</strong></span> <span class='ocrx_word' id='word_1_964' title='bbox 1605 2762 1653 2788; x_wconf 90' lang='lat' dir='ltr'><strong>par</strong></span> <span class='ocrx_word' id='word_1_965' title='bbox 1666 2759 1717 2781; x_wconf 90' lang='lat' dir='ltr'><strong>est.</strong></span> <span class='ocrx_word' id='word_1_966' title='bbox 1739 2754 1796 2782; x_wconf 84' lang='lat' dir='ltr'><strong>Hoc</strong></span> 
     </span>
    </p>
   </div>
   <div class='ocr_carea' id='block_1_119' title="bbox 1008 2797 1797 2834">
    <p class='ocr_par' dir='ltr' id='par_1_119' title="bbox 1008 2797 1797 2834">
     <span class='ocr_line' id='line_1_120' title="bbox 1008 2797 1797 2834; baseline 0.005 -10"><span class='ocrx_word' id='word_1_967' title='bbox 1008 2798 1106 2833; x_wconf 88' lang='lat' dir='ltr'><strong>quippe</strong></span> <span class='ocrx_word' id='word_1_968' title='bbox 1129 2797 1246 2825; x_wconf 82' lang='lat' dir='ltr'><strong>fidelium</strong></span> <span class='ocrx_word' id='word_1_969' title='bbox 1269 2804 1408 2825; x_wconf 83' lang='lat' dir='ltr'><strong>servorum</strong></span> <span class='ocrx_word' id='word_1_970' title='bbox 1433 2803 1493 2830; x_wconf 88' lang='lat' dir='ltr'><strong>est,</strong></span> <span class='ocrx_word' id='word_1_971' title='bbox 1515 2799 1566 2826; x_wconf 89' lang='lat' dir='ltr'><strong>hoc</strong></span> <span class='ocrx_word' id='word_1_972' title='bbox 1584 2799 1749 2834; x_wconf 74' lang='lat' dir='ltr'><strong>diligenti-un</strong></span> <span class='ocrx_word' id='word_1_973' title='bbox 1769 2806 1797 2828; x_wconf 84' lang='lat' dir='ltr'><strong>et</strong></span> 
     </span>
    </p>
   </div>
   <div class='ocr_carea' id='block_1_120' title="bbox 1011 2844 1797 2879">
    <p class='ocr_par' dir='ltr' id='par_1_120' title="bbox 1011 2844 1797 2879">
     <span class='ocr_line' id='line_1_121' title="bbox 1011 2844 1797 2879; baseline 0.001 -8"><span class='ocrx_word' id='word_1_974' title='bbox 1011 2845 1150 2871; x_wconf 88' lang='lat' dir='ltr'><strong>Dominum</strong></span> <span class='ocrx_word' id='word_1_975' title='bbox 1165 2848 1193 2870; x_wconf 89' lang='lat' dir='ltr'><strong>ut</strong></span> <span class='ocrx_word' id='word_1_976' title='bbox 1210 2851 1256 2879; x_wconf 80' lang='lat' dir='ltr'><strong>par</strong></span> <span class='ocrx_word' id='word_1_977' title='bbox 1273 2848 1313 2872; x_wconf 79' lang='lat' dir='ltr'><strong>est</strong></span> <span class='ocrx_word' id='word_1_978' title='bbox 1325 2844 1478 2878; x_wconf 75' lang='lat' dir='ltr'><strong>amantium,</strong></span> <span class='ocrx_word' id='word_1_979' title='bbox 1494 2851 1519 2872; x_wconf 90' lang='lat' dir='ltr'><strong>ut</strong></span> <span class='ocrx_word' id='word_1_980' title='bbox 1536 2853 1586 2873; x_wconf 91' lang='lat' dir='ltr'><strong>non</strong></span> <span class='ocrx_word' id='word_1_981' title='bbox 1598 2845 1711 2873; x_wconf 88' lang='lat' dir='ltr'><strong>modoin</strong></span> <span class='ocrx_word' id='word_1_982' title='bbox 1727 2851 1797 2873; x_wconf 72' lang='lat' dir='ltr'><strong>tran-</strong></span> 
     </span>
    </p>
   </div>
  </div>
