2041 3113
255 130 307 159 θοδ

255 187 402 222 quillitate,
418 184 463 212 sed
479 183 558 211 etiam
575 183 600 209 in
621 180 748 208 :ernmnis
763 178 794 205 ad
808 178 881 205 illum
895 181 1046 204 accurrunt.

256 234 318 261 Ila-c
338 232 436 268 quippe
449 234 511 257 sunt
525 227 572 255 Dei
588 225 761 262 pret-idemid:
774 231 854 259 opera
867 232 873 250 :
891 221 970 255 Quem
984 222 1049 248 enim

255 279 337 314 diligit
359 276 498 308 Dominus,
524 273 651 308 castigat:
666 271 780 307 ﬂagellat
799 274 882 296 autem
905 276 1002 314 omnem
1018 268 1050 300 ﬁ-

255 312 335 354 !inm,
356 329 428 356 quem
443 319 548 354 suscipit
562 320 570 354 (
584 318 660 345 Hebr.
674 316 717 344 12.
733 315 778 350 6).
799 315 848 347 Qui
869 319 956 340 autern
974 312 1048 339 illutn

254 369 279 396 in
299 366 488 402 tranquillitate
511 365 595 392 solum
616 363 695 393 colit,
713 369 764 388 non
780 359 844 386 tanti
859 359 957 384 amoris
975 357 1049 391 signa

254 413 370 444 exhibet,
386 419 475 446 neque
491 418 556 445 pure
570 409 704 436 Christum
721 411 801 433 amat.
820 404 920 439 Ecquid
944 403 978 430 de
1001 409 1049 430 va-

255 459 382 491 letudine,
405 458 439 484 de
458 457 552 492 opibus
573 456 677 489 loquor,
708 453 770 488 quid
794 452 827 478 de
848 453 1003 485 paupertate
1024 452 1051 475 et

255 505 348 533 Inorb)
360 504 372 530 ?
386 504 460 531 Licet
473 503 546 530 enim
562 501 722 536 gehennam,
738 499 800 526 licet
821 496 893 524 aliud
913 495 1049 531 quidpiam

259 567 376 574 ~—

606 125 634 154 S.
653 122 791 152 JOANNIS
804 121 1041 149 CHRYSOSTOMI
1057 120 1217 148 ARCHIEI’.
1232 119 1498 149 CONSTANTINOP.

1840 125 1891 154 901

1096 176 1281 210 gravissimum
1295 176 1411 203 audieris
1425 185 1432 209 ;
1452 183 1538 211 neque
1555 178 1594 204 sic
1606 184 1620 204 a
1636 177 1690 205 Deo
1706 178 1828 206 laudibus
1842 187 1891 207 ce-

1095 221 1224 249 lebrando
1235 222 1416 250 absistendum
1427 231 1433 255 ;
1446 222 1492 250 sed
1506 223 1597 250 omnia
1613 231 1661 257 pro
1675 224 1732 259 ejus
1747 224 1892 253 dilectione

1098 267 1223 295 ferenda:
1234 267 1289 294 lloe
1309 268 1395 295 ﬁdelis
1409 268 1495 301 servi,
1517 268 1568 296 hoc
1580 270 1728 297 constantis
1739 270 1821 297 animi
1835 275 1891 299 est.

1095 314 1145 347 Qui
1162 314 1213 341 hoc
1230 314 1339 341 aﬁ‘ectus
1357 314 1436 342 modo
1451 319 1502 346 est,
1523 319 1551 342 et
1565 316 1706 349 praesentia
1720 316 1798 343 facile
1812 316 1891 344 susti-

1097 359 1187 391 nebit,
1212 364 1239 386 et
1263 360 1347 386 futura
1370 364 1548 394 consequetur
1572 361 1657 392 bona,
1673 366 1700 388 et
1722 362 1803 388 multa
1824 362 1892 396 apud

1096 404 1178 430 Deum
1194 404 1287 431 liducia
1308 405 1421 434 fruetur.
1438 413 1517 439 qualn
1531 412 1579 432 niis
1595 413 1689 433 omnes
1706 407 1811 441 assequi
1828 414 1893 433 cou-

1097 449 1192 482 tingat,
1205 450 1287 483 gratia
1301 454 1329 477 et
1340 450 1502 484 benignitate
1518 451 1622 477 Domini
1640 451 1722 478 nostri
1736 452 1799 479 Jesu
1814 451 1892 479 Chri-

1098 494 1143 527 sti,
1158 495 1200 522 cui
1215 495 1298 530 gloria
1314 496 1340 522 in
1354 496 1452 523 srecula
1466 496 1634 523 szeculorum.
1652 498 1747 524 Amen.

378 557 1888 572 __—___—_———————-————————————-

908 585 1081 617 HOMlLIA
1103 586 1254 618 XXXVI.

255 672 301 700 54.
322 670 377 698 Hoc
388 671 478 697 iterum
491 668 630 696 secundant
644 667 746 701 signant
763 663 820 699 fecit
830 662 915 693 Jesus,
931 668 987 687 cum
1002 667 1045 686 re-

292 717 368 744 nisset
384 724 398 742 a
417 714 511 742 Judwa
528 715 554 740 in
569 712 711 740 Galitwam.
734 709 809 746 (Cap.
825 709 852 743 5)
869 708 895 736 l.
910 706 973 734 Post
993 705 1046 732 hth

291 767 344 790 erat
359 761 412 788 dies
426 762 503 796 [estus
517 759 678 791 Iudaeorum,
700 761 724 784 et
747 755 858 783 ascendit
875 753 950 781 Jesus
971 751 1047 779 «ἵετο-

291 809 345 842 soly
349 815 388 833 ma
392 815 414 832 nt
419 827 425 834 .

291 854 318 881 1.
341 852 414 879 Nihil
434 852 460 878 in
479 851 558 878 sacris
574 849 715 883 Scriptum
729 847 814 875 leviter
833 843 1044 881 prmtereundum.

259 899 361 927 Piscina
376 898 504 932 probation
526 900 688 931 comparatur
709 902 765 922 cum
779 892 910 928 Baptismo
925 891 997 926 cujus
1015 889 1048 923 Ιί-

255 955 319 982 gura
341 950 403 972 erat.
420 944 518 971 Monita
533 937 649 970 moralia.
660 940 832 968 dissertatioui
852 939 1046 965 inter-seruntur.

255 989 526 1025 ——Qnemadmodum
548 989 574 1015 in
590 987 647 1014 auri
668 985 782 1014 metallis
801 984 889 1019 quivis
904 982 994 1010 hacin
1016 989 1046 1009 re

257 1037 357 1072 peritus
379 1043 413 1062 ne
428 1034 564 1061 minimam
586 1032 693 1068 quidem
708 1038 802 1058 venam
825 1028 983 1064 neglexerit,
1004 1031 1046 1054 ut-

256 1089 318 1117 pore
330 1080 462 1108 cumhinc
476 1086 578 1114 magna:
595 1077 697 1112 p0:slltl.
711 1075 810 1103 hauriri
825 1074 923 1102 divitia:
943 1082 949 1099 :
968 1073 1007 1100 sic
1020 1077 1047 1100 et

257 1129 282 1156 in
301 1127 397 1155 divinis
409 1126 554 1160 Scripturis
574 1132 607 1152 ne
620 1123 727 1159 quidem
744 1122 797 1150 iota
814 1129 894 1148 unum
909 1121 950 1148 vel
965 1128 1045 1147 unum

255 1175 358 1210 apicem
376 1174 434 1200 sine
454 1172 552 1199 damno
575 1175 785 1206 prmtercurras;
807 1167 855 1195 sed
876 1167 963 1194 omnia
985 1171 1046 1193 sunt

255 1220 428 1257 exploranda.
442 1219 508 1247 Nam
525 1227 540 1246 a
555 1218 654 1253 Spiritu
667 1222 760 1245 sancto
775 1217 831 1242 lucc
844 1215 931 1242 omnia
944 1213 1046 1249 prolata

255 1271 336 1299 sunt,
353 1265 473 1300 nihilque
493 1264 529 1292 ibi
552 1269 789 1299 supervacaneum.
811 1260 860 1287 llic
875 1267 938 1287 vero
958 1259 1046 1286 cousi-

255 1313 320 1340 dera
344 1311 407 1346 quid
426 1311 497 1338 dicat
519 1310 681 1345 evangelista
698 1318 704 1336 :
724 1308 780 1334 Hoc
799 1308 890 1334 iterum
905 1305 1044 1332 secundum

254 1359 352 1392 signum
364 1357 423 1392 fecit
437 1356 452 1382 J
456 1364 522 1387 esus,
539 1363 596 1382 cum
608 1354 712 1381 venisset
727 1361 743 1380 α
755 1352 849 1379 Judwa
863 1352 889 1377 in
902 1349 1044 1377 Gali/(ram.

255 1402 347 1437 Neque
362 1402 433 1429 cnim
447 1401 593 1428 Secundum
605 1400 663 1427 sine
676 1406 755 1426 causa
770 1397 870 1425 addidit
882 1405 889 1428 ;
903 1395 950 1423 sed
961 1395 1046 1422 adhuc

255 1447 484 1475 Samaritanorum
497 1445 652 1473 miraculum
662 1444 790 1476 celebrat,
800 1441 943 1470 ostendens
955 1440 1004 1467 hos
1012 1449 1046 1468 ne

254 1498 314 1528 post
335 1493 447 1520 alterum
463 1491 569 1527 quidem
593 1490 697 1525 signum
719 1489 752 1516 ad
775 1496 833 1516 eam
856 1487 1045 1514 sublimitatem

253 1540 402 1572 devenisso,
419 1538 451 1565 ad
464 1545 542 1572 quam
560 1536 724 1563 devenerant
738 1535 754 1562 ii
774 1534 819 1569 qui
835 1533 898 1560 nihil
914 1532 1044 1560 viderant.

253 1584 317 1612 Post
336 1584 389 1611 luet:
404 1587 457 1610 erat
470 1584 560 1619 festum
574 1581 737 1608 “deorum.
751 1579 826 1614 Quod
843 1578 939 1605 lestum
951 1578 961 1604 ’ἶ
975 1578 1045 1605 Pen-

254 1635 378 1662 tecostes,
394 1635 423 1656 ut
437 1629 501 1656 mihi
516 1628 629 1655 videtur.
646 1627 679 1654 Et
691 1626 804 1653 ascendit
819 1624 894 1652 Jesus
912 1624 1045 1659 Jerosoly-

254 1686 332 1704 utam.
356 1677 521 1711 Frequenter
547 1675 573 1702 in
596 1672 809 1701 solemnitatibus
831 1671 989 1699 versabatur
1017 1670 1043 1697 in

253 1724 379 1756 civitate,
401 1728 456 1749 tum
471 1726 498 1748 ut
520 1720 657 1748 videretur
670 1727 730 1747 cum
755 1719 805 1746 illis
826 1718 922 1745 festum
947 1724 1042 1752 agere,

253 1775 309 1796 tum
325 1773 354 1795 ut
375 1767 523 1801 simplicem
549 1765 743 1792 multitudinem
765 1763 920 1791 attraheret.
944 1763 972 1789 lu
993 1762 1044 1790 illis

252 1815 324 1842 enim
340 1814 454 1841 maxime
468 1813 562 1840 diebus
578 1813 584 1827 '
599 1812 616 1838 ii
630 1811 675 1846 qui
689 1809 851 1845 simpliciore
866 1813 942 1836 erant
954 1808 1044 1835 animo

253 1860 457 1888 concurrebant.
477 1859 504 1885 2.
530 1857 575 1884 Est
604 1862 687 1884 autem
713 1855 878 1890 Jerosolymir
908 1854 1044 1881 Probatica

254 1906 360 1941 piscina,
382 1912 439 1940 quae
458 1903 649 1939 cognominatur
670 1901 794 1928 Hebraice
807 1899 955 1932 Bethsaida,
971 1900 1046 1934 quin-

253 1960 301 1985 qne
321 1951 430 1986 porticus
444 1950 547 1976 habens.
562 1948 596 1975 lu
617 1948 655 1975 Itis
672 1948 774 1981 jacebat
795 1946 931 1973 multitudo
952 1953 1044 1980 magna

253 1997 435 2033 languentium,
459 2003 593 2028 ctecorum,
614 1993 775 2025 claudorum,
797 1992 937 2024 aridorum,
953 1999 1044 2026 exspe-

252 2043 373 2071 ctantium
393 2049 465 2077 aqua:
483 2046 588 2067 ηιυιιιηι.
612 2039 678 2073 Quis
699 2039 742 2065 hic
762 2038 906 2065 curationis
924 2037 1043 2065 modus?

251 2088 332 2124 quale
354 2087 509 2122 mysterimn
531 2085 715 2113 subindicatur
734 2084 746 2111 ?
769 2083 860 2118 Neque
887 2083 958 2110 cnim
986 2083 1044 2110 sine

252 2141 332 2162 causa
357 2132 413 2161 inec
423 2132 520 2166 scripta
541 2136 624 2164 sunt;
643 2130 690 2158 sed
711 2130 798 2157 l'utura
820 2130 896 2156 nobis
917 2130 992 2164 quasi
1016 2129 1042 2156 in

253 2181 337 2215 tigura
349 2184 376 2207 et
390 2178 504 2213 imagine
514 2177 639 2205 describit
651 2185 658 2209 ;
671 2183 704 2204 ne
718 2176 740 2203 si
750 2184 798 2204 res
809 2175 948 2210 stupenda,
966 2176 1042 2202 inex-

252 2229 371 2261 spectata
393 2224 536 2255 accideret,
550 2223 700 2250 auditorum
723 2221 866 2249 multorum
889 2221 967 2248 ﬁdem
992 2220 1042 2247 ali-

252 2275 385 2306 quatenus
409 2269 590 2296 labefactaret.
610 2267 736 2301 Qumnam
760 2267 839 2302 igitur
861 2266 918 2293 haec
939 2265 1042 2293 descri-

254 2316 335 2352 ptio?
364 2314 494 2342 Futurum
522 2313 653 2348 baptisma
684 2313 800 2341 dandum
828 2317 905 2345 erat,
932 2312 1041 2347 plenum

254 2364 350 2391 virtute
362 2367 389 2389 et
399 2362 482 2396 gratia
498 2361 622 2392 maxima,
638 2361 768 2395 baptisma
778 2359 849 2395 quod
863 2364 968 2394 peccata
983 2366 1041 2386 om—

253 2409 305 2439 nitu
320 2407 456 2438 ablueret.
472 2406 541 2441 quod
560 2413 593 2434 ex
616 2406 729 2433 mortuis
744 2406 818 2432 vivos
833 2404 965 2431 redderet.
980 2404 1042 2431 Haec

251 2462 317 2489 ergo
332 2458 361 2480 ut
381 2453 406 2479 in
422 2453 536 2487 imagine
551 2453 728 2487 dcpinguntur
742 2451 767 2477 in
786 2450 885 2484 piscina
903 2455 930 2477 et
943 2450 968 2476 in
983 2449 1041 2477 aliis

251 2499 351 2528 multis.
369 2498 402 2526 Et
420 2499 506 2533 primo
525 2498 631 2532 quidem
652 2504 746 2531 aquam
760 2495 848 2528 dedit,
865 2503 924 2530 qua:
944 2502 1042 2530 corpo-

251 2554 310 2574 rum
322 2545 438 2572 macnlas
450 2544 580 2575 ablueret,
595 2542 740 2576 sordesqne
754 2549 805 2568 non
817 2548 903 2573 veras,
915 2540 961 2568 sed
975 2540 1041 2567 tales

253 2592 421 2620 existimatas
435 2599 442 2623 ;
456 2598 489 2618 ex
503 2589 597 2616 iuuere
612 2595 718 2622 nempe,
733 2595 765 2616 ex
778 2587 862 2622 lepra,
875 2592 901 2614 et
915 2587 1016 2614 similes
1032 2595 1039 2614 :

252 2638 389 2672 multaque
405 2636 496 2664 videre
517 2639 558 2662 est
574 2634 667 2661 eadem
688 2634 721 2661 de
742 2641 820 2660 causa
845 2635 870 2660 in
887 2634 969 2660 veteri
984 2634 1041 2668 lege

253 2691 302 2719 per
314 2689 410 2717 aquam
428 2680 563 2708 mundata.
578 2679 633 2707 Sed
651 2679 683 2706 ad
700 2679 863 2713 propositum
877 2679 931 2713 jam
947 2679 1041 2706 redea-

256 2735 328 2756 mus.
345 2727 436 2754 Primo
452 2726 551 2760 itaque,
568 2729 594 2752 ut
613 2725 740 2757 diximus,
754 2732 895 2759 corportnn
911 2725 1039 2757 maculas,

254 2772 350 2802 deinde
362 2768 625 2799 variasinﬁrmitates
645 2779 691 2806 per
703 2779 798 2806 aquam
819 2771 884 2798 solvi
902 2775 987 2798 curat.
1006 2770 1040 2798 Ut

283 2839 293 2858 ³
307 2838 392 2864 Morel.
404 2838 466 2870 legit
479 2858 485 2869 ,
503 2837 606 2864 Naxum
617 2837 680 2864 enim
690 2834 714 2860 in
724 2839 896 2872 festivitatibus.

1100 660 1171 688 enim
1184 669 1233 688 nos
1248 661 1317 689 Deus
1330 662 1363 690 ad
1388 661 1511 697 baptismi
1525 662 1636 697 gratiam
1653 662 1661 680 ι
1677 663 1786 697 propius
1811 664 1890 691 redu-

1099 711 1184 739 ceret,
1200 714 1253 734 non
1265 707 1319 741 jam
1335 708 1452 735 maculas
1469 708 1567 741 solmn,
1582 707 1629 735 sed
1642 713 1670 735 et
1684 709 1791 736 morbos
1805 715 1889 737 sanat.

1100 751 1230 786 Imagines
1245 752 1315 779 enim
1334 760 1393 787 qua:
1416 753 1525 787 propius
1548 752 1581 779 ad
1600 753 1737 780 veritatem
1750 754 1888 786 accedunt,

1099 801 1127 824 ct
1141 797 1167 823 in
1181 797 1339 832 baptismate
1352 803 1379 825 et
1392 798 1417 824 in
1433 798 1558 832 passione
1572 802 1600 825 et
1611 798 1637 825 in
1652 798 1712 825 aliis
1727 800 1811 833 magis
1825 807 1889 826 eon-

1099 842 1196 876 spicuaz
1210 846 1282 875 sunt,
1298 850 1378 877 quam
1393 843 1562 870 vetustiores.
1574 842 1803 878 Quemadmodum
1818 845 1887 872 enitn

1101 887 1145 922 qui
1161 895 1245 922 prope
1268 895 1357 922 regem
1373 893 1434 915 sunt
1449 888 1578 916 satellites
1590 908 1597 921 ,
1623 889 1811 917 remotioribus
1829 895 1889 918 sunt

1101 931 1286 960 honoratiores
1303 942 1308 959 :
1321 933 1355 959 ita
1369 938 1393 960 et
1410 933 1435 960 in
1450 933 1541 968 ﬁguris
1554 933 1651 961 factum
1665 939 1715 961 est.
1732 934 1766 962 Et
1780 936 1890 971 angelus

1098 977 1262 1005 descendens
1276 978 1397 1005 turbabat
1411 986 1506 1013 aquam
1516 1000 1524 1012 ,
1537 983 1563 1006 et
1582 979 1693 1006 sanandi
1709 980 1763 1007 vim
1781 980 1890 1009 indehat

1099 1023 1160 1056 ipsi,
1173 1028 1200 1049 ut
1215 1023 1347 1057 discerent
1370 1023 1465 1055 Judzei,
1486 1024 1639 1058 angelorum
1658 1024 1796 1052 Dominum
1807 1026 1890 1053 multo

1099 1069 1183 1103 magis
1197 1076 1274 1104 posse
1286 1070 1382 1097 animae
1394 1071 1501 1098 morbos
1511 1078 1605 1098 omnes
1617 1078 1720 1098 curare.
1734 1071 1787 1099 Sed
1798 1080 1890 1107 quem~

1098 1114 1239 1142 admodum
1252 1115 1293 1143 hic
1301 1123 1430 1151 aquarum
1443 1121 1536 1143 natura
1547 1124 1599 1143 non
1608 1117 1762 1152 simpliciter
1769 1118 1888 1151 curabat;

1097 1160 1213 1195 alioquin
1229 1161 1300 1188 enim
1323 1170 1430 1196 semper
1450 1161 1475 1188 id
1489 1161 1590 1189 faceret
1604 1169 1612 1194 ;
1626 1162 1672 1189 sed
1688 1163 1776 1197 angeli
1795 1171 1890 1198 opera-

1099 1206 1171 1233 tione
1185 1207 1195 1222 ³
1216 1206 1242 1234 id
1265 1207 1363 1235 ﬁebat:
1384 1207 1423 1234 sic
1436 1208 1463 1234 in
1483 1207 1561 1235 nobis
1575 1215 1629 1235 non
1651 1215 1718 1243 aqua
1733 1209 1891 1244 silnplicittr

1099 1257 1235 1286 operatur,
1255 1252 1302 1280 sed
1324 1257 1462 1288 postquam
1477 1253 1592 1288 Spiritus
1605 1255 1717 1288 gratiam
1734 1259 1865 1290 acceperit
1878 1275 1886 1288 ,

1101 1301 1164 1325 tunc
1182 1298 1270 1325 omnia
1293 1298 1372 1325 solvit
1386 1303 1504 1333 peccata.
1518 1299 1595 1326 Circa
1611 1299 1679 1327 hanc
1694 1300 1822 1335 piscinam
1841 1301 1888 1328 Ja-

1097 1342 1166 1369 cebat
1190 1344 1325 1370 multitudo
1349 1352 1441 1379 ntugna
1464 1345 1637 1379 inﬁrmorum,
1658 1353 1791 1379 (wearum,
1815 1347 1887 1373 clau-

1098 1388 1206 1421 dorum,
1230 1390 1377 1423 aridorum,
1402 1399 1477 1426 aqua
1496 1395 1591 1418 motum
1605 1393 1812 1427 exspectantium.
1835 1392 1887 1421 Sed

1099 1440 1161 1463 tunc
1181 1436 1321 1464 inﬁrmitas
1345 1437 1535 1472 impedimento
1550 1442 1625 1471 erat,
1645 1439 1787 1473 quominus
1809 1440 1830 1467 is
1843 1441 1887 1476 qui

1097 1481 1177 1509 vellet
1187 1487 1325 1509 sanarctur
1337 1491 1344 1510 :
1357 1491 1426 1510 nunc
1434 1488 1522 1511 autem
1536 1484 1717 1520 unusquisque
1728 1489 1886 1520 potestatem

1097 1528 1241 1556 accedendi
1267 1528 1355 1556 habet.
1374 1529 1432 1557 Non
1457 1531 1529 1557 enim
1543 1531 1654 1565 angelus
1669 1537 1709 1558 est
1724 1533 1769 1566 qui
1792 1540 1887 1567 aquam

1099 1579 1203 1606 movet,
1220 1574 1267 1601 sed
1282 1574 1437 1610 angelorum
1459 1575 1585 1604 Dominus
1607 1577 1696 1604 omnia
1718 1577 1809 1605 efﬁcit.
1832 1578 1888 1606 Nec

1097 1618 1186 1646 dicere
1200 1626 1352 1654 possumus,
1377 1620 1442 1647 Dum
1458 1628 1508 1656 ego
1528 1621 1628 1649 accedo
1640 1643 1648 1656 ,
1674 1623 1742 1650 alius
1760 1629 1822 1650 ante
1845 1631 1887 1651 me

1097 1664 1245 1691 descendit.
1271 1664 1323 1692 Sed
1346 1664 1368 1692 si
1391 1669 1462 1692 totus
1482 1665 1555 1693 orbis
1578 1668 1700 1700 venerit,
1721 1668 1806 1702 gratia
1834 1676 1886 1696 non

1096 1711 1272 1743 consumitur,
1289 1719 1376 1746 neque
1390 1712 1431 1739 vis
1444 1712 1485 1739 vel
1501 1713 1623 1747 operatio
1636 1713 1735 1746 deﬁcit,
1755 1715 1802 1742 sed
1822 1723 1888 1742 scm-

1098 1763 1145 1790 pcr
1167 1756 1259 1783 eadem
1281 1762 1380 1784 manet.
1399 1758 1437 1784 Ac
1458 1758 1681 1793 quemadmodum
1703 1761 1805 1788 salares
1820 1761 1886 1788 radii

1097 1801 1216 1836 quotidie
1238 1802 1403 1836 illuminant,
1429 1811 1478 1830 nec
1494 1803 1686 1837 absumuntur,
1709 1813 1795 1840 neque
1815 1806 1886 1839 quod

1097 1848 1188 1875 multis
1200 1848 1444 1882 sulm-inistrentttr,
1460 1849 1525 1876 lucis
1538 1850 1671 1885 quidpiam
1682 1851 1808 1878 amittunt
1820 1861 1825 1877 :
1837 1853 1885 1884 sic,

1098 1894 1151 1921 imo
1166 1894 1249 1921 tnulto
1263 1896 1350 1922 minus
1370 1894 1484 1929 Spiritus
1496 1895 1617 1930 operatio
1638 1896 1765 1924 minuitur
1783 1904 1797 1922 a
1817 1897 1887 1924 mul-

1098 1939 1211 1967 titudine
1224 1940 1421 1974 accipientium.
1438 1940 1493 1968 Hoc
1508 1946 1595 1968 autem
1611 1941 1708 1969 factum
1719 1948 1770 1974 est,
1795 1948 1822 1969 ut
1842 1943 1886 1978 qui

1096 1985 1232 2013 discerent
1247 1987 1271 2012 in
1293 1993 1361 2021 aqua
1374 1987 1507 2014 curandos
1517 1994 1577 2015 esse
1594 1989 1714 2023 corporis
1729 1989 1846 2021 morbos,
1859 1993 1887 2016 et

1098 2031 1147 2059 hac
1172 2032 1198 2059 in
1219 2039 1247 2059 rc
1267 2032 1313 2059 diu
1337 2033 1476 2060 exercitati
1497 2038 1600 2065 essent,
1625 2033 1727 2060 l‘acilius
1745 2033 1887 2062 crederent

1097 2078 1177 2105 etiam
1200 2078 1309 2106 morbos
1326 2079 1406 2105 animi
1429 2085 1507 2114 posse
1521 2079 1619 2106 curari.
1637 2079 1690 2106 Cur
1703 2087 1784 2113 porro
1797 2080 1886 2107 missis

1096 2126 1200 2153 caeteris
1214 2125 1337 2152 omnibus
1349 2125 1427 2152 Jesus
1448 2125 1480 2152 ad
1496 2133 1568 2158 cum,
1581 2125 1627 2160 qui
1644 2126 1750 2159 triginta
1767 2130 1828 2153 octo
1840 2133 1887 2152 an-

1097 2179 1145 2198 nos
1157 2171 1312 2205 a-grotabat,
1324 2171 1418 2198 venit?
1430 2178 1477 2198 cur
1492 2171 1646 2205 interrogat,
1670 2170 1710 2198 Vis
1719 2179 1797 2198 sanus
1809 2172 1866 2205 ﬁeri
1876 2172 1888 2199 !

1096 2216 1152 2244 Non
1168 2222 1194 2244 ut
1215 2216 1240 2244 id
1258 2217 1373 2244 disceret
1388 2225 1396 2250 ;
1412 2216 1476 2243 illud
1488 2217 1559 2244 enim
1574 2223 1801 2251 supervacaneum
1821 2216 1888 2244 fuis-

1095 2266 1136 2289 set
1150 2271 1157 2294 ;
1178 2261 1225 2289 sed
1242 2266 1270 2289 ut
1290 2262 1368 2297 hujus
1383 2264 1606 2297 perseverantiam
1624 2262 1776 2289 ostenderet
1791 2283 1799 2296 ,
1816 2268 1843 2290 et
1861 2268 1888 2289 ut

1095 2307 1225 2334 sciremus
1246 2307 1306 2334 ideo
1319 2308 1417 2342 ipsum,
1430 2307 1535 2334 caeteris
1548 2307 1654 2335 omissis
1664 2328 1672 2341 ,
1685 2307 1755 2334 hunc
1775 2307 1886 2335 adiisse.

1095 2353 1162 2386 Quid
1187 2361 1251 2389 ergo
1273 2353 1417 2380 inﬁrmus?
1433 2353 1572 2387 Respondit
1593 2358 1614 2380 ct
1638 2373 1645 2380 .
1669 2353 1786 2386 Domine,
1802 2353 1887 2380 [tomi-

1096 2408 1152 2426 nem
1169 2408 1219 2427 non
1234 2400 1312 2427 habeo
1327 2400 1354 2432 ³,
1376 2404 1402 2426 ut
1415 2407 1471 2426 cum
1487 2399 1589 2426 turbata
1612 2400 1686 2434 fuerit
1706 2408 1782 2435 aqua,
1804 2400 1887 2426 mittat

1095 2455 1135 2473 me
1146 2445 1172 2472 in
1191 2446 1314 2481 piscinarii
1331 2455 1340 2474 :
1360 2446 1421 2473 dum
1435 2447 1506 2473 venio
1526 2446 1592 2472 enim
1605 2453 1649 2480 ego
1661 2467 1668 2477 ,
1689 2445 1755 2472 alius
1775 2450 1834 2472 ante
1849 2454 1888 2472 me

1095 2492 1232 2519 descendit.
1257 2492 1318 2520 Ideo
1332 2492 1512 2527 interrogavit,
1534 2491 1576 2518 Vis
1597 2499 1674 2518 sonits
1691 2491 1746 2525 fieri
1757 2491 1769 2518 ?
1789 2496 1816 2518 nt
1830 2491 1886 2518 ha-e

1098 2539 1258 2566 ediscamus.
1272 2538 1363 2574 Neque
1377 2538 1461 2571 dixit,
1477 2538 1524 2565 Vis
1544 2542 1571 2564 ut
1595 2542 1620 2564 te
1634 2544 1725 2564 sanem
1740 2538 1751 2564 ἲ
1767 2537 1886 2564 nondum

1095 2585 1166 2611 enim
1182 2589 1252 2612 tanta
1269 2584 1302 2611 de
1317 2584 1375 2618 ipso
1390 2583 1537 2611 habebatur
1550 2583 1640 2617 opinio
1655 2591 1663 2615 ς
1676 2582 1733 2615 sed,
1752 2581 1797 2610 Vis
1805 2591 1885 2610 sanus

1095 2631 1151 2665 ﬁeri
1163 2631 1176 2658 ν
1188 2629 1323 2665 Stupenda
1335 2637 1444 2664 prorsus
1459 2634 1500 2656 est
1513 2629 1649 2664 paralytici
1666 2629 1864 2663 perseverantia
1877 2637 1885 2656 :

1096 2683 1143 2711 per
1158 2676 1263 2711 triginta
1278 2681 1304 2703 et
1317 2681 1377 2702 octo
1389 2683 1485 2709 annos,
1499 2675 1562 2702 dum
1576 2678 1696 2709 speraret
1709 2674 1823 2709 singulis
1839 2682 1886 2702 an-

1127 2747 1135 2780 ξ
1153 2744 1223 2780 savii.
1236 2744 1318 2780 habet.
1330 2743 1415 2780 ﬁdem,
1427 2750 1479 2780 pro,
1490 2742 1604 2780 gratuita.

1126 2778 1136 2793 '
1155 2777 1179 2800 ln
1192 2775 1273 2800 Morel.
1286 2773 1385 2806 legitur,
1397 2774 1439 2799 sed
1456 2773 1670 2806 andetiﬂdescensa.
1702 2803 1707 2806 _
1762 2802 1767 2806 _

1127 2808 1137 2823 ⁸
1154 2806 1224 2831 savii.
1238 2807 1273 2830 sic
1285 2803 1358 2830 habet
1371 2813 1377 2829 :
1389 2805 1449 2834 Quid
1461 2811 1519 2837 ergo
1530 2803 1590 2830 ille?
1604 2804 1689 2833 Etiam,
1701 2803 1788 2834 inquit,
1811 2804 1893 2830 Domi-

1097 2843 1140 2868 Ill;
1152 2839 1194 2863 sed
1207 2837 1324 2863 hominem
1335 2842 1382 2861 non
1393 2837 1477 2861 Imbro.
