2041 3113
154 128 204 157 ξοδ

152 184 194 212 nis
220 184 255 211 ab
277 182 435 219 a-grimdine
458 181 577 216 liberari,
600 182 714 216 mansit,
737 189 787 210 nec
807 181 940 210 discessit.

154 229 265 258 Etiamsi
279 229 352 257 enim
365 236 418 257 non
442 228 577 264 prmteriia
587 249 596 262 ,
610 233 698 256 annon
711 227 799 256 futura
820 232 944 263 poterant

154 276 226 304 illum
241 282 256 303 a
278 275 338 303 loco
356 274 504 306 abducere,
518 274 568 301 nisi
582 274 790 309 patientissimus
803 273 916 301 fuisset'
931 273 943 301 2

152 321 244 356 Cogita
260 321 331 348 enim
346 327 406 348 cum
416 325 513 355 quanta
522 327 586 347 cura
605 320 695 347 caeteri
712 320 776 355 aegri
792 319 943 355 vigilarent.

153 367 244 402 Neque
266 374 337 394 enim
354 370 458 401 tempus
470 373 523 400 quo
541 365 664 401 agitanda
678 369 737 393 erat
749 373 816 400 aqua
829 386 836 398 ,
852 369 943 393 notum

153 417 236 444 erat;
265 412 313 439 sed
337 412 445 445 claudi,
472 417 499 439 et
521 411 605 439 mutili
627 412 770 439 observare
799 416 942 446 poterant;

153 458 217 485 caeci
233 465 297 484 vero
310 456 445 492 quomodo
460 457 600 491 vidissent,
614 457 663 485 nisi
683 456 797 485 fortasse
818 465 851 485 ex
870 461 943 485 motu

153 503 322 530 didicissent.

188 548 216 575 2.
239 549 432 576 Erubescamus
455 555 540 583 ergo,
563 547 767 581 erubescamus,
790 548 896 582 dilecti,
918 553 945 576 et

155 595 292 629 lugeamus
309 594 343 621 de
362 598 450 621 nostra
469 599 539 621 tanta
554 594 677 629 segnitie.
699 594 745 621 llle
764 594 870 630 triginta
885 599 946 622 octo

155 641 232 667 nnnis
243 641 432 676 perseveravit,
444 648 494 668 nec
504 640 575 675 quod
587 640 690 668 volebat
700 646 849 676 acceperat,
860 649 947 677 neque

155 690 243 713 tamen
256 685 396 713 discessit:
408 693 495 721 neque
507 693 542 714 ex
553 686 714 721 negligentia
727 694 774 714 sua
788 694 840 714 non
852 694 946 715 cense.

155 737 253 766 quutus
272 737 329 764 est;
350 732 397 759 sed
416 732 475 759 aliis
490 732 693 767 impedientibus
706 732 813 768 vimque
833 740 945 768 passus;

155 784 243 811 neque
259 781 346 804 ulmeo
362 781 501 812 propterea
515 776 632 804 animum
646 777 789 812 despondit
802 787 809 804 :
821 785 871 805 nos
883 785 947 805 vero

155 823 178 850 si
193 823 285 850 decem
301 822 393 850 diebus
411 830 611 858 perseveremus
626 830 674 858 pro
686 830 715 851 re
729 823 816 859 aliqua
833 831 946 859 precan-

156 873 214 902 tes,
231 876 280 896 nec
296 869 484 904 impetremus,
498 868 594 897 deinde
607 872 744 904 torpemus
756 869 782 897 in
793 869 887 897 eodem
901 869 948 897 ad-

158 915 274 943 hibendo
286 915 385 943 studio.
405 915 439 943 Et
453 915 498 951 qui
512 915 664 944 hominibus
678 920 731 943 tam
747 917 870 944 diuturno
882 922 949 944 tem-

158 968 224 996 pore
244 961 392 993 haeremus,
414 961 559 989 militantes
571 982 579 995 ,
600 961 627 989 in
647 962 774 989 :erumnis
791 967 946 995 versantes,

158 1006 264 1034 servilia
279 1007 423 1034 ministeria
437 1013 608 1040 exercentes,
623 1012 651 1036 et
663 1008 689 1035 in
703 1007 757 1036 line
769 1016 840 1043 saepe
854 1009 888 1036 ab
906 1009 948 1036 illa

158 1060 206 1087 spe
220 1053 401 1085 concidimus;
416 1053 485 1088 apud
500 1054 640 1081 Dominum
651 1058 770 1082 nostrum
781 1056 803 1088 ¹,
816 1055 859 1083 ubi
871 1055 949 1090 longe

159 1099 246 1134 major
258 1107 361 1126 merces
376 1100 510 1135 sequitur,
525 1108 603 1135 quam
619 1100 672 1128 sint
684 1101 734 1136 ipsi
749 1101 853 1130 labores
867 1111 873 1128 ε
888 1110 948 1130 nam

159 1145 235 1180 Spes,
250 1146 332 1180 inquit
341 1166 348 1177 ,
363 1154 412 1173 non
425 1146 558 1182 confundit
569 1145 656 1182 (Rom.
668 1147 693 1175 5.
709 1147 756 1182 5);
770 1155 831 1174 cum
843 1154 885 1179 eo,
897 1155 951 1183 quo

159 1199 208 1225 par
217 1196 289 1218 esset
299 1191 386 1218 studio
398 1199 568 1226 perseverare
580 1200 632 1220 non
643 1192 815 1223 sustinemus.
828 1193 860 1221 Et
871 1201 950 1229 quan-

158 1242 187 1264 to
201 1244 254 1264 non
267 1238 397 1273 supplicio
410 1238 466 1265 lucc
476 1238 554 1273 d‘gna
568 1237 685 1267 fuerint?
695 1238 760 1266 Nam
771 1239 874 1266 etiamsi
886 1239 952 1268 nihil

157 1283 296 1318 accepturi
312 1291 451 1316 essemus,
466 1284 509 1312 vel
529 1284 580 1311 hoc
601 1284 688 1319 ipsum
709 1284 779 1320 quod
799 1284 952 1322 frequenter

159 1329 358 1364 alloqueremur
373 1336 434 1357 eum
447 1350 454 1362 ,
469 1337 557 1358 annon
577 1329 653 1358 bonis
672 1330 818 1358 innumeris
836 1331 953 1367 aequipa-

160 1374 273 1402 randum
286 1374 439 1404 esset?Sed
455 1376 572 1412 precatio
586 1375 718 1403 laboriosa
732 1381 759 1403 et
771 1376 878 1404 aSsidua
892 1384 952 1404 csae

159 1417 261 1449 debet?
284 1421 383 1457 Ecquid
405 1422 432 1449 in
447 1422 544 1450 virtute
565 1430 616 1451 non
639 1422 801 1451 laboriosum
823 1423 883 1450 est?
904 1423 952 1451 Vel

160 1466 212 1494 hoc
226 1467 325 1502 ipsum,
337 1467 450 1503 inquies,
462 1467 539 1495 valde
551 1468 659 1496 anxium
669 1468 766 1502 reddit,
776 1468 847 1504 quod
860 1468 954 1504 nequi-

161 1513 224 1540 lium
237 1513 360 1548 voluptas
372 1534 379 1545 ,
394 1513 516 1542 virtutem
534 1513 609 1541 labor
626 1514 768 1542 comitetur
781 1522 788 1543 :
802 1514 954 1550 multosque

159 1558 277 1586 arbitror
295 1558 407 1592 idipsum
422 1567 552 1594 qumrere.
569 1559 696 1594 Quaenam
717 1560 797 1595 igitur
817 1559 897 1594 hujus
915 1560 953 1588 rei

159 1612 241 1632 causa
255 1609 297 1632 est
307 1605 335 1632 '?
349 1604 426 1632 initio
440 1605 513 1633 dedit
527 1605 604 1633 nobis
618 1605 688 1633 Deus
702 1606 782 1633 vitam
797 1606 954 1634 sollicitudi-

160 1657 194 1677 ne
215 1649 404 1686 laboribusque
424 1658 532 1677 vacuam
546 1660 553 1678 :
567 1651 638 1678 dono
652 1651 727 1678 abusi
747 1658 857 1684 sumus;
873 1656 954 1686 atque

159 1703 194 1723 ex
217 1695 312 1723 inertia
333 1701 405 1724 tanto
424 1696 510 1724 eversi
530 1696 619 1729 bono,
633 1696 786 1734 paradisum
805 1698 953 1728 amisimus.

162 1740 225 1768 Ideo
247 1740 406 1768 laboriosam
428 1740 578 1768 hominibus
593 1743 673 1769 vitam
688 1742 822 1775 reddidit,
837 1747 864 1770 et
883 1742 953 1778 apud

160 1788 307 1813 humanum
320 1794 404 1821 genus
417 1786 466 1813 hoc
480 1786 536 1814 fere
550 1787 629 1814 modo
642 1795 702 1815 sese
716 1792 810 1823 purgat
822 1797 829 1815 :
843 1788 955 1816 Delicias

159 1839 175 1858 a
190 1832 321 1868 principio
333 1831 394 1859 dedi
405 1832 497 1865 vobis;
510 1833 557 1860 sed
570 1841 603 1860 ex
616 1833 724 1860 lenitate
735 1841 793 1860 mea
807 1833 955 1861 deteriores

160 1877 285 1904 evasistis
300 1887 306 1905 :
321 1877 380 1905 ideo
401 1878 536 1905 laboribus
556 1886 602 1905 vos
622 1878 815 1914 sudoribusque
829 1879 917 1916 addixi
931 1879 954 1907 ‘.

160 1922 228 1949 Cum
241 1927 330 1950 autem
345 1930 378 1950 ne
392 1923 434 1950 ille
445 1923 551 1958 quidem
565 1923 640 1951 labor
650 1931 698 1950 vos
707 1923 856 1957 cohiberet,
870 1924 954 1960 legem

161 1976 256 1996 rursus
268 1969 340 1996 dedit
352 1974 483 2003 prtecepta
496 1970 577 1996 multa
589 1970 829 2005 complectentem;
841 1978 889 1997 een
899 1971 956 1998 cui—

160 2012 224 2040 dam
239 2014 368 2041 indomito
380 2022 449 2049 equo
461 2015 563 2042 frenum
579 2019 606 2042 et
619 2015 773 2050 compedes,
789 2020 817 2042 ut
830 2016 888 2051 ejus
904 2016 955 2043 im-

161 2067 253 2093 pi'lutll
268 2064 407 2091 court-eat;
420 2060 458 2087 sic
471 2060 568 2088 iaciunt.
581 2068 710 2096 equorum
723 2061 878 2088 domitores.
895 2061 956 2089 Ideo

161 2110 215 2131 vita
229 2105 360 2132 laboriosa
373 2105 489 2132 instituta
500 2110 550 2136 est.
560 2106 621 2141 quia
631 2107 714 2134 otium
725 2114 774 2134 nos
784 2114 956 2142 corrumpere

161 2153 243 2178 sulct.
266 2151 363 2178 Natura
378 2152 475 2186 quippe
490 2157 580 2180 nostra
601 2152 731 2180 desidiam
754 2160 806 2180 non
825 2152 894 2187 fert,
909 2153 956 2181 sed

164 2199 244 2225 facile
259 2198 292 2225 ad
309 2198 370 2225 vilia
389 2198 516 2226 deﬂectit.
538 2198 670 2226 Ponau'tns
683 2199 754 2226 enim
779 2199 935 2234 temperanti
947 2219 955 2232 ,

163 2250 193 2271 ut
208 2253 259 2272 nec
272 2246 337 2273 alias
351 2246 462 2275 virtutes
473 2245 619 2276 exercenti.
635 2246 736 2272 nullum
749 2253 810 2274 esse
821 2246 955 2277 laborem;

163 2290 212 2317 sed
234 2291 430 2317 dormientibus
450 2291 538 2318 omnia
554 2290 655 2326 optime
673 2291 770 2318 cedere
786 2299 793 2318 :
812 2299 866 2326 quo
880 2297 958 2326 paclo

165 2337 216 2364 hac
239 2342 344 2364 utemur
366 2337 547 2372 indulgentia?
568 2345 656 2364 nonne
676 2337 708 2364 ad
731 2338 907 2372 arrogantiam
931 2343 958 2365 et

165 2383 318 2417 Superbiam
329 2383 341 2410 ?

204 2429 291 2463 Quare
305 2429 440 2463 nequitiam
453 2429 578 2463 voluptas,
593 2428 708 2455 virtutem
722 2428 793 2455 labor
805 2429 937 2455 comitetur
947 2437 958 2461 ;

166 2475 241 2502 labor
254 2480 289 2502 est
301 2475 447 2501 attributum
460 2474 556 2501 virtutis
569 2474 765 2501 constitutivum.
783 2473 894 2501 Desidia:
904 2482 957 2501 ma-

167 2522 230 2548 lum.
249 2520 377 2556 Nequitia:
391 2521 506 2556 voluptas
521 2520 614 2552 brevis;
628 2520 727 2546 virtutis
741 2519 882 2546 immortale
895 2527 959 2555 guu-

201 2580 209 2595 '
228 2581 282 2614 ιηδι
293 2575 493 2614 msereret
503 2575 688 2614 ηιῖσειυίδὶίηπιξ
695 2574 874 2614 meamea
884 2576 959 2614 ίιιιεττ

168 2609 308 2642 luctatione
318 2607 401 2638 adjicit
412 2607 451 2642 Fr.
464 2607 579 2641 Are-tinus
590 2613 596 2630 :
607 2606 736 2641 _Qt.-onium_
747 2606 888 2641 incredibile
905 2610 958 2632 («at

169 2640 274 2672 reliquos
285 2642 387 2672 cgrutus
402 2637 587 2672 priorenttllum
603 2637 698 2672 ingredi
710 2636 859 2672 (ιιηιιδδιιγοε.
875 2639 920 2663 sed
932 2642 957 2662 in

170 2671 245 2695 rutilis
256 2668 350 2695 tiraicis
367 2668 549 2699 exetnplarihus
561 2669 613 2693 lucc
624 2668 802 2698 exprimuntur.

200 2703 212 2718 ³
228 2700 310 2726 Morel.
324 2701 407 2728 habet,
419 2700 608 2728 misericordem,
621 2706 671 2730 pro,
684 2703 799 2724 nostrum.

202 2734 212 2749 ι
229 2731 310 2757 \turel.
330 2731 393 2755 hunc
405 2731 483 2755 locum
494 2731 529 2754 sic
540 2731 650 2754 eii'ert....
663 2733 773 2754 uirtutem
782 2730 849 2754 labor
861 2730 957 2754 romite~

170 2767 218 2788 tur.
236 2769 324 2788 terum
336 2761 476 2787 solutionem
492 2761 593 2791 accipe:
607 2761 675 2786 illam
690 2760 763 2789 enim.
774 2760 955 2791 t'estrtucrtrita‘

170 2794 200 2819 tis
207 2794 299 2823 unum,
312 2799 375 2817 nunr
387 2792 504 2818 (lubitum.
517 2789 629 2821 ("aenum
640 2791 713 2822 igitur
726 2798 798 2816 musa
808 2795 843 2823 est
855 2789 867 2815 7

201 2821 217 2840 δ’
229 2824 450 2857 sim-elaliahetq...
459 2824 577 2857 suasistis.
588 2821 678 2857 fuique
689 2823 751 2853 qiwd
768 2821 872 2847 restabat
887 2821 934 2853 [cci
947 2827 956 2848 .'

171 2855 323 2881 (ἐγςυηιτιεάί
337 2861 375 2879 l’tts
388 2854 505 2879 laboriuus
517 2857 538 2878 et
547 2854 684 2878 sudoribus.

333 2903 469 2933 Parnot.
486 2902 544 2932 Gn.
569 2902 647 2932 LIX.

645 124 678 153 ΙΝ
695 124 851 154 JOANNEM
871 124 986 152 HOMIL.
1007 123 1126 152 XXXVI.
1146 124 1182 153 al.
1201 124 1308 153 XXXV.

1730 126 1783 154 208

996 181 1076 209 dium.
1090 197 1126 203 —
1137 182 1188 210 Sed
1201 190 1259 216 cur,
1275 182 1389 218 inquies,
1402 186 1476 210 tanta
1489 181 1609 217 voluptas
1624 182 1786 218 nequitiam.

997 232 1086 255 tantus
1108 227 1184 255 labor
1205 233 1233 255 et
1254 228 1335 256 sudor
1356 228 1480 257 virtutem
1505 228 1668 256 comitatur?
1694 227 1785 264 Ecqua

997 272 1043 300 tibi
1057 272 1140 308 gratia
1154 272 1274 300 habenda
1289 278 1359 301 esset
1371 294 1379 307 ,
1394 278 1422 302 et
1434 274 1511 310 cujus
1524 274 1563 302 rei
1575 273 1725 302 mercedem
1739 281 1785 302 ac-

996 318 1118 354 ciperes,
1142 319 1192 346 nisi
1217 320 1348 347 laboriosa
1371 320 1457 348 virtus
1481 320 1572 348 esset?
1593 320 1690 348 Multos
1713 320 1784 348 enim

998 364 1114 392 indicare
1134 365 1249 399 possim,
1268 365 1313 400 qui
1333 369 1426 393 natura
1445 373 1492 393 sua
1514 366 1655 394 mulierum
1675 365 1786 393 horrent

997 411 1215 438 consuetudinem
1227 432 1232 442 ,
1249 411 1418 446 ipsarumque
1429 411 1559 447 colloquia
1572 419 1622 439 ceu
1636 419 1693 439 rem
1707 419 1785 439 exse-

998 456 1124 483 crandam
1143 456 1280 484 devitant:
1293 456 1393 490 hosne,
1411 464 1518 492 qnteso,
1537 462 1625 485 castos
1643 457 1787 492 appellabi-

998 508 1077 535 mus,
1100 505 1147 529 aut
1165 502 1353 529 coronabimus
1377 501 1642 537 eelebrabimusque?
1667 502 1786 530 Minime.

998 547 1111 575 Castitas
1124 547 1195 575 enim
1210 552 1252 575 est
1266 548 1439 583 temperantia
1453 553 1480 575 et
1495 555 1580 583 pugna
1592 547 1626 575 ad
1638 548 1788 583 voluptates

997 593 1171 628 superandas.
1192 594 1221 622 In
1243 594 1319 622 bellis
1337 602 1417 629 porro
1429 615 1437 628 ,
1453 594 1497 621 ubi
1514 594 1711 621 vehementiora
1727 599 1789 622 sunt

998 640 1144 668 Certamina
1158 661 1166 674 ,
1189 641 1224 668 ibi
1248 645 1346 676 tropica
1369 641 1548 676 splendidiora
1575 650 1581 667 :
1603 648 1680 669 secus
1702 648 1765 668 vero
1778 662 1786 673 ,

999 685 1105 720 quando
1122 693 1203 713 nemo
1220 686 1328 714 resistit.
1344 686 1413 714 Sunt
1431 687 1507 714 mulli
1527 691 1620 714 natura
1639 686 1765 714 socordes
1779 696 1786 714 :

999 729 1084 758 hosne
1099 735 1251 759 mansuetos
1263 731 1403 759 dicemus?
1416 731 1534 760 Minime.
1549 731 1650 760 idcirco
1665 731 1789 759 Christus

1001 775 1084 803 tribus
1099 775 1242 813 propositis
1260 776 1441 804 cunuchorum
1462 777 1622 812 generibus,
1637 776 1704 804 duos
1718 777 1791 804 inoo.

999 826 1109 848 renatos
1128 821 1271 858 relinquit,
1286 830 1366 850 unum
1387 822 1413 849 in
1434 830 1545 857 regnum
1567 822 1668 850 inducit
1680 821 1789 858 (Matth.

1000 867 1044 896 i9.
1060 867 1115 902 12).
1131 867 1199 902 Sed,
1213 868 1334 903 inquies,
1347 867 1410 903 quid
1424 875 1491 903 opus
1504 872 1544 896 est
1558 868 1677 896 malitia?
1692 867 1747 896 iloc
1762 872 1790 895 et

1000 921 1050 949 ego
1069 913 1139 941 dico.
1160 913 1257 949 Ecquis
1276 921 1340 949 ergo
1360 914 1484 950 nequitiae
1503 913 1612 949 opifex?
1630 914 1699 948 Quid
1718 913 1791 941 aliud

1001 967 1080 994 quam
1095 959 1198 995 ignavia
1211 967 1270 995 qua:
1281 967 1314 986 ex
1328 960 1464 987 voluntate
1477 958 1672 994 proﬁciscitur!
1684 960 1736 992 At,
1751 959 1791 986 in-

1001 1006 1096 1041 quies,
1119 1005 1204 1033 bonos
1227 1010 1328 1034 tantum
1349 1013 1408 1033 esse
1431 1010 1576 1041 oporteret.
1599 1005 1700 1042 Ecquid
1722 1006 1793 1034 bono

1003 1052 1158 1087 proprium,
1173 1060 1206 1079 an
1221 1053 1401 1080 continentem
1417 1060 1477 1081 esse
1489 1059 1517 1081 et
1531 1053 1640 1088 vigilare
1650 1073 1658 1085 ,
1673 1060 1706 1080 an
1727 1053 1791 1080 dor-

1003 1098 1070 1125 mire
1084 1103 1111 1125 et
1130 1098 1262 1126 stertere?
1277 1098 1308 1126 Et
1323 1106 1371 1126 cur
1382 1119 1390 1132 ,
1408 1099 1511 1134 inquies
1523 1119 1530 1131 ,
1547 1106 1599 1126 non
1616 1099 1650 1126 ita
1665 1102 1793 1126 statutum

1002 1148 1044 1171 est
1055 1164 1063 1176 .
1077 1148 1106 1171 nt
1125 1144 1183 1172 sine
1205 1144 1297 1172 labore
1316 1149 1389 1172 recte
1407 1144 1602 1179 operaremur?
1615 1144 1697 1179 Digna
1712 1145 1793 1172 verba

1004 1190 1144 1225 pecoribus
1165 1195 1244 1226 atque
1265 1191 1297 1218 iis
1317 1191 1361 1225 qui
1382 1196 1502 1218 ventrem
1524 1190 1604 1218 deum
1618 1190 1792 1218 arbitrantur.

1005 1236 1039 1264 Ut
1058 1237 1146 1265 discas
1166 1237 1236 1264 enim
1261 1237 1318 1264 inec
1332 1236 1411 1264 verba
1427 1237 1550 1264 inertium
1564 1244 1626 1264 esse
1637 1257 1645 1270 ,
1661 1237 1793 1272 responde

1005 1284 1080 1312 mihi.
1097 1284 1230 1312 Ponamus
1244 1291 1304 1311 esse
1317 1291 1406 1319 regem
1421 1288 1448 1311 et
1459 1283 1564 1315 ducem,
1578 1290 1642 1318 rege
1655 1291 1720 1310 vero
1733 1283 1794 1310 der-

1005 1331 1103 1359 mienle
1122 1335 1149 1360 et
1162 1330 1284 1361 ebrietati
1301 1337 1410 1366 operam
1425 1330 1521 1362 dante.
1537 1329 1632 1357 ducem
1645 1336 1741 1364 magno
1757 1330 1795 1356 la-

1006 1377 1070 1405 bore
1085 1382 1183 1413 tropzea
1198 1376 1317 1406 erexisse
1333 1386 1340 1404 :
1353 1375 1396 1404 cui
1409 1376 1546 1403 victoriam
1560 1374 1723 1411 imputares?
1736 1381 1796 1402 uter

1006 1431 1056 1458 pro
1069 1431 1097 1450 re
1109 1428 1183 1459 gcsla
1195 1422 1337 1457 voluptatis
1350 1422 1463 1450 fructum
1476 1420 1621 1457 decerpat?
1636 1419 1726 1448 Viden‘
1738 1420 1796 1447 ani-

1006 1477 1078 1497 mum
1093 1469 1163 1496 circa
1180 1469 1222 1496 illa
1238 1468 1321 1504 magis
1335 1468 1458 1495 affectum
1473 1474 1544 1500 esse,
1557 1474 1617 1502 qua:
1631 1474 1692 1493 cum
1706 1465 1796 1493 labore

1006 1514 1128 1550 peperit?
1148 1514 1210 1542 Ideo
1228 1514 1273 1542 ille
1288 1513 1376 1541 virtuti
1397 1513 1502 1540 labores
1517 1511 1656 1540 admiscuit
1670 1533 1678 1543 ,
1693 1516 1721 1538 ut
1735 1511 1794 1538 ani-

1007 1569 1076 1588 mam
1091 1561 1180 1589 virtuti
1193 1559 1381 1588 assuefaceret.
1397 1560 1498 1587 Idcirco
1510 1559 1635 1586 virtutem
1649 1558 1777 1585 miramur
1787 1578 1794 1588 ,

1007 1607 1068 1635 licet
1080 1607 1151 1634 illam
1163 1614 1215 1634 non
1227 1611 1373 1638 sectemur;
1389 1605 1531 1641 nequitiam
1544 1612 1617 1638 vero,
1629 1605 1678 1631 etsi
1692 1604 1792 1631 suavis-

1007 1653 1120 1687 simam,
1134 1652 1300 1680 damnamus.
1313 1650 1389 1685 Quod
1404 1651 1425 1678 si
1440 1649 1540 1678 dixeris
1554 1658 1560 1676 :
1574 1648 1628 1676 Cur
1642 1655 1694 1676 non
1711 1649 1798 1684 potius

1007 1707 1053 1727 eos
1068 1700 1196 1729 miramur
1208 1699 1252 1735 qui
1268 1703 1363 1726 natura
1378 1698 1439 1725 boni
1453 1701 1524 1729 sunt,
1539 1704 1617 1733 quam
1631 1703 1678 1724 eos
1692 1696 1735 1731 qui
1751 1703 1798 1721 vu-

1008 1745 1128 1772 luntate?
1141 1745 1203 1780 quia
1222 1744 1323 1779 justum
1342 1748 1383 1770 est
1406 1743 1570 1770 laborantem
1594 1749 1647 1769 non
1668 1741 1798 1769 laboranti

1006 1789 1151 1818 anteferre.
1173 1789 1206 1816 Et.
1220 1797 1302 1825 quare
1313 1809 1322 1821 ,
1336 1789 1423 1824 inquis
1434 1809 1442 1822 ,
1459 1796 1531 1815 nunc
1545 1787 1714 1815 laboramus?
1732 1786 1798 1820 Quia

1008 1845 1061 1864 non
1081 1836 1232 1866 laborantes
1243 1856 1251 1869 ,
1269 1835 1407 1863 moderate
1425 1842 1477 1862 non
1497 1834 1608 1870 egimus.
1631 1832 1687 1859 hno
1700 1840 1763 1859 vero
1776 1833 1798 1858 si

1007 1882 1067 1919 quis
1086 1890 1142 1909 rem
1156 1881 1305 1909 accuratius
1319 1880 1439 1915 exploret
1452 1901 1459 1912 ,
1476 1879 1529 1906 alio
1542 1879 1621 1906 modo
1635 1886 1683 1906 nos
1698 1878 1798 1905 desidia

1009 1929 1119 1964 perdere
1129 1928 1207 1960 solet,
1219 1927 1385 1962 multumque
1397 1926 1494 1954 laboris
1505 1925 1612 1954 inferre.
1624 1926 1657 1953 Et
1666 1925 1689 1952 si
1700 1925 1796 1960 placet.

1009 1975 1176 2003 includemus
1189 1973 1322 2001 hominem
1333 1994 1341 2006 ,
1355 1973 1439 2000 solum
1453 1973 1555 2000 alamus
1565 1993 1571 2002 .
1586 1972 1740 2007 ventrisqne
1752 1979 1797 1998 vo-

1009 2021 1109 2055 luptate
1128 2020 1272 2047 obruamus
1284 2040 1291 2052 ,
1306 2026 1354 2046 nec
1368 2018 1504 2046 ambulare
1515 2039 1522 2050 ,
1539 2025 1588 2046 nec
1606 2017 1713 2053 aliquod
1733 2025 1799 2052 opus

1008 2073 1134 2093 exercere
1147 2066 1283 2097 sinamus;
1299 2064 1346 2091 sed
1361 2071 1452 2091 mensa
1469 2063 1585 2096 fruatur,
1601 2064 1669 2090 lecto
1680 2084 1686 2095 ,
1703 2070 1798 2098 perpe-

1010 2112 1113 2147 tuiSque
1132 2110 1234 2138 deliciis
1250 2120 1256 2138 :
1272 2110 1335 2146 quid
1355 2109 1404 2137 hac
1423 2109 1475 2136 vita
1499 2108 1676 2136 miserabilius
1699 2108 1799 2135 fuerit't

1010 2158 1045 2185 At
1058 2157 1129 2185 aliud
1143 2161 1183 2184 est
1195 2157 1300 2192 operari
1314 2177 1322 2190 ,
1338 2156 1439 2191 inquies
1451 2177 1458 2188 ,
1474 2154 1546 2182 aliud
1560 2154 1684 2182 laborare
1701 2163 1706 2180 :
1722 2159 1799 2188 pote-

1011 2209 1105 2239 ratque
1121 2204 1197 2231 initio
1212 2203 1292 2230 homo
1303 2203 1406 2239 (ιρι-τειτί
1421 2203 1479 2229 sine
1493 2201 1593 2229 labore.
1612 2201 1708 2228 Annon
1723 2205 1798 2236 pote-

1010 2250 1069 2277 rat?
1090 2250 1145 2276 lmo
1159 2253 1278 2284 poterat;
1300 2253 1326 2275 et
1348 2248 1383 2275 ita
1402 2247 1472 2274 Deus
1491 2247 1616 2279 volebat,
1632 2245 1679 2273 sed
1699 2250 1727 2273 tu
1747 2253 1799 2272 non

1010 2303 1105 2331 passus
1117 2303 1156 2322 cs.
1170 2294 1269 2322 Statuit
1281 2294 1351 2321 enim
1366 2299 1392 2321 te
1405 2299 1429 2320 ut
1444 2292 1595 2328 paradisum
1607 2292 1720 2324 colet-es,
1732 2299 1800 2326 opus

1011 2342 1056 2368 tibi
1072 2341 1194 2376 iniunxit,
1206 2340 1252 2368 sed
1267 2339 1385 2367 laborem
1397 2346 1449 2366 non
1463 2338 1613 2366 admiscuit.
1625 2337 1717 2373 Neque
1727 2337 1798 2364 enim

1010 2388 1032 2414 si
1051 2386 1126 2414 initio
1142 2386 1287 2413 laborasset
1308 2385 1389 2413 homo
1400 2405 1408 2416 ,
1423 2384 1474 2412 hoc
1492 2384 1529 2412 illi
1545 2384 1571 2412 in
1587 2391 1692 2419 pinnam
1707 2389 1799 2418 postea

1011 2434 1156 2462 statuiSset.
1178 2433 1270 2460 Potest
1289 2432 1359 2460 enim
1375 2432 1434 2467 quis
1448 2430 1525 2458 simul
1540 2435 1568 2458 et
1584 2429 1690 2465 operari
1704 2434 1732 2458 et
1746 2437 1800 2456 non

1012 2481 1143 2511 Iahornre,
1159 2478 1383 2513 quemadmodum
1398 2477 1495 2513 angeli.
1508 2476 1584 2511 Quod
1597 2476 1668 2504 enim
1683 2483 1800 2510 operen-

1012 2532 1053 2553 lnr
1061 2527 1121 2552 andi
1132 2534 1138 2550 :
1152 2525 1268 2551 Potentes
1278 2525 1375 2557 virtute,
1388 2524 1506 2559 faciente:
1518 2521 1619 2549 verbum
1631 2521 1699 2548 illius
1710 2520 1798 2554 (I'sal.

1013 2573 1073 2600 102.
1087 2572 1121 2599 20
1133 2571 1153 2607 ).
1168 2571 1242 2598 Nunc
1255 2576 1329 2598 certe
1342 2570 1460 2597 minores
1475 2568 1544 2595 viros
1559 2574 1667 2603 gravem
1681 2566 1801 2594 cfiicinnt

1013 2620 1147 2649 laborem;
1163 2623 1226 2645 tunc
1244 2625 1307 2644 vero
1322 2624 1399 2646 secus
1419 2623 1462 2643 res
1481 2622 1511 2642 se
1530 2614 1654 2641 habebat.
1674 2612 1740 2640 Nam
1755 2613 1798 2647 qui

1012 2666 1147 2700 ingressus
1162 2669 1204 2691 est
1219 2663 1244 2690 in
1262 2663 1379 2698 requiem
1395 2669 1481 2694 suam,
1497 2659 1635 2694 Requievit,
1651 2657 1735 2692 inquit
1745 2678 1752 2690 ,
1768 2658 1799 2683 ub

1011 2711 1126 2746 operibus
1141 2710 1192 2737 suis
1206 2709 1216 2746 (
1229 2708 1307 2735 Hebr.
1323 2708 1348 2734 ι.
1363 2708 1380 2735 ι
1390 2706 1411 2742 ),
1427 2707 1494 2733 sicut
1506 2710 1533 2733 et
1547 2713 1561 2731 a
1575 2705 1630 2731 suis
1643 2704 1724 2731 Deus.
1741 2702 1798 2730 Non

1011 2757 1139 2785 desidiam
1155 2755 1198 2782 hic
1210 2754 1351 2789 signiﬁcat,
1365 2752 1412 2780 sed
1425 2752 1543 2779 laborem
1558 2758 1610 2778 non
1626 2749 1718 2777 fuisse.
1732 2748 1798 2775 Nam

1013 2803 1082 2830 Deus
1094 2802 1174 2828 etiam
1194 2807 1264 2827 nunc
1277 2803 1401 2834 operatur
1411 2819 1418 2832 ,
1440 2802 1468 2825 ut
1485 2796 1608 2824 Christus
1621 2794 1685 2822 dicit
1699 2804 1705 2820 :
1721 2793 1801 2820 Pater

1013 2855 1081 2875 meus
1095 2854 1171 2881 usque
1184 2845 1257 2873 modo
1270 2850 1397 2880 operatur.
1408 2849 1431 2871 et
1442 2852 1490 2880 ego
1501 2850 1588 2876 uprrnr
1598 2840 1687 2872 (Iona.
1700 2841 1725 2868 5.
1741 2840 1796 2873 l7).

1599 2890 1636 2920 13
