2041 3113
234 126 287 154 207
391 152 398 167 ι

233 187 400 219 Quapropter
414 187 488 216 rogo,
504 177 611 213 depulsa
625 176 697 203 onnti
713 173 825 205 desidia,
840 173 963 198 virtutem
980 177 1022 196 se-

234 216 349 260 ctemur.
371 228 501 264 Nequitia:
522 225 592 253 enim
616 224 739 258 voluptas
761 219 850 248 brevis
870 222 931 250 est,
946 216 1024 244 dolor

235 286 299 305 vero
314 262 458 311 perpetuus
474 281 480 298 τ
494 270 600 298 virtutis
613 273 704 296 contra
718 264 867 294 immortale
881 262 1005 298 gaudium
1017 281 1024 292 ,
1041 267 1054 271 "

235 325 425 356 temporaneus
449 317 533 344 labor.
559 315 621 343 llaec
645 317 707 341 ante
728 318 841 340 coronas
865 312 1025 336 sectatorem

236 352 313 394 suum
328 365 422 399 erigit,
436 369 537 397 speque
552 361 616 393 alit;
633 359 675 386 illa
687 361 779 385 contra
792 360 854 381 ante
867 352 1026 388 supplicium

236 411 348 444 cruciat,
363 408 554 437 conscientiam
566 409 671 440 torquet
683 411 715 430 es
728 406 863 437 gestorum
878 397 1005 426 memoria
1018 416 1027 429 ,

237 459 380 491 omniaque
393 459 515 489 suspecta
529 451 626 480 reddit.
641 449 719 484 Atqui
734 449 791 475 hme
803 450 868 482 quot
880 444 1027 474 laboribus,

238 508 303 538 quot
325 488 466 529 sudoribus
483 498 616 526 deteriora
635 495 716 524 sunt?
730 493 806 527 Quod
821 492 843 519 si
859 491 900 518 his
912 488 1029 524 depulsis

239 535 361 582 voluptas
377 551 478 573 tantum
499 544 623 574 adesset,
638 541 701 576 quid
715 540 759 567 illa
772 537 868 565 vilius?
883 535 977 563 Statim
991 537 1030 559 at-

241 601 293 628 que
303 596 426 627 apparet,
439 590 538 620 avolat,
554 586 708 618 marcescit,
726 585 790 619 fugit
804 588 943 616 antequam
958 586 1030 607 com-

596 119 625 147 S.
645 115 782 146 JOANNLS
801 109 1037 143 CHRYSOSTOMI
1057 107 1212 137 ARCHIEP.
1226 103 1490 134 CONS’I‘AN-TINOP.

1815 98 1867 126 ΞΜ

1078 165 1258 203 psehendatur
1272 173 1278 191 :
1290 163 1343 192 etsi
1357 161 1495 197 corporis,
1507 159 1557 188 etsi
1572 164 1686 189 mensae,
1699 155 1750 184 etsi
1764 155 1869 183 divitia-

1078 221 1138 242 rum
1162 211 1325 246 veluptatem
1349 209 1470 240 dixeris,
1494 214 1547 234 non
1571 209 1658 233 cessat
1684 203 1727 230 illa
1751 201 1870 236 quotidie

1079 264 1228 285 senescere.
1244 255 1311 283 Cum
1332 259 1420 281 autem
1436 253 1477 280 his
1491 252 1570 280 etiarn
1586 249 1698 277 addatur
1710 247 1869 282 supplicium

1079 309 1106 331 et
1130 303 1279 333 cruciatus,
1293 300 1357 335 quid
1386 299 1439 326 illis
1468 296 1644 325 miserabilius
1664 294 1709 329 qui
1728 294 1812 328 ipsam
1826 300 1868 319 se-

1080 349 1204 377 ctantur?
1219 348 1282 375 lltee
1297 354 1356 374 cum
1372 346 1498 376 sciamus,
1513 342 1602 370 omnia
1616 349 1665 376 pro
1678 341 1777 367 virtute
1792 337 1872 365 susti-

1082 401 1207 425 neantus;
1223 394 1261 420 sic
1275 392 1347 420 enim
1366 397 1428 417 vera
1444 389 1579 423 voluptate
1593 387 1712 414 fruemur
1724 405 1732 418 ,
1747 384 1831 419 gratia
1845 388 1872 410 et

1083 440 1245 476 benignitate
1257 438 1361 466 Domini
1377 436 1459 463 nostri
1475 435 1538 461 .lesu
1549 433 1647 461 Christi
1659 453 1665 464 ,
1679 432 1785 467 quicum
1802 430 1872 456 Patri

1083 487 1177 521 gloria,
1191 491 1297 520 unaque
1311 486 1404 510 sancto
1413 480 1521 515 Spiritui
1531 501 1537 512 ,
1552 480 1577 507 in
1592 478 1688 507 sateula
1702 477 1872 505 seculorum.

1086 535 1182 560 Amen.

250 633 1529 660 _________.____————_._____-
1541 627 1876 637 __._____.

863 682 1033 716 HOMILIA
1052 678 1222 711 XXXVII.

244 770 270 797 6.
294 768 360 796 Dicit
375 769 396 795 ei
408 767 502 794 Iesus:
519 765 561 792 Vis
574 771 650 791 sanus
665 761 719 796 fieri
729 761 741 787 ?
751 760 777 786 7.
791 757 930 792 Respondit
942 755 964 782 ei
977 755 1033 781 lan-

279 814 371 849 guidus
383 821 393 840 :
405 812 506 844 Etiam,
521 810 647 842 Domine;
663 807 707 834 sed
727 805 852 832 hominem
872 810 921 829 non
937 801 1014 827 habeo
1024 820 1031 833 ,

280 848 306 887 ut
320 868 376 886 cum
391 858 489 886 turbata
502 856 575 892 fuerit
589 862 665 890 aqua,
681 852 762 879 mittat
775 858 814 877 me
826 849 852 876 in
867 848 998 883 piscinam.

283 949 308 976 1.
323 948 457 982 Scriptura
473 953 545 973 sacra
562 943 673 971 omnium
693 940 874 968 medicinarum
893 937 1034 964 thesaurus.

250 994 388 1029 l'uralytici
403 993 436 1019 ad
451 991 572 1027 piscinam
584 988 689 1021 iacentis
703 985 832 1021 patientia,
847 982 976 1013 modestia,
993 988 1036 1007 sa—

248 1041 317 1067 natio
329 1027 463 1065 mirabilis.
482 1037 553 1063 Alius
568 1034 721 1070 paralyticus
738 1031 778 1058 hic
787 1050 796 1063 ,
809 1030 875 1056 alius
889 1027 932 1054 ille
944 1027 975 1054 de
988 1033 1037 1061 quo

248 1086 332 1121 agitur
346 1084 415 1119 apud
431 1082 588 1109 Matt/tarum.
602 1078 714 1106 Christus
728 1080 846 1111 quantum
860 1077 975 1100 accurate
987 1071 1037 1098 mi-

248 1118 394 1158 raculorum
406 1136 511 1156 suorum
526 1127 601 1161 fidem
617 1125 767 1152 adstrueret.
781 1137 816 1142 —
831 1120 951 1155 Magnum
967 1118 1039 1146 Scri-

252 1182 387 1212 pturarum
402 1182 537 1203 saerarutn
552 1173 666 1203 lucrum,
681 1169 780 1198 utilitas
794 1168 934 1198 immensa,
948 1169 976 1192 ut
991 1164 1038 1192 de-

251 1223 334 1250 clarat
347 1221 444 1249 Paulus
457 1219 498 1247 his
510 1218 598 1246 verbis
611 1226 617 1244 ι
633 1216 800 1250 Qucecumque
815 1213 909 1248 scripta
923 1216 991 1242 sunt,
1006 1210 1041 1236 ad

251 1272 363 1294 nostram
377 1265 517 1292 doctrinam
534 1263 627 1297 scripta
641 1266 716 1293 sunt,
730 1259 763 1286 ad
783 1266 844 1294 quos
858 1258 920 1292 ﬁnes
933 1255 1040 1284 καταιο-

252 1321 309 1340 rum
329 1313 505 1339 devenerunt:
519 1314 545 1336 ut
568 1317 612 1344 per
633 1306 779 1342 patientiam
801 1310 823 1332 et
845 1303 1042 1331 consolationem

255 1359 446 1394 Scripturarum
464 1364 534 1391 spem
553 1354 687 1381 habeamus
703 1351 789 1387 (Rom.
807 1351 849 1378 15.
864 1350 903 1386 4).
918 1347 1042 1377 Omnium

254 1405 325 1432 enim
339 1403 529 1430 medicinarum
544 1401 685 1428 thesaurus
699 1399 795 1426 divina:
808 1397 952 1430 Scripturte
965 1398 1041 1426 sunt;

256 1451 289 1477 ita
304 1449 366 1477 utsi
379 1447 556 1483 arrogantiam
571 1445 741 1480 exstinguere
750 1451 816 1478 opus
824 1443 868 1473 sit,
882 1441 905 1469 si
918 1439 1045 1475 concupi-

255 1496 383 1524 scentiam
398 1494 492 1522 sedare
503 1513 511 1526 ,
528 1493 549 1520 si
563 1492 734 1527 pecuniarum
753 1496 871 1516 amorem
885 1487 988 1516 calcare
998 1506 1006 1519 ,
1021 1485 1044 1513 si

256 1541 376 1568 dolorem
392 1539 540 1573 despicere,
556 1537 578 1564 si
596 1537 712 1564 animum
728 1540 866 1562 strentmm
880 1537 1007 1563 statuere,
1022 1531 1044 1558 si

257 1587 408 1623 patientiam
428 1585 535 1612 ﬁrmare
549 1592 556 1612 2
572 1583 633 1610 hinc
653 1590 745 1609 ansam
766 1588 886 1615 magnam
902 1579 961 1614 quis
978 1585 1044 1605 nan-

255 1634 382 1661 ciscatur.
398 1631 462 1664 Quis
472 1630 544 1658 enim
561 1629 600 1656 vel
616 1637 648 1656 ex
664 1628 695 1655 iis
705 1627 749 1662 qni
762 1635 821 1654 cutn
836 1629 990 1661 paupertate
1001 1623 1045 1650 diu

256 1681 454 1710 concertarunt,
468 1676 508 1703 vel
523 1675 596 1710 gravi
611 1673 704 1701 morbo
719 1672 818 1700 delenti
831 1675 902 1702 sunt,
918 1669 967 1697 bac
979 1669 1045 1698 lecta

256 1723 374 1751 clausula
387 1729 439 1750 non
452 1728 544 1756 magna
555 1720 685 1747 afficiatur
696 1717 897 1746 consolatione?
910 1716 958 1743 llic
970 1715 1047 1750 quip-

259 1777 292 1804 pe
306 1769 411 1804 triginta
426 1772 485 1795 octo
507 1767 583 1793 annis
601 1765 780 1801 paralytieus,
795 1762 957 1798 singulisque
971 1761 1047 1788 atntis

258 1815 325 1841 alios
346 1812 438 1840 videns
457 1811 635 1838 valetudinem
656 1810 783 1844 adeptos,
799 1815 829 1835 se
847 1812 935 1834 autem
955 1804 1048 1832 morbo

259 1860 397 1886 detentutn
409 1879 417 1892 ,
432 1866 483 1884 non
498 1857 630 1888 concidit,
647 1863 731 1891 neque
751 1855 867 1882 animum
881 1851 1022 1887 despondit
1040 1860 1046 1877 :

259 1906 309 1933 etsi
329 1904 523 1940 praeteritorum
544 1910 657 1934 oneror,
674 1906 701 1929 et
717 1901 865 1928 futurorum
886 1897 1048 1933 exspectatio

260 1952 332 1979 omni
343 1950 465 1983 adempta
478 1957 535 1984 spe,
550 1952 659 1984 possent
672 1947 744 1974 illutn
759 1950 893 1980 torqui-re.
907 1943 975 1970 Audi
985 1949 1049 1976 ergo

260 2000 323 2035 qttid
338 1999 420 2032 dicat,
433 2003 460 2025 et
473 2005 530 2024 rem
545 1995 669 2030 tragicam
687 1993 785 2020 edisce.
802 1991 867 2019 Cum
882 1991 951 2018 enim
965 1989 1048 2016 dixis-

260 2032 302 2072 set
317 2044 439 2072 Christus
455 2051 461 2069 :
479 2042 522 2069 Vis
535 2049 612 2068 sanus
625 2039 699 2074 ﬁeri?
712 2036 847 2072 respondit
861 2045 868 2062 :
885 2035 979 2068 Etiam,
994 2032 1050 2060 Do-

260 2090 345 2121 mine;
365 2080 409 2115 seti
424 2087 550 2114 hominem
571 2093 619 2112 non
635 2084 713 2111 habeo
723 2104 730 2117 ,
744 2088 771 2109 ut
784 2089 840 2109 cum
859 2080 958 2107 turbata
975 2079 1050 2114 fuerit

261 2143 336 2171 aqua,
351 2134 431 2160 mittat
446 2141 484 2159 me
497 2133 522 2158 in
536 2131 668 2166 piscinam.
680 2128 746 2162 Quid
759 2128 799 2154 his
810 2126 898 2154 verbis
909 2123 1050 2152 miserius?

261 2181 323 2215 quid
344 2179 408 2214 ipsis
426 2179 505 2206 relms
520 2174 718 2204 calamitosius?
734 2173 826 2201 Viden'
838 2172 956 2198 animum
971 2171 1050 2204 longo

263 2231 382 2260 tempore
403 2222 572 2252 confectum?
587 2220 674 2248 viden’
687 2225 868 2253 compressam
888 2222 914 2244 et
931 2216 1049 2243 sedatam

262 2270 443 2299 iracundiam?
464 2269 553 2302 Neque
571 2267 640 2294 enim
663 2265 846 2300 blaspltemum
861 2262 995 2297 quidpiam
1009 2261 1051 2287 Ιο-

262 2323 361 2353 quutus
375 2320 425 2345 est.
441 2314 528 2349 qttalia
545 2309 569 2339 in
583 2311 708 2339 aerumnis
718 2317 733 2336 a
748 2309 838 2335 multis
850 2308 899 2334 dici
911 2306 1050 2338 audimus;

263 2373 317 2392 non
332 2348 466 2390 maledixit
480 2360 531 2388 dici
546 2367 600 2386 sum
613 2367 620 2390 ;
636 2365 686 2385 non
703 2356 810 2391 indigne
825 2354 884 2382 tulit
903 2348 1051 2387 interroga-

261 2411 362 2439 tionem
374 2430 381 2442 ,
400 2415 486 2444 neque
501 2407 567 2435 dixit
580 2415 586 2431 :
601 2406 636 2434 Ut
654 2412 703 2431 nos
716 2402 868 2431 traduceres
885 2404 912 2428 et
927 2399 1052 2426 irrideres

264 2456 358 2484 venisti
370 2476 377 2488 ,
393 2455 454 2482 dum
472 2454 620 2487 interrogas
630 2472 637 2483 ,
653 2458 715 2477 ttttm
727 2449 804 2476 velittt
818 2453 898 2474 sanus
913 2445 968 2472 fieri
981 2451 988 2477 ;
1005 2443 1051 2470 sed

264 2506 402 2531 mansuete
413 2507 439 2528 et
450 2496 569 2527 modeste
580 2497 721 2525 admodum
733 2493 879 2529 respondit,
892 2492 985 2522 Etiam,
1002 2490 1052 2516 Do-

263 2550 339 2576 mine.
361 2546 470 2575 Etiamsi
494 2553 545 2573 non
565 2547 656 2572 nos5et
675 2541 734 2577 quis
755 2541 798 2568 ille
817 2543 887 2567 esset
904 2538 947 2573 qui
967 2537 1050 2572 ipsum

264 2594 454 2629 interrogabat,
469 2592 656 2627 ignoraretqtte
669 2595 698 2615 se
711 2588 743 2615 ab
758 2587 803 2614 illo
818 2585 963 2613 sanandum
979 2583 1051 2615 fore;

264 2628 381 2668 attamen
395 2639 490 2666 leniter
500 2636 589 2664 omnia
603 2638 701 2665 narrat,
717 2640 766 2660 nec
777 2631 910 2666 quidpiatn
927 2628 1051 2664 postulat,

265 2691 293 2713 ttt
306 2686 322 2712 ii
338 2685 382 2720 qui
397 2683 529 2711 medicttm
545 2681 724 2714 alloquuntur,
739 2677 785 2705 sed
799 2675 884 2703 morbi
898 2675 937 2702 sui
953 2678 1052 2701 tantum

267 2717 397 2758 rationem
417 2728 540 2763 explicat.
567 2724 743 2759 Exspectabat
765 2722 876 2748 fortasse
898 2720 923 2746 id
944 2717 1053 2746 subsidii

267 2776 408 2803 allaturum
423 2774 471 2808 ipsi
486 2773 619 2800 Christum
631 2778 699 2802 esse,
712 2775 739 2796 ut
755 2769 779 2795 in
795 2775 888 2802 aquam
899 2765 1051 2799 eonjiccret,

269 2827 293 2850 et
309 2821 382 2848 hisee
399 2820 486 2846 verbis
501 2819 604 2846 volebat
625 2818 708 2852 ipsmn
729 2815 760 2842 ad
781 2821 838 2841 eam
859 2821 914 2841 rem
937 2811 1050 2838 allicere.

1087 751 1154 786 Quid
1178 757 1242 784 ergo
1263 747 1406 776 Christus?
1426 746 1453 783 ['
1471 744 1620 774 Ostendens
1638 750 1668 771 se
1687 741 1767 769 verbo
1786 740 1874 767 omnia

1088 795 1189 833 posse,]
1203 796 1230 823 8.
1246 795 1338 830 Surge,
1353 793 1446 829 inquit,
1461 793 1521 820 tolle
1534 791 1680 827 grabbatum
1694 794 1775 821 tuum,
1788 792 1811 814 et
1822 795 1875 814 am-

1088 843 1157 869 bula.
1174 841 1286 874 Quidam
1310 843 1402 874 putattt
1424 838 1495 865 hunc
1513 836 1635 864 eumdem
1656 836 1740 869 ipsum
1760 840 1819 861 esse
1834 833 1877 867 qui

1089 888 1157 924 apud
1171 887 1323 915 Matthaeum
1337 885 1419 920 jacet.
1436 885 1469 911 At
1482 891 1534 910 non
1549 886 1606 915 est,
1624 886 1652 908 ut
1666 879 1783 916 pluribus
1798 886 1876 913 argu-

1090 934 1186 961 mentis
1200 932 1408 960 demonstratur.
1424 930 1513 957 Primo
1529 927 1599 963 quod
1619 927 1662 954 hic
1683 925 1817 953 neminem
1830 925 1877 950 ha-

1089 979 1167 1006 beret
1179 986 1208 1006 se
1222 981 1360 1005 curantem
1373 996 1380 1007 ,
1400 975 1445 1002 ille
1462 981 1526 1001 vero
1545 973 1642 1000 multos
1656 972 1700 1006 qui
1714 978 1744 998 se
1755 973 1878 997 curarent

1090 1029 1170 1058 atque
1187 1026 1322 1058 gestarent
1336 1030 1343 1048 :
1360 1021 1472 1055 ideoque
1488 1019 1530 1046 hic
1544 1018 1667 1049 dicebat,
1683 1015 1815 1042 Hominem
1830 1022 1878 1040 nou

1091 1070 1179 1096 habeo.
1196 1068 1296 1096 Deinde
1309 1075 1342 1094 ex
1360 1065 1534 1101 responsione
1547 1064 1637 1098 liquet.
1651 1062 1698 1090 llle
1714 1067 1828 1094 namque
1841 1059 1880 1085 tti-

1091 1115 1128 1142 hil
1153 1114 1284 1150 loquitur,
1304 1113 1347 1139 hic
1370 1111 1458 1140 omnia
1480 1110 1513 1137 ad
1534 1116 1564 1137 se
1583 1107 1728 1144 spectantia
1748 1109 1878 1133 recenset.

1092 1158 1183 1188 Tertio
1195 1168 1226 1188 ex
1243 1163 1372 1193 tempore.
1389 1157 1437 1185 Hic
1451 1156 1521 1184 enim
1543 1155 1568 1182 itt
1589 1154 1656 1182 festo
1671 1157 1697 1181 et
1711 1152 1821 1179 sabbato
1837 1157 1881 1177 sa-

1094 1211 1171 1234 natus
1183 1209 1234 1237 est,
1247 1205 1291 1232 ille
1306 1205 1332 1231 in
1346 1203 1389 1230 die
1403 1203 1464 1229 alia.
1479 1201 1565 1228 Locus
1577 1205 1681 1234 quoque
1696 1197 1818 1225 diversus
1831 1199 1880 1222 est.

1094 1253 1159 1280 Nam
1173 1251 1218 1279 ille
1233 1250 1315 1282 domi,
1331 1249 1375 1276 ltic
1388 1249 1421 1276 ad
1438 1247 1565 1283 piscinam
1579 1249 1697 1272 curatur.
1711 1242 1803 1270 Modus
1818 1249 1883 1276 quo-

1094 1306 1145 1334 qtte
1159 1296 1305 1325 curationis
1319 1295 1439 1323 diversus
1453 1297 1503 1321 est.
1522 1292 1578 1320 Illic
1592 1291 1662 1318 enim
1677 1289 1750 1320 dicit,
1768 1287 1831 1321 Fili,
1845 1295 1884 1313 re-

1094 1344 1227 1370 mittuntur
1241 1342 1285 1368 tibi
1304 1345 1406 1376 peccata
1420 1337 1527 1375 (Matth.
1542 1337 1568 1365 9.
1582 1336 1630 1371 2);
1645 1335 1689 1362 hic
1706 1342 1770 1361 vero
1786 1339 1884 1367 corpus

1095 1390 1182 1425 primo
1196 1392 1282 1421 sanat,
1296 1391 1440 1422 posteaque
1453 1385 1568 1412 animam
1582 1386 1666 1410 curat.
1678 1379 1733 1408 lllie
1745 1379 1883 1410 remissio;

1096 1442 1157 1462 nam
1178 1434 1232 1467 ait,
1256 1431 1428 1460 Remittuntur
1451 1429 1494 1457 tibi
1516 1433 1638 1464 peccata;
1657 1426 1700 1454 hic
1717 1425 1846 1452 monitum
1859 1427 1885 1451 et

1096 1479 1276 1512 comminatio,
1290 1483 1319 1506 ut
1333 1478 1382 1505 sibi
1397 1477 1421 1504 in
1436 1481 1572 1512 posterum
1585 1478 1687 1501 caveat.
1704 1471 1766 1499 Noli
1777 1470 1885 1505 amplius

1097 1534 1216 1562 peccare,
1233 1523 1335 1559 inquit,
1350 1531 1381 1549 ne
1395 1521 1438 1548 tibi
1450 1519 1547 1555 aliquid
1562 1519 1670 1546 deterius
1684 1517 1823 1551 contingat.
1838 1515 1886 1543 Ju-

1097 1571 1215 1599 daeornm
1233 1576 1338 1604 quoque
1357 1567 1539 1594 accusationes
1554 1565 1668 1592 diversm
1682 1567 1754 1590 sunt.
1770 1562 1818 1588 Hic
1831 1568 1886 1588 rem

1098 1617 1124 1644 in
1138 1616 1248 1643 sabbato
1264 1615 1357 1641 factam
1371 1615 1501 1646 arguunt,
1517 1610 1569 1637 illic
1583 1617 1643 1636 eum
1658 1606 1830 1641 blasphemize
1841 1613 1888 1632 ac-

1098 1666 1201 1689 cusant.
1214 1660 1253 1688 Tu
1265 1666 1328 1686 vero
1340 1658 1403 1685 tnihi
1415 1656 1567 1684 consideres
1579 1655 1711 1689 ingentem
1724 1652 1770 1679 Dei
1784 1651 1889 1686 sapien-

1100 1708 1174 1735 tiam.
1185 1706 1242 1734 Non
1258 1705 1329 1732 enitn
1344 1703 1433 1731 statim
1449 1703 1533 1737 ipsum
1547 1699 1700 1732 suscitavit;
1713 1697 1759 1726 sed
1775 1698 1889 1732 primum

1100 1751 1260 1780 sciscitando
1270 1749 1319 1778 sibi
1332 1748 1486 1776 familiarem
1498 1746 1592 1778 reddit,
1605 1749 1633 1772 ut
1644 1744 1703 1771 fidei
1717 1744 1785 1770 viam
1798 1745 1888 1777 paret:

1101 1805 1187 1833 neque
1200 1795 1280 1823 modo
1294 1794 1405 1822 suscitat
1417 1799 1443 1820 et
1457 1796 1549 1823 sanat;
1567 1790 1612 1818 sed
1626 1790 1706 1817 etiam
1719 1788 1795 1823 jubet
1807 1788 1889 1814 lectu-

1100 1844 1154 1870 lum
1175 1842 1284 1873 tollere,
1301 1845 1330 1867 ut
1347 1838 1476 1867 miraculo
1491 1837 1570 1864 fidem
1588 1836 1715 1866 adderet,
1733 1842 1781 1862 nec
1802 1837 1891 1868 posset

1100 1888 1231 1923 quispiam
1251 1886 1307 1913 haec
1329 1885 1444 1920 speciem
1457 1888 1485 1911 et
1498 1882 1627 1910 fallaciam
1649 1885 1750 1908 tantum
1769 1887 1829 1907 esse
1843 1887 1890 1906 su-

1102 1933 1210 1969 spicari.
1223 1931 1280 1960 Nisi
1302 1931 1373 1959 enim
1394 1929 1512 1957 membra
1530 1928 1605 1955 firma
1626 1926 1788 1960 robustaque
1802 1929 1890 1952 essent

1102 1979 1170 2007 facta
1183 2000 1191 2012 ,
1208 1985 1261 2006 non
1275 1981 1379 2013 poterat
1393 1976 1491 2003 lectum
1505 1974 1608 2002 tollere.
1625 1972 1681 2000 Hoc
1693 1979 1758 1998 vero
1771 1970 1891 1998 Christus

1102 2033 1173 2060 saepe
1184 2024 1255 2057 facit,
1269 2028 1298 2051 ut
1310 2022 1393 2058 magis
1407 2020 1597 2056 impudentiuttt
1611 2018 1832 2046 calumniatorum
1845 2022 1891 2042 ora

1102 2072 1232 2098 obstruat.
1246 2069 1312 2096 Nam
1328 2068 1354 2095 in
1370 2074 1467 2102 panum
1482 2064 1617 2093 miraculis
1627 2085 1634 2097 ,
1649 2071 1683 2091 ne
1695 2069 1754 2098 quis
1772 2061 1891 2091 diceret,

1103 2117 1207 2144 turbam
1230 2119 1329 2142 tantam
1352 2113 1473 2141 satiatam
1495 2111 1595 2142 fuisse,
1612 2116 1722 2143 remque
1739 2108 1812 2135 illam
1833 2114 1893 2134 esse

1103 2161 1280 2198 phantasiam,
1296 2160 1397 2188 curavit
1411 2159 1455 2186 ille
1470 2162 1498 2184 ut
1513 2156 1602 2184 multae
1622 2155 1831 2189 fragmentorum
1846 2159 1890 2179 re-

1104 2207 1191 2242 liquite
1210 2210 1382 2241 superessent
1399 2213 1405 2231 :
1421 2204 1528 2239 leproso
1546 2207 1634 2229 autem
1657 2199 1784 2227 mundato
1802 2198 1868 2225 dicit
1885 2206 1891 2224 :

1108 2253 1188 2286 Vade,
1199 2251 1302 2280 ostende
1316 2257 1340 2278 te
1352 2250 1475 2278 sacerdoti
1489 2249 1594 2285 (Matth.
1606 2247 1632 2275 8.
1648 2247 1676 2281 4)
1688 2255 1695 2279 ;
1713 2251 1742 2273 ut
1757 2244 1836 2272 simul
1848 2251 1894 2270 ett-

1104 2299 1215 2326 rationis
1236 2297 1337 2324 firmam
1362 2295 1439 2323 Iidem
1461 2294 1579 2326 faceret,
1598 2297 1625 2320 et
1644 2298 1737 2319 eorum
1756 2290 1801 2325 qui
1819 2288 1894 2316 dice-

1105 2345 1183 2376 bant,
1200 2344 1285 2378 ipsum
1306 2342 1352 2369 Dei
1374 2340 1513 2376 praeceptis
1532 2337 1686 2369 adversari,
1703 2334 1894 2370 impudentiam

1104 2391 1300 2426 comprimeret.
1317 2388 1432 2423 ldipsum
1453 2386 1514 2414 fecit
1528 2384 1633 2420 quando
1647 2383 1738 2410 vinum
1754 2382 1780 2408 in
1796 2388 1894 2416 aquam

1104 2436 1243 2464 cenvertit.
1259 2435 1317 2462 Non
1333 2433 1412 2461 modo
1426 2432 1496 2460 enim
1510 2432 1598 2458 vinum
1612 2428 1735 2459 ostendit,
1751 2426 1797 2454 sed
1811 2425 1896 2453 archi-

1105 2482 1209 2510 trielino
1222 2481 1290 2508 mitti
1300 2480 1413 2511 curavit,
1425 2484 1453 2505 ιιι
1464 2478 1485 2504 is
1495 2476 1538 2511 qui
1551 2475 1614 2502 nihil
1627 2478 1763 2509 gestorum
1775 2480 1804 2500 se
1815 2479 1896 2499 nosse

1105 2528 1292 2558 confiteretur,
1320 2525 1428 2552 ntinime
1451 2526 1602 2557 suspectum
1624 2519 1749 2547 redderet
1771 2518 1895 2545 testimo-

1106 2574 1189 2601 nium.
1206 2573 1267 2600 ldeo
1283 2571 1352 2599 dixit
1371 2569 1532 2604 evangelista
1549 2575 1556 2593 :
1573 2566 1712 2594 Nesciebat
1736 2563 1896 2591 architricli-

1106 2628 1155 2648 nus
1176 2620 1244 2647 unde
1259 2623 1349 2651 esset,
1366 2617 1458 2651 sicque
1473 2615 1582 2641 omnino
1596 2617 1696 2640 eertum
1714 2610 1895 2639 testimonium

1106 2665 1260 2692 declaravit.
1274 2663 1308 2691 Et
1323 2666 1462 2698 postquam
1477 2665 1611 2687 mortuum
1630 2657 1815 2686 suscitaverat,
1832 2655 1896 2681 alibi

1107 2711 1170 2738 dicit
1185 2719 1191 2736 :
1206 2710 1269 2736 Date
1288 2709 1323 2735 illi
1340 2707 1500 2735 manducare
1513 2704 1588 2740 (Luc.
1604 2704 1630 2731 8.
1645 2703 1701 2737 55),
1717 2707 1745 2728 ttt
1760 2700 1896 2728 indubita-

1108 2761 1162 2784 tttm
1186 2754 1386 2782 resurrectionis
1411 2756 1594 2787 argumentum
1621 2748 1770 2776 exhiberet.
1796 2745 1897 2780 Quibus

1141 2813 1148 2828 '
1167 2811 1193 2837 In
1205 2809 1274 2835 savii.
1286 2810 1374 2835 desunt
1385 2815 1440 2841 qua:
1451 2807 1546 2832 uncinis
1557 2805 1706 2831 clauduntur.
