2041 3113
159 175 209 203 Ξοθ
635 170 668 198 IN
686 169 840 198 JOANNEM
861 169 954 197 IIO.\lll

157 230 283 258 munibus
297 228 340 256 vel
357 226 582 262 iusipientioribus
596 226 688 253 suadet
697 247 705 258 ,
719 233 749 253 se
762 234 814 253 non
830 224 949 252 fallacem

160 277 199 304 vel
212 274 435 311 praestigiatorum
446 280 518 305 ese,
530 272 577 300 sed
587 272 621 300 ad
631 279 801 300 communem
814 270 950 298 hominum

155 324 274 351 salutem
288 322 407 349 venisse.

193 369 221 396 2.
235 367 351 396 Christus
369 374 419 394 non
438 365 514 399 ﬁdem
532 364 671 400 requirebat
683 363 715 390 ab
728 364 760 390 iis
774 364 817 399 qui
829 362 952 389 mirmla

156 416 215 449 ejus
228 421 280 441 non
293 412 416 440 uiderant.
429 410 570 446 Paralytt'ei
585 410 648 443 ﬁdes
658 415 682 436 et
696 410 768 444 {ulla
779 409 888 435 animus.
902 406 952 433 Ju-

157 461 272 487 dwontm
278 458 435 493 improbitas.
445 456 499 484 Cur
508 457 633 489 Christus,
642 460 731 482 sanato
742 454 891 489 parulgtico,
899 457 953 480 ata-

159 507 204 532 tim
223 504 361 532 recesserit.
375 518 412 524 —
423 503 475 531 Sed
488 511 536 530 cttr
550 502 584 529 ab
597 509 630 530 eo
650 501 730 528 iidem
751 508 804 527 non
820 499 950 534 requirit,

159 557 188 579 ut
205 559 221 579 a
239 551 318 579 caecis
330 551 339 566 ¹
358 549 454 585 quibus
472 548 563 576 dixit:
577 547 686 576 Creditis
705 547 774 581 quod
792 546 840 572 ltoe
858 545 952 580 possim

159 599 243 630 facere
258 595 364 632 (Matth.
379 595 406 623 9.
420 594 488 630 28)?
500 594 567 627 Quia
581 593 626 620 ille
639 592 758 620 nondum
774 591 878 619 sciebat
891 591 952 626 quis

159 645 218 678 ipse
227 647 312 672 esset.
325 642 417 677 Neque
430 641 501 669 enim
515 645 596 673 ante,
612 639 659 667 sed
680 643 740 674 post
759 638 884 665 miracula
900 636 952 664 tunc

157 690 248 716 facere
268 689 347 716 solet.
368 687 434 715 Nam
452 687 470 714 ii
485 686 530 722 qui
551 686 577 713 in
596 684 702 713 caeteris
721 688 878 719 potestatem
892 684 951 717 eius

131 738 133 740 ‘
160 735 293 765 viderant.
307 733 368 768 iure
381 733 432 760 hoc
443 731 604 764 audiebant;
617 730 661 765 qui
677 737 742 757 vero
755 728 872 756 ttondum
884 727 952 755 didi-

158 784 252 807 rerant
264 780 324 815 quis
338 784 426 812 esset.
441 778 489 806 sed
508 786 541 806 ex
560 776 642 813 signis
656 776 769 804 docendi
782 779 877 807 erant,
892 779 952 809 post

159 827 204 852 illa
218 825 290 853 edita
304 825 337 852 ad
353 825 432 852 ﬁdem
450 828 587 851 vocantur.
601 822 664 850 Ideo
678 821 818 849 Matthzeus
833 829 885 848 nott
901 820 952 847 ini-

160 873 198 900 tio
219 872 355 906 signorum
379 871 480 898 inducit
500 870 635 897 Christum
659 869 709 896 hoc
729 868 881 899 dicentem;
904 866 951 894 sed

160 923 301 953 pstquam
324 916 422 945 multos
443 920 601 948 curaverat,
621 914 647 942 id
669 913 734 942 solis
753 912 856 941 duobus
872 912 952 940 caecis

158 964 234 991 dicit.
249 963 289 992 'I'u
303 971 368 991 Vt'fo
381 962 424 990 hic
436 961 574 998 paralytici
588 961 667 988 iidem
679 959 871 987 animadverte.
884 959 950 986 Cum

160 1009 275 1042 audiret,
291 1008 381 1036 Tolle'
395 1008 542 1044 grabbatum
554 1012 636 1039 tuum,
650 1010 674 1033 et
686 1005 786 1032 ambula
798 1012 808 1037 ;
823 1012 875 1031 non
890 1004 952 1031 irri-

160 1060 206 1086 ειι,
219 1060 269 1082 nec
282 1053 359 1086 dixit,
371 1053 439 1087 Quid
454 1053 505 1080 hoc
516 1057 556 1080 est
565 1052 578 1079 ἲ
589 1052 700 1087 angelus
711 1050 848 1078 descendit
857 1054 886 1077 ct
897 1055 952 1077 tur-

161 1102 207 1127 bat
220 1107 334 1135 aquam,
348 1107 483 1134 unumque
497 1103 599 1127 tantum
617 1102 694 1125 sanat
711 1105 718 1124 :
734 1101 761 1124 tu
776 1104 856 1129 vero.
871 1096 953 1123 hoino

160 1153 221 1172 cum
237 1145 293 1177 sis,
308 1152 362 1172 uno
378 1149 511 1180 incepto
524 1144 583 1180 plus
596 1151 674 1178 quam
694 1142 817 1178 angelum
833 1147 858 1169 te
874 1149 952 1176 posse

159 1190 271 1224 speras!
281 1190 332 1218 hoc
343 1190 481 1225 superbia,
491 1189 542 1217 hoc
554 1189 638 1217 fastus
647 1193 698 1222 est,
710 1188 819 1223 risuque
830 1187 950 1222 dignum.

163 1237 260 1264 Verum
274 1236 340 1264 nihil
357 1235 453 1265 borum
471 1236 538 1263 dixit
556 1235 597 1263 vel
613 1235 757 1270 mgitavit;
774 1234 821 1261 sed
835 1233 879 1260 ubi
897 1233 952 1267 pri-

160 1289 234 1308 mum
243 1282 354 1315 audivit,
366 1282 494 1315 surrexit,
504 1286 531 1309 et
544 1288 623 1308 sanus
637 1280 730 1314 factus,
742 1279 854 1315 impigre
867 1278 954 1314 paruit

157 1327 262 1362 iubenti
274 1337 282 1355 :
296 1328 389 1363 Surge.
404 1327 465 1354 tolle
476 1327 624 1363 grubbatum
636 1331 716 1358 tuum,
727 1331 751 1353 et
761 1325 874 1352 ambula.
886 1324 954 1352 Illud

158 1378 233 1401 certe
246 1374 395 1401 mirandum
407 1378 449 1400 est
461 1381 468 1406 ;
482 1373 530 1401 sed
545 1381 604 1408 quae
617 1377 765 1408 sequuntur
780 1372 858 1406 longe
871 1371 952 1398 mira-

160 1419 272 1451 biliora;
285 1419 339 1446 imo
350 1426 416 1446 vero
427 1419 497 1454 quod
509 1418 585 1446 initio
597 1420 704 1445 netnine
714 1417 885 1451 obstrepente
894 1423 951 1444 rre-

159 1465 269 1498 tliderit,
280 1472 332 1492 non
346 1465 381 1492 ita
393 1465 515 1493 mirabile
524 1469 576 1498 est,
587 1469 616 1492 ut
625 1472 686 1492 cum
699 1469 789 1499 postea
803 1463 952 1491 furentibus

158 1511 272 1545 ludatis,
288 1511 403 1546 undique
422 1511 589 1541 instantibus.
608 1510 806 1541 accusantibus.
821 1508 950 1537 obsiden-

160 1557 233 1585 tibus
247 1564 279 1585 ac
290 1557 457 1589 dicentibus,
475 1556 536 1583 Non
556 1557 613 1583 licet
633 1556 676 1582 tibi
696 1555 785 1583 tollere
804 1554 951 1591 grubbatum

159 1609 243 1636 luunt,
257 1610 310 1630 non
326 1603 408 1630 modo
419 1603 525 1630 illorum
539 1602 668 1629 insaniant
681 1601 814 1636 despexit,
829 1599 876 1628 sed
891 1607 950 1626 cum

159 1656 256 1685 magna
267 1649 362 1676 liducia
375 1650 402 1676 in
412 1648 500 1676 medio
511 1647 615 1675 theatro
627 1647 775 1674 bent-ticum
787 1645 951 1680 prmdicavit,

159 1697 321 1730 morumque
344 1694 536 1730 impttdentiam
559 1694 705 1728 repressit;
730 1693 755 1720 id
778 1696 852 1720 certe
875 1690 952 1719 fortis

158 1741 243 1769 animi
259 1749 319 1769 esse
337 1741 407 1768 dico.
428 1740 590 1768 [astantibus
609 1739 680 1767 eitim
702 1738 818 1770 Judmis,
840 1745 872 1765 ac
889 1745 950 1764 cum

156 1787 282 1814 convicio
293 1791 322 1814 et
334 1786 484 1821 arrogantia
499 1785 647 1813 dicentibus
661 1793 667 1811 :
684 1784 823 1812 Sabbntum
837 1788 888 1814 est;
901 1791 951 1810 non

158 1834 217 1859 licet
227 1832 272 1859 tibi
283 1831 526 1867 tolleregraltbatum
537 1836 606 1858 tuum
615 1839 625 1864 ;
635 1830 696 1857 audi
704 1829 766 1865 quid
776 1828 949 1864 respondeat:

159 1880 204 1906 li.
218 1879 270 1912 Qui
281 1887 320 1906 me
330 1887 418 1906 sanum
429 1879 497 1914 fecit,
509 1877 554 1905 ille
564 1877 627 1904 mihi
637 1877 709 1909 dixit,
722 1876 795 1904 Tolle
804 1876 951 1912 grabbatum

158 1930 241 1955 tuum,
255 1929 280 1951 et
293 1924 395 1951 ambula
403 1932 413 1956 ;
427 1928 529 1952 tantum
542 1930 596 1950 non
611 1922 714 1954 chens,
730 1922 810 1949 Deliri
824 1926 852 1948 et
865 1921 950 1948 insani

156 1970 235 2000 estis.
250 1966 313 1996 dum
324 1969 424 2004 iubetis
438 1977 482 1996 me
498 1969 571 1996 lllunt
586 1969 631 2004 qui
645 1976 690 1996 tne
702 1977 717 1995 a
732 1972 784 1995 tam
800 1968 883 2003 gravi,
896 1972 950 1995 tam

157 2015 286 2041 diuturno
304 2014 399 2041 morbo
418 2013 540 2041 liberavit
551 2034 558 2045 ,
574 2021 626 2040 non
642 2019 766 2047 reputare
779 2013 949 2048 magistrum.

158 2068 209 2088 nec
220 2060 295 2095 iussa
310 2060 367 2094 ejus
379 2060 467 2087 omnia
480 2059 601 2093 exsequi.
615 2060 693 2094 Atqui
708 2060 729 2086 si
744 2059 858 2094 maligne
872 2066 951 2093 agere

158 2105 297 2137 voluisset,
314 2109 416 2139 poterat
434 2105 487 2132 alio
500 2105 580 2132 modo
592 2104 684 2132 dicere
699 2113 705 2131 :
719 2105 776 2132 Non
792 2104 886 2132 lubens
900 2103 951 2131 hoc

158 2151 246 2184 facit),
261 2151 308 2178 sed
322 2151 375 2178 alio
393 2150 505 2186 iubente
525 2159 532 2178 :
550 2151 573 2178 si
591 2155 728 2186 peceatum
742 2154 798 2183 est,
811 2149 950 2185 iubentem

157 2200 294 2228 accusate,
308 2200 336 2224 et
348 2196 445 2223 lectum
460 2195 592 2230 deponam
605 2204 613 2229 ;
626 2195 669 2223 vel
684 2195 752 2223 forte
769 2195 890 2223 sanitatis
903 2195 950 2222 be-

158 2241 285 2268 "eliciunt
298 2241 468 2269 occultasset.
480 2241 546 2269 Nam
560 2241 644 2276 probe
657 2241 758 2269 seiciunt
769 2241 841 2277 ipsos
851 2248 904 2268 non
916 2241 950 2267 ita

156 2287 193 2314 de
207 2287 306 2314 violam
319 2287 431 2314 sabbato
450 2287 565 2315 morderi
577 2308 586 2320 ,
600 2291 629 2314 ut
641 2287 676 2315 de
690 2294 762 2322 ἣξει-ο
779 2291 883 2314 curato.
897 2286 950 2313 Sed

160 2341 248 2367 neque
269 2333 322 2370 hoe
341 2333 482 2360 occultavit
495 2353 502 2365 ,
518 2340 567 2360 nec
586 2332 650 2359 illud
672 2332 755 2363 dixit.
775 2340 824 2359 nec
846 2332 950 2360 veniam

160 2380 254 2413 petiit;
266 2378 313 2406 sed
326 2378 464 2412 splendida
477 2386 541 2406 voce
555 2377 712 2405 beneficium
724 2378 864 2405 confessus
874 2381 952 2405 estet
968 2398 972 2404 ρ

160 2425 324 2460 pra-dicavit.
338 2424 376 2451 lta
389 2425 561 2460 paralytieus.
576 2425 612 2451 liii
626 2432 689 2451 vero
702 2432 780 2459 quam
794 2424 913 2458 improbe
923 2432 952 2451 se

158 2475 302 2507 gesserint.
315 2472 469 2500 consideres
480 2472 571 2499 velim.
585 2470 643 2498 Non
657 2471 728 2498 enim
742 2471 876 2502 dixerunt,
887 2470 953 2503 Quis

158 2523 186 2545 te
199 2525 294 2545 sanum
311 2517 391 2544 fecit?
404 2517 450 2544 sed
465 2518 515 2544 hoc
528 2515 636 2548 omisso,
653 2524 714 2543 cum
729 2515 843 2550 strepitu
857 2523 952 2550 magno

160 2563 400 2597 transgressionem
423 2561 494 2589 illam
519 2562 545 2588 in
568 2561 683 2588 medium
704 2561 881 2589 adducebant.
907 2560 949 2587 l2.

161 2610 225 2642 Quis
239 2613 276 2634 ut
294 2608 338 2634 ille
351 2608 395 2635 oui
410 2607 473 2634 tlia'it
487 2607 548 2640 tibi,
569 2607 641 2634 Tolle
658 2606 804 2642 grabbatum
825 2612 911 2638 tuum,
929 2611 952 2632 et

161 2654 262 2680 «tribuli:
272 2654 284 2679 .’
295 2654 338 2681 15.
356 2652 382 2680 Is
396 2658 479 2679 autem
491 2653 534 2688 qui
546 2660 623 2680 sanus
634 2655 716 2688 fuerat
730 2652 844 2685 effectus.
859 2652 953 2679 nestit-

160 2701 201 2725 bat
214 2699 271 2734 quis
284 2703 359 2725 esset.
373 2697 448 2725 Inus
463 2704 547 2726 autem
560 2698 692 2725 declinavit
704 2706 720 2724 a
735 2697 806 2724 turba
819 2698 953 2725 constituta

192 2766 206 2801 ᾗ
219 2765 291 2790 savii.
304 2764 443 2801 et'guidatn
452 2768 514 2791 Mss,
525 2766 550 2800 nt
559 2763 590 2801 ob
601 2763 663 2788 aliis.
676 2764 758 2801 Lectio
768 2764 952 2801 itaretti,_quam

161 2799 306 2824 rettuemus.
319 2794 415 2826 aliquot
425 2796 548 2826 Manuserii
558 2799 638 2819 tot-tun
649 2795 792 2826 auctoritate
803 2794 919 2826 ﬁrmatur.

192 2828 202 2842 ⁹
220 2827 301 2851 Morel.
314 2827 351 2851 sic
363 2824 436 2850 ell‘ert
448 2826 510 2850 hunc
521 2824 598 2852 locum
612 2832 617 2849 :
636 2829 695 2849 Cum
718 2824 814 2850 tmdt'rut
833 2824 953 2850 ("lanatum

161 2857 203 2882 sibi
214 2864 269 2882 rum
280 2859 396 2888 priuatam
407 2859 428 2881 rt
440 2855 464 2880 in
475 2863 565 2881 mo'rm
577 2854 716 2886 imperantis
727 2855 852 2886 dicentem,
865 2856 952 2884 nolle.

160 2893 207 2913 ειν,

959 187 976 197 ι.
997 168 1128 197 XXXVII.
1150 169 1186 196 al.
1207 168 1327 196 XXXVI.

1742 171 1794 198 ΞΝ

1006 224 1032 251 in
1046 224 1111 251 loco.
1126 224 1159 251 Et
1171 232 1219 252 cur
1231 225 1370 252 abscondit
1385 233 1414 253 se
1426 225 1548 254 Christus
1559 227 1570 254 l
1583 225 1673 254 Primo
1690 232 1719 254 ut
1738 228 1796 263 ipso

1002 269 1114 297 absente
1135 270 1315 297 testimonium
1338 271 1490 306 suspicione
1509 279 1622 300 vacuum
1640 277 1729 306 esset;
1749 273 1794 308 qui

1002 317 1075 344 enim
1088 324 1196 344 sensum
1209 317 1338 345 restitutae
1347 318 1467 346 sanitatis
1480 318 1606 353 habebat,
1619 318 1741 347 beneﬁcii
1755 324 1795 346 te-

1003 362 1052 390 stis
1062 367 1121 390 erat
1130 361 1183 390 fide
1193 362 1299 397 dignus.
1315 364 1354 390 Ad
1370 363 1436 397 luce,
1450 372 1484 392 ne
1496 366 1624 400 majorem
1638 365 1665 393 in
1676 365 1794 400 ipsorum

1003 408 1100 435 animis
1112 409 1129 436 tl
1138 416 1245 449 nmmam
1257 409 1415 437 accenderet
1427 418 1435 442 ;
1449 415 1559 439 noverat
1570 412 1642 439 enim
1655 411 1696 439 rel
1710 411 1794 439 solam

1002 455 1061 489 eius
1075 455 1118 482 oui
1140 455 1273 482 invidetur
1291 456 1460 490 prtesentiam
1471 477 1479 488 .
1494 464 1548 485 non
1569 465 1676 492 parvam
1699 458 1795 485 invidis

1004 500 1145 528 scintillam
1159 501 1287 529 excitare.
1303 501 1365 529 Ideo
1386 501 1524 535 secedens,
1541 503 1645 538 reliquit
1661 503 1725 538 ipsis
1737 510 1794 531 rem

1003 547 1073 581 apud
1095 555 1125 574 se
1145 546 1327 580 tractandam;
1342 547 1377 574 ita
1391 551 1421 574 ut
1434 546 1500 575 nihil
1519 548 1576 583 ipse
1587 548 1622 576 de
1636 556 1666 576 se
1677 548 1777 577 diceret
1786 569 1796 581 ,

1003 591 1051 620 sed
1066 592 1083 619 ii
1099 597 1198 620 tantum
1212 592 1258 627 qui
1267 593 1355 621 curati
1368 593 1473 621 fuerant
1485 601 1546 621 cum
1560 594 1747 622 accusantibus
1757 595 1795 621 lo-

1003 642 1160 673 querentur.
1172 637 1238 666 Nam
1251 643 1277 666 et
1293 638 1319 666 Μ
1333 646 1439 674 quoque
1451 639 1580 667 miraculo
1591 639 1709 674 praebent
1721 640 1796 667 testi.

1004 683 1132 711 monium.
1147 683 1205 711 Non
1224 684 1297 712 enim
1310 684 1417 718 dicunt,
1431 684 1486 714 Cur
1504 686 1562 713 ha‘c
1580 685 1682 720 iussisti
1697 686 1753 713 fieri
1764 687 1801 713 iu-

1003 729 1114 757 sabbato
1125 729 1137 756 τ
1148 730 1195 757 sed
1208 751 1214 762 .
1228 730 1284 758 Cur
1297 730 1354 758 haec
1368 731 1434 759 facis
1447 732 1473 759 in
1487 731 1600 760 sabbato
1608 732 1625 758 Υ·
1639 740 1692 759 non
1706 736 1794 759 trans-

1003 777 1168 811 gressionem
1178 776 1286 812 indigne
1299 778 1426 811 ferentes.
1439 778 1486 806 sed
1497 778 1636 815 διακειμίοί
1649 778 1807 806 valetudini-

1005 822 1164 850 invidentes.
1178 823 1257 858 Atqui
1271 823 1293 850 si
1308 823 1451 851 humanum
1465 832 1534 859 opus
1547 829 1663 859 spectes,
1676 824 1740 851 illud
1754 832 1798 858 pu-

1004 869 1067 901 tius,
1079 869 1151 904 quod
1167 869 1326 904 paralyticus
1338 869 1412 901 ﬁnit.
1427 874 1487 897 erat
1497 878 1561 898 vere
1573 877 1661 905 opus;
1674 870 1803 897 Christus-

1002 914 1075 941 enim
1089 914 1200 942 verbum
1212 918 1317 942 tantum
1331 915 1469 943 «uiset-at.
1485 915 1533 943 Hie
1546 915 1625 942 aliter
1639 915 1714 949 iubet
1729 915 1796 943 solvi

1004 960 1143 987 sabbatum
1154 960 1238 992 ;.allbi
1254 968 1320 988 vero
1340 968 1388 996 per
1400 961 1518 996 seipsum
1538 961 1621 989 solvit
1637 960 1700 989 illud
1712 969 1802 994 ..συιδ

1005 1005 1094 1033 lutum.
1104 1006 1208 1039 miscet;
1223 1010 1250 1034 et
1264 1006 1357 1036 cuculus
1369 1006 1456 1036 illiuit.
1473 1007 1539 1034 lllttd
1552 1012 1641 1034 autem
1655 1006 1727 1038 facit,
1743 1014 1805 1033 non.

1004 1051 1218 1086 transgrediens,
1231 1052 1278 1079 sed
1294 1052 1499 1087 supergrodiens
1515 1052 1610 1088 legem.
1626 1052 1663 1079 De
1677 1051 1718 1080 his
1733 1060 1808 1079 vero.

1004 1101 1107 1132 postea.
1129 1096 1222 1132 Neque
1239 1097 1311 1124 enim
1335 1097 1432 1132 ubique
1453 1097 1535 1125 simili
1553 1098 1633 1125 modo
1653 1097 1687 1125 de
1708 1097 1808 1125 soluto.

1004 1144 1116 1171 sabbato
1129 1149 1269 1171 accusatus
1284 1152 1344 1172 sese
1359 1149 1453 1181 purgat
1467 1153 1474 1172 :
1491 1145 1516 1172 id
1530 1144 1741 1180 quodacourate
1752 1144 1806 1171 ult--

1004 1190 1163 1217 servandum
1176 1194 1227 1218 est.

1040 1235 1068 1263 5.
1093 1234 1195 1262 Invidia
1216 1241 1338 1270 quantum
1359 1237 1464 1263 malum.
1480 1236 1579 1264 Caritas
1593 1237 1794 1264 commendatur.

1004 1295 1040 1300 --
1050 1280 1159 1308 Interim
1170 1285 1259 1309 autent
1274 1281 1411 1309 videamus
1423 1286 1553 1317 quantum
1565 1282 1666 1310 malum
1679 1283 1714 1310 sit
1729 1283 1798 1309 inri-

1004 1325 1047 1353 dia
1060 1334 1068 1353 :
1083 1332 1137 1361 quo
1149 1331 1229 1362 pacto
1243 1327 1341 1354 mentis
1350 1327 1444 1355 oculos
1453 1327 1486 1354 ad
1498 1328 1644 1363 perniciem
1654 1327 1736 1356 invidi
1747 1335 1796 1355 ex-

1004 1376 1096 1400 ercet.
1112 1372 1341 1407 Quemadmodum
1365 1374 1436 1401 enim
1456 1374 1547 1402 furiosi
1574 1374 1691 1410 gladium
1710 1375 1736 1402 in
1750 1382 1802 1402 εει

1005 1419 1078 1453 ipsos
1087 1426 1160 1454 saepe
1169 1423 1338 1452 convertunt,
1351 1420 1385 1446 ita
1396 1427 1502 1455 quoque
1514 1420 1609 1453 invidi,
1617 1427 1696 1447 unam
1707 1420 1804 1447 solum-

1004 1468 1156 1497 spectantes
1169 1463 1240 1491 illius
1251 1464 1293 1492 cui
1306 1464 1434 1497 invident,
1447 1465 1603 1499 perniciem,
1614 1470 1707 1492 contra
1718 1473 1805 1492 suam.

1005 1509 1117 1536 salutem
1129 1508 1207 1536 bruto
1222 1508 1323 1544 impetu
1338 1509 1470 1537 feruntur.
1487 1509 1519 1537 Hi
1531 1510 1574 1538 vel
1588 1509 1653 1537 feris
1669 1515 1731 1538 sunt
1747 1510 1793 1538 dc-

1004 1553 1128 1582 teriores.
1139 1553 1207 1582 Nam
1218 1555 1270 1582 illa:
1279 1575 1287 1587 .
1299 1555 1340 1582 vel
1353 1555 1422 1590 quod
1434 1555 1494 1583 cibo
1505 1559 1601 1590 egeant
1610 1575 1618 1589 ,
1631 1555 1674 1583 vel
1687 1563 1702 1583 a
1715 1555 1794 1583 nobis

1005 1600 1115 1628 irritatae
1125 1621 1133 1634 ,
1148 1604 1243 1628 contra
1258 1608 1307 1628 nos
1324 1606 1480 1633 armantur;
1496 1601 1523 1628 hi
1537 1606 1626 1629 autem
1640 1602 1721 1629 etiam
1733 1606 1803 1636 poste

1004 1651 1112 1681 accepta
1123 1645 1262 1678 beneficia,
1274 1646 1408 1674 beneﬁcos
1419 1654 1491 1681 saepe
1502 1655 1551 1682 pro
1561 1647 1675 1675 inimicis
1684 1647 1792 1675 habent.

1005 1691 1080 1719 Feris
1089 1698 1153 1719 sane
1163 1691 1190 1719 bi
1202 1691 1351 1720 deteriores
1362 1696 1424 1719 sunt
1432 1713 1439 1724 .
1451 1692 1618 1721 da‘monibus
1628 1700 1706 1728 pares
1716 1701 1724 1725 ;
1739 1693 1804 1720 imo-

1005 1737 1073 1764 forte
1087 1738 1192 1772 pejores
1206 1737 1267 1765 illis.
1283 1737 1321 1765 Illi
1343 1745 1458 1773 namque
1472 1738 1617 1766 adversum
1633 1746 1682 1766 nos
1696 1739 1792 1773 impia-

1003 1783 1105 1811 cabiles
1113 1787 1242 1812 exercent
1255 1778 1419 1816 inimicitias,
1433 1784 1480 1812 sed
1491 1784 1533 1812 sui
1547 1784 1680 1812 similibus
1694 1785 1794 1812 damm-

1005 1830 1082 1857 nibtts
1095 1837 1148 1857 non
1161 1829 1338 1863 insidiantur;
1354 1830 1469 1865 ideoque
1480 1831 1541 1858 hinc
1553 1830 1675 1858 Christus
1686 1830 1801 1858 intimos

1003 1875 1151 1903 confutavit
1160 1896 1167 1908 .
1183 1883 1244 1903 cum
1257 1876 1378 1903 dicerent
1391 1875 1478 1911 ipsum
1495 1876 1522 1903 in
1536 1876 1684 1904 Beelzebub
1695 1876 1794 1911 ejicere

1003 1921 1144 1949 daemonia.
1158 1921 1189 1949 lii
1201 1929 1265 1949 vero
1277 1929 1311 1949 ne
1323 1927 1426 1949 naturae
1438 1922 1546 1957 quidem
1560 1929 1615 1950 sua:
1628 1922 1796 1950 consortium

1004 1972 1177 1999 reverentur,
1193 1975 1281 2003 neque
1293 1968 1344 1995 sibi
1359 1968 1425 2003 ipsis
1439 1972 1560 2003 parcunt.
1577 1968 1643 1996 Nam
1657 1973 1719 1996 ante
1732 1969 1790 1995 Mil;-

1004 2020 1075 2039 tnam
1087 2019 1161 2039 suam
1172 2033 1178 2044 .
1191 2020 1269 2047 quam
1280 2020 1327 2040 eos
1336 2013 1433 2048 quibus
1449 2013 1582 2046 invident,
1599 2013 1697 2041 laedunt
1706 2035 1713 2047 ,
1727 2013 1791 2041 dum

1005 2058 1074 2084 illam
1086 2058 1183 2085 frustra
1197 2059 1309 2087 tumultu
1322 2066 1354 2086 ac
1366 2066 1482 2087 mrore
1492 2059 1606 2095 replent.
1620 2059 1684 2092 Cur,
1693 2060 1728 2086 uti
1743 2059 1793 2086 Ito-

1004 2111 1049 2130 tno
1060 2124 1066 2135 ,
1081 2103 1114 2131 de
1127 2104 1239 2139 proximi
1251 2104 1328 2131 bonis
1338 2105 1487 2133 cruciaris?
1502 2105 1597 2132 Dolore
1610 2110 1746 2140 oporteret
1758 2106 1792 2133 do

1004 2150 1082 2177 malis
1097 2150 1214 2184 nostris,
1228 2157 1281 2178 non
1297 2150 1330 2178 de
1344 2151 1459 2186 proximi
1476 2151 1610 2178 felicitate.
1626 2153 1792 2187 Quapropter

1005 2195 1057 2223 hoc
1070 2200 1206 2229 peccatum
1222 2195 1299 2223 venia
1313 2203 1423 2231 prorsus
1438 2197 1567 2231 priVatnr.
1581 2197 1648 2225 Nam
1659 2202 1796 2225 scortator

1003 2245 1092 2277 potest
1104 2241 1348 2276 concupiscentiam
1361 2242 1507 2270 obtendere
1518 2263 1527 2276 ,
1542 2243 1584 2270 fur
1596 2248 1792 2279 pattpertatem.

1005 2288 1136 2315 homicida
1148 2288 1214 2315 iram
1225 2296 1233 2321 ;
1247 2288 1435 2317 excusationes
1445 2289 1550 2324 quidem
1563 2289 1670 2325 frigidas
1680 2294 1706 2317 ct
1718 2290 1790 2317 insa-

1004 2341 1063 2364 nas,
1075 2333 1122 2360 sed
1134 2341 1193 2368 quae
1203 2338 1292 2361 tamen
1303 2334 1416 2370 p-oferri
1428 2339 1538 2368 queunt.
1552 2335 1591 2363 Tu
1603 2343 1677 2368 vero.
1687 2343 1792 2371 quaso.

1004 2387 1084 2415 quam
1095 2386 1202 2406 causam
1216 2379 1363 2408 obtendes‘l
1378 2380 1482 2408 Nullam
1493 2382 1602 2409 omnino
1612 2402 1619 2414 ,
1635 2382 1686 2409 nisi
1701 2381 1794 2417 ingen-

1005 2429 1058 2452 tem
1074 2424 1231 2460 nequitiam.
1248 2425 1314 2453 Nam
1335 2425 1359 2453 si
1381 2425 1503 2454 inimicos
1516 2426 1628 2463 diligere
1648 2426 1773 2462 iubemur
1784 2448 1795 2459 .

1005 2470 1026 2497 si
1042 2470 1142 2497 amicos
1155 2469 1218 2497 odio
1233 2469 1379 2498 habeamus
1389 2491 1396 2504 ,
1411 2479 1465 2506 quo
1480 2479 1532 2499 non
1555 2472 1686 2508 supplicio
1700 2471 1795 2507 punie-

1005 2515 1084 2542 mur‘l
1099 2514 1133 2542 Et
1146 2515 1169 2542 si
1186 2514 1208 2542 is
1222 2515 1267 2550 qtti
1291 2517 1392 2543 amicos
1413 2523 1476 2544 suos
1496 2517 1597 2552 diligit,
1622 2525 1676 2545 non
1699 2516 1794 2548 meliu]

1005 2568 1085 2594 quam
1098 2564 1192 2595 gentes
1206 2559 1317 2588 affectus
1326 2565 1385 2594 est;
1397 2562 1441 2596 qui
1452 2569 1482 2589 se
1495 2562 1559 2590 nihil
1573 2562 1732 2591 ltedentibus
1742 2570 1792 2590 Ito-

1003 2613 1044 2634 cet
1050 2627 1058 2639 ,
1067 2615 1146 2642 quant
1155 2612 1197 2634 est
1204 2607 1343 2635 habiturus
1352 2607 1467 2641 veniam,
1475 2616 1554 2643 quam
1565 2608 1774 2636 consolationem
1782 2608 1794 2634 l

1006 2652 1073 2679 Audi
1087 2651 1199 2679 Paulum
1210 2652 1343 2680 dicentem
1356 2661 1363 2680 :
1380 2653 1411 2680 Si
1422 2654 1549 2681 tradidero
1562 2662 1655 2688 corpus
1666 2662 1748 2681 meum
1759 2654 1794 2681 ita

1006 2703 1033 2725 ut
1047 2699 1150 2726 ardeant
1162 2719 1170 2732 ,
1186 2699 1317 2726 caritatem
1335 2704 1420 2726 autem
1440 2708 1491 2726 non
1505 2701 1615 2728 habuero
1626 2721 1633 2735 ,
1648 2700 1713 2728 nihil
1732 2701 1794 2729 milii

1007 2744 1106 2778 prodeu
1119 2744 1164 2778 (l.
1179 2742 1239 2771 Cor.
1253 2744 1298 2772 l5.
1311 2744 1329 2771 5
1339 2744 1360 2779 ).
1374 2744 1450 2778 Quod
1464 2749 1552 2773 autern
1569 2746 1612 2774 ubi
1628 2746 1696 2774 livor
1709 2751 1737 2775 et
1750 2746 1792 2774 in-

1006 2789 1075 2817 vidia
1099 2794 1158 2822 est,
1181 2789 1280 2816 caritas
1294 2797 1404 2824 prorsus
1427 2790 1531 2818 sublata
1547 2791 1598 2826 sit,
1624 2792 1724 2820 nemini
1741 2799 1793 2820 non

1005 2840 1098 2862 notum
1113 2838 1165 2862 est.
1179 2835 1235 2862 lloc
1251 2835 1344 2863 vitium
1368 2839 1409 2864 est
1431 2836 1608 2866 fornicatione
1622 2843 1652 2866 et
1663 2838 1795 2867 adulterio

1010 2881 1095 2917 pejus.
1107 2881 1172 2910 Nam
1184 2881 1248 2910 illud
1264 2882 1290 2910 in
1302 2887 1431 2918 operante
1442 2884 1577 2915 consistit.
1590 2885 1695 2914 inuidia:
1706 2890 1795 2914 autem
