2041 3113
241 165 290 193 ΞΗ

240 228 263 247 tv
271 220 361 247 muniis
373 219 507 248 Ecclesias
519 218 635 252 integras
645 214 776 243 subvertit
786 233 793 246 ,
805 217 832 239 et
843 216 928 238 totum
939 211 1033 238 urbem

242 266 419 293 labefactavit.
435 265 497 292 llaec
518 263 598 292 caulis
614 266 699 289 mater
714 264 755 287 cst
771 268 777 286 :
799 258 849 285 hac
864 262 952 284 motus
966 255 1031 283 (Zain

241 311 349 338 fratrem
363 310 462 338 occidit
476 318 482 336 :
507 310 548 336 illa
565 307 717 337 concitante
732 304 864 333 Iacobum
882 303 953 330 Esau
964 322 972 334 ,
986 301 1033 329 .lo-

240 359 352 392 διεριιιιηι
368 357 465 384 fratres
476 378 483 388 .
499 356 643 383 humanum
658 361 744 389 genus
754 350 878 379 diabolus
892 356 1034 384 aggressus

241 409 291 431 cst.
308 405 343 430 At
358 408 384 430 tu
405 410 458 430 non
482 401 630 434 interficis,
649 399 695 427 sed
717 397 790 425 caede
813 397 891 430 longe
913 394 1035 429 graviora

243 455 395 484 pet-petras,
409 449 471 476 dum
487 448 604 483 precaris
621 451 647 474 ut
664 446 747 472 frater
768 442 914 478 ignominia
930 440 1026 468 afﬁcia-

243 501 301 527 tur,
318 494 383 522 dum
397 495 507 529 laqueos
521 493 570 528 ipsi
587 491 674 520 tendis
693 489 828 524 undique,
842 487 906 514 dum
922 493 972 521 pro
983 486 1036 512 vir-

242 546 298 567 tute
312 545 452 576 susceptos
467 540 572 567 labores
587 537 701 566 resolvis
711 556 719 568 ,
734 543 795 562 cttm
810 541 881 568 aegre
896 532 950 560 fers
964 531 1034 566 quod

242 587 315 614 orbis
327 587 440 614 Domino
455 586 567 621 placeat.
580 584 638 612 Non
653 583 728 610 illum
738 588 813 615 ergo,
824 579 872 607 sed
883 586 943 606 eum
955 585 1034 612 quem

244 633 300 667 ipse
312 632 377 660 colit
391 633 531 666 impugnas
545 639 552 657 :
573 630 647 657 illum
669 626 831 656 contumelia
851 624 938 652 afﬁcis
949 644 956 657 ,
972 623 1036 650 dum

244 679 375 706 honorem
389 683 462 706 tuum
475 677 544 704 illius
556 675 651 703 honori
664 672 806 709 anteponis
819 681 826 699 :
840 670 966 706 quodque
975 677 1037 705 gra-

245 725 381 753 vissimum
397 730 453 756 est,
471 724 554 751 levem
576 727 655 757 putas
667 728 729 749 esse
743 719 848 753 culpam
859 737 868 750 ,
891 716 955 744 licet
975 723 1036 742 om-

244 771 316 798 nium
330 770 475 798 deterrima
491 769 533 797 sit.
551 768 617 797 Nam
629 768 651 795 si
666 766 714 794 des
728 766 942 799 eleemosynam,
957 761 981 788 si
994 761 1035 788 vi-

243 817 326 851 giles,
346 817 368 844 si
388 816 510 851 jejnnes,
534 815 653 842 omnium
676 810 899 841 sceleratissimus
912 816 957 841 es,
973 807 1036 835 dum

246 862 319 889 fratri
334 861 447 889 invides.
461 861 487 888 Id
501 861 542 888 vel
558 860 619 887 inde
630 862 745 886 constat.
759 857 899 885 Scortatus
910 858 951 881 est
963 853 1036 888 quis-

246 909 315 943 piam
328 908 397 942 apud
418 907 590 939 Corinthios;
612 906 659 933 sed
680 908 822 932 accusatus
842 902 896 929 cito
911 899 1036 934 resipuit.

246 954 320 980 AltCll
333 953 396 981 Cain
412 953 505 980 invidit
519 961 527 985 ;
545 957 573 980 et
585 958 728 986 numquam
743 948 899 977 emendatus
913 950 973 978 est;
989 944 1036 972 sed

246 1000 307 1026 lict-t
322 999 390 1025 licus
407 998 455 1032 ipsi
472 997 626 1031 frequenter
642 996 692 1023 hoc
706 995 780 1022 ulcus
794 995 971 1022 memoraret,
989 989 1035 1018 ille

625 162 654 188 S.
674 157 811 187 JOANNIS
829 154 1064 184 CllltYSOSTOMI
1084 153 1240 182 ARCHIEP.
1261 154 1523 183 CONSTANTINOP.

1825 156 1878 183 2H

1089 212 1173 247 magis
1188 212 1395 242 intumesccbat.
1418 217 1445 239 et
1467 212 1500 239 ad
1523 211 1623 240 cuidem
1646 213 1824 247 properabat:
1843 213 1877 240 ita

1088 257 1139 285 hoc
1152 257 1242 284 vitium
1255 257 1301 284 illo
1315 257 1409 284 fortius
1421 262 1463 285 est
1472 278 1480 291 ,
1495 265 1582 292 neque
1596 258 1676 286 facile
1687 263 1812 291 curatur,
1827 259 1878 286 nisi

1086 303 1264 332 attendatnus.
1287 303 1422 331 Radicitus
1444 311 1507 338 ergo
1528 305 1614 338 ipsum
1633 304 1796 336 evellamus,
1813 305 1877 332 illud

1086 350 1252 385 cogitantes,
1273 356 1322 376 nos
1337 353 1366 375 ut
1382 349 1463 376 Deum
1487 349 1648 377 olfcndimus
1660 370 1667 382 ,
1682 349 1744 376 dum
1760 350 1874 378 aliorum

1088 394 1165 422 bouis
1180 393 1330 421 invidemus
1340 415 1348 427 ,
1364 394 1400 421 ita
1422 394 1557 428 placemus
1572 395 1642 429 ipsi,
1658 402 1719 422 cum
1732 400 1876 430 congratu-

1088 442 1175 469 lamnr
1184 462 1192 474 ,
1205 446 1232 468 et
1245 442 1281 468 ita
1296 446 1437 468 consortes
1449 441 1582 468 efficimur
1592 441 1723 468 bonorum
1733 449 1794 476 qua:
1807 447 1879 470 recte

1090 488 1208 522 aperanti
1222 492 1314 522 parata
1329 491 1402 514 sunt.
1419 487 1481 515 Ideo
1494 487 1593 515 Paulus
1608 487 1744 521 hortatur,
1762 487 1879 515 Gaude-2

1087 541 1143 559 cum
1154 533 1329 568 gaudentibus,
1339 538 1362 560 et
1372 533 1435 567 ﬂere
1445 541 1502 559 cum
1511 533 1629 567 ﬂentibus
1642 534 1652 567 (
1664 533 1738 560 Rom.
1752 533 1796 560 ιε.
1810 534 1859 568 l5)
1870 543 1877 565 ς

1088 583 1115 606 ιιι
1132 586 1257 613 maguum
1275 579 1398 613 utrinque
1413 578 1514 605 lucrum
1531 583 1707 614 reportemus.
1723 577 1878 613 Cogitautcs

1088 624 1167 659 igitur
1177 645 1184 657 ,
1200 624 1251 651 etsi
1269 631 1322 651 non
1334 624 1501 656 laboremus,
1516 624 1538 651 si
1551 631 1613 659 erga
1626 624 1791 652 laborantem
1805 629 1876 651 recte

1088 670 1255 702 efficiamur,
1271 670 1342 699 illius
1364 677 1413 697 nos
1437 677 1598 697 coronarum
1619 669 1762 704 participes
1787 669 1875 702 efﬁci,

1089 715 1200 743 livorem
1223 723 1331 742 omnem
1353 715 1510 750 cjiciamus,
1531 720 1559 742 et
1575 715 1713 742 caritatem
1729 715 1755 742 in
1776 715 1874 742 animis

1088 761 1188 788 nostris
1210 760 1374 792 inseramus;
1392 765 1420 787 ut
1433 760 1496 788 dum
1512 760 1639 788 fratribus
1654 760 1782 795 praeclare
1798 768 1880 795 agen-

1090 806 1160 833 tibus
1173 805 1335 841 plaudimus,
1350 810 1379 833 et
1393 806 1535 840 praesentia
1545 811 1572 834 et
1585 806 1672 833 futura
1683 813 1881 841 consequamur

1089 851 1158 879 bona
1168 872 1176 885 ,
1190 852 1274 887 gratia
1287 857 1314 880 et
1329 852 1491 887 benignitate
1506 853 1611 880 Domini
1627 853 1712 880 nostri
1725 853 1787 880 Jesu
1801 852 1879 880 Chri~

1088 898 1140 930 sti,
1155 906 1202 932 per
1216 905 1295 932 quem
1307 903 1336 925 et
1349 905 1409 926 cum
1431 906 1484 933 quo
1498 898 1568 926 Patri
1578 898 1661 933 gloria
1670 919 1678 932 ,
1692 907 1797 934 unaque
1811 899 1872 933 Spi-

1090 943 1150 970 ritui
1171 947 1283 976 sancto,
1298 950 1370 971 nunc
1384 948 1411 970 et
1425 951 1531 978 semper
1542 963 1550 976 ,
1566 950 1593 971 et
1609 944 1634 970 in
1650 944 1746 971 smcula
1767 944 1880 972 s:cculo-

1091 996 1158 1015 rnm.
1176 990 1270 1016 Amen.

884 1093 1055 1126 HOMILIA
1080 1092 1261 1125 XXXVIII.

250 1176 288 1201 li.
310 1174 402 1204 Postea
422 1175 514 1201 invenit
531 1182 588 1201 eum
610 1172 686 1200 Iesus
699 1172 725 1198 in
752 1169 861 1205 templo,
877 1173 900 1196 et
916 1168 980 1195 dixit
995 1166 1040 1194 ei:

285 1219 349 1246 Ecce
368 1228 445 1246 uinus
467 1220 550 1254 facta;
572 1226 615 1250 es;
626 1218 684 1253 jam
699 1216 751 1243 noli
777 1222 897 1250 peccare,
920 1221 952 1240 ne
971 1212 1042 1239 dete-

284 1267 337 1293 rius
352 1266 448 1301 aliquid
467 1265 509 1292 tibi
533 1265 673 1298 conlingat.

285 1314 310 1339 1.
329 1311 395 1338 Deus
411 1321 502 1347 corpus
517 1311 623 1345 castigat
638 1310 668 1336 ob
684 1309 777 1335 anima:
790 1310 901 1342 peccata.
915 1305 1042 1332 Geltenna:

250 1360 375 1394 supplicii!
397 1364 491 1385 rcterna
506 1363 562 1385 sunt
577 1362 600 1384 et
613 1358 692 1392 jttala.
722 1356 771 1389 Qui
791 1355 849 1389 jam
872 1361 918 1389 pro
934 1351 1042 1388 peccatis

252 1406 318 1439 pleri
329 1405 355 1432 in
366 1405 453 1432 cadent
465 1405 579 1431 recidunt
590 1424 597 1436 ,
611 1404 718 1438 majores
729 1402 824 1428 dabunt
837 1409 932 1435 pennas.
954 1398 1038 1425 Morbi

254 1451 355 1484 plurimi
373 1458 402 1477 ex
425 1454 527 1484 peccatu
541 1449 666 1475 oriuntur.
683 1463 717 1467 ——
732 1447 786 1474 [les
800 1445 889 1481 gravis
905 1447 1042 1479 peccatum

252 1501 290 1523 cal
304 1516 312 1528 ,
327 1502 369 1522 res
390 1499 467 1522 certe
485 1493 573 1529 gravis
589 1498 615 1520 et
635 1493 731 1520 animat
752 1491 900 1526 pernicies;
916 1489 952 1516 ita
968 1492 996 1514 ut
1009 1494 1042 1514 ex

253 1541 426 1568 redundantia
438 1548 508 1575 saepe
521 1540 601 1567 etiam
615 1545 727 1573 corpora
743 1537 831 1564 hrdat.
846 1535 914 1568 Quia
928 1534 1001 1562 enim
1016 1537 1044 1560 ut

255 1587 396 1622 plurimum
418 1590 564 1621 a-grotantc
579 1585 666 1611 anima
676 1604 684 1616 ,
700 1583 773 1610 nullo
786 1581 917 1609 afficimur
930 1579 1022 1607 dolore
1035 1586 1042 1610 ;

254 1636 275 1662 si
288 1643 350 1662 vero
365 1641 463 1668 corpus
479 1633 611 1660 tantillum
626 1631 730 1658 laboret
744 1650 752 1662 ,
766 1635 872 1657 omnem
886 1626 1044 1654 adhibemus

254 1688 364 1715 operam
378 1684 407 1707 ut
421 1680 506 1714 ipsum
522 1678 555 1706 ab
576 1676 730 1704 infirmitate
752 1674 895 1701 liberemus
905 1692 914 1704 ,
927 1679 959 1699 eo
974 1671 1044 1706 quod

255 1728 326 1754 illam
338 1726 502 1756 sentiamus;
518 1724 577 1751 ideo
592 1723 660 1750 Deus
671 1729 768 1756 corptts
779 1720 891 1754 castigat
903 1718 938 1746 ob
950 1718 1046 1744 anima:

257 1775 364 1806 peccata
384 1791 392 1803 ,
409 1774 437 1797 ut
458 1768 592 1796 inferioris
612 1767 695 1802 partis
707 1765 901 1800 castigatione,
914 1761 1046 1797 superiori

258 1815 435 1844 valetudinem
458 1814 552 1850 pariat.
579 1813 623 1840 Sic
637 1817 662 1838 et
677 1811 747 1846 apud
774 1809 929 1837 Corinthios
964 1806 1047 1834 forni-

257 1867 375 1890 catorem
402 1861 500 1888 Paulus
527 1858 696 1889 emendavit,
724 1864 772 1891 per
797 1856 885 1883 carnis
910 1854 1045 1882 interitum

257 1908 356 1935 animm
369 1907 491 1934 morbum
504 1905 642 1933 cohibens.
656 1903 722 1931 Nam
737 1903 840 1930 invecta
853 1902 879 1928 in
893 1907 990 1935 corpus
1003 1907 1047 1926 se—

257 1954 346 1982 ctione
356 1974 365 1986 ,
375 1953 414 1979 sic
425 1951 523 1978 malum
535 1950 690 1984 compressit
707 1958 714 1976 :
732 1948 800 1975 haud
811 1954 890 1975 secus
900 1954 980 1982 quam
992 1953 1048 1972 mc-

259 2001 335 2026 tlicus
349 1999 476 2033 optimus,
490 1997 534 2032 qui
547 2004 606 2024 cum
621 1994 776 2030 hytlropisin
790 1998 835 2020 aut
846 1993 967 2027 splenem
981 1991 1050 2018 intc-

260 2045 375 2072 rioribus
397 2043 546 2078 pharmacis
560 2049 611 2070 non
628 2041 726 2068 cedere
746 2040 837 2072 videt,
852 2039 970 2066 exterius
985 2037 1047 2064 urit.

261 2092 307 2118 Sic
321 2098 382 2125 erga
398 2089 571 2124 paralyticum
592 2088 645 2121 egit
656 2085 787 2113 Christus.
802 2085 839 2111 Ac
852 2083 912 2110 vide
934 2090 1050 2118 quomo—

262 2137 298 2163 do
313 2135 339 2162 id
363 2134 497 2161 declaret:
515 2133 579 2159 Ecce
589 2139 667 2159 sanus
682 2131 764 2166 {actus
773 2137 799 2157 es
809 2137 818 2161 ;
826 2131 883 2164 jam
897 2128 949 2155 noli
961 2135 1050 2162 pecca-

261 2190 288 2208 re
297 2202 303 2214 ,
321 2189 351 2207 ne
365 2181 474 2207 deterius
488 2179 532 2205 tibi
546 2177 643 2212 aliquid
657 2176 796 2211 contingat.
813 2174 881 2208 Quid
895 2174 974 2209 igitur
989 2172 1051 2199 inde

260 2228 398 2255 discimus.
414 2226 551 2257 Primum,
566 2232 598 2251 ex
614 2226 724 2258 peccato
739 2222 789 2256 ipsi
803 2225 894 2248 natum
909 2218 1050 2250 morbum;

262 2272 397 2304 secundo,
413 2279 475 2298 vere
502 2269 664 2297 credendam
682 2275 742 2295 esse
764 2266 929 2302 gehennam;
955 2264 1051 2296 tertio,

261 2318 414 2344 diuturnum
426 2321 506 2351 atque
517 2319 671 2350 perpetuum
682 2321 741 2340 esse
757 2312 925 2346 supplicium.
936 2310 1049 2338 Ubinam

262 2370 326 2397 ergo
340 2366 402 2389 sunt
417 2362 453 2389 illi
468 2361 512 2397 qui
528 2361 636 2391 dicunt,
653 2359 730 2386 liora:
745 2358 823 2384 unius
838 2357 924 2391 spatio
944 2356 1030 2383 occidi
1044 2377 1052 2387 ,

264 2409 336 2436 brevi
358 2414 479 2443 tempore
502 2406 662 2434 adulterium
685 2403 826 2436 commisi,
841 2406 868 2431 et
889 2401 1054 2429 immortales

263 2455 332 2483 dabo
347 2455 455 2490 poenas?
471 2453 540 2481 Ecce
555 2453 598 2479 hic
612 2459 664 2478 non
685 2455 723 2478 tot
739 2449 859 2485 peccavit
873 2453 937 2484 quot
960 2449 1054 2484 plexus

263 2506 305 2528 est
318 2501 396 2528 annis
407 2521 415 2532 ,
431 2505 456 2527 et
473 2501 500 2526 in
524 2497 699 2525 diuturnitate
723 2503 810 2531 pusum
835 2498 917 2522 totam
933 2494 990 2522 fere
1005 2493 1054 2521 bo-

264 2547 342 2574 minis
364 2547 445 2572 vitam
469 2543 628 2577 absumpsit.
650 2541 707 2569 Non
722 2540 793 2568 enim
809 2548 841 2568 ex
858 2544 977 2575 tempore
993 2547 1054 2575 pec—

262 2597 322 2620 cata
336 2592 443 2619 metitur
462 2590 531 2617 Deus
541 2610 548 2622 ,
562 2588 608 2616 sed
627 2596 660 2615 ex
678 2588 734 2622 ipsa
748 2586 881 2614 scelerum
894 2591 997 2614 natura.
1012 2586 1053 2613 Ad

264 2639 322 2665 haec
341 2636 407 2664 illud
426 2642 532 2671 quoque
554 2633 792 2665 considerandum,
807 2632 857 2660 etsi
872 2639 967 2667 graves
980 2632 1052 2666 prio-

265 2693 323 2711 rum
340 2683 471 2710 scelerum
487 2687 579 2715 pwnas
592 2679 688 2706 demus
698 2699 706 2712 ,
718 2678 742 2705 si
758 2678 784 2704 in
798 2677 891 2705 eadem
908 2682 999 2712 postea
1015 2678 1054 2704 in-

266 2726 386 2754 cidamus
399 2747 406 2758 ,
424 2727 502 2761 longe
523 2725 645 2760 graviora
660 2731 709 2751 nos
723 2723 850 2758 deinceps
864 2731 1006 2758 passuros;
1022 2730 1054 2750 ac

263 2776 323 2809 jure
339 2773 444 2800 merito.
461 2773 485 2800 ls
499 2772 570 2800 enim
586 2771 630 2806 qui
646 2778 680 2798 ne
692 2770 824 2805 supplicio
836 2769 942 2804 quidem
959 2769 1054 2796 melior

265 2820 397 2852 cilicilttr,
421 2818 496 2853 quasi
522 2817 643 2852 stupidus
666 2816 773 2843 demum
796 2820 823 2842 ct
845 2820 1012 2849 contemptor
1027 2815 1052 2841 in

268 2865 395 2900 majorem
411 2865 522 2893 ducetur
534 2863 690 2892 cruciatum.
705 2861 793 2890 Senth
807 2869 877 2890 cnim
893 2861 995 2898 lapsum
1008 2861 1054 2888 du—

1097 1163 1177 1192 bebat
1196 1166 1356 1201 supplicium
1376 1168 1502 1196 cohibere
1521 1172 1548 1196 et
1561 1168 1596 1196 ad
1620 1168 1758 1196 meliorem
1783 1169 1883 1203 frugem

1095 1211 1239 1239 reducere:
1252 1212 1314 1247 quia
1326 1220 1390 1240 vero
1401 1219 1461 1248 post
1471 1214 1572 1241 illatum
1584 1214 1742 1249 supplicium
1754 1222 1807 1241 non
1816 1219 1881 1242 tem-

1095 1257 1232 1291 perantior
1253 1257 1386 1291 efﬁcitur,
1403 1259 1450 1286 sed
1472 1258 1565 1287 eadem
1588 1259 1644 1294 ipsa
1657 1259 1738 1287 audet
1759 1260 1883 1294 aggredi,

1092 1302 1154 1337 jure
1165 1303 1239 1331 dabit
1254 1311 1347 1338 pcenas
1360 1304 1392 1331 ad
1403 1312 1471 1340 quas
1484 1305 1635 1332 inferendas
1649 1305 1706 1340 ipse
1720 1305 1885 1340 provocavit.

1095 1347 1122 1375 Si
1150 1356 1215 1376 vero
1241 1354 1349 1383 peccata
1377 1350 1420 1377 hic
1448 1351 1561 1384 repetita
1587 1350 1695 1385 gravius
1721 1351 1883 1385 puniuntur,

1095 1394 1203 1428 quando
1217 1394 1259 1422 hic
1273 1395 1360 1423 nullas
1372 1400 1541 1430 peccatorum
1556 1404 1650 1431 poenas
1664 1396 1760 1424 damus
1771 1417 1777 1429 ,
1794 1404 1883 1423 annon

1096 1448 1259 1475 magnopere
1278 1441 1427 1469 timendum
1442 1442 1661 1476 trctnendumque
1674 1442 1753 1469 nobis
1767 1446 1808 1469 est
1818 1461 1826 1474 ,
1839 1445 1884 1468 ut-

1098 1491 1159 1520 pote
1170 1485 1346 1514 intolerabilia
1360 1488 1495 1522 passuris?
1506 1487 1541 1515 Et
1551 1494 1600 1515 cur
1609 1508 1617 1520 ,
1632 1487 1734 1521 inquies
1744 1507 1752 1519 ,
1764 1494 1816 1514 non
1828 1494 1886 1514 om-

1098 1539 1146 1559 nes
1165 1532 1204 1559 sic
1227 1533 1390 1567 puniuntur?
1412 1532 1509 1560 Multos
1529 1533 1599 1560 enim
1623 1533 1751 1560 scelestos
1765 1532 1886 1560 videmus-

1098 1577 1188 1612 pingui
1215 1578 1366 1606 valetudine
1396 1578 1534 1611 fruentes,
1559 1585 1741 1613 prosperaque
1769 1578 1887 1605 fruentes

1099 1623 1214 1651 fortuna.
1231 1624 1330 1652 Verum
1345 1631 1378 1652 ne
1392 1624 1518 1658 ﬁdamus,
1533 1624 1581 1652 sed
1596 1624 1748 1658 hujusmodi
1764 1623 1887 1650 homines

1098 1669 1217 1697 omnium
1241 1670 1355 1697 maxime
1377 1670 1558 1704 tleploremus.
1572 1670 1600 1697 Si
1614 1669 1685 1696 enim
1701 1669 1745 1697 hic
1759 1669 1824 1696 nihil
1839 1678 1886 1703 pa-

1099 1715 1198 1741 tiantur
1208 1736 1215 1747 ,
1231 1715 1280 1742 hoc
1294 1714 1347 1741 illis
1360 1715 1486 1742 viaticum
1502 1719 1544 1742 est
1556 1714 1590 1742 ad
1609 1715 1696 1748 majus
1715 1714 1884 1749 supplicium.

1100 1760 1156 1787 Hoc
1170 1760 1267 1787 Paulus
1281 1760 1323 1787 his
1340 1761 1429 1788 verbis
1444 1760 1605 1796 significavit
1617 1769 1623 1788 :
1642 1760 1719 1787 Nunc
1733 1765 1816 1786 autem
1830 1768 1887 1786 cuin

1099 1806 1259 1839 iudicantur,
1274 1814 1289 1832 a
1308 1805 1420 1833 Domino
1444 1807 1611 1841 com'pimur,
1637 1811 1671 1837 ιιι
1689 1814 1740 1832 non
1761 1813 1819 1832 cum
1843 1805 1889 1831 hoc

1101 1852 1194 1878 mundo
1213 1852 1363 1878 damnentur
1377 1852 1418 1888 (1.
1435 1851 1494 1880 Cor.
1514 1853 1557 1879 Η.
1572 1851 1635 1888 52).
1650 1852 1698 1879 Hic
1719 1851 1868 1879 admonitio
1880 1873 1887 1881 .

1101 1897 1154 1924 illic
1164 1896 1334 1931 supplicium.
1348 1897 1416 1930 Quid
1431 1897 1531 1932 igitur?
1547 1897 1668 1932 inquies;
1685 1904 1718 1924 an
1733 1896 1818 1923 morbi
1832 1904 1890 1922 om-

1101 1949 1149 1971 nes
1164 1949 1196 1968 ex
1218 1942 1333 1976 peccatis
1352 1942 1495 1969 oriuntur?
1507 1942 1565 1969 Non
1579 1949 1691 1974 omnes,
1705 1942 1751 1969 sed
1769 1942 1887 1977 plurimi.

1101 1986 1213 2020 Quidam
1234 1987 1304 2014 enim
1317 1995 1351 2014 ex
1367 1988 1480 2022 segnitie
1498 1993 1584 2015 ortum
1600 1988 1707 2015 habent.
1726 1987 1792 2015 Nam
1806 1987 1887 2022 gula,

1101 2033 1227 2066 ebrietas,
1238 2033 1376 2068 segnities,
1389 2033 1540 2068 hujusmodi
1552 2034 1659 2061 morbos
1670 2033 1788 2068 pariunt.
1802 2033 1890 2060 Utinm

1104 2085 1182 2113 porro
1197 2077 1294 2112 ubique
1315 2077 1510 2105 observandum
1526 2082 1585 2111 est,
1600 2083 1630 2114 ut
1652 2079 1757 2113 plagam
1782 2085 1890 2105 omnem

1102 2131 1162 2151 cum
1171 2124 1315 2159 gratiarum
1324 2124 1429 2151 actione
1438 2124 1563 2151 feramus.
1574 2124 1686 2158 Propter
1692 2128 1800 2158 peccata
1809 2123 1890 2150 etiam

1103 2169 1253 2197 inferuntur
1274 2170 1383 2197 morbi:
1404 2177 1464 2196 nam
1484 2170 1509 2196 in
1531 2169 1607 2196 libris
1629 2169 1733 2204 Regum
1748 2168 1891 2203 quemdam

1104 2216 1225 2243 videmus
1240 2215 1300 2243 ideo
1315 2215 1431 2250 podagra
1446 2215 1613 2243 laborantem
1627 2216 1636 2249 (
1645 2216 1672 2243 5.
1687 2214 1751 2250 Reg.
1768 2215 1812 2242 l5.
1828 2215 1863 2242 9.5
1874 2219 1891 2246 ).

1106 2261 1220 2289 Veniunt
1238 2261 1318 2288 etiarn
1334 2267 1364 2288 ut
1387 2262 1553 2296 probatiores
1574 2261 1734 2293 reddamur;
1750 2260 1811 2288 hinc
1823 2260 1893 2287 John

1104 2306 1168 2333 dicit
1188 2306 1275 2334 Deus:
1294 2305 1336 2333 Ne
1348 2315 1387 2332 me
1401 2311 1473 2341 putes
1488 2306 1564 2333 aliter
1584 2306 1620 2332 sic
1633 2310 1713 2332 tecum
1734 2306 1829 2341 egisse,
1846 2306 1893 2331 nisi

1105 2358 1131 2379 ut
1146 2353 1232 2388 justus
1250 2352 1465 2387 appareaanb.
1482 2352 1527 2380 40-
1538 2351 1593 2388 5)?
1605 2351 1657 2380 Sed
1672 2345 1793 2380 cur'cum
1806 2352 1840 2379 de
1856 2353 1896 2378 his

1106 2399 1256 2434 paralyticis
1279 2400 1365 2434 agitur
1377 2420 1384 2432 ,
1401 2403 1509 2433 peccata
1525 2399 1551 2426 in
1568 2399 1683 2426 medium
1707 2398 1831 2426 Christus
1845 2400 1894 2424 atl—

1105 2443 1269 2471 dncit?Nam
1284 2449 1312 2471 et
1322 2445 1358 2471 illi
1369 2444 1444 2478 cujus
1462 2444 1600 2471 Mattlueus
1613 2444 1734 2471 meminit
1747 2444 1783 2470 ait
1797 2452 1805 2471 ς
1820 2443 1888 2470 Con-

1105 2490 1170 2524 ﬁde,
1185 2490 1224 2524 ﬁli
1234 2510 1242 2522 ,
1256 2491 1416 2517 remittuntur
1429 2490 1473 2516 tibi
1484 2494 1604 2525 peccata;
1619 2496 1646 2517 et
1659 2490 1739 2522 huic,
1760 2488 1840 2521 Vide,
1855 2498 1897 2516 sa-

1105 2545 1154 2563 nus
1163 2537 1247 2572 [actus
1256 2544 1281 2563 es
1289 2557 1297 2569 ,
1308 2536 1361 2562 noli
1371 2537 1481 2570 amplius
1493 2544 1596 2571 peccare
1610 2536 1620 2571 (
1629 2535 1723 2563 Matth.
1735 2536 1763 2563 9.
1773 2536 1791 2562 ‘2
1799 2536 1821 2570 ).
1835 2536 1898 2563 Scio

1106 2582 1234 2617 quosdam
1247 2582 1318 2610 hunc
1328 2582 1504 2617 paralyticum
1515 2582 1664 2615 criminari,
1676 2582 1747 2617 quod
1759 2582 1898 2609 Christum

1106 2628 1271 2656 accusaverit
1281 2649 1288 2659 ,
1300 2632 1328 2655 et
1339 2628 1399 2655 ideo
1412 2628 1457 2654 illa
1469 2627 1576 2655 audisse
1587 2627 1688 2655 dicunt.
1704 2627 1772 2660 Quid
1788 2636 1854 2662 ergo
1864 2628 1899 2654 de

1107 2675 1252 2710 paralytico
1264 2675 1309 2702 illo
1320 2674 1450 2706 dicemus,
1466 2673 1500 2701 de
1512 2681 1565 2708 quo
1578 2673 1726 2706 Matthmus,
1741 2674 1786 2707 qui
1800 2673 1895 2700 cadent

1108 2729 1175 2756 pene
1187 2720 1307 2747 audivit?
1321 2720 1387 2747 Nam
1402 2720 1438 2746 illi
1452 2727 1560 2755 quoque
1572 2719 1656 2751 dixit,
1673 2718 1846 2745 Remittuntnr
1858 2719 1900 2745 tibi

1107 2772 1218 2803 peccata.
1233 2766 1310 2795 Unde
1331 2767 1416 2800 palam
1431 2771 1472 2793 est
1486 2773 1547 2793 eum
1570 2773 1622 2792 non
1638 2764 1681 2791 illa
1693 2764 1728 2792 de
1746 2772 1828 2791 causa
1846 2764 1902 2790 ha~c

1106 2813 1238 2840 audivisse
1250 2822 1256 2840 :
1270 2812 1339 2847 quod
1351 2820 1382 2839 ex
1397 2812 1571 2846 sequentibus
1582 2810 1681 2838 clarius
1691 2810 1814 2837 ediscere
1829 2810 1900 2836 licet.

1110 2859 1202 2886 Postea
1224 2859 1309 2892 cnim,
1334 2859 1434 2893 inquit,
1458 2858 1550 2884 invenit
1569 2865 1625 2884 eum
1644 2856 1670 2883 in
1690 2848 1784 2890 (ειηῇιο
1804 2855 1904 2882 Jcatts.‘
