2041 3113
163 145 216 174 ⁵313

161 203 232 238 quod
252 209 317 230 sane
333 201 438 237 pietatis
461 200 567 236 signum
582 205 649 228 erat.
663 199 721 228 Non
737 201 809 228 enim
831 200 915 227 forum
929 205 958 228 ct

160 250 315 277 amlmlaera
331 248 447 284 petebat,
459 255 547 282 neque
559 247 620 275 cibo
630 252 656 274 et
665 247 775 275 desidia:
786 255 816 274 se
826 247 953 279 detlrbat,

160 296 208 324 sed
223 296 248 323 in
263 295 365 330 templo
380 293 494 330 degebat
509 303 516 321 :
532 293 637 321 etiamsi
653 294 728 321 illinc
742 300 771 321 se
785 293 955 321 abomnibus

160 342 313 377 pellendum
325 344 510 375 exspectaret,
525 339 591 367 nihil
607 339 657 374 ipsi
671 339 770 372 Suasit,
785 344 812 366 ut
827 347 841 365 ι
855 339 955 373 templo

159 386 320 415 discederet.
335 385 401 413 Cum
418 393 482 420 ergo
496 384 619 413 Christus
634 385 709 412 illum
725 385 868 411 invenisset
884 390 955 418 post-

159 441 237 468 quam
249 440 312 461 cum
330 432 432 461 ludatis
446 433 572 468 loquutus
592 431 696 462 fuerat,
719 431 783 458 nihil
800 431 953 465 bujusmodi

159 480 351 508 subindiuvit.
376 479 451 513 Quod
467 479 490 506 si
505 478 555 506 hac
569 478 603 506 de
622 486 652 505 re
668 478 740 504 illum
762 485 890 505 accusare
911 485 957 504 vo-

159 526 271 560 luisset,
283 526 394 554 dixisset
411 526 447 552 illi
460 534 468 551 :
484 525 587 552 Rursus
599 524 625 551 in
641 524 734 551 iisdem
749 524 871 558 persistis
881 543 888 555 ,
903 531 953 550 nec

159 581 191 599 ιιι
219 576 375 606 recuperata
399 569 554 597 valetudine
574 569 660 596 factus
679 577 709 596 es
722 569 840 596 melior’
856 569 952 596 Verum

160 617 223 644 mltil
239 617 303 643 dicit
327 615 479 650 Inuusmodi
493 635 501 648 ,
523 614 570 642 sed
593 615 619 641 ιιι
646 619 782 649 posterum
805 616 952 642 cautiorem

159 662 254 690 reddit.

192 708 220 735 9.
233 708 288 735 Cur
299 711 387 734 autem
400 714 461 734 cum
475 706 586 734 claudos
598 710 626 733 et
641 706 748 733 mutilos
771 710 864 737 eui-at.
886 705 950 732 nihil

159 754 308 789 hujusmodi
323 753 458 788 loquitur?
472 753 532 780 Mihi
548 753 656 788 quidem
672 752 777 780 videtur
793 752 833 779 bis
843 752 950 786 quidem

159 801 279 828 Illltl‘blllll
294 800 320 827 in
335 804 502 834 peccatorum
515 806 619 833 timeam
634 799 749 830 venisse,
762 798 823 824 aliis
839 805 903 824 vero
916 805 950 824 ex

158 854 285 881 Corporea
308 846 469 873 inﬁrmitate.
498 845 552 872 Ni~i
579 844 631 872 huc
654 849 736 877 esset,
751 844 817 871 alios
845 851 951 878 quoque

157 893 249 921 eadem
262 892 296 920 de
310 899 388 919 eausa
411 891 562 926 alloquutus
587 891 689 919 fuisset.
715 890 782 918 Cum
807 891 878 917 enim
907 890 950 917 hic

158 939 266 965 morbus
276 943 433 965 ceterorum
448 937 566 964 omnitnn
580 937 614 964 sit
627 936 809 972 gravissimus,
826 943 872 971 per
887 943 948 964 eum

157 985 236 1012 etiam
265 983 414 1011 minoribtts
447 983 591 1011 remedium
628 983 737 1018 pra'bet.
775 981 850 1010 Sicut.
877 982 948 1010 enim

156 1038 218 1057 cum
243 1030 324 1056 alium
337 1029 480 1064 quemdam
504 1029 667 1060 curavisset,
683 1028 809 1063 prmecpit
820 1027 845 1055 ei
861 1033 889 1054 ut.
899 1028 948 1054 da-

157 1081 198 1103 rct
222 1076 335 1111 gloriam
360 1075 432 1107 Deo;
449 1083 500 1101 non
517 1075 552 1101 illi
567 1075 617 1101 soli
644 1074 694 1101 hoc
714 1075 843 1102 monitttm
862 1074 947 1106 dans,

156 1121 203 1148 sed
219 1129 268 1155 per
282 1121 355 1148 illutn
376 1121 518 1148 omnibus:
532 1122 570 1148 sic
593 1128 640 1155 per
659 1121 708 1147 hos
733 1121 812 1148 etiam
835 1125 949 1147 διεξίω-οε

155 1175 250 1194 nmues
264 1167 402 1200 hortatur,
418 1172 443 1194 et
457 1167 514 1194 ha-c
529 1168 627 1194 munita
641 1167 686 1194 dat
699 1167 820 1202 singulis.
838 1167 876 1193 Ad
892 1167 948 1193 lucc

156 1211 207 1239 huc
217 1213 297 1240 etiam
308 1212 469 1244 addendum,
482 1213 566 1247 ipsum
581 1220 675 1248 nempe
687 1220 807 1248 magnam
819 1213 878 1246 ejus
889 1220 949 1247 per-

155 1259 334 1285 severantiam
346 1258 443 1286 vidisse
456 1267 463 1286 :
475 1258 587 1293 ideoque
600 1258 672 1285 illum
687 1262 777 1285 manet
791 1262 818 1284 ut
829 1258 872 1293 qui
888 1265 949 1292 pos-

155 1303 193 1329 sit
207 1303 358 1331 mandatum
371 1311 497 1338 servare,
511 1308 590 1340 atque
605 1304 678 1331 illum
693 1304 822 1332 beneﬂcio
836 1309 863 1332 et
877 1304 947 1331 futu-

156 1358 248 1376 mrum
271 1351 367 1378 timore
388 1351 518 1378 malorum
535 1351 638 1378 insana
652 1355 742 1378 mente
761 1351 891 1378 continet.
915 1350 949 1378 Et

157 1396 219 1424 vide
231 1403 310 1431 quam
325 1397 359 1424 sit
372 1397 475 1424 alienus
489 1405 503 1424 a
518 1397 598 1424 I’astu.
620 1397 677 1424 Non
691 1397 763 1425 enim
779 1397 844 1424 dixit
854 1417 862 1430 ,
878 1397 948 1424 Ecce

156 1449 254 1469 Ianum
266 1447 292 1469 te
305 1442 373 1474 feci;
385 1442 443 1474 sed.
457 1442 544 1470 Sanus
555 1443 637 1478 [actus
648 1451 692 1475 es;
706 1443 759 1469 noli
769 1443 880 1478 amplius
892 1450 949 1477 pec—

155 1495 226 1514 care.
239 1487 330 1522 Neque
341 1487 417 1520 dixit.
431 1487 470 1516 Ne
482 1494 507 1516 te
522 1489 643 1523 puniam;
659 1487 717 1519 sed.
734 1487 775 1515 Ne
789 1487 833 1514 tibi
851 1487 949 1522 aliquid

156 1532 269 1560 delrius
293 1537 432 1568 contingat.
461 1533 488 1561 In
513 1539 608 1561 neutro
633 1540 775 1569 personam
800 1536 947 1566 memorat,

157 1579 328 1614 ostenditque
350 1579 527 1607 valetudinem
549 1587 582 1607 ex
607 1580 692 1615 gratia
714 1579 801 1614 potius
822 1586 901 1614 quam
915 1585 948 1605 ex

159 1625 256 1651 merito
267 1625 424 1652 restitutam.
438 1625 529 1660 Neque
541 1627 612 1653 enim
633 1626 704 1654 dixit
717 1626 791 1653 illum
806 1633 838 1653 ex
854 1625 949 1652 merito

158 1671 277 1697 evasisse
299 1678 407 1706 ptenas,
423 1672 470 1699 sed
491 1680 523 1699 ex
545 1672 706 1708 benignitate
725 1676 858 1699 servatum
877 1678 948 1699 esse.

158 1714 214 1743 Nisi
230 1716 300 1743 enim
315 1717 350 1743 ita
366 1724 409 1744 res
422 1723 503 1751 esset,
515 1718 636 1751 dixisset,
647 1718 715 1745 Ecce
733 1718 835 1745 debitas
857 1724 950 1752 pecea—

160 1765 247 1789 torum
271 1770 364 1797 pinnas
387 1763 500 1797 dedisti;
516 1771 581 1792 cave
604 1764 650 1792 tibi
662 1764 798 1800 deinceps.
813 1764 870 1792 Iam
886 1772 950 1791 vero

160 1816 214 1836 non
230 1809 264 1836 ita
278 1809 359 1844 dicit,
373 1810 420 1838 sed
443 1811 595 1845 quomodo?
617 1810 683 1838 ans
706 1819 783 1838 sanus
810 1813 891 1846 factas
905 1819 949 1843 es;

156 1855 213 1890 iam
223 1855 276 1882 noli
286 1863 399 1890 peccare.
412 1855 474 1883 Ilaec
486 1856 563 1883 nobis
574 1855 640 1891 ipsis
653 1856 807 1892 frequenter
817 1856 948 1889 dicamus,

159 1904 187 1928 et
197 1901 219 1927 si
230 1901 350 1936 caSIiguti
364 1901 519 1932 evadamus.
533 1902 589 1929 luce
602 1902 669 1929 intra
682 1909 733 1929 nos
746 1902 951 1937 loquamursin-

159 1946 214 1981 gnli
229 1955 235 1974 :
252 1946 318 1974 Ecce
326 1955 403 1974 sanus
415 1948 497 1984 factus
512 1955 554 1981 es;
564 1949 620 1983 jam
640 1948 691 1975 noli
706 1955 819 1983 peccare.
835 1947 912 1981 Quod
927 1947 949 1975 si

159 1991 187 2019 in
212 1991 305 2020 iisdem
329 1998 548 2028 perseverantes.
566 2001 659 2028 [uenas
681 2001 733 2020 non
755 1993 867 2026 demus,
886 1993 950 2020 illud

158 2037 337 2071 apostolicum
362 2037 505 2065 recitemus
528 2048 534 2065 :
558 2038 705 2074 Benignitas
719 2038 766 2065 Dei
779 2038 813 2065 ad
827 2039 950 2073 paeniten-

157 2083 222 2108 tiam
232 2090 277 2109 nos
286 2082 389 2109 adducit
401 2091 411 2110 :
422 2084 557 2110 secundum
571 2085 689 2111 duritiam
701 2089 785 2110 autent
799 2090 823 2111 et
835 2085 952 2119 impaui-

158 2132 215 2154 tens
227 2135 272 2154 cor
283 2133 398 2155 nostrum
407 2129 605 2156 thesaurisamus
615 2130 686 2156 nobis
697 2130 762 2156 iram
776 2129 871 2166 (Rom.
882 2130 910 2157 2.
923 2134 949 2158 4.

158 2175 204 2209 5).
221 2173 314 2209 Neque
337 2174 469 2202 ili-mando
491 2183 588 2210 corpus
600 2176 756 2210 dumtaxat,
772 2176 818 2204 scd
844 2176 952 2204 aliunde

158 2219 241 2247 etiam
267 2227 392 2254 magnum
413 2220 558 2248 divinitatis
571 2229 626 2248 sua:
641 2222 744 2256 signum
761 2222 810 2257 ipsi
827 2222 950 2257 praebuit.

158 2264 227 2292 Cum
239 2265 311 2292 enim
324 2265 406 2300 dixit,
419 2265 480 2293 lant
499 2266 551 2293 noli
567 2275 670 2302 peccare
679 2288 686 2300 ,
700 2268 831 2303 signiﬁcat
843 2275 873 2296 se
889 2275 950 2303 pee-

158 2315 219 2338 cata
233 2311 278 2338 illa
291 2312 379 2339 omnia
394 2319 487 2345 nosse,
502 2320 561 2347 quin
576 2313 621 2340 ille
634 2318 696 2340 ante
712 2314 826 2346 iecerat;
842 2314 912 2341 unde
925 2313 951 2340 in

161 2361 298 2392 posterum
309 2357 361 2385 ﬁde
369 2357 464 2393 dignus
475 2358 566 2386 haberi
577 2358 701 2387 debebat.
713 2360 756 2386 15.
767 2359 832 2386 Abiit
841 2368 900 2395 ergo
910 2359 954 2387 ille

160 2404 249 2437 homo,
260 2409 283 2431 et
294 2404 417 2431 nuntiauit
425 2404 535 2439 luditis,
547 2406 607 2440 quia
616 2404 692 2433 Iesus
701 2410 764 2433 esset
773 2407 815 2441 qui
825 2406 884 2441 fecit
896 2415 953 2434 eum

159 2458 262 2477 sanum.
279 2449 345 2478 Vide
355 2450 451 2478 iterum
466 2451 551 2486 ipsum
564 2457 640 2486 grato
656 2452 745 2479 animo
755 2459 815 2480 esse
828 2460 953 2488 perseve-

160 2501 275 2525 rantem.
295 2496 352 2524 Non
363 2496 434 2525 enim
449 2497 533 2525 dixit:
546 2497 592 2525 Ille
605 2502 646 2525 est
658 2498 702 2533 qui
714 2498 781 2526 dixit
791 2498 866 2531 mihi,
883 2498 955 2526 Tolle

160 2543 310 2578 grabbatunt
332 2548 412 2570 tuum.
434 2543 500 2577 Quia
523 2543 593 2571 cnim
615 2544 651 2571 illi
667 2544 691 2572 id
704 2545 773 2579 quod
793 2545 953 2579 culpandum

162 2589 305 2617 videbatur
331 2597 438 2625 semper
465 2591 644 2625 objicicbant,
667 2591 723 2626 ipse
753 2592 953 2626 responsitmem

161 2643 269 2670 semper
282 2636 359 2663 all'ert
369 2657 376 2667 .
391 2641 421 2663 ut
433 2637 565 2664 medicum
586 2638 721 2670 celebret,
735 2643 762 2665 et
776 2639 843 2665 alios
856 2638 954 2666 alliciat

161 2687 188 2708 et
204 2682 300 2709 trahat.
316 2681 374 2709 Non
389 2682 459 2709 enim
476 2687 530 2709 tam
543 2683 665 2718 stupidus
678 2688 704 2710 et
716 2684 834 2718 ingratus
844 2689 913 2715 erat,
925 2688 956 2711 ut

163 2733 222 2762 [rost
231 2732 332 2755 tantum
343 2728 500 2756 beneﬁcium
510 2737 570 2757 cum
581 2729 762 2757 admonitione
772 2730 954 2764 coniunctum,

163 2775 313 2803 beneﬁcum
339 2775 475 2810 proderet.
489 2781 516 2803 et
540 2777 657 2811 maligno
678 2777 767 2804 animo
779 2777 817 2804 sic
829 2777 954 2812 loquere-

166 2825 219 2847 tur.
235 2821 301 2848 Nam
324 2822 373 2849 etsi
393 2821 448 2849 fera
460 2821 520 2853 ,etsi
533 2821 695 2849 inhumanus
711 2826 738 2849 et
748 2822 867 2856 lapideus
889 2822 955 2850 luis-

165 2872 218 2900 set,
232 2873 260 2895 et
272 2869 430 2897 beneficium
444 2873 473 2897 et
485 2873 570 2898 metus
584 2869 670 2905 ipsum
686 2873 808 2905 poterant
817 2869 953 2898 cohibere.

619 143 651 172 IN
670 143 825 171 JOANNEM
846 143 964 172 ιιοιιιι,.
986 144 1128 173 XXXVIII.
1150 147 1186 173 al.
1208 146 1338 175 XXXVII.

1750 150 1803 180 ΞΗ

1016 201 1053 228 Ex
1072 202 1279 231 eontminatione
1301 205 1398 240 quippe
1422 205 1531 232 timebat
1545 213 1577 233 ne
1589 206 1653 242 quid
1666 207 1716 234 sibi
1729 208 1804 236 dcte-

1013 247 1069 274 rius
1078 249 1254 284 contingeret,
1266 257 1326 276 cum
1338 251 1451 278 maxima
1464 251 1575 280 haberet
1587 253 1727 288 potestatis
1740 255 1806 282 tanti

1012 293 1109 320 tnedici
1125 300 1291 328 argumenta.
1317 296 1441 331 Alioquin
1456 298 1478 324 si
1492 297 1649 326 calumniari
1665 300 1804 333 voluisse,

1011 347 1064 366 non
1078 345 1222 367 memonata
1238 341 1361 374 sanitate,
1386 345 1626 378 transgressionem
1645 350 1747 373 tantum
1761 347 1805 373 in-

1010 391 1141 413 cusasset.
1170 389 1202 413 At
1215 393 1308 414 contra
1324 388 1368 414 ille
1382 397 1476 423 magna
1497 397 1557 417 cum
1587 391 1681 419 ﬁducia
1694 396 1722 419 ct
1735 393 1804 427 grati

1009 432 1090 459 animi
1107 432 1299 467 signiﬁcatione
1321 434 1479 461 beneﬁcium
1502 437 1631 467 celebrat.
1647 446 1699 464 non
1715 438 1804 465 minus

1008 485 1087 511 quatit
1102 485 1188 504 Cll‘CIls
1203 478 1258 510 ille,
1271 479 1315 513 qui
1329 479 1444 511 dicebat,
1461 479 1553 506 Lutum
1566 482 1623 515 fecit
1633 482 1664 508 de
1675 488 1762 518 sputo,
1778 489 1803 510 et

1009 523 1080 549 unxit
1092 523 1177 550 oculos
1190 532 1257 550 meos
1269 524 1354 559 (Jotm
1380 524 1405 552 9.
1424 525 1440 552 6
1452 526 1459 559 )
1474 533 1482 556 ς
1498 526 1532 552 ila
1546 531 1573 553 et
1587 526 1629 554 hic
1643 536 1650 554 :
1664 527 1742 556 Iesus
1760 534 1803 557 est

1007 569 1051 602 qui
1063 569 1176 596 fecitme
1189 577 1293 597 saninn.
1312 570 1354 597 I6.
1372 569 1511 604 Propterea
1525 574 1737 607 persequebantur
1749 575 1800 602 Ju-

1007 613 1055 639 daei
1066 613 1155 640 Jssum
1167 619 1189 640 et
1205 615 1318 641 valebant
1340 616 1412 641 illum
1433 617 1593 650 inter/icere,
1615 619 1675 652 quia
1690 619 1744 646 hn'r
1756 620 1800 654 [u-

1006 658 1084 684 rit-bat
1094 659 1120 685 in
1130 659 1242 686 sabbata.
1257 660 1325 692 Quid
1340 669 1405 695 ergo
1418 661 1563 689 Christus?
1582 663 1622 689 I7.
1637 663 1715 690 Pater
1727 673 1800 692 meus

1006 711 1084 738 usque
1097 705 1172 731 modo
1184 711 1312 739 operatur.
1325 711 1347 732 et
1363 715 1407 741 ego
1418 715 1516 741 operor.
1533 709 1644 741 Quando
1655 709 1800 744 discipulos

1005 748 1149 777 delendam
1173 751 1328 784 oportebat,
1351 752 1476 779 Davidem
1505 753 1608 780 illorum
1636 762 1798 783 conservum

1005 793 1031 820 iu
1045 794 1161 821 medium
1174 794 1302 823 aﬂ‘erebat
1314 805 1320 822 ε
1334 796 1393 823 Non
1407 797 1512 832 legistis,
1527 799 1621 833 inquit,
1637 800 1699 835 quid
1712 802 1800 836 fecerit

1005 838 1096 871 David,
1109 841 1210 874 quando
1219 842 1340 868 esurielmt
1350 843 1358 877 (
1367 843 1460 870 Matth.
1472 844 1516 871 12.
1527 845 1576 880 5)?
1586 845 1698 879 Quando
1708 852 1798 874 autem

1004 893 1052 920 pro
1066 887 1155 922 St'IpSU
1169 888 1295 924 loquitur.
1309 890 1342 916 ad
1358 891 1464 918 Patrem
1479 892 1616 927 confugit,
1630 894 1754 928 utrinque
1766 902 1797 922 se

1003 931 1074 959 Patri
1093 933 1223 967 a-qualem
1239 934 1391 969 signiﬁcans
1402 957 1412 969 ,
1426 940 1454 963 (ιι
1466 944 1526 964 cum
1542 937 1665 972 privatim
1691 939 1796 967 Patrem

1003 978 1131 1010 nominat,
1143 984 1241 1006 etcum
1256 987 1286 1007 se
1297 981 1391 1008 cadent
1411 991 1472 1017 qua:
1493 983 1572 1011 Pater
1585 985 1690 1019 operari
1704 990 1796 1013 osten-

1000 1024 1049 1051 dit.
1067 1024 1099 1051 Et
1112 1031 1161 1051 cur
1175 1032 1228 1052 non
1252 1033 1382 1054 uiemorat
1404 1036 1435 1055 ea
1459 1036 1520 1064 qua:
1541 1030 1567 1056 in
1591 1029 1700 1058 Jericbo
1726 1030 1795 1058 facta

1001 1070 1082 1097 sunt?
1097 1071 1206 1101 Volebat
1219 1072 1278 1100 illos
1289 1081 1303 1100 a
1317 1079 1386 1101 terra
1408 1075 1550 1109 abducere,
1568 1081 1596 1103 ut
1610 1084 1662 1104 non
1677 1078 1794 1113 amplius

1001 1117 1033 1145 ad
1054 1118 1127 1145 illum
1147 1123 1282 1154 tamquam
1305 1120 1440 1148 hominem
1457 1122 1639 1156 respicerent,
1660 1123 1706 1150 sed
1726 1129 1794 1151 tam-

1000 1172 1078 1198 quam
1089 1164 1122 1191 ad
1135 1165 1216 1192 Deum
1225 1169 1252 1193 ct
1260 1166 1448 1201 legislaturem.
1459 1167 1513 1195 Nisi
1522 1174 1610 1195 autem
1619 1169 1665 1196 Dei
1678 1169 1759 1196 Filius
1767 1175 1795 1198 et

1000 1218 1032 1237 ex
1046 1211 1139 1238 eadem
1151 1211 1297 1239 substantia
1310 1217 1391 1246 esset,
1407 1213 1528 1240 defensio
1540 1215 1608 1241 foret
1622 1215 1793 1243 accusatione

1000 1256 1128 1284 deterior.
1152 1257 1179 1285 Si
1195 1258 1255 1292 quis
1267 1258 1338 1285 enim
1359 1258 1498 1293 pratl'cctus
1508 1280 1516 1292 ,
1529 1260 1574 1295 qui
1589 1260 1687 1293 regiam
1708 1261 1792 1296 legem

1002 1302 1243 1338 transgrederelttr,
1259 1309 1398 1332 accusatus
1413 1305 1586 1340 responderet
1601 1306 1687 1340 ipsum
1704 1314 1792 1342 regem

1001 1348 1072 1375 illam
1087 1354 1282 1384 transgressam
1304 1357 1373 1383 esse,
1398 1358 1451 1377 non
1475 1351 1566 1386 utique
1589 1351 1792 1384 absolveretur;

1001 1394 1056 1421 into
1071 1394 1164 1429 majori
1179 1400 1251 1423 esset
1264 1396 1369 1423 crimini
1384 1396 1527 1423 obnoxius.
1543 1396 1643 1424 Verum
1664 1397 1706 1424 hic
1726 1405 1793 1432 quo-

1002 1441 1072 1467 niam
1086 1448 1135 1476 par
1146 1445 1189 1469 est
1204 1441 1321 1477 dignitas
1333 1462 1342 1474 ,
1356 1441 1477 1470 defensio
1490 1442 1606 1478 legitima
1619 1442 1729 1470 omnino
1742 1448 1793 1470 est.

1002 1485 1102 1514 Eadem
1117 1487 1222 1515 ratione
1240 1495 1291 1523 qua
1313 1488 1396 1516 Deum
1417 1489 1530 1516 crimine
1553 1488 1681 1521 liberatis.
1702 1494 1730 1517 et
1751 1498 1794 1517 me

1002 1532 1121 1560 liberate.
1140 1533 1201 1561 Ideo
1215 1534 1329 1568 primum
1341 1534 1415 1568 dicit,
1429 1534 1505 1561 Pater
1515 1542 1602 1567 meus;
1613 1540 1640 1562 ut
1653 1536 1693 1563 vel
1705 1536 1794 1563 invitis

1001 1579 1110 1606 suadeat
1122 1579 1216 1607 eadem
1227 1580 1276 1607 sibi
1289 1580 1460 1608 concedenda
1472 1588 1542 1613 esse,
1557 1582 1579 1608 si
1594 1589 1685 1609 verum
1698 1582 1793 1610 Filium

1002 1629 1186 1652 revoreantur.
1209 1625 1285 1660 Quod
1301 1626 1322 1652 si
1338 1626 1398 1660 quis
1410 1626 1504 1653 dixerit
1518 1646 1527 1659 ,
1541 1632 1566 1653 et
1584 1626 1690 1654 ubinam
1715 1627 1795 1655 Pater

1000 1674 1137 1703 operatur,
1153 1669 1197 1705 qui
1211 1671 1326 1705 septimo
1340 1671 1384 1698 die
1400 1672 1530 1705 requievit
1543 1672 1576 1698 ab
1591 1672 1715 1700 omnibus
1728 1680 1794 1708 ope-

1002 1716 1076 1743 ribus
1090 1717 1167 1744 snis'!
1183 1717 1205 1744 is
1217 1717 1326 1744 modum
1341 1724 1396 1752 quo
1408 1722 1534 1752 operatur
1555 1718 1652 1747 discat.
1673 1718 1738 1752 Quis
1749 1720 1796 1747 ille

1001 1762 1097 1790 modus
1109 1763 1167 1790 est?
1176 1763 1294 1798 Opilieiis
1306 1764 1362 1790 suis
1373 1763 1504 1798 providet,
1519 1764 1617 1799 illaque
1627 1764 1708 1793 fovet.
1721 1765 1788 1793 Cum

1001 1808 1076 1836 vides
1088 1816 1153 1844 ergo
1164 1809 1248 1836 solem
1271 1809 1400 1836 orientem
1412 1829 1420 1840 ,
1442 1809 1511 1840 luna:
1531 1817 1640 1837 cursum
1652 1831 1660 1843 ,
1684 1815 1794 1846 stagna,

1003 1853 1101 1886 fontes,
1112 1853 1208 1881 ﬂuvios
1217 1873 1224 1885 .
1236 1854 1339 1888 pluvias
1349 1859 1376 1882 et
1390 1859 1492 1881 natura‘
1506 1862 1625 1888 cursum,
1639 1857 1696 1883 sive
1709 1857 1734 1883 in
1749 1864 1794 1884 se—

1003 1900 1129 1931 minibus.
1140 1900 1196 1928 sive
1208 1900 1233 1927 in
1246 1901 1344 1927 nostris
1357 1906 1382 1928 et
1397 1901 1535 1928 brutorum
1547 1902 1714 1936 corporibus,
1729 1902 1795 1929 alia-

1002 1953 1054 1980 que
1074 1945 1162 1972 omnia
1184 1953 1232 1980 per
1245 1953 1306 1980 qua:
1321 1946 1371 1973 hoc
1391 1946 1546 1974 universum
1564 1947 1701 1980 consistit,
1721 1947 1795 1975 disce
1815 1967 1818 1969 μ

1004 1998 1150 2025 perennem
1174 1991 1259 2018 Patris
1282 1991 1478 2026 operationem,
1495 1991 1545 2025 Qui
1557 1992 1636 2019 solsm
1652 2001 1737 2025 ruunt,
1752 1993 1794 2019 in-

1002 2037 1070 2071 quit,
1085 2037 1148 2064 oriri
1159 2037 1220 2071 facit
1232 2045 1308 2072 super
1330 2037 1409 2064 malos
1433 2042 1458 2064 et
1477 2038 1564 2070 bonos,
1588 2043 1611 2065 et
1631 2037 1696 2073 pluit
1719 2047 1796 2073 super

999 2083 1081 2118 justas
1091 2088 1116 2109 et
1127 2083 1235 2117 injustas
1249 2082 1362 2117 (Matth.
1387 2084 1415 2110 5.
1438 2082 1503 2117 45).
1522 2083 1554 2110 Et
1570 2092 1685 2116 rursum,
1701 2085 1732 2112 Si
1748 2093 1795 2112 au-

1004 2134 1052 2156 tem
1064 2131 1157 2164 frenum
1168 2130 1222 2164 agri
1233 2130 1299 2164 quod
1309 2130 1384 2156 hodie
1394 2134 1439 2162 est,
1451 2137 1474 2156 et
1484 2139 1541 2157 cras
1551 2131 1576 2158 in
1586 2132 1668 2167 ignem
1677 2133 1793 2166 mittitur,

1006 2175 1074 2202 Deus
1087 2176 1123 2202 sic
1137 2176 1210 2202 vestit
1222 2178 1231 2210 (
1243 2176 1336 2202 Matth.
1352 2175 1379 2203 ti.
1394 2177 1464 2212 50);
1481 2182 1507 2204 et
1521 2176 1554 2204 de
1566 2178 1718 2205 volatilibus
1729 2186 1796 2214 qlto.

1003 2228 1056 2256 que
1064 2241 1070 2252 ,
1088 2220 1165 2247 Pater
1177 2226 1256 2248 vester
1265 2221 1371 2249 celestis
1383 2223 1463 2257 pascit
1477 2222 1522 2249 illa
1534 2222 1620 2258 (Ibid.
1634 2231 1658 2250 ιι.
1674 2223 1710 2251 26
1719 2224 1741 2260 ).

1039 2266 1066 2294 5.
1079 2266 1128 2294 Hic
1142 2273 1206 2301 ergo
1218 2266 1306 2294 verbis
1320 2271 1403 2294 totum
1419 2267 1527 2302 perfecit
1542 2267 1568 2295 in
1581 2268 1702 2302 sabbato,
1716 2269 1796 2296 nihil.

1004 2320 1057 2347 que
1067 2312 1179 2346 amplius
1192 2311 1304 2345 addidit,
1315 2312 1362 2340 sed
1375 2320 1409 2340 ex
1421 2313 1453 2341 iis
1467 2321 1526 2348 quae
1535 2313 1562 2341 in
1575 2314 1674 2348 templo
1685 2314 1795 2348 fiebant.

1004 2363 1084 2392 atque
1097 2366 1128 2386 ex
1143 2358 1260 2393 ipsorum
1282 2359 1424 2393 operibus,
1438 2359 1542 2394 obieeta
1568 2360 1679 2387 erimina
1706 2361 1795 2391 solvit.

1006 2404 1014 2420 ¹
1023 2403 1083 2440 [Ubi
1092 2411 1155 2431 vero
1164 2404 1268 2438 operari
1277 2403 1407 2439 praecipit,
1414 2404 1527 2439 exempli
1534 2412 1624 2439 causa,
1636 2405 1733 2433 lectum
1745 2406 1796 2433 tol-

1005 2449 1072 2483 lere,
1080 2457 1134 2476 rem
1143 2457 1209 2476 sane
1217 2457 1269 2476 non
1277 2450 1365 2485 magni
1373 2450 1566 2482 momenti,sed
1575 2459 1634 2486 qme
1643 2457 1730 2479 tamen
1739 2451 1796 2479 sabv

1006 2495 1059 2523 bati
1070 2495 1228 2523 solutionem
1239 2496 1311 2523 clare
1318 2496 1457 2531 signiticet,
1467 2501 1530 2523 tunc
1538 2497 1632 2524 altiora
1644 2497 1760 2532 loquitur
1769 2503 1796 2527 ut

1007 2542 1067 2569 illos
1077 2549 1110 2569 ex
1123 2541 1210 2569 Patris
1219 2541 1347 2576 dignitate
1356 2542 1492 2576 percellat,
1502 2547 1529 2569 et.
1540 2542 1572 2569 ad
1584 2542 1737 2569 sublimiora
1748 2542 1796 2569 du-

1006 2595 1058 2618 cat.
1065 2588 1242 2625 Quapropter]
1251 2597 1310 2617 cum
1320 2590 1353 2617 de
1360 2589 1470 2618 sabban
1479 2590 1576 2625 agitur,
1587 2597 1672 2625 neque
1681 2590 1797 2617 utbomo

1042 2661 1049 2673 ί
1067 2660 1140 2681 Totus
1151 2656 1218 2681 locus
1228 2656 1326 2681 uncinis
1335 2655 1431 2681 clausus
1441 2656 1477 2681 sic
1488 2657 1511 2681 in
1523 2657 1727 2687 interpretatione
1739 2661 1796 2682 Are.

1007 2687 1166 2724 tiniheltl‘ertur
1177 2694 1185 2712 :
1200 2686 1234 2724 tbi
1245 2693 1300 2712 vero
1310 2687 1406 2718 operari
1417 2687 1536 2724 prwcinit,
1549 2686 1603 2723 curn
1612 2687 1696 2724 “verbi
1704 2687 1796 2724 gratia,

1007 2717 1066 2743 dicit
1077 2718 1123 2748 (sic
1150 2718 1210 2743 uoad
1220 2717 1329 2747 sensum,
1339 2725 1396 2749 qua!
1406 2717 1542 2749 sequuntur
1553 2718 1604 2749 ipsa
1617 2717 1717 2742 Aretini
1724 2717 1799 2746 verba

1007 2750 1084 2773 sunt).
1100 2725 1161 2773 Toiie
1171 2748 1297 2773 arabatum
1314 2752 1381 2773 tuum
1391 2755 1400 2773 :
1414 2753 1438 2773 ut
1455 2755 1500 2773 non
1520 2755 1591 2773 avare
1609 2748 1727 2773 auiddant
1745 2756 1797 2773 esse

1006 2748 1161 2783 sunt),_1'olle
1171 2748 1297 2783 grabatum
1314 2752 1400 2774 tutan:
1414 2748 1501 2783 utnon
1519 2748 1594 2783 graue.
1609 2748 1727 2783 quiddam
1745 2756 1797 2777 esse

1007 2778 1099 2805 sabbati
1110 2778 1330 2812 prmiaricationem
1349 2780 1465 2809 ωξεηααι,
1477 2778 1565 2812 ultibru
1586 2778 1699 2812 loquitur,
1712 2784 1738 2805 ut
1755 2787 1798 2812 pa.

1007 2815 1073 2835 terna
1085 2810 1224 2836 auctoritate
1242 2810 1296 2836 ίιιω
1307 2815 1405 2837 terreat.
1423 2814 1446 2836 et
1458 2811 1491 2835 ad
1502 2810 1631 2841 sapt-ruam
1642 2810 1722 2836 trahat
1742 2810 1798 2836 civi.

1008 2841 1190 2874 tmplaliottem.
1214 2846 1264 2872 oua
1275 2842 1306 2874 de
1318 2849 1389 2868 causa
1403 2860 1409 2872 ,
1428 2846 1475 2867 etc.
1488 2842 1605 2866 Aretiuus
1618 2841 1691 2874 longe
1703 2841 1796 2870 brevia:

1008 2878 1070 2902 rem,
1083 2876 1109 2896 ut
1122 2872 1206 2897 ridere
1218 2877 1256 2898 est
1266 2893 1272 2903 ,
1285 2873 1413 2899 lectionem
1425 2876 1524 2898 secutus
1536 2877 1582 2900 est.
