2041 3113
239 115 292 144 215

240 177 353 204 tantum,
366 176 451 204 neque
461 173 489 195 ι1ι
500 168 568 194 Deus
583 171 684 193 tatttum
700 173 759 193 sese
773 169 881 200 purgat;
893 165 939 192 sed
951 164 1030 192 modo

241 218 300 250 hac,
313 216 391 244 modo
401 216 444 243 illa
457 214 570 241 ratione.
587 212 700 240 Volebat
709 212 781 239 ettim
792 217 934 246 utrumque
946 211 1029 244 credi,

239 269 265 291 et
280 261 468 291 incarnationis
483 255 657 287 humilitatem
669 279 676 292 ,
694 263 720 286 et
740 258 849 285 Deitatis
863 257 1028 292 dignitatem.

239 310 301 337 Ideo
314 315 384 336 nunc
395 311 425 334 ut
438 307 509 334 Deus
523 313 584 333 sese
597 309 699 341 purgat.
711 305 775 332 Nam
790 305 812 332 si
827 305 944 331 humano
959 312 1025 331 sem-

238 363 287 389 per
297 361 371 380 more
387 353 458 387 ipsos
471 353 623 387 alloquutus
637 352 739 382 fuisset,
754 350 780 377 111
794 350 885 378 eadem
899 350 1030 384 perstitis-

238 399 466 426 scuthutuilitate.
482 398 660 431 Quamobrem
675 404 708 424 ne
729 396 754 424 id
775 397 860 428 tieret,
880 395 984 423 Patrem
1004 395 1029 422 111

239 445 354 472 medium
366 444 484 471 adducit.
498 444 576 478 Atqui
590 443 653 477 ipsa:
664 447 792 469 creaturae
805 441 830 468 in
844 441 956 468 sabbato
966 448 1030 474 ope-

239 495 340 518 rantur.
363 489 410 517 Sol
423 497 529 517 cursum
544 488 665 523 perlicit,
679 487 787 514 ﬂumina
801 490 928 518 manant,
944 485 1030 513 fontes

238 537 383 563 scaturiunt
394 556 402 569 ,
415 535 539 562 mulieres
552 534 667 569 pariunt.
686 533 783 559 Verum
796 537 824 558 ιιι
836 532 924 558 discas
944 531 1030 565 ipsum

240 590 292 609 11011
307 590 338 608 ex
352 589 464 609 nuntero
478 586 660 608 creaturarum
673 586 733 606 esse
743 599 750 610 ,
762 586 815 604 non
828 577 894 605 dixit
904 597 911 609 ,
925 577 1010 604 Etiam
1021 597 1029 610 ,

239 635 336 662 operor
350 636 356 654 :
372 635 432 654 nam
452 631 581 654 creatura:
594 633 700 660 quoque
715 629 872 659 operantur;
887 623 934 651 sed
948 623 1030 658 quid"

240 673 325 699 Etiam
340 693 347 704 ,
363 679 461 706 operor
475 680 482 698 :
499 678 559 697 nam
575 670 654 697 Pater
667 677 743 696 meus
756 673 890 703 operatur.
905 668 949 695 18.
967 667 1032 694 Pro-

240 723 326 752 pterea
339 725 398 752 ergo
408 717 488 752 magis
501 716 645 750 qtttsrebant
659 723 717 741 eum
726 714 813 741 Judtzi
826 713 976 748 interﬁcere.
989 713 1029 739 111·

241 763 314 797 quit,
327 763 386 797 quia
410 770 460 789 non
479 761 561 789 solum
584 760 694 787 solvebat
718 759 860 790 sabbatum,
874 758 918 785 sed
936 758 996 793 quia
1007 761 1032 784 et

243 811 346 838 Patrem
366 818 439 837 suum
459 808 556 836 dicebat
579 807 675 840 Deum,
690 807 811 842 aqualem
820 814 847 833 se
856 806 951 842 faciens
968 804 1029 831 Dee.

241 856 330 890 Neque
341 856 428 883 verbis
437 860 538 882 tantum
548 853 573 881 id
582 853 784 884 demonstravit,
795 851 842 879 sed
857 852 934 886 longe
949 850 1032 886 magis

241 902 376 937 operibus.
390 901 443 929 Cur
457 902 490 928 ita
502 901 513 927 ?
526 900 592 934 Quia
607 900 634 927 in
647 899 735 926 verbis
749 898 866 925 cavillari
890 901 1031 932 poterant,

241 957 273 976 ac
287 949 319 976 de
332 948 401 975 fastu
415 955 555 978 accusare;
576 954 635 974 cum
658 950 746 972 autem
768 952 857 972 rerum
877 948 903 971 et
921 951 1031 978 operum

242 994 391 1025 veritatem,
401 1001 460 1027 quae
471 992 615 1027 potentiam
628 990 795 1025 prtedicaret,
805 989 958 1021 cernebant,
971 993 1032 1015 tunc

243 1048 275 1067 uc
291 1040 393 1066 hiscere
407 1038 513 1074 quidem
536 1042 628 1065 contra
658 1037 801 1064 audebant.

277 1086 403 1112 Christum
419 1084 540 1118 a'qttalent
562 1091 615 1110 esse
638 1082 712 1109 Patri
740 1081 880 1116 probatur;
900 1081 1033 1116 objectioni

243 1130 416 1165 respondetur.
428 1144 461 1149 —-
479 1129 576 1156 Verum
592 1129 666 1155 aiunt
677 1128 713 1155 illi
724 1149 731 1160 ,
754 1128 797 1163 qui
814 1127 906 1154 nolunt
923 1127 979 1154 hate
992 1127 1032 1160 pia

243 1182 331 1203 tuente
345 1176 476 1209 accipere,
491 1175 548 1202 Non
564 1174 686 1202 Christus
700 1181 729 1201 se
741 1173 870 1208 aequalem
886 1173 940 1199 Deo
954 1172 1031 1204 fecit;

243 1224 289 1250 sed
302 1224 351 1250 hoc
361 1223 443 1250 Judzei
459 1222 672 1256 suspicabantur.
692 1220 871 1254 Quamobrem
887 1219 944 1246 haec
960 1219 1031 1246 dicta

244 1271 323 1296 altius
345 1276 520 1296 resuutamus.
541 1268 587 1295 Dic
612 1267 676 1294 milii
690 1287 698 1299 ,
713 1266 846 1293 Christum
872 1265 1033 1299 11111ευὶ001-

244 1315 433 1349 sequebantur,
445 1313 551 1340 necne?
565 1312 798 1347 Persequebantur
814 1311 905 1345 utique
918 1318 925 1343 ;
946 1310 970 1336 id
986 1317 1033 1337 ue-

246 1361 310 1387 ntini
335 1367 387 1386 nou
403 1363 504 1385 notum.
520 1359 602 1386 lllaue
614 1366 647 1384 an
663 1357 714 1384 alia
735 1356 769 1384 de
781 1364 859 1384 causa
876 1356 961 1390 ipsum
976 1363 1034 1390 per-

246 1406 447 1441 sequebantur?
462 1406 505 1432 Illa
521 1410 595 1432 certe
607 1404 641 1431 de
654 1411 744 1436 causa,
758 1407 787 1430 ιιι
800 1402 917 1430 fatentur
929 1409 1033 1429 omnes.

245 1452 388 1478 Sultltntum
401 1450 537 1483 solvebat,
555 1450 659 1477 necne?
671 1448 806 1481 Solvehat,
824 1448 848 1475 id
862 1455 940 1475 ttetno
955 1455 1035 1482 nega-

248 1498 325 1524 vt-rit.
352 1497 433 1524 Deum
457 1496 561 1524 Patrem
584 1502 660 1523 suum
684 1494 805 1526 dicebat,
833 1493 937 1520 necne?
955 1493 1030 1520 Dice-

247 1544 290 1569 bat
307 1543 405 1577 utiqtte.
423 1543 491 1576 Ergo
503 1541 597 1568 eadem
619 1540 689 1567 serie
712 1544 808 1566 eaatera
826 1539 1033 1573 subsequuntur.

245 1589 320 1615 Sicut
334 1588 405 1615 enim
431 1587 535 1614 Patrem
556 1587 645 1613 dicere
657 1585 752 1618 Deum,
767 1585 870 1612 solvere
885 1583 1034 1617 sabbatum,

245 1643 278 1661 ac
307 1638 414 1669 propter
443 1634 493 1660 ltoe
516 1633 651 1667 magisque
678 1636 785 1666 propter
808 1631 872 1657 illud
895 1638 911 1657 a
937 1630 1036 1657 Juda-is

248 1680 481 1715 persequutiouctu
502 1679 567 1713 pati,
585 1686 637 1705 nou
653 1677 717 1704 falsa
731 1677 833 1712 opinio,
845 1676 891 1703 sed
915 1676 1013 1702 veritas
1027 1686 1035 1703 :

250 1728 285 1754 ita
299 1728 417 1761 seipsum
440 1726 569 1759 tequalctn
585 1725 638 1751 Deo
652 1725 750 1754 facere,
775 1723 868 1750 eadem
889 1726 977 1749 tuente
990 1721 1036 1748 tle-

247 1772 414 1799 elarabatur:
427 1770 497 1805 qttod
509 1778 542 1797 ex
558 1768 718 1804 supradictis
731 1767 898 1794 manifestius
910 1771 960 1794 est.
971 1765 1037 1793 Illud

246 1818 317 1845 ettitu
335 1817 411 1843 Pater
426 1824 495 1842 mens
508 1820 638 1850 operatur,
652 1819 676 1841 et
686 1822 732 1848 ego
749 1821 850 1848 operor,
864 1812 977 1846 idipsttnt
994 1816 1035 1838 est

247 1873 280 1891 ac
292 1864 313 1890 si
328 1872 358 1890 se
370 1864 426 1890 Deo
441 1862 567 1896 :uqualeut
582 1861 689 1888 faceret.
703 1860 806 1887 Nullam
831 1860 902 1886 enim
917 1858 1038 1893 perhibet

249 1911 275 1937 111
292 1909 332 1936 his
356 1908 444 1935 verbis
463 1907 650 1934 didereutiam.
666 1905 757 1941 Neque
780 1905 850 1932 euitn
871 1904 960 1932 dixit:
988 1903 1035 1930 llle

248 1959 385 1990 operatur,
400 1958 427 1981 et
440 1960 489 1988 ego
511 1953 704 1985 subministra;
720 1952 777 1984 sed,
791 1951 866 1979 Sicut
884 1951 929 1978 ille
942 1957 1039 1984 opera-

249 2007 309 2031 tur,
327 2001 361 2026 ita
378 2004 404 2026 et
419 2006 485 2033 ego;
505 2005 681 2033 magnamque
708 1997 825 2024 ostendit
848 1996 1037 2031 aequalitatem.

251 2046 327 2080 Quod
342 2046 362 2072 si
378 2044 401 2072 id
414 2052 466 2071 non
479 2044 524 2071 ille
538 2043 722 2070 demonstrare
734 2042 877 2075 voluisset,
893 2041 939 2069 sed
954 2041 979 2068 id
993 2040 1040 2068 Ju-

250 2092 301 2119 daei
317 2091 412 2118 frustra
434 2089 560 2124 suspicati
575 2093 666 2116 essent
682 2097 689 2115 :
712 2096 765 2115 non
780 2087 887 2114 sivisset
907 2087 968 2114 illos
982 2086 1039 2114 hazc

251 2137 318 2164 falso
330 2136 493 2168 existimare,
516 2134 563 2162 sed
581 2133 786 2161 emenddvisset.
797 2133 886 2168 Neque
896 2133 947 2160 hoc
957 2141 1039 2159 evan-

252 2183 346 2217 gelista
372 2181 509 2213 siluisset,
521 2187 613 2206 verum
629 2179 716 2214 palam
733 2179 861 2210 dixisset,
878 2179 916 2205 sic
931 2178 1040 2205 ludat-os

251 2228 400 2262 suspicatus
422 2226 522 2257 fuisse,
545 2225 592 2251 sed
609 2225 694 2258 ipsuttt
715 2232 768 2251 non
791 2232 820 2251 se
844 2224 897 2251 Deo
911 2223 1039 2257 aequalem

252 2274 348 2301 fecisse
364 2282 370 2299 :
388 2277 416 2299 ut
432 2271 495 2299 alibi
509 2270 588 2303 facit,
603 2278 662 2297 cum
678 2270 750 2297 videt
763 2278 819 2297 rent
831 2270 880 2296 alia
897 2274 986 2297 mente
1000 2270 1041 2296 (11-

251 2324 334 2347 clam.
350 2317 402 2343 alio
422 2324 503 2343 sensu
515 2316 619 2350 accipi;
636 2320 665 2342 ut
677 2322 737 2342 cum
756 2315 880 2342 Christus
891 2314 964 2347 dicit,
979 2314 1040 2342 Sol-

253 2364 302 2389 rile
316 2362 436 2395 tentplum
446 2363 503 2394 hoc,
519 2365 541 2388 et
557 2362 583 2388 in
595 2361 673 2389 tribus
689 2361 775 2388 diebus
790 2361 902 2388 excitabo
916 2361 990 2393 illud,
1007 2361 1041 2388 de

252 2417 334 2436 carne
342 2416 390 2435 sua
404 2407 525 2442 loquens.
538 2407 636 2435 Verum
651 2407 735 2435 1111111111
746 2407 770 2434 id
782 2415 834 2434 non
850 2408 1037 2442 intelligemus,

254 2455 300 2481 sed
313 2454 514 2488 ptttatttesillum
526 2454 560 2480 de
569 2453 678 2481 Judaico
690 2454 789 2488 templo
803 2453 885 2489 loqui,
897 2454 1020 2481 dicebant
1033 2464 1039 2481 :

255 2499 431 2534 Quadraginta
440 2506 484 2525 sea:
499 2499 572 2526 armis
585 2499 737 2533 wdi/t‘catum
750 2503 785 2526 est
808 2499 928 2534 templ/un
940 2499 986 2526 hoc
999 2521 1004 2529 .
1020 2503 1042 2526 et

256 2546 315 2571 min
325 2545 405 2572 tribus
413 2544 499 2570 diebus
512 2545 631 2571 excitabis
642 2545 726 2571 illud?
739 2545 804 2577 Quia
818 2545 896 2579 igitur
909 2545 977 2572 aliud
987 2548 1043 2579 ipse

256 2592 370 2622 dixerat,
386 2589 458 2616 alittd
468 2590 505 2616 illi
516 2590 641 2625 suspicati
658 2589 778 2623 fuerant,
795 2591 891 2624 illeque
911 2590 944 2617 de
957 2598 1038 2617 curuo

256 2644 315 2668 sna,
343 2636 368 2663 lti
395 2635 429 2663 de
451 2636 550 2670 templo
574 2643 623 2663 suo
649 2635 847 2671 intelligebant;
876 2636 901 2663 id
924 2636 1044 2663 ittdicaus

256 2684 431 2718 evangelista,
448 2684 502 2710 imo
515 2684 619 2711 illorum
635 2684 771 2719 corrigens
794 2684 946 2718 opinionem
958 2704 966 2716 ,
982 2684 1045 2710 sub-

259 2730 345 2764 junxit
360 2739 366 2756 2
377 2729 426 2757 Ille
434 2736 516 2758 autem
526 2730 622 2757 dicebat
632 2730 664 2758 de
672 2731 764 2765 templo
772 2730 884 2764 corporis
897 2730 945 2756 sui.
956 2730 1045 2764 Itaque

258 2776 279 2802 si
297 2775 346 2802 hoc
370 2776 428 2804 loco
451 2775 571 2804 Christus
593 2785 645 2804 non
660 2785 689 2805 sc
700 2777 829 2812 aequalem
847 2776 916 2803 Patri
929 2776 1043 2808 fecisset,

259 2822 411 2850 inda-orum
431 2829 502 2851 cette
517 2824 541 2852 id
558 2824 721 2859 Opinautiunt
744 2823 903 2851 sententiam
920 2821 1046 2850 emcnda-

629 110 657 137 S.
677 108 815 136 Ji).\N.\‘lS
832 108 1065 136 CHRYSOSTOSII
1086 108 1244 136 ARCHlEP.
1265 108 1528 136 CONSTANTINOP.

1820 111 1874 139 216

1086 165 1169 192 visset
1181 186 1189 198 ,
1205 165 1368 200 dixissetque
1385 175 1391 192 :
1412 166 1495 193 Judaei
1519 166 1648 201 putabant
1662 167 1747 202 ipsum
1762 175 1792 195 se
1820 169 1874 196 lico

1083 211 1213 246 aequalem
1235 211 1338 244 facere,
1360 212 1416 247 ipse
1437 220 1500 239 vero
1525 220 1578 239 non
1600 213 1634 240 de
1655 214 1806 248 aequalitate
1829 215 1873 241 illa

1083 257 1252 291 loquebatur.
1268 257 1360 292 Neque
1374 258 1444 285 enitn
1460 258 1503 285 hic
1513 259 1599 285 solum
1611 259 1775 294 evangelista
1787 260 1812 287 id
1824 260 1874 287 hoc

1083 303 1143 330 loco
1159 304 1237 335 facit.
1259 304 1305 331 sed
1333 305 1413 332 etiam
1438 305 1506 332 aiins
1526 306 1688 340 evangelista
1709 307 1780 333 alibi.
1808 306 1872 334 Cum

1082 350 1153 377 enim
1170 350 1341 383 praseepisset
1357 350 1494 384 discipulis
1506 350 1584 378 .lesus
1597 360 1603 377 :
1617 351 1707 379 Cavete
1720 360 1737 378 a
1753 354 1874 387 [crnmttu

1086 395 1275 422 Pltart'sworum
1299 401 1323 422 et
1338 396 1539 423 Sadducozorum
1564 396 1573 432 (
1587 397 1679 424 Matth.
1696 397 1741 425 16.
1757 397 1795 433 6)
1813 407 1820 425 :
1838 399 1875 425 illi

1082 448 1147 468 vero
1161 441 1319 474 cogitarent,
1335 441 1521 477 dieerentque,
1537 443 1623 470 Panes
1637 451 1689 470 nou
1700 444 1873 478 accepimus;

1082 495 1142 514 eutn
1156 488 1228 514 aliud
1243 489 1286 515 ille
1308 489 1420 521 diceret,
1434 489 1594 517 fermentum
1605 490 1756 517 doctrinam
1780 491 1872 525 appoi-

1083 533 1152 566 lans,
1168 534 1238 560 aliud
1264 534 1303 561 illi
1319 535 1496 569 intelligerent
1507 555 1516 567 ,
1529 535 1562 562 de
1581 535 1691 569 panibus
1704 535 1804 563 dictum
1825 544 1875 571 pu-

1084 584 1180 612 tantes,
1203 579 1268 606 illud
1279 580 1401 615 corrigit,
1419 588 1471 607 11011
1483 580 1538 615 jam
1563 581 1738 615 evangelista,
1755 582 1801 608 sed
1817 584 1873 615 ipse

1082 625 1204 652 Christus
1214 625 1252 652 sic
1268 625 1379 659 loquens
1392 634 1398 651 :
1413 626 1546 659 Quomodo
1558 635 1608 652 non
1622 626 1761 661 intelligitis
1774 635 1811 653 me
1823 635 1872 654 non

1083 671 1176 698 dixisse
1191 671 1257 698 vobis
1271 679 1287 697 α
1301 671 1406 705 panibus
1421 680 1508 698 cavere
1523 671 1603 706 (Ibid.
1620 680 1643 698 11.
1657 673 1685 699 11
1699 673 1706 706 )
1719 673 1730 699 ?
1745 672 1792 699 llic
1809 681 1872 700 vero

1084 715 1148 743 nihil
1159 716 1257 743 simile.
1273 716 1351 751 Atqui
1365 716 1435 744 dicet
1450 717 1554 752 aliquis,
1573 717 1623 744 hoc
1638 717 1725 752 ipsum
1739 718 1773 745 de
1785 719 1873 745 medio

1087 760 1157 787 tollit
1175 760 1299 788 Christus
1313 761 1375 788 dum
1389 761 1462 788 addit
1474 770 1481 788 :
1499 761 1558 789 Non
1578 767 1655 796 potest
1669 762 1754 790 Filius
1766 772 1782 790 a
1793 764 1877 798 seipse

1083 805 1219 841 quidquam
1242 807 1334 841 facere.
1362 806 1419 833 11110
1431 812 1525 834 contra
1537 828 1544 840 ,
1561 808 1596 834 mi
1611 808 1706 840 homo;
1726 816 1779 835 non
1803 809 1877 836 ettim

1084 852 1353 886 tollit:equalitatent,
1372 853 1419 880 sed
1442 853 1526 880 litattat
1551 862 1609 880 eaut
1639 853 1701 880 dunt
1718 854 1776 881 haec
1799 855 1873 883 (111-11.

1085 897 1182 924 Verum
1196 898 1339 933 diligi-nter
1360 899 1491 926 attendite
1505 908 1512 926 ε
1538 907 1624 933 tteque
1639 900 1709 926 enim
1730 900 1763 926 de
1777 901 1827 927 levi
1845 909 1874 928 re

1083 944 1195 977 quarstio
1204 948 1255 970 est.
1267 944 1331 970 Nam
1342 944 1417 974 illud.
1430 945 1450 971 A
1463 945 1606 979 semetipso,
1619 953 1690 980 swpe
1700 946 1724 972 111
1737 945 1874 980 Scriptura

1084 989 1214 1023 habetur,
1230 994 1256 1017 et
1272 990 1305 1017 de
1320 990 1428 1017 Christo
1444 995 1471 1018 et
1486 991 1521 1018 de
1534 991 1634 1024 Spiritu
1658 995 1752 1018 sancto
1773 991 1872 1018 dictum

1083 1040 1142 1069 est;
1156 1037 1250 1070 visque
1263 1037 1387 1064 dictionis
1397 1042 1439 1063 est
1449 1037 1603 1069 ediscenda,
1616 1044 1650 1063 tte
1666 1037 1691 1063 iu
1702 1037 1874 1072 gravissimos

1085 1089 1192 1110 errores
1215 1083 1371 1110 incidamus.
1396 1082 1461 1110 Nam
1479 1083 1500 1110 si
1517 1083 1588 1110 illam
1605 1083 1722 1117 excipias
1736 1088 1763 1110 ιιι
1784 1084 1874 1110 statim

1084 1128 1203 1160 otfcrtur,
1229 1128 1289 1155 vide
1307 1134 1404 1163 quanta
1428 1129 1489 1156 hinc
1515 1128 1665 1156 abs-orditas
1687 1133 1874 1163 consequatur.

1085 1174 1177 1208 Neque
1198 1175 1271 1201 enim
1293 1174 1370 1208 dixit,
1392 1182 1422 1202 se
1446 1174 1496 1201 alia
1526 1182 1604 1208 posse
1629 1182 1676 1209 per
1704 1175 1875 1209 semetipsum

1085 1220 1210 1254 operari;
1233 1220 1284 1246 alia
1306 1222 1403 1252 seeos;
1424 1220 1472 1247 sed
1493 1220 1639 1254 generatim
1662 1220 1744 1247 dicit:
1759 1220 1792 1248 19
1815 1219 1874 1247 Non

1086 1270 1183 1300 potest,
1197 1265 1283 1292 Filius
1303 1274 1318 1291 a
1333 1266 1467 1299 semetipso
1486 1265 1624 1300 quit/quant
1639 1267 1732 1300 facere.

1121 1313 1147 1338 4.
1170 1312 1393 1347 luterrogabimus
1417 1319 1479 1346 ergo
1503 1311 1744 1345 contradicentem,
1769 1311 1876 1339 Nihilne

1086 1362 1173 1392 potest
1184 1365 1199 1384 a
1212 1358 1356 1392 semetipso
1372 1358 1458 1384 facere
1478 1357 1560 1384 Filius
1569 1357 1583 1384 ?
1594 1357 1621 1384 Si
1637 1357 1816 1391 responderit,
1827 1357 1875 1385 Ni-

1086 1402 1148 1435 hil;
1174 1410 1335 1436 relatuetuus
1357 1410 1364 1428 :
1386 1402 1465 1437 Atqui
1495 1402 1639 1430 maximum
1668 1402 1797 1429 bonorum
1829 1409 1876 1436 per

1086 1448 1258 1482 Setuetipsum
1279 1447 1350 1480 fecit,
1366 1448 1391 1476 id
1405 1448 1475 1483 quod
1488 1448 1586 1475 Paulus
1597 1448 1705 1479 clantat,
1720 1447 1769 1481 Qui
1780 1456 1838 1474 cum
1849 1448 1876 1474 in

1086 1495 1169 1528 [arma
1192 1493 1239 1520 Dei
1259 1498 1333 1527 esset,
1351 1502 1402 1520 non
1422 1494 1540 1528 rapinam
1559 1494 1694 1520 arbitratus
1716 1499 1752 1521 est
1775 1502 1828 1521 esse
1849 1503 1877 1522 κ

1085 1539 1207 1572 ter/ualent
1219 1539 1282 1572 Deo,
1296 1539 1342 1566 sed
1353 1540 1512 1574 semetipsum
1528 1540 1674 1572 exinanivit,
1689 1540 1796 1574 formant
1812 1541 1877 1567 senti

1086 1585 1210 1619 accipiens
1221 1584 1348 1620 (Philipp.
1361 1585 1388 1612 2.
1404 1585 1442 1619 6).
1454 1585 1487 1612 Et
1498 1594 1589 1613 rursus
1600 1586 1656 1621 ipse
1663 1585 1784 1613 Christus
1794 1586 1875 1613 alibi:

1087 1629 1240 1657 Patesttttem
1257 1631 1335 1658 habeo
1358 1632 1468 1666 ponendi
1482 1633 1593 1658 animum
1616 1640 1706 1664 meant,
1727 1637 1750 1659 et
1765 1636 1876 1667 potestu-

1087 1680 1136 1702 tem
1149 1676 1226 1703 Itach
1240 1677 1354 1704 sumendi
1366 1686 1432 1710 eam,
1453 1682 1476 1704 et
1491 1685 1562 1704 nemo
1577 1677 1644 1704 tollit
1654 1685 1710 1704 eam
1726 1685 1742 1703 a
1761 1685 1798 1704 nte
1812 1685 1877 1712 :ego

1088 1730 1154 1756 pono
1166 1730 1221 1748 eam
1236 1730 1251 1748 a
1271 1723 1365 1757 meipso
1383 1723 1472 1758 (Joan.
1488 1723 1532 1750 10.
1556 1722 1610 1757 18).
1635 1723 1725 1750 1⁷111011*
1740 1727 1767 1750 et
1786 1724 1878 1750 mortis

1088 1773 1114 1795 et
1125 1769 1185 1794 vita:
1196 1773 1353 1802 potestatem
1367 1769 1520 1802 habentem,
1531 1770 1575 1804 qui
1588 1773 1686 1796 lautam
1701 1769 1876 1796 oeconomiam

1088 1822 1103 1840 a
1125 1815 1271 1849 semetipso
1293 1814 1365 1842 fecit.
1390 1815 1492 1850 Ecquid
1518 1816 1603 1842 dicam
1627 1815 1660 1842 de
1680 1815 1806 1842 Christo?
1826 1815 1878 1843 Nos

1088 1860 1170 1890 ettittt,
1184 1860 1280 1894 quibus
1291 1860 1356 1887 nihil
1369 1860 1455 1892 vilius,
1468 1860 1548 1887 multa
1560 1868 1573 1886 a
1590 1860 1666 1887 nobis
1678 1861 1742 1895 ipsis
1755 1860 1878 1891 fat-intus.

1089 1913 1103 1931 a
1119 1905 1195 1932 nobis
1218 1905 1283 1939 ipsis
1301 1906 1454 1940 nequitiam,
1475 1914 1490 1932 a
1507 1906 1584 1933 nobis
1599 1906 1662 1940 ipsis
1677 1906 1800 1932 virtutem
1815 1905 1879 1932 111-11-

1089 1951 1274 1985 gituus.'Quod
1293 1951 1314 1978 si
1330 1959 1383 1977 ttou
1400 1959 1415 1978 a
1438 1952 1514 1978 nobis
1532 1951 1606 1985 ipsis,
1623 1958 1708 1986 neque
1724 1955 1879 1985 potestatem

1091 1996 1257 2024 habeamus:
1276 2004 1372 2031 neque,
1398 1997 1421 2024 si
1446 1997 1653 2031 peccaveriutus,
1678 1997 1704 2024 iu
1729 1996 1880 2032 gehennam

1091 2042 1245 2075 incidemus,
1263 2050 1359 2076 neque,
1374 2042 1396 2070 si
1411 2042 1479 2070 bona
1497 2050 1577 2077 opera
1602 2042 1754 2075 fecerimus,
1771 2050 1880 2077 regnum

1091 2088 1215 2115 caelorum
1228 2095 1433 2122 consequemur.
1456 2087 1524 2114 Nihil
1547 2087 1619 2114 aliud
1632 2095 1697 2122 ergo
1716 2092 1757 2114 est
1771 2086 1845 2117 1111111,
1861 2086 1882 2113 Α

1091 2134 1223 2169 semetipsa
1237 2142 1287 2160 non
1300 2139 1380 2168 potest
1392 2136 1475 2168 facere
1491 2133 1636 2168 quidquam,
1646 2133 1803 2168 quantquod
1817 2133 1882 2159 nihil

1093 2182 1176 2216 possit
1197 2182 1268 2208 Patri
1283 2182 1444 2208 contrarium
1466 2182 1563 2213 facere,
1581 2182 1646 2208 ttiltil
1666 2181 1793 2213 alienum,
1818 2180 1882 2207 nihil

1092 2228 1271 2262 peregrinum,
1287 2228 1311 2255 id
1326 2228 1395 2263 qttod
1416 2230 1530 2255 maxime
1543 2228 1721 2262 aequalitatem
1733 2232 1760 2255 et
1772 2234 1884 2254 concor-

1092 2273 1162 2300 diam
1177 2281 1298 2308 magnam
1319 2274 1446 2301 ostendit.
1472 2274 1504 2300 Et
1517 2282 1565 2300 cur
1577 2281 1630 2300 11011
1645 2273 1722 2305 dixit,
1738 2273 1807 2300 Nihil
1820 2280 1886 2299 cou-

1094 2320 1202 2346 trarium
1216 2319 1286 2352 facit,
1299 2320 1356 2352 seti,
1371 2320 1429 2347 Non
1445 2321 1546 2355 potest?
1560 2320 1593 2347 Ut
1604 2320 1667 2347 ltinc
1680 2327 1784 2346 rursum
1798 2324 1885 2346 osten-

1093 2365 1138 2391 dat
1151 2365 1331 2392 otttuituodaut
1347 2366 1536 2400 mqualitalctu.
1552 2365 1608 2392 Non
1629 2366 1700 2392 euittt
1716 2365 1885 2392 imbecillita-

1095 2416 1157 2443 tem,
1173 2411 1218 2438 scd
1240 2419 1361 2446 magnam
1381 2411 1439 2446 ejus
1455 2412 1598 2446 potentiam
1616 2411 1723 2438 iudicat.
1738 2411 1802 2438 Natu
1822 2411 1884 2436 alibi

1095 2465 1200 2491 quoque
1214 2457 1246 2484 de
1259 2457 1336 2484 Patre
1348 2457 1413 2484 dicit
1428 2457 1524 2484 Paulus
1540 2466 1546 2484 :
1561 2456 1593 2484 Ut
1610 2466 1653 2491 per
1666 2457 1729 2483 (luna
1745 2465 1783 2483 res
1797 2457 1887 2483 inuno-

1095 2502 1165 2535 biles,
1177 2503 1202 2529 in
1215 2502 1304 2533 quibus
1317 2503 1470 2537 impossibile
1485 2508 1519 2529 est
1534 2503 1632 2529 mentiri
1651 2502 1730 2528 Deum
1751 2502 1844 2535 (Hebr.
1860 2503 1886 2528 ϋ.

1096 2546 1158 2583 18);
1176 2551 1206 2574 et.
1215 2555 1320 2574 rursum
1339 2556 1345 2574 :
1364 2547 1393 2574 Si
1416 2548 1597 2582 negaverimus,
1618 2548 1661 2573 illa
1680 2547 1762 2580 ﬁdelis
1784 2551 1889 2577 numet;

1097 2601 1187 2628 negare
1199 2593 1308 2626 seipsunt
1324 2601 1373 2619 non
1388 2597 1468 2627 potest
1488 2592 1524 2628 ('3.
1542 2592 1607 2618 Tini.
1622 2591 1648 2619 ‘2.
1668 2592 1723 2625 1-3).
1741 2591 1816 2622 Illud,
1832 2590 1888 2616 1111-

1097 2639 1214 2672 possibite
1233 2643 1279 2670 est,
1297 2646 1425 2672 nusqttatu
1449 2638 1658 2665 imbecillitatem
1679 2637 1822 2671 signiﬁcat,
1842 2636 1889 2663 sed

1098 2684 1253 2719 potentiam,
1277 2688 1305 2711 et
1324 2684 1468 2718 potentiam
1485 2683 1654 2711 ittcllaltilettt.
1672 2683 1727 2710 lloc
1741 2688 1834 2709 autem
1855 2682 1890 2708 si-

1097 2730 1204 2764 gnificat
1219 2738 1226 2756 :
1242 2730 1286 2757 illa
1300 2730 1445 2756 substantia
1462 2737 1504 2757 res
1521 2729 1669 2764 ltujusmodi
1690 2728 1777 2755 nullas
1792 2728 1889 2754 admits

1099 2777 1138 2803 tit.
1161 2776 1389 2806 Ouetuadnxodutu
1410 2777 1480 2804 ettint
1496 2784 1556 2803 cum
1579 2776 1702 2807 dicimus,
1725 2774 1894 2810 impossibile

1099 2827 1140 2849 est
1155 2824 1235 2850 Deum
1250 2830 1371 2857 peetarc,
1386 2830 1438 2849 non
1454 2822 1662 2850 imbecillitatem
1673 2821 1722 2856 ipsi
1735 2821 1890 2848 tribuimus.
