2041 3113
137 131 191 158 Ἦτ

137 187 184 215 sed
210 185 372 213 ineffabilem
396 184 536 220 quamdam
563 183 706 218 potentiam
730 182 924 210 testiﬁcamur:

137 234 176 260 sic
191 233 272 260 etiam
285 239 346 259 cum
358 231 424 259 dicit
439 231 506 266 ipse,
522 229 582 257 Non
597 238 699 265 possunt
711 238 728 256 α
740 229 833 264 ηιεὶρεο
847 229 930 264 facere

137 278 288 314 quittquam,
310 277 361 304 hoc
374 276 425 304 sibi
440 277 495 303 vult
511 284 517 302 :
535 276 648 304 Prorsus
667 275 830 310 impossibile
850 279 932 303 estut

140 325 211 352 Patri
225 324 390 352 contrarium
415 323 550 357 quidpiam
575 322 680 350 faciam.
705 321 740 349 Ut
761 329 826 348 vero
845 321 932 348 discas

138 370 203 397 illud
223 370 264 397 sic
286 368 485 403 intelligendum
501 375 570 398 esse,
587 367 726 402 sequentia
749 367 930 400 explorantes,

139 416 278 443 videamus
298 423 332 442 an
352 414 502 445 nobiscum,
517 421 550 440 an
572 413 710 440 vobiscum
733 412 854 439 Christus
868 419 933 439 con-

139 461 247 488 sentiat.
272 460 313 487 Tu
333 460 410 490 dicis,
434 459 534 487 dictum
554 458 618 485 iliud
643 459 788 492 potentiam
811 458 929 488 auferre.

141 514 245 533 necnon
271 505 457 532 auctoritatem
484 504 533 538 ipsi
558 508 764 538 competentetu,
790 504 932 538 ipsumque

141 553 304 580 imbecillum
323 551 499 585 comprobare
515 559 521 576 :
537 557 587 584 ego
608 554 699 576 contra
723 549 792 580 dico,
820 549 861 575 his
883 548 933 575 de-

141 598 285 626 monstrari
308 597 498 632 aequalitatem,
521 595 701 624 omnimodam
726 595 884 629 paritatem,
906 598 934 621 et

141 644 229 671 omnia
244 651 276 671 ex
299 643 392 670 eadem
408 642 544 670 voluntate
563 645 591 668 et
614 641 733 675 potentia
756 640 821 667 fleri.
845 639 932 674 Ipsum

142 694 330 723 percontemur
339 688 487 720 Christum,
498 692 525 714 et
536 694 583 721 per
593 693 625 713 ea
640 693 699 721 quae
709 690 799 721 postea
812 685 933 712 dicturus

141 739 182 761 est
196 734 344 765 videamus,
355 740 389 760 an
408 732 553 760 secundum
567 735 649 764 tuam,
668 739 701 758 an
721 730 866 758 sectandum
887 738 935 757 no-

141 784 224 806 stram
235 779 387 814 opinionem
398 777 467 805 dicta
484 778 684 811 interpretetur.
697 776 765 809 Quid
776 783 841 809 ergo
852 774 934 802 dicit?

143 825 314 859 Quacumque
328 823 407 850 Pater
420 823 518 858 fecerit,
533 823 586 850 hac
601 826 624 849 et
638 821 721 848 Fifius
733 821 849 848 similiter
862 820 934 856 facit.

146 871 238 898 Viden‘
258 869 393 904 quomodo
405 869 564 897 sententiam
585 873 701 895 vestram
717 866 843 894 radicitus
857 866 934 894 evel-

142 917 190 948 lat,
214 921 387 950 nostramque
410 914 573 942 conﬁrmet?
586 913 652 940 Nam
667 914 689 941 si
714 921 729 940 ιι
753 913 844 948 seipse
869 912 934 940 nihil

144 962 216 992 facit.
235 968 321 996 neque
336 961 415 988 Pater
429 967 444 987 a
466 960 556 994 seipso
578 959 677 994 aliquid
701 959 790 992 faciet,
815 958 838 986 si
859 966 934 993 quaa-

143 1015 257 1042 cumque
267 1006 331 1034 facit
343 1006 423 1034 Pater
434 1010 461 1033 et
476 1006 533 1040 ipse
555 1004 644 1033 faciat.
660 1004 725 1032 Nam
741 1013 763 1032 st
776 1012 819 1032 res
833 1012 886 1032 non
900 1005 934 1031 ita

143 1057 224 1085 esset,
240 1052 311 1080 aliud
323 1051 469 1080 absurdum
480 1055 647 1087 sequeretur.
662 1050 752 1085 Neque
767 1051 838 1078 enim
857 1051 934 1083 dim,

143 1098 208 1131 Quae
221 1098 286 1125 vidit
302 1098 406 1125 Patrem
421 1097 572 1130 facientem,
588 1096 644 1124 hinc
658 1096 719 1124 iacnt
730 1104 740 1130 ;
751 1096 812 1130 sed,
825 1097 882 1124 Nisi
897 1097 935 1123 ri-

144 1143 210 1169 drrit
225 1141 327 1170 Patrem
339 1143 481 1177 facientem,
494 1149 546 1169 non
558 1141 631 1176 facit,
643 1149 795 1169 sermonem
808 1142 841 1168 ad
855 1149 936 1169 omne

144 1194 251 1223 tempus
263 1189 409 1216 extendens
424 1196 431 1214 :
444 1188 589 1215 secundant
603 1195 651 1214 vos
659 1192 747 1214 autent
760 1186 853 1215 eadem
864 1195 935 1214 scm-

145 1243 193 1269 pcr
214 1235 309 1262 discet.
326 1234 418 1261 Viden‘
431 1233 571 1260 sententiae
591 1233 794 1265 sublimitatem,
814 1238 841 1259 et
862 1232 934 1260 verbi

145 1280 322 1307 humilitatem
339 1279 380 1306 vel
396 1279 607 1314 impudentiores
617 1279 650 1305 ad
666 1278 731 1306 illud
745 1278 843 1305 invitos
855 1278 935 1305 etiam

141 1327 319 1361 compellere,
340 1331 370 1353 ut
395 1335 409 1352 a
432 1325 479 1353 vili
503 1333 595 1358 sensu,
619 1325 693 1360 quia
715 1329 786 1352 tanta
808 1324 937 1360 dignitate

143 1371 283 1404 abhorret,
306 1371 424 1407 fugiant?
443 1371 508 1404 Quis
530 1371 600 1397 enim
613 1370 681 1397 adeo
700 1370 781 1397 miser
800 1374 827 1397 et
846 1369 936 1397 infelix

144 1417 236 1449 inerit,
253 1422 281 1443 ut
292 1417 364 1444 dit-at
374 1416 469 1443 Filium
485 1416 605 1451 quotidie
615 1416 658 1443 illa
673 1415 803 1447 ediscere,
818 1422 878 1450 qua:
897 1415 936 1442 fa-

143 1470 208 1489 cere
223 1463 347 1497 oportet?
364 1462 502 1495 Quomodo
525 1470 617 1489 verum
631 1462 682 1489 erit
705 1461 769 1488 illud
782 1470 788 1488 :
803 1461 843 1488 Tu
855 1466 938 1487 autent

143 1509 213 1534 idem
225 1509 279 1542 ipse
290 1516 326 1540 es,
340 1513 363 1534 et
373 1508 434 1534 anni
448 1507 485 1534 tui
499 1515 549 1534 non
560 1507 679 1540 deﬁcient
692 1507 777 1543 (Ptol.
792 1508 854 1534 101.
869 1507 938 1542 28)?

145 1553 291 1588 quomodo,
311 1553 404 1579 Omnia
419 1562 463 1588 per
483 1553 567 1587 ipsum
585 1555 653 1588 facta
673 1558 741 1586 sunt,
762 1558 784 1580 et
806 1554 861 1580 sine
883 1554 939 1589 ipso

145 1601 244 1634 factum
256 1604 292 1626 est
306 1599 380 1631 nihil,
396 1600 417 1626 si
434 1599 477 1626 illa
492 1607 550 1633 qtta:
567 1600 645 1627 Pater
662 1599 736 1632 facit,
751 1599 807 1626 inec
828 1600 883 1634 ipse
898 1600 938 1626 vi-

145 1645 214 1672 dens
235 1645 371 1672 imitatur?
392 1644 473 1672 Vides
485 1644 620 1680 quomodo
634 1649 662 1672 et
675 1652 708 1672 ex
732 1645 764 1672 iis
779 1653 838 1680 qua:
858 1652 938 1680 supra

145 1690 217 1717 dicta
232 1694 303 1723 sunt,
320 1695 346 1717 et
361 1698 394 1717 ex
408 1691 440 1717 iis
453 1698 512 1725 qua:
525 1695 616 1725 postea
625 1690 756 1723 dicentur,
772 1691 830 1725 ejus
845 1696 937 1718 aucto-

146 1738 213 1765 ritas
230 1737 448 1765 demonstretur?
465 1737 542 1771 Quod
562 1737 584 1764 si
599 1737 723 1765 humilius
741 1738 860 1773 qnzndam
875 1745 938 1773 pro-

147 1783 227 1814 ferat,
239 1790 272 1810 ne
283 1783 398 1810 mireris.
410 1783 475 1817 Quia
486 1784 557 1810 enim
572 1783 770 1811 sublimioribus
780 1783 937 1818 quihusdam
956 1778 958 1780 ⁷

146 1827 256 1860 auditis,
280 1829 506 1863 persequebantur
529 1836 601 1861 eum,
624 1833 652 1856 et
679 1829 733 1856 Deo
756 1828 936 1856 adversarimn

146 1882 211 1901 esse
225 1873 359 1908 putabant,
373 1874 450 1908 paulo
467 1874 607 1902 demissius
624 1874 765 1901 verborum
778 1879 878 1901 tantum
896 1880 937 1901 te-

147 1928 197 1946 nus
214 1919 348 1954 loquutus,
369 1919 402 1947 ad
417 1919 570 1946 sublimiora
590 1927 682 1947 rursus
694 1919 825 1952 evehitur,
840 1919 938 1947 deimlc

146 1966 180 1992 ad
195 1966 303 1992 humilia
317 1966 434 1993 dollrctit
451 1974 457 1992 :
474 1967 511 1993 sic
524 1966 671 1993 doctrinam
690 1966 807 1998 varians,
826 1971 854 1993 ut
871 1966 937 1993 faei-

146 2012 199 2038 lios
208 2012 248 2038 vel
257 2011 292 2039 ab
304 2011 430 2046 improbis
440 2011 602 2038 admittatur.
615 2011 814 2043 Animadverte,
826 2019 933 2046 quteso:

147 2062 287 2091 postquam
301 2057 415 2090 diverat,
430 2057 506 2084 Pater
519 2066 588 2085 nteit:
600 2063 728 2091 operatur,
741 2063 766 2085 et
778 2066 822 2093 ego
836 2067 937 2093 operor,

146 2107 174 2129 et
190 2110 219 2129 se
240 2102 295 2129 Deo
316 2103 443 2136 ιιξψιιιῑθηι
469 2102 633 2135 ostenderat,
660 2110 751 2130 rursus
772 2103 859 2130 dicit:
877 2102 938 2130 Non

147 2152 229 2183 potest
245 2147 326 2174 Filius
341 2157 356 2174 tt
371 2149 452 2182 seipso
468 2149 551 2183 facere
565 2149 710 2183 quidquam.
726 2149 775 2176 nisi
788 2149 856 2184 quod
870 2149 939 2176 vide-

146 2195 180 2221 rit
196 2193 300 2221 Patrem
313 2194 455 2229 facientem.
473 2193 572 2221 Deinde
586 2194 664 2221 altius
683 2203 691 2221 :
711 2194 880 2229 Quacumque
899 2195 937 2229 fe-

146 2240 209 2266 cerit
228 2239 283 2272 ille,
309 2239 362 2266 hth
385 2244 409 2266 et
436 2238 517 2266 Filius
540 2239 654 2266 similiter
674 2239 754 2275 facit;
779 2246 938 2274 rursumque

147 2285 296 2313 humilius:
312 2285 358 2312 ‘20.
380 2284 460 2312 Pater
472 2284 555 2320 diligit
575 2284 682 2317 Filium,
699 2290 721 2311 et
736 2285 821 2311 onmia
834 2284 940 2312 demou-

147 2335 211 2358 urat
223 2330 248 2357 ei
269 2338 325 2365 qua:
338 2330 392 2365 ipse
406 2330 466 2362 facit
482 2338 491 2356 .'
506 2334 528 2356 et
544 2329 643 2362 maiora
663 2329 701 2356 his
717 2329 896 2356 dentomtrabit
916 2330 938 2356 ci

146 2385 236 2410 opera.
261 2373 381 2402 Vidistin‘
402 2379 504 2402 tantam
526 2374 719 2402 humilitatem?
733 2374 796 2402 J'ure
817 2374 936 2409 quidem.

146 2421 213 2446 Nam
228 2419 298 2454 quod
311 2420 365 2454 jam
377 2419 443 2451 dixi,
456 2427 505 2447 nec
513 2419 593 2446 ﬁnem
601 2419 706 2447 dicendi
719 2420 822 2449 faciam.
834 2419 858 2446 id
869 2427 939 2446 nttne

147 2472 278 2498 rvpem».
295 2465 406 2499 Quando
421 2465 517 2499 aliquid
533 2465 676 2492 demissum
692 2465 757 2492 dicit
780 2469 808 2491 et
827 2464 936 2497 humile,

147 2513 170 2537 id
185 2519 249 2538 eum
265 2511 411 2547 hyperbole
427 2510 537 2545 profert,
554 2516 583 2538 ut
598 2511 638 2538 vel
653 2511 782 2545 improbis
795 2510 936 2537 Verborum

147 2558 234 2584 vilitas
250 2556 368 2588 suadeat,
385 2561 413 2583 ut
433 2556 474 2590 pia
495 2561 584 2584 mente
604 2563 682 2583 sensa
702 2555 860 2590 percipiant.
882 2554 936 2582 Nisi

144 2606 215 2630 enim
229 2603 280 2631 hoc
293 2607 375 2637 esset,
388 2603 477 2638 cogita
490 2611 569 2638 quam
580 2602 721 2630 absurdum
739 2607 809 2630 esset
823 2603 848 2629 id
866 2603 936 2636 quod

145 2650 253 2682 dicitur,
273 2649 344 2684 quod
373 2649 454 2677 verba
475 2649 638 2684 explorando
663 2649 801 2683 percipies.
826 2648 937 2682 Quando

146 2697 217 2724 enim
230 2697 307 2728 dicit,
324 2696 426 2731 Μῄονα
448 2696 487 2723 his
509 2697 622 2723 ostendet
641 2697 663 2722 ei
684 2704 770 2730 opera.
788 2695 936 2722 invenietur

144 2742 226 2769 nmlta
243 2741 362 2769 nondum
377 2741 502 2769 didicisse
522 2751 527 2767 :
544 2742 614 2776 quod
630 2748 664 2768 ne
678 2741 712 2768 de
731 2741 859 2776 apostolis
874 2740 935 2774 qui-

143 2786 204 2814 dem
217 2787 372 2815 dicendum.
394 2786 458 2814 Nam
479 2795 539 2814 cum
554 2787 667 2822 Spiritus
689 2786 798 2821 gratiam
813 2786 935 2820 accepis-

144 2838 214 2866 sent,
228 2833 371 2861 cettlcttint
392 2834 479 2860 omnia
506 2837 649 2865 noverunt,
669 2833 757 2858 omnia
779 2836 933 2866 potuerunt,

586 127 618 155 ΙΝ
636 126 792 155 ,ΙΟᾹΝΝΕΜ
813 126 927 154 ιιυιιιιμ
951 127 1093 155 XXXVIII.
1113 129 1148 155 al.
1171 128 1301 156 XXXV".

1723 134 1781 162 2f$

986 190 1046 218 quae
1066 184 1138 218 ipsos
1159 189 1186 211 ct
1211 185 1280 212 seire
1301 189 1329 212 et
1352 193 1430 220 posse
1444 187 1600 222 oportebat:
1622 188 1664 215 hic
1686 194 1778 217 autem

985 228 1067 255 multa
1080 229 1147 255 scitu
1171 230 1320 257 necessaria
1341 231 1460 258 nondunt
1478 231 1604 261 didicisse
1624 234 1775 269 deprehen-

984 274 1063 301 detur
1079 283 1086 301 :
1102 282 1156 309 quo
1174 275 1236 309 quid
1258 275 1400 304 absurdius
1420 285 1480 305 esse
1501 278 1600 313 queat?
1622 279 1690 313 Quid
1711 289 1776 315 ergo

983 319 1034 346 sibi
1059 320 1114 346 vult
1131 320 1231 347 dictum
1257 321 1340 348 illud?
1360 322 1426 355 Quia
1449 324 1594 359 paralytieo
1613 326 1652 352 sic
1669 331 1774 359 curato,

984 370 1117 392 mortuunt
1132 367 1308 393 suscitaturus
1322 371 1396 398 erat;
1412 368 1473 395 ideo
1484 369 1522 396 sic
1539 369 1663 404 loquutus
1676 375 1727 403 est,
1743 379 1775 398 ae

984 411 1005 438 si
1027 411 1128 439 diceret
1143 420 1150 438 :
1167 412 1298 439 Miramini
1321 420 1364 439 me
1387 414 1559 449 paralyticutn
1585 417 1714 444 sanasse?
1733 417 1777 444 his

984 457 1084 491 majora
1098 457 1229 485 videbitis.
1246 458 1337 493 Neque
1360 463 1448 486 tamen
1465 459 1499 486 ita
1516 461 1640 495 loquutus
1654 468 1704 494 est,
1727 463 1777 490 sed

984 502 1126 530 humiliore
1141 511 1206 530 usus
1216 508 1257 531 est
1269 511 1404 536 sermone,
1417 509 1444 531 ut
1455 505 1560 533 illorum
1574 506 1689 534 furorem
1700 515 1774 535 eota-

985 549 1133 583 pesceret'.
1153 548 1188 577 Ut
1211 557 1274 576 vero
1298 550 1386 577 discas
1413 550 1487 581 illud,
1506 550 1703 585 Demomtrabit,
1722 562 1777 581 non

985 594 1092 629 proprie
1111 594 1212 622 dictum
1239 602 1308 627 esse,
1328 595 1390 623 audi
1411 603 1442 622 ea
1466 603 1525 631 quae
1548 603 1705 631 sequuntur.
1729 599 1774 626 21.

986 639 1058 665 Sicut
1071 640 1137 665 enim
1151 639 1227 666 Pater
1241 641 1344 667 suscitat
1355 646 1467 667 martum
1478 646 1502 667 et
1515 642 1632 675 viri/icui,
1644 643 1680 669 sic
1694 648 1717 670 et
1731 643 1777 670 Fi-

986 684 1035 711 lius
1057 693 1120 719 quos
1140 685 1191 712 vult
1212 686 1333 720 tivifirat.
1355 687 1435 721 Atqui
1459 687 1535 720 illud,
1563 687 1637 715 Nihil
1660 694 1740 724 potest
1761 699 1777 716 (ι

985 730 1118 764 semetipso
1132 730 1225 764 facere,
1240 731 1403 758 contrarium
1417 737 1459 760 est.
1474 732 1511 759 illi
1525 733 1606 766 dicto,
1625 733 1695 767 Quos
1714 735 1778 762 vult.

985 774 1012 803 Si
1027 775 1098 802 enini
1112 783 1178 810 quos
1189 777 1245 803 vult
1257 776 1381 808 viviticat,
1395 784 1410 803 a
1420 778 1566 812 semetipso
1577 778 1676 813 aliquid
1689 778 1780 807 facere

988 827 1074 856 potest
1089 823 1168 857 (velle
1180 822 1251 849 enint
1269 825 1406 857 potestatis
1425 823 1483 858 est)
1501 833 1507 851 :
1531 824 1600 857 quod
1615 824 1639 852 ei
1660 833 1712 852 non
1730 833 1778 859 po-

987 872 1039 894 test
1052 875 1066 893 a
1082 869 1181 901 seipse.
1195 867 1250 902 jam
1266 875 1318 894 non
1332 875 1399 902 quos
1410 867 1465 894 vult
1479 867 1604 895 viviﬁcat.
1617 868 1680 896 Illud
1694 870 1779 903 enim,

987 913 1061 940 Sicut
1077 912 1154 940 Pater
1165 915 1278 943 suscitat.
1295 914 1424 949 aequalem
1439 915 1534 949 probat
1547 915 1688 948 virtutem;
1701 917 1777 943 illud-

986 966 1048 993 que,
1071 959 1140 992 Quos
1161 960 1224 993 vult,
1249 962 1387 995 potestatis
1407 962 1559 996 puritatem.
1587 962 1679 990 Viden‘
1702 963 1779 996 illud,

987 1005 1048 1032 Non
1065 1011 1144 1040 potest
1158 1015 1174 1033 a
1193 1007 1275 1042 seipse
1294 1008 1387 1042 facere,
1411 1013 1569 1043 potestatem
1595 1017 1647 1037 non
1672 1011 1778 1043 tolli-re,

987 1052 1033 1079 st'd
1049 1061 1139 1087 parum
1154 1054 1298 1087 potentiam
1317 1059 1345 1082 et
1364 1055 1525 1082 voluntatem
1545 1056 1714 1091 significare?
1733 1056 1779 1084 Sic

988 1100 1118 1135 intelligas
1135 1100 1209 1134 illud,
1234 1100 1421 1128 Demomtrabit
1435 1102 1467 1128 ei.
1491 1101 1597 1129 Etenim
1618 1103 1680 1129 alibi
1701 1102 1778 1135 dicit,

988 1145 1044 1182 Ego
1057 1147 1211 1173 resutcitabo
1231 1155 1288 1173 eum
1308 1147 1334 1174 in
1350 1148 1484 1174 novissimo
1498 1147 1539 1174 die
1554 1147 1644 1181 (Joan.
1669 1149 1696 1175 6.
1716 1149 1774 1182 59).

988 1193 1026 1218 Ac
1039 1199 1155 1223 mrsutn,
1169 1193 1313 1219 ostendens
1326 1199 1355 1219 se
1366 1192 1417 1219 vim
1429 1192 1556 1226 operandi
1567 1200 1618 1220 non
1629 1194 1778 1227 accepisse,

989 1236 1044 1271 Ego
1056 1245 1123 1268 tum,
1150 1237 1245 1272 inquit,
1268 1238 1417 1264 resurrectio
1439 1243 1463 1264 et
1479 1239 1528 1264 vita
1545 1238 1635 1273 (Joan.
1662 1239 1704 1265 Il.
1718 1238 1776 1273 ‘25).

990 1282 1089 1309 Deinde
1108 1290 1140 1309 ne
1153 1283 1227 1310 dicas
1242 1283 1327 1316 ipsum
1343 1290 1410 1317 quos
1430 1283 1484 1309 Vlllt
1506 1288 1625 1310 mortuos
1648 1284 1778 1311 suscitare

988 1333 1014 1356 et
1032 1329 1174 1360 viviticare,
1196 1329 1243 1356 sed
1266 1330 1317 1356 alia
1340 1337 1392 1356 non
1415 1330 1525 1363 perinde
1548 1329 1646 1361 facere,
1669 1335 1694 1357 et
1711 1330 1779 1357 hanc

988 1375 1166 1408 olnjectionetn
1181 1373 1316 1409 depellere
1331 1379 1444 1409 occupat
1460 1375 1500 1402 his
1515 1375 1603 1403 verbis
1620 1384 1628 1403 :
1645 1376 1781 1409 Qtnzcmn—

988 1428 1036 1454 que
1050 1420 1094 1446 ille
1105 1420 1202 1454 fecerit,
1218 1420 1270 1446 hinc
1285 1424 1308 1446 et
1323 1419 1405 1446 Filius
1418 1420 1533 1446 similiter
1547 1420 1608 1455 facit
1617 1429 1627 1453 ;
1640 1421 1780 1448 declarans

989 1472 1018 1491 se
1040 1465 1127 1491 omnia
1152 1472 1212 1498 qua:
1236 1465 1279 1492 ille
1303 1464 1365 1491 facit
1386 1465 1510 1492 similiter
1531 1465 1635 1498 facere;
1660 1471 1781 1493 mortuus

990 1518 1085 1545 nempe
1107 1511 1248 1543 suscitare,
1268 1517 1380 1544 corpora
1405 1509 1533 1543 formare,
1561 1515 1668 1545 peccata
1685 1513 1781 1539 remit-

991 1561 1057 1588 ιντο,
1072 1561 1099 1582 et
1115 1555 1219 1590 quidvis
1232 1555 1313 1587 aliud,
1331 1555 1440 1591 perinde
1452 1561 1533 1591 atque
1547 1556 1626 1584 Pater
1640 1563 1779 1592 operatur,

990 1601 1088 1628 fat-ere.

1025 1647 1051 1673 5.
1068 1646 1164 1673 Vertttn
1187 1646 1228 1673 his
1251 1647 1368 1674 animum
1384 1655 1436 1674 non
1451 1647 1577 1674 adhibent
1600 1648 1617 1675 ii
1639 1648 1684 1683 qui
1704 1656 1779 1675 suam

991 1693 1125 1727 negligant
1140 1692 1252 1720 salutem
1270 1698 1396 1727 :ltautum
1416 1694 1515 1720 malum
1529 1698 1581 1726 est,
1594 1694 1780 1728 praecellentia:

989 1747 1073 1767 amor.
1089 1739 1145 1766 Hoc
1160 1739 1275 1766 haereses
1290 1740 1401 1774 peperit,
1424 1739 1474 1766 hoc
1495 1740 1632 1775 gentilium
1651 1740 1782 1775 impieta-

991 1789 1043 1812 tem
1058 1785 1183 1812 firtnarit.
1197 1785 1267 1812 Deus
1280 1785 1387 1819 quidem
1398 1785 1505 1812 Volebat
1516 1785 1657 1812 invisibilia
1672 1793 1718 1812 sua
1731 1793 1781 1819 per

990 1830 1080 1858 mundi
1100 1831 1262 1858 creationem
1284 1830 1394 1865 intelligi
1410 1840 1417 1858 :
1434 1830 1470 1856 illi
1485 1837 1549 1857 vero
1565 1830 1606 1857 his
1620 1831 1736 1861 omissis,
1753 1835 1780 1856 et

991 1879 1058 1905 hanc
1077 1878 1252 1913 dedignantes
1273 1877 1432 1909 dixti-inani,
1447 1877 1557 1903 alteram
1580 1876 1631 1903 sibi
1652 1884 1780 1910 paravere

990 1924 1058 1951 viam
1072 1932 1079 1953 ς
1095 1928 1256 1958 quapropter
1270 1931 1286 1950 a
1301 1930 1363 1949 vera
1378 1923 1418 1949 via
1434 1922 1601 1949 aberrarunt.
1614 1921 1676 1948 Ideo
1695 1921 1779 1948 Judaei

991 1979 1042 1998 non
1058 1970 1237 2001 crediderunt,
1255 1969 1346 2003 gloriae
1361 1969 1483 1995 hutnaua‘
1497 1968 1604 2002 cupidi;
1619 1968 1690 1995 illam
1705 1976 1780 2001 vero,

989 2024 1048 2050 quat
1062 2023 1076 2042 a
1092 2016 1147 2042 Deo
1161 2019 1212 2046 est,
1227 2015 1337 2049 gloriam
1354 2022 1405 2040 non
1422 2020 1583 2048 qna-rentes.

1026 2061 1116 2089 Inanis
1127 2061 1209 2097 gloria
1224 2060 1354 2096 fugienda.
1366 2074 1402 2079 —
1414 2060 1509 2086 Verum
1523 2066 1582 2091 nos,
1594 2058 1694 2091 dilecti,
1709 2058 1782 2086 ltunc

990 2108 1112 2135 morbum
1127 2107 1200 2134 omni
1222 2106 1311 2133 studio
1331 2110 1356 2133 et
1383 2105 1518 2139 diligentia
1542 2104 1682 2140 fugiamus.
1706 2104 1779 2132 Licet

990 2154 1060 2181 enim
1081 2154 1217 2180 innumera
1233 2152 1316 2186 probe
1335 2151 1508 2186 gesserimus,
1523 2151 1580 2178 h:ce
1599 2151 1688 2177 omnia
1705 2158 1781 2178 vana:

990 2200 1081 2236 gloria:
1092 2199 1223 2235 pernicies
1234 2197 1415 2226 labelhctahit.
1426 2197 1454 2224 Si
1469 2204 1533 2231 ergo
1545 2197 1578 2223 ad
1589 2196 1681 2224 Iaudes
1695 2197 1780 2231 resp?-

990 2247 1101 2277 ciamus,
1114 2245 1172 2272 illas
1191 2251 1343 2280 quaeramus
1361 2251 1421 2278 qua:
1434 2251 1450 2270 a
1465 2243 1519 2270 Deo
1533 2247 1605 2270 sunt.
1621 2242 1692 2270 Laus
1706 2243 1780 2270 enim

992 2293 1140 2323 hominum,
1154 2291 1355 2326 qualiscumque
1370 2289 1460 2322 fuerit,
1475 2289 1563 2316 statim
1576 2293 1656 2323 atque
1669 2293 1781 2323 apparet

990 2339 1134 2366 evanescit.
1151 2337 1205 2365 Etsi
1218 2342 1306 2364 autem
1328 2343 1380 2363 non
1404 2336 1513 2370 periret,
1537 2335 1603 2362 nihil
1616 2339 1690 2362 certe
1713 2334 1781 2361 lucri

991 2383 1068 2411 nobis
1082 2384 1199 2415 all‘crrct,
1213 2388 1239 2410 et
1251 2391 1283 2410 ex
1296 2387 1424 2416 corrupto
1446 2389 1517 2416 smpe
1529 2381 1631 2415 judicio
1645 2381 1779 2415 provenit.

990 2429 1057 2464 Quid
1079 2429 1150 2456 enim
1176 2432 1228 2454 tam
1247 2427 1404 2454 admirabile
1428 2426 1540 2453 humana
1565 2426 1648 2460 gloria
1671 2425 1780 2457 habent,

990 2482 1041 2510 qua
1057 2474 1180 2501 fruuntur
1200 2478 1227 2500 et
1239 2473 1366 2500 saltantes
1378 2473 1501 2506 juvenes,
1516 2477 1543 2499 et
1556 2471 1698 2506 impudicm
1714 2480 1776 2498 mu-

991 2520 1080 2552 lieres,
1102 2523 1129 2546 et
1143 2519 1214 2545 avari
1239 2525 1320 2552 atque
1343 2517 1482 2552 raptores?
1504 2517 1553 2550 Qui
1577 2522 1665 2544 autem
1689 2525 1702 2543 a
1725 2516 1782 2543 Deo

991 2565 1126 2599 laudatur,
1138 2572 1190 2592 non
1209 2572 1271 2591 cttm
1286 2564 1336 2595 Itis,
1350 2563 1397 2590 sed
1409 2571 1470 2590 eum
1485 2563 1584 2590 sanctis
1599 2562 1649 2589 illis
1661 2562 1778 2588 admira-

991 2611 1054 2638 tioni
1068 2610 1191 2640 habetur,
1206 2617 1266 2636 eum
1280 2609 1416 2643 prophetis
1430 2615 1526 2642 nempe
1541 2611 1567 2635 et
1580 2607 1717 2641 apostolis,
1733 2607 1781 2641 qui

989 2657 1135 2691 angelicam
1156 2657 1257 2683 duxere
1282 2656 1373 2682 vitam.
1393 2655 1469 2688 Quod
1494 2655 1516 2681 si
1540 2654 1642 2681 turbam
1662 2654 1778 2681 circum-

989 2702 1087 2730 ducere
1101 2707 1128 2729 et
1141 2701 1239 2736 suspici
1254 2705 1387 2735 optamus,
1400 2699 1463 2726 illud
1474 2699 1536 2734 quid
1548 2699 1582 2726 sit
1593 2699 1778 2734 exploremus,

989 2756 1022 2775 ac
1035 2747 1133 2776 nullius
1146 2747 1222 2782 pretii
1236 2753 1296 2774 esse
1308 2744 1551 2779 deprehendentus.
1570 2744 1628 2772 Uno
1642 2743 1736 2777 verbo,
1753 2744 1778 2772 εὖ

1022 2836 1030 2852 ι
1049 2835 1092 2860 mi
1104 2835 1197 2866 legunt,
1219 2837 1322 2862 curaret,
1336 2841 1386 2865 pro.
1398 2837 1561 2863 caninum-ct.
