2041 3113
264 110 316 140 919

265 168 368 196 turbam
383 177 466 202 amas,
487 170 643 205 angelorum
667 170 862 198 multitudinem
879 171 923 197 tibi
937 172 1052 204 attrahe,

264 217 292 240 ct
306 213 473 242 tlzrmouibus
486 215 610 242 terribilis
623 219 692 247 esto,
708 221 734 242 et
745 216 783 242 sic
799 216 935 243 hominum
955 218 1055 244 nullam

265 258 374 285 habebis
391 259 539 290 rationem;
563 260 609 286 sed
633 261 722 287 omnia
744 261 822 288 etiam
839 269 897 296 qua:
917 262 1053 294 splendida

263 304 398 336 videntur,
424 305 458 331 ita
483 305 599 332 calcabis
620 311 649 332 ut
673 314 780 334 casuum
804 311 883 342 atque
904 307 988 334 lutum
1006 317 1012 335 :
1028 313 1055 335 ct

264 354 325 376 tunc
339 350 412 376 clare
436 350 541 378 videbis
565 351 630 378 nihil
655 353 769 378 animam
787 354 821 379 ita
847 353 1000 387 dcturpare,
1025 357 1054 380 ut

260 395 352 428 gloria:
366 403 496 423 amorem.
514 397 570 424 Non
596 403 681 432 potest
693 399 774 429 enim,
793 405 844 424 nou
861 403 947 432 potest
963 400 1054 433 utique

262 448 336 468 vana:
350 442 441 476 gloria:
456 449 560 470 amator
575 444 654 470 vitam
676 445 795 471 cruciatu
813 445 915 478 plenam
929 453 983 472 non
998 445 1052 472 du-

259 494 322 513 cere
332 487 340 502 ¹
353 496 360 519 ;
375 488 442 514 sicut
457 489 536 516 etiam
550 490 594 523 qui
610 490 680 516 illam
694 490 790 522 calcat,
807 498 859 516 non
883 495 970 524 potest
990 491 1051 517 vitia

260 531 341 558 multa
357 540 409 559 non
430 534 597 561 conculcare.
616 534 680 561 Nam
694 535 739 568 qui
760 543 855 561 vanam
871 535 982 569 glorianti
1003 542 1051 562 sti-

260 579 372 612 peravit,
388 579 522 612 invidiam,
549 580 718 614 pecuniarum
738 587 868 612 amorem,
888 586 1052 615 cmtt-rosque

259 624 430 657 gravissimos
445 625 551 652 morbos
570 625 725 652 devicturus
738 631 787 652 est.
800 625 833 652 Et
852 627 994 659 quomodo,
1011 626 1052 652 in-

259 669 345 703 quies,
368 670 440 697 illam
457 671 659 705 superabimus?
677 670 703 698 Si
725 671 803 697 aliam
827 676 977 705 spectemus
992 672 1050 707 glo-

259 715 339 746 riam;
352 715 402 742 hoc
415 720 456 742 est
468 716 612 748 caelestem,
629 724 642 742 a
657 724 707 751 qua
723 724 771 743 nos
787 716 844 743 hare
859 717 956 749 ejicere
970 725 1050 743 cona-

259 764 311 786 tur.
327 759 371 787 Illa
391 761 460 788 enim
481 769 530 789 nos
551 766 577 788 et
594 762 619 788 iu
636 761 686 789 hac
708 762 759 788 vita
779 761 938 796 conspicuos
956 762 1047 794 efﬁcit,

257 811 285 833 et
296 806 329 833 ad
341 807 455 834 hituram
468 807 547 835 vitam
563 808 700 835 nobiscum
715 808 809 842 pergit,
829 813 909 842 atque
929 808 962 835 ab
975 808 1048 834 onmi

257 853 384 879 servitute
398 853 497 879 carnali
514 861 562 880 nos
579 853 682 880 liberat.
700 853 779 880 Carui
795 854 891 880 misere
905 861 975 880 nunc
989 862 1048 880 ser-

258 897 352 928 vimus,
369 901 446 925 terra:
463 899 627 933 terrenisque
638 899 717 926 rebus
730 898 837 926 addicti.
850 898 911 926 Sive
925 899 949 925 in
962 898 1046 925 forum

257 947 283 970 te
297 943 428 976 conferas,
447 944 502 972 sive
519 944 626 971 domum
642 945 732 977 intres,
751 944 806 972 sive
827 945 892 976 vias,
907 944 1045 976 stationes,

287 1030 295 1045 ¹
313 1033 383 1054 .luxta
396 1030 467 1054 savii.
481 1031 613 1061 legendum
626 1033 665 1054 est
678 1038 684 1054 :
696 1034 746 1055 Non
765 1033 840 1061 potest
860 1029 963 1054 enim...
976 1035 1046 1061 arma?

252 1059 338 1092 gloriaf
343 1064 435 1092 aquator
443 1059 515 1085 uitaui
522 1060 666 1092 cruciﬁxum
677 1059 776 1090 ducere,
787 1061 855 1092 quasi
867 1061 1000 1090 diceretur,
1014 1059 1046 1086 ri-

254 1090 303 1116 tum
315 1090 477 1116 christianum.

601 113 628 141 S.
648 113 785 141 JOANMS
798 112 1035 144 Clli‘uYSOSTOill
1055 117 1212 146 AilClllEP.
1233 119 1498 152 CONSTANTINO'P.
1847 130 1902 157 ’Ξῗο

1109 174 1256 202 diversoria
1275 177 1438 213 frequentes,
1454 180 1476 207 si
1494 180 1581 208 navim
1592 183 1767 216 conscendas,
1782 186 1897 212 insulani

1108 219 1190 247 adeas
1206 221 1246 248 vel
1260 222 1346 255 regias
1355 223 1434 255 aedes,
1447 225 1468 251 si
1481 225 1607 260 judiciale
1620 226 1707 254 forum
1723 229 1763 255 vel
1776 235 1898 258 senatum

1107 265 1198 297 adeas,
1214 267 1382 295 smcnlarium
1404 269 1501 304 ubique
1519 279 1608 298 rerum
1626 272 1830 302 sollicitudinem
1850 281 1900 302 ob-

1106 311 1238 343 servabis,
1251 313 1422 348 singulosque
1438 315 1479 342 his
1493 316 1520 342 in
1533 317 1613 344 rebus
1627 318 1788 351 laborantes,
1802 320 1899 348 abeun-

1107 360 1158 388 tes,
1173 362 1322 389 manentes,
1336 360 1498 393 navigantes,
1514 362 1653 396 agricolas,
1669 370 1717 390 eos
1731 364 1810 398 quiin
1820 373 1896 398 agro,

1106 408 1153 427 eos
1164 402 1208 436 qui
1231 402 1256 429 in
1275 403 1341 430 urbe
1363 404 1492 438 habitant,
1514 414 1567 433 uno
1589 407 1682 440 verbo,
1703 415 1808 436 omnes.
1832 410 1897 443 Quae

1106 445 1182 473 nobis
1194 455 1256 481 spes
1268 448 1360 476 salutis
1371 450 1432 481 erit,
1446 451 1552 485 quando
1567 452 1612 479 Dei
1626 457 1660 479 te:
1668 461 1723 480 ram
1737 455 1896 487 incolentes,

1106 491 1170 518 nihil
1190 499 1222 518 ea
1237 501 1296 526 qua
1313 494 1358 521 Dei
1380 499 1443 521 sunt
1455 503 1589 525 curamus.
1614 497 1660 524 sed
1678 505 1737 525 cum
1755 499 1897 533 jubeamur

1106 536 1148 562 nic
1162 538 1292 572 peregrini
1304 546 1376 572 cssa,
1388 541 1521 574 peregrini
1538 543 1562 568 in
1575 542 1641 568 casio
1652 550 1752 575 sumus,
1768 549 1794 571 et
1806 546 1895 573 mundi

1104 582 1194 609 cives?
1215 583 1282 616 Quid
1304 583 1353 611 hac
1366 586 1517 619 stupiditate
1530 586 1667 614 deterius?
1684 588 1808 621 Quotidie
1820 590 1894 624 judi-

1104 627 1173 654 cium
1188 633 1216 656 et
1231 637 1339 664 regnum
1354 631 1487 664 audimus,
1502 637 1529 659 et
1547 640 1594 659 eos
1608 633 1652 667 qui
1672 634 1697 660 in
1724 634 1817 662 diebus
1838 636 1867 663 Ν-
1878 645 1895 664 e

1103 679 1179 700 erant
1203 682 1307 702 necnon
1327 675 1478 704 Sodomitas
1502 678 1645 709 imitamur.
1669 683 1697 706 et
1710 681 1894 715 experimento

1103 720 1191 746 omnia
1210 720 1331 748 ediscere
1343 722 1475 749 volumus.
1491 723 1569 758 Atqui
1584 723 1643 751 ideo
1663 724 1706 751 illa
1720 725 1807 752 omnia
1828 727 1895 753 scri-

1102 770 1146 799 pta
1161 770 1234 799 sunt,
1249 770 1278 792 ut
1291 766 1312 793 si
1325 767 1385 801 quis
1400 767 1486 793 l‘utura
1508 775 1560 794 non
1582 769 1682 801 credat,
1700 777 1731 797 ex
1751 771 1894 804 praeteritis

1101 811 1202 838 claram
1216 812 1328 846 accipiat
1349 813 1496 839 futurorum
1519 814 1650 840 notitiam.
1674 814 1735 841 Haec
1750 815 1837 850 itaque
1848 824 1893 842 co-

1100 858 1225 892 gitantes.
1250 862 1303 884 tant
1326 859 1472 893 praeterita,
1498 867 1577 893 quam
1602 858 1701 892 futura,
1729 860 1834 894 paulum
1858 870 1890 888 ex

1101 903 1150 931 hac
1163 904 1291 931 servitute
1302 905 1474 939 respiremus,
1486 905 1636 940 etaliquam
1650 905 1746 933 animm
1761 906 1890 933 ratioucm

1101 948 1259 982 habeamus,
1275 955 1303 976 ut
1317 953 1345 976 ei.
1371 951 1511 984 prasenlitt
1533 955 1562 977 et
1587 951 1673 977 futura
1696 958 1891 987 consequamur

1100 994 1179 1026 bona,
1194 995 1278 1029 gratia
1294 999 1321 1022 et
1338 995 1501 1029 benignitate
1523 996 1625 1023 Domini
1642 998 1724 1024 nostri
1737 997 1800 1026 JcSu
1812 999 1890 1025 Clu-i-

1098 1041 1142 1073 sti,
1157 1042 1199 1068 cui
1222 1041 1306 1076 gloria
1331 1045 1358 1069 et
1379 1041 1520 1076 imperium
1546 1042 1572 1069 in
1597 1042 1694 1070 szecula
1717 1043 1888 1071 sa‘culoruui.

1099 1087 1196 1114 Amen.

897 1189 1069 1220 HOMILIA
1090 1189 1244 1219 XXXIX.

248 1263 293 1290 2‘2.
320 1263 398 1290 Pater
407 1272 476 1291 meus
488 1272 537 1291 non
549 1264 648 1298 judimt
661 1271 818 1298 quemquam,
833 1263 877 1290 sed
889 1271 962 1289 omne
971 1263 1045 1298 judi-

284 1310 351 1336 cium
366 1309 434 1336 dedit
459 1309 538 1342 Filia,
551 1309 596 1336 23.
610 1315 637 1336 ut
650 1317 735 1336 omne:
750 1310 916 1343 liouoriﬂccnt
930 1308 1038 1342 Filium,

284 1359 312 1381 ut
325 1355 490 1388 honoriﬁcam
501 1354 615 1381 Patmn.

284 1400 309 1426 ί.
330 1399 461 1426 Iudicium
474 1402 588 1434 futurum
606 1399 755 1426 timendum.
772 1398 854 1426 Filius
872 1407 922 1425 non
945 1400 1038 1433 factus,

246 1445 291 1472 sed
303 1445 335 1472 ab
344 1450 438 1473 talento
453 1447 561 1480 genitus.
576 1446 692 1473 Chris'tu
711 1446 836 1480 quomodo
849 1451 870 1472 et
884 1453 934 1480 qua
958 1451 1039 1472 meme

246 1492 277 1517 de
288 1500 315 1518 ιι
327 1492 430 1526 loquens
442 1492 549 1518 humilia
564 1492 711 1526 permisceat
732 1491 889 1518 sublimibus.
908 1506 943 1511 —
958 1491 1038 1519 Multa

246 1537 322 1564 nobis
332 1545 399 1572 opus
411 1542 452 1565 est
465 1538 490 1565 in
501 1538 625 1565 omnibus
640 1537 789 1572 diligentia,
806 1537 909 1569 dilecti;
925 1545 1037 1565 accura-

245 1587 298 1609 tam
309 1583 406 1618 quippc
420 1583 548 1610 rationem
559 1582 679 1610 dabimus
689 1587 716 1609 et
727 1583 867 1609 verborum
877 1587 903 1609 et
914 1590 1034 1617 ()pt'l'lull.

245 1627 299 1654 Res
312 1628 383 1654 enim
404 1633 503 1655 nostrre
524 1635 575 1654 non
596 1632 658 1654 sunt
681 1629 820 1662 praesentis
835 1628 894 1654 vita:
910 1628 1037 1655 limitibus

244 1674 463 1708 circumscripta,
480 1673 526 1701 sed
542 1674 593 1700 alia
618 1681 667 1700 nos
686 1678 830 1708 exceptura
844 1679 884 1700 est
898 1674 958 1700 vitae
972 1681 1037 1701 con-

243 1720 319 1751 ditio,
337 1719 634 1754 tremendoquejudicio
648 1711 783 1746 sistemur.
797 1719 890 1745 Omnes
903 1719 968 1745 enim
978 1727 1034 1751 nos,

244 1765 329 1800 inquit
341 1765 449 1797 Paulus,
463 1765 618 1799 manifestari
634 1769 731 1799 oportet
742 1768 799 1790 aut:
810 1764 921 1791 tribunal
930 1764 1034 1797 Christi,

242 1816 271 1837 ut
286 1813 379 1846 referat
393 1812 571 1846 unusquisque,
586 1819 643 1845 quo:
657 1819 702 1845 per
715 1818 806 1844 corpus
819 1811 877 1845 egit,
896 1815 970 1845 prout
979 1819 1036 1845 ger

242 1857 284 1889 sit,
296 1857 347 1883 sive
361 1857 463 1888 bonum,
475 1857 526 1883 sive
538 1856 632 1883 nmium
646 1857 683 1891 (‘2.
700 1855 759 1883 Cor.
774 1857 800 1883 5.
816 1857 870 1892 10).
886 1857 940 1884 Hoc
951 1857 1034 1884 tribu-

243 1901 286 1928 nal
307 1909 414 1936 semper
428 1902 585 1936 cogitemus,
601 1905 626 1928 et
649 1901 688 1928 sic
700 1908 807 1936 semper
821 1902 910 1928 virtuti
931 1902 1033 1929 incum-

242 1947 306 1974 bere
318 1948 472 1982 poterimus.
488 1947 632 1978 Namsicut
643 1947 664 1974 is
677 1947 720 1981 qui
735 1947 805 1974 illam
817 1948 887 1974 diem
899 1947 933 1975 ab
943 1949 1032 1975 animo

242 1993 324 2027 cjicit,
339 1993 412 2028 quasi
427 2000 511 2028 equus
527 1999 644 2020 excusso
664 1991 740 2020 freno
762 1993 788 2019 in
812 1994 956 2027 przecipitia
980 1995 1032 2020 ruit

241 2037 428 2072 (Pro/“(tuantur
441 2038 523 2071 enim,
540 2038 634 2073 inquit,
649 2038 696 2064 vita
713 2038 768 2072 eius
780 2038 805 2064 in
819 2040 886 2064 enini
904 2044 1031 2073 tempore;

241 2089 268 2110 et
280 2092 388 2111 causam
403 2084 520 2112 aﬂerens
534 2085 582 2117 ait,
599 2085 755 2120 Aufer-untur
764 2085 865 2120 judicia
880 2090 922 2111 tua
936 2094 951 2111 a
966 2086 1032 2121 [acie

240 2131 294 2166 ejus
305 2131 389 2166 [PsaL
406 2131 432 2159 9.
445 2130 502 2167 27])
516 2140 522 2157 :
540 2131 574 2158 ita
589 2131 633 2166 qui
653 2138 760 2165 semper
781 2130 831 2158 hoc
845 2131 940 2158 timore
955 2135 1030 2158 tene-

240 2181 293 2209 tur.
320 2182 501 2212 temperanter
524 2176 638 2204 incedet.
664 2176 741 2206 Nam,
766 2176 919 2208 Recordare,
935 2176 1029 2211 inquit,

240 2223 375 2251 novissima
396 2229 449 2255 tua,
471 2227 493 2249 et
516 2223 541 2249 iu
560 2226 683 2249 talentum
697 2231 747 2249 non
762 2222 875 2255 peccabis
895 2222 988 2257 (Eccli.
1002 2223 1030 2250 7.

239 2269 295 2301 60).
308 2269 358 2303 Qui
373 2269 443 2296 enim
458 2276 528 2295 nunc
538 2268 647 2295 dimittit
661 2267 737 2294 nobis
749 2274 864 2302 peccata.
880 2269 902 2294 is
919 2269 1032 2301 tuncju-

238 2315 289 2342 dex
307 2315 425 2345 sedebit;
441 2315 486 2349 qui
500 2319 621 2341 mortuus
638 2319 679 2341 est
697 2321 744 2348 pro
767 2314 853 2345 nobis,
869 2314 911 2342 hic
925 2315 1032 2342 univer-

238 2367 295 2386 sam
308 2364 429 2386 naturam
437 2359 560 2393 judicans
570 2358 719 2393 apparebit.
734 2357 829 2385 lterum
839 2359 921 2392 enim,
934 2360 1029 2395 inquit,

239 2406 293 2431 sine
305 2410 407 2439 peccato
421 2405 546 2432 videbitur
567 2404 758 2439 stttcipientibus
777 2405 859 2439 ipsum
877 2406 911 2432 ad
923 2406 1029 2433 talutcm

238 2451 248 2481 (
256 2450 332 2476 Hebr.
347 2449 372 2476 9.
386 2449 441 2484 28).
456 2449 633 2484 Quamobrem
649 2449 699 2477 hoc
709 2450 768 2477 loco
781 2450 860 2477 dicit:
875 2450 951 2478 Pater
960 2460 1029 2478 meus

237 2495 393 2530 nonjudicat
405 2504 564 2530 quamquam,
573 2496 621 2523 sed
631 2504 705 2522 omne
712 2496 850 2530 judicium.
863 2496 932 2524 dedit
949 2496 1027 2529 Filio,

237 2547 266 2568 ut
280 2550 364 2568 omnes
379 2542 546 2576 honeri/irent
560 2541 666 2573 Filium,
682 2547 710 2568 ut
723 2542 892 2575 honoriﬁcam
914 2543 1026 2571 Patrem.

238 2586 343 2621 Ergone
359 2587 473 2617 Patrem.
497 2587 609 2621 inquies,
626 2587 698 2614 illum
714 2587 849 2615 dicemus?
864 2588 949 2615 Absit.
966 2588 1028 2616 Ideo

237 2640 351 2666 namque
372 2633 438 2660 dicit
463 2632 570 2666 Filium,
593 2636 622 2660 ut
634 2632 731 2660 Filium
748 2638 897 2660 manentem
914 2633 1027 2661 honore-

236 2687 295 2706 mus
308 2679 376 2706 sicut
391 2680 507 2706 Patrem.
523 2677 572 2713 Qui
587 2687 650 2706 vero
661 2679 746 2714 ipsum
760 2684 836 2706 vocat
846 2680 963 2712 Patrem,
973 2688 1025 2707 non

236 2724 303 2751 ultra
327 2724 423 2751 Filium
447 2730 475 2752 ut
489 2725 593 2752 Patrem
616 2725 739 2757 honorat,
757 2725 803 2753 sed
818 2727 905 2753 omnia
921 2726 1024 2753 miscet.

234 2769 299 2804 Quia
314 2778 380 2806 ergo
395 2771 524 2798 beneﬁcio
539 2771 625 2800 affecti
640 2771 763 2799 homines
784 2780 836 2800 non
859 2774 892 2800 ita
915 2773 948 2800 ad
969 2772 1027 2800 oﬁi-

234 2816 305 2844 eium
316 2817 440 2849 redeunt,
462 2822 490 2844 ut
516 2817 652 2852 castigati;
671 2817 731 2845 ideo
747 2819 874 2846 terribilia
897 2819 974 2852 dixit,
998 2823 1026 2846 ut

1099 1267 1185 1289 melus
1200 1263 1293 1290 saltem
1309 1263 1341 1290 ad
1358 1263 1486 1290 honorem
1499 1263 1548 1290 sibi
1572 1263 1710 1291 ferendum
1733 1264 1851 1292 traheret
1866 1265 1884 1291 '.

1095 1308 1161 1335 Cum
1173 1307 1246 1340 dicit,
1267 1308 1357 1340 Omne,
1373 1308 1397 1335 id
1412 1314 1463 1341 cst,
1487 1309 1611 1343 puniendi
1631 1314 1660 1337 et
1675 1310 1820 1337 honorandi
1837 1318 1884 1345 po-

1096 1357 1218 1380 testatem
1233 1353 1322 1386 habet,
1339 1358 1418 1388 atque
1433 1359 1575 1389 utrumque
1591 1362 1638 1389 pro
1656 1355 1739 1382 iubilo
1760 1354 1884 1382 faciendi.

1095 1399 1161 1426 Illud
1175 1407 1248 1431 vero.
1263 1399 1351 1433 Dedit,
1375 1400 1474 1427 dictum
1488 1405 1541 1432 est,
1557 1408 1590 1428 ne
1602 1401 1687 1436 ipsum
1701 1409 1753 1428 non
1767 1402 1884 1436 genitum

1093 1451 1154 1472 esse
1166 1445 1322 1480 suspiceris.
1338 1453 1425 1480 neque
1444 1451 1519 1480 putes
1533 1445 1600 1473 duos
1622 1454 1682 1473 esse
1698 1447 1806 1473 Patres:
1823 1455 1884 1473 nam

1093 1490 1220 1525 quidquid
1236 1495 1277 1518 est
1292 1490 1380 1523 Pater,
1394 1495 1434 1517 est
1449 1496 1476 1518 ct
1490 1491 1573 1518 Filius
1583 1492 1604 1523 ',
1621 1492 1726 1526 genitus
1750 1496 1776 1519 et
1803 1491 1885 1519 Filius

1093 1544 1214 1563 manens.
1230 1537 1263 1564 Ut
1275 1544 1339 1564 vero
1349 1536 1437 1564 discas
1449 1537 1523 1570 illud,
1541 1537 1627 1569 Dedit,
1651 1538 1765 1572 idipsum
1780 1539 1884 1572 signiti-

1091 1589 1153 1610 care
1174 1583 1256 1617 quod,
1271 1584 1373 1617 genuit,
1393 1582 1453 1610 audi
1468 1583 1531 1610 illud
1545 1583 1598 1610 alio
1618 1583 1677 1610 loco
1698 1583 1860 1611 declaratum
1875 1593 1882 1611 :

1092 1629 1164 1656 Sicut
1177 1627 1256 1655 Pater
1271 1629 1343 1656 habet
1355 1629 1430 1656 vitam
1449 1630 1475 1655 in
1488 1629 1631 1663 semetipso,
1647 1630 1683 1656 ita
1693 1630 1760 1656 dedit
1773 1634 1797 1656 et
1814 1630 1883 1656 Filio

1090 1674 1166 1700 vitam
1181 1674 1271 1702 habere
1284 1675 1309 1701 in
1324 1675 1456 1709 semetipro
1479 1675 1514 1709 (υ.
1532 1674 1569 1709 7).
1583 1674 1651 1707 Quid
1671 1676 1752 1710 ergo?
1775 1676 1882 1710 priusue

1090 1719 1176 1753 ipsum
1189 1720 1289 1754 genuit,
1311 1727 1342 1746 ac
1356 1719 1453 1746 deinde
1475 1720 1554 1746 vitam
1566 1719 1655 1746 dedit?
1675 1720 1724 1753 Qui
1739 1719 1784 1746 dat
1797 1728 1879 1751 enim,

1088 1764 1193 1791 cuidam
1204 1765 1342 1792 cxsislenti
1357 1765 1411 1791 dat.
1427 1765 1532 1800 Ergone
1547 1765 1652 1800 genitus
1662 1770 1718 1792 crat
1735 1765 1793 1792 sine
1807 1766 1880 1792 vita?

1090 1809 1186 1836 Verum
1203 1810 1254 1837 hoc
1276 1817 1309 1837 ne
1334 1810 1469 1837 da-moues
1484 1810 1590 1845 quidem
1605 1811 1792 1845 suspicentur:
1809 1811 1879 1837 inul-

1089 1861 1141 1883 tam
1157 1857 1256 1892 quippe
1278 1856 1356 1883 habet
1381 1857 1510 1884 insaniam
1536 1865 1596 1883 cum
1619 1857 1753 1891 impietate
1767 1857 1880 1892 conjun-

1087 1906 1168 1928 clam.
1183 1902 1412 1935 Quemadmodum
1429 1910 1492 1936 ergo
1508 1902 1583 1935 illud,
1609 1901 1684 1929 Dedit
1704 1903 1791 1934 vitam,
1807 1903 1877 1930 idem

1086 1950 1128 1973 est
1137 1946 1218 1981 quod,
1233 1945 1330 1974 Genuit
1343 1947 1428 1980 ipsum
1443 1947 1539 1974 vitam:
1551 1947 1600 1979 sic,
1616 1946 1838 1982 Deditjudicium,
1850 1948 1874 1974 id

1085 1997 1136 2024 est,
1159 1991 1246 2027 Ipsum
1259 1992 1377 2026 judicem
1391 1993 1491 2027 genuit.
1508 1993 1613 2020 Etenim
1635 2000 1668 2020 ne
1681 1993 1793 2021 audiens
1806 1994 1876 2028 quod

1085 2037 1142 2072 ipse
1151 2037 1257 2065 Patrem
1269 2046 1376 2065 causam
1386 2038 1519 2071 habuerit,
1531 2039 1711 2066 diversitatem
1720 2038 1876 2075 substantia:

1084 2090 1171 2120 putes,
1184 2085 1365 2120 honoremque
1376 2085 1518 2118 minorem,
1532 2085 1588 2119 ipse
1598 2085 1670 2112 venit
1681 2088 1707 2112 te
1716 2084 1873 2119 judicatum,

1084 2130 1146 2157 hinc
1159 2130 1338 2165 aequalitatem
1348 2129 1359 2145 ³
1371 2129 1524 2157 ostendens.
1537 2129 1586 2163 Qui
1598 2129 1668 2156 enim
1682 2137 1750 2164 quos
1760 2130 1816 2156 vult
1829 2137 1874 2164 pu-

1084 2175 1173 2203 niendi
1189 2181 1216 2204 et
1230 2175 1379 2203 honorandi
1403 2180 1561 2210 potestatem
1584 2175 1673 2207 habet,
1699 2174 1793 2202 eadem
1815 2183 1875 2209 qua:

1084 2221 1164 2249 Pater
1176 2226 1273 2255 potest.
1290 2221 1344 2248 Nisi
1369 2221 1439 2248 enim
1464 2220 1514 2248 hoc
1527 2225 1609 2253 esset,
1626 2220 1672 2248 sed
1688 2225 1779 2255 postea
1794 2229 1874 2255 quam

1083 2269 1188 2301 genitus
1203 2266 1288 2294 fuerat
1303 2267 1430 2294 honorem
1445 2266 1600 2301 accepisset,
1615 2274 1674 2300 qua:
1687 2273 1767 2294 causa
1784 2266 1831 2292 fuit
1847 2270 1875 2292 ι.ι

1083 2313 1139 2347 ipse
1152 2313 1284 2348 posterior
1298 2312 1491 2340 honoraretur?
1504 2320 1556 2347 quo
1571 2316 1648 2347 pacto
1661 2312 1696 2338 ita
1712 2311 1833 2346 profecit,
1847 2316 1874 2337 ut

1084 2359 1152 2386 hanc
1163 2359 1316 2394 dignitatem
1331 2358 1481 2392 acciperet?
1492 2357 1549 2384 Non
1569 2357 1726 2384 erubescitis
1747 2356 1810 2383 dum
1825 2357 1874 2382 im-

1082 2405 1187 2432 mortali
1203 2405 1358 2439 nullumque
1370 2409 1541 2440 augmentum
1556 2403 1695 2439 accipienti
1709 2408 1811 2430 natura:
1825 2403 1874 2429 inl-

1082 2458 1159 2478 mana
1174 2455 1201 2478 et
1215 2456 1267 2478 Iam
1283 2451 1343 2478 vilia
1361 2450 1531 2478 adscribitis?
1546 2451 1599 2476 Cur
1613 2457 1687 2485 ergo,
1708 2450 1822 2483 inquies,
1837 2449 1871 2475 ita

1082 2496 1214 2531 loquitur?
1228 2496 1262 2524 Ut
1274 2496 1343 2523 dicta
1357 2495 1458 2523 facilius
1469 2496 1622 2528 credantur,
1634 2500 1660 2522 et
1672 2495 1705 2522 ad
1717 2494 1871 2522 sublimium

1081 2542 1150 2568 viam
1165 2547 1254 2576 paret;
1269 2541 1329 2569 ideo
1342 2546 1455 2576 utraque
1463 2541 1625 2568 commiscet.
1639 2540 1798 2567 Videautem
1807 2547 1873 2574 quo-

1081 2588 1178 2616 modo:
1195 2595 1254 2614 nam
1269 2595 1284 2614 c
1299 2595 1328 2614 rc
1350 2587 1429 2614 fuerit
1452 2586 1510 2614 haec
1524 2594 1538 2613 a
1562 2586 1690 2622 principio
1713 2586 1870 2613 observare.

1111 2667 1118 2683 ¹
1135 2667 1180 2700 _Alii
1192 2666 1280 2698 legunt
1292 2673 1299 2691 ι
1311 2665 1370 2700 ιρηίςζ
1378 2665 1441 2696 enim
1453 2663 1658 2700 beneﬁcium/fecti
1666 2664 1803 2700 [muli-tes...
1818 2668 1872 2700 "int

1079 2697 1188 2728 castigati
1197 2717 1203 2725 ,
1218 2695 1228 2719 ἆ
1239 2703 1306 2722 onme
1313 2695 1434 2728 judicium
1453 2695 1521 2720 dedit
1534 2695 1604 2728 Fuit),
1616 2704 1626 2717 ι
1643 2695 1722 2725 inquit
1733 2711 1741 2723 .
1753 2698 1779 2718 ut
1796 2699 1872 2720 metus

1079 2724 1163 2754 mitem
1175 2728 1206 2760 tut
1220 2724 1333 2760 honorent
1344 2727 1389 2752 sibi
1401 2726 1652 2760 fei'cndumtrahcrct.
1680 2724 1687 2760 ξ
1731 2755 1736 2760 _
1801 2758 1805 2760 Δ
1824 2757 1877 2760 7m

1112 2761 1121 2775 ι
1137 2759 1236 2789 Quidam
1253 2759 1356 2790 legunt.
1368 2755 1423 2782 nam
1439 2756 1556 2788 quidquid
1573 2760 1608 2781 est
1621 2755 1713 2783 Patris.
1727 2755 1771 2781 hoc
1783 2758 1805 2780 et
1820 2757 1877 2783 Filii

1079 2794 1121 2836 es".
1135 2820 1175 2846 Alii
1193 2820 1289 2852 legunt,
1300 2818 1454 2848 nobilitatem
1465 2825 1517 2850 pro,
1528 2817 1698 2848 ruma-ditatem.
