2041 3113
260 171 314 200 ᾨὶῦ

260 236 390 261 retentam,
409 224 565 261 sultjttugit:
583 223 614 250 Et
636 224 662 250 iu
684 221 811 258 judicium
835 227 886 246 non
905 217 980 250 venit,
1005 215 1049 242 sed

260 274 361 301 transiit
373 281 389 299 tt
399 276 479 298 morte
489 271 516 297 in
529 270 614 297 vitam.
630 268 676 296 llis
689 267 791 295 dttohtts
802 265 851 293 sibi
866 263 944 291 Iidem
959 263 1050 290 conci-

258 321 318 352 liat,
333 323 360 346 et
374 317 444 352 quod
460 316 532 344 Patri
544 313 705 343 credendum
720 313 832 345 diceret,
848 315 875 339 et
887 310 958 346 quod
973 309 1050 336 obse-

257 364 350 400 quenti
365 363 446 391 multa
460 362 527 389 bona
548 361 726 396 polliceretur.
743 357 808 386 Illud
823 361 923 389 autent,
936 355 969 382 In
978 355 1051 390 judi-

257 411 327 436 cium
346 417 397 436 non
411 408 486 441 venit,
506 407 533 435 id
554 410 606 439 est,
626 413 679 433 non
695 404 811 440 punitur.
832 403 942 430 Mortem
962 406 1050 428 autem

258 463 312 482 non
329 455 407 487 hanc,
422 453 470 481 sed
489 458 616 480 :eternam
630 451 712 483 dicit;
726 454 755 477 ut
776 455 803 476 et
821 449 902 476 vitam
922 447 985 474 dicit
999 447 1050 473 im-

258 500 411 528 mortalem.
426 499 470 526 25.
487 499 578 530 Amen,
594 505 667 523 amen
685 495 742 522 dico
755 495 833 526 vobis,
849 493 915 520 venit
939 492 1011 522 hora.
1028 496 1051 518 et

256 553 326 572 nunc
339 551 386 577 est,
403 552 460 570 cum
481 543 576 570 mortui
598 542 700 568 audient
716 547 800 567 vocem
815 538 877 565 Filii
893 537 1011 568 hominis,
1028 541 1051 563 et

258 592 302 626 qui
316 590 451 622 audierint,
465 589 555 616 vivent.
569 587 699 622 Operibus
712 585 776 620 ipsis
789 584 870 611 verba
883 581 1049 617 comprobat.

258 636 325 663 Nam
339 643 398 662 cum
412 634 532 666 dixisset,
542 632 615 660 Sicut
626 631 702 658 Pater
713 630 817 658 suscitat
831 634 942 656 mortuos
957 633 980 655 et
991 628 1053 654 vivi-

258 682 328 716 ﬁcat,
350 681 385 708 sic
401 684 425 707 et
446 678 530 706 Filius
550 686 612 713 quos
632 677 683 704 vult
701 676 820 711 uieiﬁcat,
842 682 876 702 ne
896 674 1052 702 viderentur

259 727 318 754 hcce
329 734 362 754 ex
383 725 509 761 jactantia
529 729 557 753 et
575 723 645 752 fastu
669 723 739 751 dicta
761 723 852 755 fuisse,
874 729 906 749 ex
926 720 1052 756 operibus

258 781 316 801 rem
331 773 504 804 demonstrat,
525 778 586 799 cum
604 771 678 804 dicit,
705 769 778 796 Venit
795 769 868 796 hora.
895 767 997 795 Deinde
1017 774 1052 794 tte

259 824 336 854 putes
351 819 396 847 diu
418 817 626 853 exspectandum
647 823 717 848 esse,
738 815 838 850 adjicit,
865 814 898 841 Et
922 822 989 840 nunc
1003 818 1049 845 est,

256 873 317 892 cum
331 865 425 891 mortui
444 863 548 890 audient
567 870 651 890 vocem
665 861 729 889 Filii
745 861 803 894 Dei,
818 865 841 888 et
853 861 895 895 qui
913 859 1051 893 audierint,

259 912 350 937 vivent.
372 909 464 937 \‘iden‘
482 909 526 936 hic
547 908 731 936 auctoritatem
749 910 777 934 et
791 905 936 941 potentiam
959 904 1052 932 ineil‘a-

260 955 360 984 bilem?
373 954 601 990 Quemadmodum
616 954 687 981 enim
705 953 731 980 in
747 951 955 983 resurrectione,
969 950 1008 977 sic
1025 953 1052 977 et

260 1008 332 1029 nunc
341 1001 403 1033 erit,
416 1000 511 1035 inquit.
534 999 601 1026 Nam
621 1003 684 1026 tunc
698 996 786 1024 audita
802 996 958 1031 imperantis
975 1001 1050 1028 voce,

259 1053 445 1081 resurgemus;
462 1045 494 1072 In
507 1046 583 1079 jussu
594 1043 643 1071 Dei
656 1044 664 1059 ¹
675 1063 683 1076 ,
698 1042 793 1078 inquit,
809 1041 903 1068 mortui
923 1044 1052 1076 resurgent

259 1094 298 1127 (l.
310 1092 400 1119 Thess.
411 1091 438 1118 4.
454 1090 509 1126 16).
524 1090 557 1118 Et
575 1088 655 1122 unde,
672 1088 785 1124 inquies,
799 1090 904 1114 constat
918 1085 982 1113 illud
998 1093 1051 1112 non

259 1145 292 1166 ex
314 1137 383 1165 fastu
404 1137 503 1165 dictum
529 1135 608 1163 esse?
621 1135 660 1162 Ex
672 1141 705 1161 eo
718 1133 789 1168 quod
802 1131 918 1164 additur,
935 1130 968 1158 Et
986 1139 1052 1157 nunc

257 1189 305 1212 est.
316 1184 381 1211 Nam
392 1183 414 1210 si
425 1183 512 1210 futura
525 1185 625 1209 tantum
636 1180 780 1213 nuntiaret,
790 1178 853 1205 hinc
863 1177 927 1212 ipsis
935 1177 1052 1211 suspicio

258 1234 320 1258 orta
339 1233 421 1257 esset.
440 1228 498 1256 iam
518 1235 583 1255 vero
600 1227 639 1254 rei
658 1224 915 1254 demenstrationem
937 1221 1049 1257 prtebet.

259 1275 312 1309 Me,
327 1275 422 1310 inquit,
448 1275 585 1302 vobiscum
611 1277 734 1301 versante
756 1271 807 1299 hoc
828 1270 943 1298 eveniet.
961 1269 1053 1304 Neque

258 1322 342 1355 enim,
370 1321 419 1349 nisi
441 1325 600 1357 potestatem
623 1319 770 1351 habuisset,
795 1318 847 1345 hoc
873 1316 1052 1352 promissurus

258 1372 327 1400 erat,
354 1375 387 1395 ne
409 1367 537 1394 ridiculus
551 1365 676 1394 omnibus
689 1368 771 1393 esset.
795 1363 896 1390 Deinde
913 1362 982 1389 dicta
1003 1368 1051 1388 sua

257 1412 426 1448 explicatius
437 1411 592 1440 verbis:26.
607 1411 680 1439 Sicut
690 1411 756 1438 enim
768 1408 846 1436 Pater
859 1408 931 1436 habet
941 1407 1051 1435 vitantia

259 1459 403 1493 semetipso,
415 1458 451 1484 sic
466 1458 534 1484 dedit
551 1461 574 1483 et
589 1455 656 1483 Filio
671 1457 746 1482 vitam
762 1455 853 1482 habere
865 1454 892 1481 in
906 1454 1048 1488 semetipso.

296 1505 322 1533 5.
332 1504 418 1532 Patris
430 1509 454 1531 et
471 1503 533 1531 Filii
544 1501 833 1538 wqualitasJudicium,
842 1501 927 1532 vitam,
937 1508 1050 1527 resurre-

256 1552 366 1579 ctionem
374 1559 419 1578 cur
425 1550 540 1578 Christus
549 1557 615 1584 ηερε
625 1553 753 1575 memoret.
764 1547 862 1574 Paulus
871 1546 1051 1574 Samotatemts

257 1597 384 1633 quomodo
393 1597 471 1632 legat.
487 1595 551 1630 Quis
565 1596 596 1623 sit
606 1603 678 1622 verus
691 1594 790 1629 legendi
804 1593 948 1620 modus.—
957 1592 1049 1619 Viden‘

258 1643 393 1679 quomodo
407 1642 587 1677 aequalitatem
604 1641 721 1668 stabiliat
730 1660 737 1671 .
750 1644 777 1667 et
790 1639 859 1667 hanc
873 1639 957 1666 solam
971 1638 1050 1665 dilic-

258 1689 374 1717 rentiam
395 1693 511 1721 statuat,
524 1687 595 1722 quod
610 1694 679 1714 unus
699 1686 733 1713 sit
757 1686 836 1712 Pater
846 1706 853 1717 ,
867 1684 934 1711 alter
948 1684 1051 1711 Filius?

258 1736 324 1763 Nam
339 1743 390 1762 vox
401 1735 456 1767 illa,
473 1733 560 1766 Dedit,
576 1733 645 1760 hanc
659 1732 743 1760 solum
759 1731 958 1759 distinctionem
971 1729 1048 1757 indu-

259 1782 295 1810 sit
306 1790 313 1809 :
325 1786 421 1808 cetera
438 1787 501 1807 vero
520 1779 610 1807 omnia
631 1777 742 1813 aequalia
757 1781 784 1805 et
797 1777 870 1812 paria
884 1783 944 1804 esse
957 1780 1047 1803 osten—

261 1826 306 1857 Iit.
323 1825 399 1854 Unde
412 1825 494 1860 liquet
508 1831 568 1851 eum
585 1831 645 1851 eum
659 1822 752 1850 eadem
767 1826 897 1857 potestate
910 1826 936 1848 et
952 1821 1049 1848 virtute

256 1871 347 1899 omnia
361 1871 456 1902 facere,
472 1877 522 1905 qua
536 1870 624 1901 Pater,
640 1875 689 1896 nec
703 1867 809 1895 aliunde
824 1868 875 1894 vim
891 1867 962 1894 illam
991 1875 1048 1894 mu-

258 1922 356 1945 tuatus.
371 1916 408 1944 lla
422 1916 492 1943 enim
505 1915 584 1942 vitatu
599 1914 688 1948 habet,
703 1918 733 1941 ut
754 1913 842 1941 Pater.
860 1913 975 1948 Ideoque
988 1920 1049 1940 rur-

258 1971 304 1990 sus
318 1962 409 1997 adjicit
424 1961 449 1988 id
462 1960 667 1996 qund‘scquitur
679 1981 687 1993 ,
703 1963 732 1987 ut
751 1967 784 1987 ex
804 1959 855 1986 hoc
870 1958 933 1986 illud
950 1958 1049 1985 intelli-

257 2017 361 2044 gamus.
374 2007 442 2041 Quid
454 2007 518 2034 illud
529 2006 586 2035 est?
602 2006 635 2033 Et
650 2009 797 2041 potestatem
808 2005 876 2032 dedit
887 2005 910 2032 ei
919 2005 1048 2039 judicium

257 2056 350 2090 facere.
366 2054 399 2082 Et
412 2061 460 2082 cur
481 2053 704 2080 resurrectionem
724 2056 750 2079 et
768 2051 898 2086 judicium
920 2055 972 2077 tam
995 2049 1049 2076 fre-

258 2105 370 2136 quenter
383 2098 529 2127 memorat?
544 2097 617 2126 Sicut
636 2098 703 2124 enim
721 2096 800 2124 Pater
819 2096 922 2124 suscitat
937 2100 1049 2122 mortuos

259 2152 282 2172 et
294 2146 414 2180 uioiﬁcat,
427 2145 464 2172 sic
478 2149 502 2171 et
516 2143 600 2171 Filius
609 2151 672 2179 quos
685 2143 736 2170 vult
750 2143 871 2177 viviﬁcat;
886 2146 913 2169 et
926 2149 1029 2169 rursum
1041 2161 1048 2172 ,

259 2191 349 2226 Neque
360 2191 437 2218 Pater
445 2191 545 2226 jttdicat
556 2197 716 2225 quemquam,
727 2188 771 2216 sed
785 2196 858 2216 omne
867 2188 996 2223 judicium
1011 2188 1050 2214 de-

259 2238 297 2264 dit
314 2237 398 2270 Filio,-
413 2237 479 2264 iteru
491 2243 575 2271 nque,
591 2235 662 2262 Sicut
681 2234 759 2262 Pater
777 2234 850 2261 habet
875 2234 951 2260 vitam
970 2234 996 2260 in
1012 2242 1051 2260 tc-

259 2284 375 2319 metipsa,
387 2283 422 2309 ita
432 2282 500 2309 dedit
513 2287 534 2308 et
548 2281 614 2308 Filio
624 2281 701 2308 vitam
714 2280 804 2307 habere
817 2281 842 2306 in
855 2279 998 2314 semetipso;
1012 2283 1049 2312 et,

260 2329 312 2363 Qui
326 2328 429 2355 audient
444 2335 527 2354 vocem
544 2326 605 2353 Filii
621 2326 677 2358 Dei,
693 2326 789 2356 vivent;
804 2331 830 2352 et
844 2325 894 2352 ltoc
910 2325 982 2356 luco,
1000 2324 1050 2351 Po-

259 2380 372 2403 testatem
384 2374 406 2401 ei
422 2373 490 2400 dedit
503 2378 525 2400 et
535 2373 662 2407 judicium
676 2374 768 2406 facere.
783 2370 837 2398 Cur
847 2378 910 2406 ergo
927 2370 984 2397 luce
995 2370 1051 2397 irc-

258 2420 384 2456 quentius
397 2423 497 2452 versat,
513 2426 608 2453 nempe
619 2417 758 2452 judicium,
772 2418 864 2449 vitam,
879 2417 1050 2443 resurrectio-

260 2467 341 2494 nom?
355 2465 485 2499 Quoniam
501 2465 557 2491 lucc
568 2464 682 2490 maxime
692 2467 753 2489 sunt
764 2470 822 2497 quat
834 2462 873 2489 vel
887 2462 1050 2489 obstinatum

258 2512 408 2540 auditorem
422 2510 529 2538 ﬂectere
546 2509 656 2543 possint.
671 2508 721 2541 Qui
735 2508 804 2534 enim
819 2507 903 2534 credit
919 2515 947 2534 se
961 2515 1051 2534 resur-

260 2563 394 2585 I‘ECIUl‘lllll
407 2563 477 2587 8550,
490 2560 516 2583 et
529 2555 659 2582 scelerum
675 2561 767 2588 [ὶωοῧὸ
775 2553 896 2580 daturum
911 2562 918 2585 ς
930 2554 979 2580 ClSl
998 2561 1050 2580 non

258 2602 330 2630 aliud
343 2602 438 2630 viderit
451 2601 568 2636 signum,
585 2600 635 2627 hoc
650 2604 761 2633 accepto
776 2603 897 2626 accurrct
910 2598 978 2625 haud
1002 2598 1052 2625 du-

259 2649 315 2681 bie,
331 2652 359 2674 ut
373 2647 517 2682 propitium
531 2646 581 2674 sibi
595 2645 711 2680 judiccm
729 2645 832 2672 reddat.
853 2645 897 2671 27.
914 2644 981 2677 Quia
1002 2644 1050 2671 Fi-

260 2695 310 2721 lius
322 2693 430 2720 hominis
443 2698 489 2720 est.
502 2692 546 2719 28.
559 2692 635 2719 nolite
647 2692 694 2718 hoc
705 2691 837 2718 admirari.
854 2691 948 2718 l’aulus
959 2690 1052 2717 Samo-

258 2744 369 2767 satenus
380 2746 431 2765 non
440 2738 478 2765 sic
488 2737 564 2772 legit;
578 2737 623 2765 sed
632 2736 864 2772 quomodo?Dedit
874 2737 895 2763 ei
905 2740 1052 2771 potestatem

261 2785 385 2820 judicium
408 2784 489 2820 facere
499 2805 505 2817 ,
521 2785 580 2820 quia
595 2783 679 2811 Filius
695 2783 802 2810 hominis
817 2788 861 2810 est.
882 2783 980 2810 Verum
1002 2782 1053 2809 hoc

262 2832 298 2859 ita
319 2831 415 2858 lectum
430 2832 527 2858 nullam
549 2831 626 2859 habet
640 2830 889 2866 consequutionem.
903 2829 962 2857 Non
980 2830 1052 2858 enitn

294 2888 302 2904 ¹
321 2887 363 2912 Alii
376 2886 461 2919 legunt
474 2895 479 2912 :
494 2891 520 2912 In
527 2886 598 2918 jussu
607 2887 661 2919 Dei,
683 2886 708 2912 in
720 2885 845 2913 notissima
856 2885 921 2912 tuba.

621 165 649 194 S.
669 163 807 194 JOANNIS
819 158 1053 190 CHRYSOSTOMI
1074 156 1230 186 ARCHIEP.
1250 153 1516 184 CONSTANTIRUP.

1841 153 1893 180 Sil

1104 222 1298 258 ideojudicium
1305 222 1418 256 accepit,
1427 221 1488 256 quia
1497 219 1577 248 homo
1585 223 1623 248 est
1635 219 1765 254 :altoquin
1776 218 1838 254 quid
1848 219 1894 245 im-

1104 269 1207 305 pediret
1219 268 1361 303 quominus
1371 274 1465 294 omnes
1477 265 1599 294 homines
1608 265 1710 300 judices
1721 265 1832 292 essent?
1846 264 1892 291 sed

1103 315 1165 350 quia
1180 313 1319 341 incdabilis
1333 313 1403 340 illius
1414 312 1570 340 substantia)
1583 311 1664 339 Filius
1676 316 1728 343 est,
1741 311 1801 338 ideo
1811 310 1892 346 judcx

1103 364 1155 387 est.
1170 359 1206 386 Ita
1221 359 1300 394 igitur
1314 358 1465 394 legendum,
1481 358 1546 391 Quia
1563 357 1646 384 Filius
1660 357 1769 384 hominis
1782 362 1829 389 est,
1845 365 1893 383 no—

1104 405 1147 432 lite
1156 405 1202 432 Itoc
1212 405 1342 431 admirari.
1360 404 1425 431 Cum
1444 404 1579 432 videretur
1593 403 1758 431 auditoribus
1772 411 1894 438 pugnan-

1105 451 1139 478 tia
1161 450 1232 485 loqui
1245 470 1253 482 ,
1269 454 1295 477 et
1309 449 1374 477 nihil
1389 449 1460 477 aliud
1480 456 1559 484 quam
1575 456 1670 484 purum
1683 449 1818 476 hominem
1833 455 1894 476 esse

1104 496 1176 523 illum
1190 500 1323 531 putarent,
1338 495 1417 523 verba
1428 499 1517 522 autem
1530 501 1609 529 supra
1620 495 1766 527 hominem,
1781 495 1837 522 imo
1849 502 1895 521 su-

1104 549 1150 577 pra
1162 542 1271 577 angelos
1283 545 1383 574 essent,
1397 546 1425 568 et
1438 540 1522 568 solius
1537 541 1584 568 Dei
1595 549 1602 572 ;
1615 540 1683 568 hanc
1702 540 1808 568 solvens
1820 541 1895 574 obje-

1103 586 1219 614 ctionem
1243 586 1404 622 subjunxit:
1427 585 1514 614 Nolite
1533 586 1620 613 mirari
1643 586 1690 613 hoc
1704 606 1712 620 ,
1731 586 1791 619 quia
1810 585 1896 612 Filius

1104 633 1212 659 hominis
1226 637 1262 660 est
1277 640 1286 659 :
1298 633 1358 667 quia
1368 633 1433 659 venit
1447 633 1520 664 hora,
1533 633 1560 659 iu
1571 640 1622 667 qua
1634 639 1729 665 omnes,
1743 633 1788 667 qui
1801 632 1828 658 in
1842 640 1895 658 mo-

1103 678 1227 706 numentis
1239 682 1307 712 sunt,
1323 678 1425 706 audient
1437 686 1520 706 vocem
1536 679 1601 714 ejus;
1615 678 1659 706 29.
1672 682 1696 706 et
1708 679 1843 713 precedent
1854 679 1895 713 qui

1104 724 1169 751 bona
1182 725 1312 760 fecerunt,
1326 725 1352 751 in
1366 725 1573 752 resurrectionem
1594 725 1650 752 vita:
1663 733 1672 752 :
1686 725 1730 760 qui
1750 733 1809 753 vero
1828 727 1895 752 mala

1103 775 1225 805 egerunt,
1240 771 1267 798 in
1278 771 1485 799 resurrectionem
1493 770 1597 805 iudicii.
1615 771 1649 798 Et
1675 779 1723 799 cur
1737 779 1790 798 non
1805 771 1871 798 dixit
1885 792 1892 804 ,

1103 815 1190 843 Nolite
1201 816 1301 849 mirari,
1316 816 1376 851 quia
1391 815 1474 844 Filius
1488 816 1604 844 hominis
1617 816 1745 844 estinam
1758 817 1837 844 etiam
1854 816 1896 843 Fi.

1104 863 1156 890 lius
1174 863 1222 890 Dei
1242 868 1303 896 est;
1325 862 1372 891 sed
1394 864 1618 891 resurrectionem
1637 864 1815 890 memorat-it?
1835 863 1892 890 iam

1104 908 1168 936 illud
1190 916 1269 944 supra
1290 913 1434 944 posuerat,
1451 908 1541 936 dicens
1567 918 1574 936 ς
1595 908 1706 936 Audierit
1726 916 1810 936 vocem
1833 907 1894 936 Filii

1105 954 1162 982 Dei.
1180 954 1257 988 Quod
1272 955 1295 982 si
1311 954 1354 982 hic
1372 954 1437 982 illttd
1451 954 1551 987 tacuit,
1573 961 1607 982 ne
1626 954 1742 981 mireris.
1754 954 1821 981 Nam
1835 961 1894 981 cum

1103 1007 1171 1035 opus
1185 1000 1283 1028 dixerit
1302 999 1373 1035 quod
1387 1000 1442 1027 Deo
1453 1000 1589 1035 proprium
1602 1003 1676 1033 erat,
1692 998 1755 1026 hinc
1775 998 1893 1026 inferen-

1104 1045 1167 1073 dum
1188 1045 1354 1072 auditoribus
1373 1045 1517 1080 relinquit,
1532 1045 1618 1079 ipsum
1638 1051 1700 1072 esse
1723 1047 1750 1071 et
1768 1043 1852 1071 Deum
1865 1048 1894 1071 et

1105 1092 1151 1120 Dei
1166 1092 1272 1120 Filium.
1287 1091 1353 1119 Nam
1366 1092 1387 1118 si
1402 1091 1427 1119 id
1438 1090 1591 1126 frequenter
1600 1090 1720 1124 dixisset,
1735 1090 1794 1118 illos
1807 1089 1840 1117 ad
1853 1097 1894 1117 re-

1105 1137 1274 1173 pugnandum
1286 1138 1457 1170 concitasset;
1469 1144 1502 1164 ex
1513 1136 1647 1164 miraculis
1662 1143 1726 1163 vero
1738 1135 1895 1170 eomprolta.

1104 1190 1159 1212 tum
1183 1185 1269 1212 minus
1291 1184 1410 1211 odiosam
1430 1183 1578 1211 doctrinam
1597 1182 1736 1210 reddebat.
1761 1181 1828 1208 Nam
1849 1182 1893 1216 qui

1104 1231 1274 1266 syllogismos
1284 1233 1409 1261 nectunt,
1421 1229 1514 1264 positis
1528 1227 1753 1263 propositionibus
1767 1234 1827 1262 qua:
1836 1234 1892 1253 rem

1103 1276 1226 1310 probent,
1241 1282 1312 1310 saepe
1326 1274 1525 1302 conclusionem
1540 1281 1593 1300 non
1607 1272 1732 1304 aderunt;
1750 1271 1797 1299 sed
1812 1271 1892 1298 bene-

1104 1321 1278 1348 volentiorem
1301 1320 1363 1347 hinc
1377 1319 1427 1346 sibi
1441 1319 1591 1346 auditorem
1610 1317 1741 1349 reddunt,
1757 1321 1785 1344 et
1805 1317 1894 1352 splen-

1103 1366 1233 1393 didiorem
1244 1365 1363 1393 referunt
1376 1365 1524 1405 victoriam,
1536 1364 1599 1391 dum
1612 1363 1792 1391 adversarium
1806 1363 1893 1397 ipsum

1103 1417 1202 1447 cogunt
1222 1412 1380 1439 sententiam
1400 1411 1471 1439 terre
1494 1417 1572 1445 quam
1599 1409 1693 1437 volunt
1710 1418 1717 1437 :
1735 1409 1770 1436 ita
1795 1413 1824 1436 ut
1847 1409 1892 1443 qui

1104 1464 1249 1493 praesentes
1262 1462 1324 1485 sunt
1337 1458 1420 1493 ipsam
1435 1457 1496 1484 ideo
1508 1457 1599 1484 statim
1610 1455 1816 1491 amplectantur.
1826 1454 1893 1482 Cum

1103 1511 1182 1539 porro
1205 1503 1297 1530 Lazari
1319 1502 1543 1531 resurrectionem
1566 1501 1744 1533 memoravit,
1764 1499 1892 1535 judicium

1104 1550 1193 1583 tacuit;
1209 1556 1262 1576 non
1273 1549 1343 1576 enim
1357 1548 1407 1576 hac
1416 1547 1451 1575 de
1460 1554 1540 1575 causa
1555 1547 1697 1574 suscitatus
1705 1553 1745 1573 cst
1757 1545 1892 1573 Lazarus:

1102 1603 1162 1623 cum
1170 1599 1260 1623 autem
1267 1594 1301 1622 de
1314 1593 1456 1622 universali
1470 1593 1676 1624 resurrectione,
1689 1591 1715 1619 id
1725 1591 1832 1626 adjecit,
1844 1598 1894 1618 eos

1101 1642 1146 1678 qui
1157 1642 1225 1670 bona
1239 1646 1350 1677 egerunt
1364 1641 1447 1668 ituros
1460 1640 1487 1668 in
1502 1639 1728 1668 resurrectionem
1749 1637 1810 1665 vita:
1823 1646 1831 1671 ;
1847 1638 1892 1672 qui

1103 1696 1166 1716 vero
1179 1688 1245 1715 mala
1258 1707 1265 1720 ,
1279 1688 1306 1714 in
1321 1686 1546 1714 resurrectionem
1555 1685 1658 1720 judicii.
1675 1685 1719 1712 Sic
1731 1690 1758 1711 et
1772 1683 1894 1711 Jomnes

1101 1734 1249 1762 auditorem
1263 1733 1386 1761 excitavit
1397 1753 1405 1766 ,
1418 1732 1546 1767 judicium
1563 1738 1731 1764 memorans,
1752 1735 1779 1758 et
1800 1730 1894 1758 dicem

1101 1788 1162 1808 eum
1176 1781 1220 1816 qui
1235 1788 1288 1807 non
1301 1779 1387 1808 credit
1401 1780 1426 1806 in
1439 1779 1553 1810 Filium,
1571 1785 1624 1805 non
1640 1778 1756 1805 visurum
1777 1784 1838 1804 esse
1854 1776 1893 1803 vi-

1103 1833 1154 1855 tam
1166 1847 1173 1858 ,
1186 1827 1232 1854 sed
1248 1827 1314 1854 iram
1326 1827 1372 1854 Dei
1386 1833 1538 1854 mansuram
1552 1832 1613 1853 esse
1626 1832 1707 1859 super
1720 1832 1780 1852 eum
1795 1824 1891 1859 (Joan.

1101 1874 1128 1901 5.
1143 1873 1199 1908 56).
1212 1873 1257 1900 Sic
1274 1877 1301 1900 et
1317 1872 1462 1900 Nicodemo
1474 1871 1540 1899 dixit
1556 1880 1562 1898 :
1578 1870 1627 1904 Qui
1641 1870 1720 1898 credit
1733 1870 1760 1897 in
1775 1869 1871 1897 Filium
1884 1890 1891 1903 ,

1102 1927 1151 1946 non
1169 1919 1303 1954 judicatur
1316 1926 1325 1945 :
1339 1918 1382 1953 qui
1396 1923 1481 1945 autent
1501 1925 1552 1944 non
1576 1917 1654 1943 credit
1668 1938 1675 1950 ,
1686 1917 1742 1952 jam
1760 1917 1893 1951 judicatus

1102 1969 1139 1992 est
1152 1964 1232 1999 (Ibid.
1250 1965 1277 1992 5.
1290 1963 1349 2000 18).
1364 1964 1409 1991 Sic
1419 1968 1446 1992 et
1458 1963 1508 1991 hoe
1520 1963 1579 1991 loco
1593 1967 1620 1990 et
1628 1962 1720 1997 judieii
1733 1967 1760 1989 et
1771 1962 1894 1996 supplicii

1102 2010 1240 2042 meminit,
1260 2009 1339 2036 malis
1356 2009 1460 2037 actibus
1479 2009 1610 2043 deputati.
1631 2008 1698 2041 Quia
1719 2009 1790 2035 enim
1813 2015 1892 2042 supra

1101 2055 1215 2086 dixerat.
1231 2055 1281 2088 Qui
1294 2055 1364 2082 audit
1378 2054 1452 2082 verba
1462 2063 1525 2087 mea,
1538 2059 1562 2081 et
1571 2054 1650 2081 credit
1664 2054 1686 2080 ei
1698 2053 1742 2089 qui
1753 2061 1792 2080 me
1805 2053 1872 2079 misit
1883 2073 1891 2084 ,

1102 2110 1152 2129 non
1159 2102 1290 2136 judicatur
1302 2110 1310 2128 :
1322 2109 1355 2129 ne
1365 2102 1424 2136 quis
1438 2105 1511 2136 putet
1521 2101 1571 2128 hoc
1579 2101 1613 2128 ad
1623 2100 1735 2128 salutem
1746 2101 1812 2127 satis
1822 2108 1890 2130 esse.

1103 2149 1164 2175 vita:
1176 2147 1307 2175 rationem
1319 2147 1402 2179 addit,
1421 2147 1469 2180 Qui
1483 2147 1548 2174 bona
1562 2151 1674 2182 egerunt,
1690 2146 1717 2173 in
1730 2148 1892 2173 resurrectio-

1103 2201 1159 2220 nem
1172 2193 1246 2225 citw;
1256 2193 1298 2226 qui
1309 2192 1386 2226 mala,
1398 2193 1423 2220 in
1438 2192 1645 2220 resurrectionem
1651 2192 1752 2227 judicii.
1762 2192 1892 2225 Quoniam

1104 2241 1184 2276 igitur
1198 2240 1302 2267 dixerat
1313 2244 1398 2267 totum
1412 2240 1504 2267 orbem
1518 2239 1569 2275 ipsi
1581 2240 1713 2267 rationem
1727 2239 1892 2267 redditurum

1104 2293 1163 2313 esse
1174 2305 1181 2318 ,
1200 2289 1228 2313 et
1240 2292 1334 2313 omnes
1344 2293 1359 2312 ll
1373 2292 1439 2313 νοω
1449 2286 1507 2320 ejus
1521 2292 1580 2313 esse
1600 2290 1798 2313 resurrecturos
1809 2306 1816 2318 ,
1837 2293 1893 2313 l’Clll

1104 2336 1176 2358 certe
1197 2338 1292 2358 novam
1305 2351 1313 2364 ,
1336 2332 1562 2366 inexspectatum,
1584 2335 1612 2359 et
1633 2339 1648 2358 a
1671 2331 1763 2359 multis
1776 2331 1893 2359 nondum

1104 2377 1232 2404 creditam
1245 2398 1253 2410 ,
1271 2378 1304 2405 ab
1322 2377 1353 2404 iis
1371 2377 1451 2404 etiam
1470 2377 1516 2412 qui
1536 2377 1681 2404 credidisse
1693 2377 1834 2410 videntur,
1850 2385 1895 2404 ne-

1104 2422 1166 2450 dum
1181 2430 1196 2450 a
1208 2423 1308 2450 Judzeis
1322 2432 1329 2456 ;
1343 2422 1403 2450 audi
1418 2431 1471 2458 quo
1484 2427 1561 2458 pacto
1583 2422 1641 2450 hazc
1657 2422 1775 2457 proterat
1789 2423 1895 2450 audito-

1104 2475 1164 2494 rum
1179 2468 1324 2495 inﬁrmitati
1337 2475 1366 2496 se
1381 2472 1574 2504 attemperans.
1585 2467 1630 2495 30.
1648 2467 1708 2494 Non
1730 2477 1833 2502 possunt
1853 2478 1896 2503 ego

1105 2522 1120 2540 a
1140 2514 1233 2550 "teipse
1246 2516 1328 2549 facere
1342 2514 1487 2549 quidquam.
1503 2514 1574 2541 Sicut
1586 2515 1672 2548 audio,
1686 2515 1786 2550 judico,
1813 2521 1837 2542 et
1854 2517 1897 2550 ju-

1106 2560 1199 2586 dicium
1215 2568 1296 2586 nteuut
1312 2561 1412 2594 justum
1426 2565 1463 2587 est
1475 2581 1482 2593 ,
1501 2560 1560 2594 quia
1574 2568 1623 2586 non
1635 2568 1720 2595 quwro
1742 2560 1896 2587 l‘DllllllttlL‘!'t

1106 2615 1196 2638 nteant,
1207 2607 1251 2633 sed
1259 2605 1410 2633 voluntatem
1421 2607 1475 2642 ejus
1486 2606 1528 2641 qui
1539 2606 1604 2633 misit
1616 2614 1665 2633 me.
1676 2607 1756 2640 Atqui
1772 2615 1828 2634 non
1841 2615 1898 2642 pan

1107 2659 1167 2678 vum
1181 2652 1236 2686 jam
1258 2651 1368 2679 dederat
1392 2652 1597 2679 resurrectionis
1613 2657 1802 2687 argumentum
1816 2673 1823 2685 ,
1838 2661 1897 2679 cum

1106 2698 1279 2732 paralyticum
1305 2698 1418 2725 sanavit.
1447 2697 1563 2732 Ideoque
1583 2706 1635 2724 non
1656 2703 1717 2724 ante
1731 2698 1765 2725 de
1779 2706 1904 2725 resurre-

1107 2743 1196 2770 ctione
1209 2743 1333 2778 loquutus
1348 2748 1399 2775 est,
1413 2751 1492 2778 quant
1506 2743 1558 2770 hoc
1569 2742 1688 2776 iecisset,
1702 2744 1772 2778 quod
1786 2752 1800 2771 a
1813 2752 1897 2771 resur-

1108 2790 1227 2816 rectione
1242 2797 1294 2815 non
1309 2789 1422 2816 tntillum
1434 2789 1525 2816 aberat
1537 2798 1544 2817 :
1557 2789 1686 2824 judicium
1701 2797 1766 2816 vero
1783 2795 1842 2824 post
1855 2799 1896 2817 cu-

1108 2839 1195 2862 ratum
1207 2841 1304 2869 corpus
1319 2834 1498 2861 subindicavit
1512 2835 1551 2861 Itis
1567 2835 1657 2862 verbis
1671 2843 1678 2861 :
1695 2834 1762 2862 Ecce
1772 2844 1852 2862 sanus
1860 2837 1898 2870 fu.

1108 2887 1161 2908 ctus
1175 2890 1215 2914 es;
1225 2881 1282 2917 jam
1300 2881 1352 2909 noli
1364 2889 1486 2917 peccare,
1500 2889 1531 2907 ne
1541 2881 1650 2909 deterius
1668 2881 1712 2908 tibi
1725 2882 1825 2915 aliquid
1838 2889 1895 2907 con-
