2041 3113
233 182 287 210 925

233 237 322 271 tingat.
340 236 464 263 Attamen
478 241 505 263 et
525 235 617 262 Lazari
636 239 663 262 et
683 236 755 264 orbis
777 241 906 264 terrarum
921 245 1013 266 resur-

232 282 376 309 rectionem
393 281 521 315 prmdicit.
536 279 570 307 Et
583 281 644 315 quia
660 280 740 309 hasce
754 282 821 310 duas
842 284 1015 310 resurrectio-

233 337 280 356 nes
295 328 419 363 praedixit
432 348 439 360 ,
455 327 547 355 Lazari
560 335 619 363 qua:
633 335 694 355 mox
716 328 804 356 futura
817 333 891 362 erat,
905 333 930 357 et
943 329 1015 357 orbis

230 380 358 401 terrarum
367 373 412 401 diu
427 378 519 407 postea
532 372 648 401 futuram
661 381 668 406 ;
683 374 775 402 Lazari
788 375 1012 402 resurrectionem

229 427 275 454 per
286 419 456 454 paralyticnm
471 418 579 451 indicat,
590 419 783 454 quamprimum
798 419 922 451 futuram,
941 419 1013 446 Venit

228 467 290 491 liora
299 470 322 491 et
333 472 399 491 nunc
409 469 445 491 est
456 473 466 497 ;
480 464 657 491 universalem
671 468 760 491 autem
769 472 802 491 ex
817 464 909 492 Lazari
924 472 1013 492 resur-

228 512 358 544 rectione,
369 518 416 545 per
423 519 455 538 ea
468 519 526 546 qua:
540 510 609 537 facta
622 510 736 543 fuerant,
746 510 862 538 nondum
877 516 950 546 gesta
962 511 1013 538 sub

226 559 317 586 oculos
329 558 473 585 adducens.
482 557 558 591 Quod
570 557 655 591 ipsum
669 557 764 592 ubique
777 557 864 585 iacere
874 557 1009 585 videmus:

223 604 286 631 dum
307 603 374 630 duas
386 603 429 630 vel
445 607 499 630 tres
512 602 698 637 praedictiones
719 603 858 637 proponit,
873 607 901 629 et
923 601 1009 629 futura

222 657 254 676 ex
268 648 349 683 gestis
361 647 498 674 credibilia
514 646 612 674 reddit.

257 705 283 732 ι.
300 705 422 731 Attamen
438 703 479 731 his
493 703 570 730 dictis
582 707 661 738 atque
678 703 778 738 gestis,
793 703 854 738 quia
867 703 907 730 iIli
922 703 1008 731 imbe-

221 750 356 778 cilliores‘
389 753 480 782 erant,
512 748 569 776 haec
590 756 642 775 non
663 749 728 775 satis
750 748 858 781 habuit,
879 748 925 776 sed
948 749 1008 776 aliis

220 803 325 830 quoque
337 795 423 822 allatis
434 794 539 821 illorum
550 793 720 828 pertinaciam
731 795 742 810 ²
752 795 881 828 reprimit,
895 794 1004 822 dicens:

222 841 281 867 Non
296 848 396 875 pouunt
411 848 426 865 a
439 840 534 873 meipso
552 841 635 874 facere
653 839 800 874 quidquam.
824 839 894 867 Sicut
912 839 1003 872 audio,

218 887 314 922 judico,
330 890 353 913 et
369 885 493 921 judicium
513 893 594 913 meum
602 885 700 920 justum
718 889 765 916 est.
779 886 838 919 quia
853 893 901 912 non
920 893 1005 921 quturo

219 932 369 958 voluntatem
389 939 487 965 meum,
507 932 551 959 sed
565 931 718 959 voluntatem
733 932 787 968 ejus
805 932 849 968 qui
866 932 932 958 misit
955 940 1003 959 me.

217 977 283 1009 Quia
296 978 366 1004 enim
380 977 467 1004 aliena
479 977 600 1012 quaedam
612 982 638 1004 et
659 985 674 1004 a
695 977 832 1012 prophetis
845 977 948 1005 diversa
960 977 1004 1004 di-

216 1029 278 1051 cere
293 1022 430 1050 videbatur
449 1022 507 1058 (illi
527 1023 623 1058 quippe
637 1022 761 1050 dicebant
780 1023 863 1051 Deum
881 1031 941 1051 esse
958 1022 1001 1058 qui

214 1069 313 1103 judieat
327 1074 423 1096 terrain
436 1075 553 1101 omnem,
568 1069 618 1097 hoc
630 1073 681 1101 est,
695 1077 778 1104 genus
797 1069 949 1097 humanum.
970 1070 1002 1097 Et

198 1149 201 1153 Ι
216 1114 266 1140 hoc
280 1114 360 1142 David
375 1115 472 1150 ubique
486 1115 621 1150 prtedicat,
634 1114 762 1142 Judicabit
773 1118 879 1150 populos
889 1116 914 1143 in
924 1117 1001 1152 tuqui-

215 1165 264 1187 tate
277 1159 367 1196 [Ρειιι.
382 1161 428 1189 95.
443 1160 506 1197 10];
521 1165 548 1188 et
560 1181 567 1193 ,
582 1161 649 1188 Deut
667 1161 747 1197 judea:
761 1162 864 1196 justus,
884 1162 956 1197 [ortis
977 1168 1001 1190 et

214 1205 310 1238 ναιὶεηε
325 1205 413 1242 [Ρεαι.
431 1207 455 1233 7.
474 1205 542 1242 12];
566 1206 740 1240 similiterque
756 1214 850 1234 omnes
864 1206 1000 1242 propheta:

212 1257 240 1277 ct
253 1251 356 1286 Moyses
372 1261 379 1279 :
394 1252 513 1280 Christus
528 1260 590 1279 vero
604 1252 718 1285 dicebat,
734 1251 812 1279 Pater
824 1253 946 1280 neminem
954 1253 999 1288 ju-

211 1298 296 1330 dicat,
309 1298 352 1325 sed
361 1298 486 1333 judicium
499 1298 568 1325 dedit
584 1297 670 1330 Filio;
690 1298 753 1326 illud
774 1305 837 1326 vero
851 1298 998 1326 auditorem

210 1343 331 1371 indceum
359 1344 464 1372 turbare
489 1349 610 1379 poterat,
643 1344 821 1379 inducereque
851 1349 879 1371 ut
906 1344 997 1372 Jesum

212 1390 267 1417 Deo
279 1390 459 1418 adversarium
478 1390 677 1425 suspicaretur)
693 1398 701 1418 :
722 1390 764 1417 hic
776 1389 918 1417 admodum
937 1397 998 1418 sese

208 1435 327 1468 dimittit,
339 1440 465 1470 quantum
478 1435 579 1462 scilicet
593 1434 758 1462 imbecillitas
778 1442 870 1462 eorum
882 1434 997 1469 postula-

210 1480 265 1513 bat,
282 1485 310 1508 ut
323 1481 497 1515 perniciosam
514 1480 582 1508 hanc
595 1480 771 1515 suspicionem
785 1480 910 1508 radicitus
922 1481 995 1508 avel-

208 1526 287 1558 lcrct,
300 1526 405 1561 aitque,
426 1526 481 1561 Ego
495 1534 544 1553 non
560 1534 662 1561 possunt
681 1534 698 1552 a
711 1526 806 1560 meipso
827 1526 909 1560 facere
922 1527 996 1561 quid-

206 1579 300 1604 quam;
314 1571 339 1598 id
354 1575 396 1598 est
406 1591 414 1604 ,
431 1571 501 1598 Nihil
515 1571 629 1598 alienum
640 1591 647 1604 ,
661 1570 811 1604 diversum,
832 1570 902 1606 qunti
917 1571 995 1598 Pater

207 1617 286 1648 nolit,
304 1623 320 1643 a
334 1623 376 1644 me
389 1615 486 1643 factum
499 1616 622 1644 videbitis
632 1636 639 1649 ,
655 1615 697 1643 vel
711 1616 810 1643 dictum
823 1616 946 1643 audietis.
962 1616 994 1643 Et

205 1670 266 1688 eum
281 1661 352 1696 prius
365 1660 470 1694 dixerit,
484 1661 568 1689 Filius
580 1661 696 1688 hominis
710 1666 749 1689 cst
761 1681 769 1694 ,
791 1661 852 1696 quia
873 1661 909 1688 illi
932 1669 993 1689 eum

206 1714 301 1741 purum
314 1706 448 1733 hominem
462 1713 521 1734 esse
534 1706 738 1739 arbitrabantur,
755 1706 814 1734 ideo
827 1706 871 1733 illa
885 1706 991 1740 adjecit.

205 1752 240 1780 lit
253 1760 318 1786 ergo
333 1760 414 1787 supra
425 1760 486 1779 cum
502 1752 620 1786 diceret,
641 1752 716 1784 Quod
734 1753 890 1785 audivimus,
913 1752 992 1787 loqui-

203 1807 272 1830 mur,
288 1803 311 1825 et
324 1798 391 1833 quod
404 1799 521 1830 uidimus,
538 1802 675 1830 testamur;
689 1803 716 1825 et
731 1798 856 1832 Joannes,
872 1799 946 1832 Quod
957 1798 996 1825 υἱ-

202 1845 256 1877 dit,
273 1849 385 1877 testatur,
398 1849 421 1871 et
434 1844 601 1871 testimonium
612 1845 667 1879 ejus
677 1852 749 1871 nemo
759 1844 865 1879 accipit;
876 1845 909 1872 dc
920 1849 990 1871 certa

202 1891 319 1926 loquitur
331 1891 482 1926 cognitione
496 1890 530 1917 ad
545 1895 703 1925 utrumque,
720 1897 773 1917 non
787 1897 849 1917 vero
864 1889 991 1924 simplici.

202 1942 244 1964 ter
256 1937 289 1965 de
302 1937 392 1964 auditu
407 1941 434 1964 et
446 1936 480 1964 de
494 1937 552 1963 visu
565 1944 572 1962 :
587 1936 622 1963 ita
636 1940 663 1963 et
675 1935 718 1963 hic
732 1944 779 1971 per
794 1935 911 1963 auditum
926 1935 990 1963 nihil

199 1983 272 2010 aliud
285 1983 424 2017 signiﬁcat,
438 1990 516 2018 quam
531 1990 583 2010 non
598 1989 676 2017 posse
690 1990 718 2010 se
734 1982 803 2009 aliud
819 1982 897 2016 velle,
911 1989 989 2017 quam

199 2029 272 2063 quod
285 2029 342 2056 vnlt
361 2028 449 2055 Pater.
470 2027 522 2055 Sed
538 2027 563 2054 id
584 2034 636 2054 non
658 2027 693 2054 ita
714 2027 784 2054 clare
803 2026 869 2054 dixit
888 2026 991 2063 (neque

199 2074 272 2101 enim
288 2073 356 2101 ferre
372 2073 517 2108 potuissent
531 2073 553 2100 si
567 2076 658 2108 aperte
669 2072 817 2108 dixisset);
832 2080 924 2100 verum
938 2071 991 2107 quo

200 2119 297 2154 pacto?
313 2119 461 2146 Admodum
479 2119 595 2147 demisso
615 2123 643 2146 et
662 2118 780 2146 humano
799 2126 874 2146 more
892 2128 899 2145 :
919 2118 991 2146 Sicut

198 2165 287 2196 audio,
298 2165 398 2199 judico.
414 2164 471 2192 Non
485 2164 518 2192 de
528 2164 647 2192 doctrina
657 2164 700 2191 hic
711 2164 812 2198 agitur;
824 2171 909 2199 neque
919 2165 989 2192 enim

198 2211 282 2243 dicit,
304 2209 379 2238 Sient
390 2210 501 2243 doccor,
516 2209 562 2237 sed
573 2229 581 2242 ,
596 2209 669 2237 Sicut
682 2209 759 2236 audio
773 2217 783 2236 :
799 2216 850 2236 non
863 2208 933 2244 quod
947 2216 990 2236 au-

199 2256 257 2283 ditu
273 2260 350 2291 egeat
364 2265 371 2283 :
387 2263 438 2284 non
453 2256 533 2284 modo
547 2263 598 2283 non
621 2255 742 2284 doctrina
753 2276 761 2288 ,
775 2255 821 2284 sed
844 2263 878 2283 ne
899 2255 989 2282 auditu

198 2303 306 2337 quidem
322 2303 473 2337 indigebat;
487 2302 534 2330 sed
547 2302 717 2330 concordiam
737 2302 851 2335 indicat,
873 2306 901 2329 et
920 2301 988 2329 idem

198 2349 285 2382 ipsum
298 2347 445 2382 judicium,
460 2355 492 2374 ac
505 2348 528 2375 si
542 2347 642 2374 diceret
657 2355 663 2372 ι
679 2346 716 2373 Ila
729 2347 819 2381 judico
832 2354 863 2374 ac
876 2347 898 2373 si
912 2346 990 2373 Pater

199 2395 256 2428 ipse
269 2394 409 2429 iudiearet.
425 2394 520 2421 Postea
534 2393 625 2428 adjicit
641 2402 647 2420 :
664 2392 697 2419 Et
711 2393 768 2420 novi
781 2392 849 2428 quod
861 2392 989 2428 judicium

199 2448 282 2466 meum
290 2440 390 2474 justum
403 2444 453 2472 est,
473 2439 533 2474 quia
554 2447 605 2466 non
623 2446 707 2474 quaero
721 2438 873 2465 voluntatem
889 2446 988 2472 nteant,

198 2485 243 2512 sed
256 2485 408 2512 voluntatem
422 2485 476 2519 ejus
489 2484 532 2519 qui
549 2484 614 2510 misit
630 2491 677 2510 me.
693 2482 761 2517 Quid
774 2483 857 2511 dicis?
873 2483 989 2511 habesne

198 2530 311 2557 alterunt
326 2537 404 2565 quam
417 2530 497 2558 Pater
511 2529 692 2557 voluntatem?
709 2529 787 2563 Atqui
801 2528 862 2556 alibi
875 2528 964 2556 dixisti
981 2537 988 2556 :

199 2576 273 2603 Sicut
291 2584 337 2610 ego
350 2580 373 2602 et
387 2581 414 2602 tu
427 2583 505 2602 unum
518 2583 623 2608 sumus;
637 2579 663 2602 et
676 2581 791 2606 rursum,
807 2574 841 2601 de
853 2574 989 2602 voluntate

197 2625 226 2648 et
239 2621 381 2648 concordia
395 2621 506 2655 loquens
521 2628 527 2646 :
542 2619 583 2646 Da
595 2619 630 2646 eis
644 2623 671 2646 ut
685 2623 708 2645 et
721 2618 770 2653 ipsi
783 2618 809 2645 in
828 2618 898 2645 nobis
911 2626 989 2645 unum

197 2665 263 2696 sint,
288 2665 339 2692 hoc
359 2669 416 2698 est,
440 2664 466 2692 in
489 2664 541 2692 tide
560 2669 659 2691 nostra.
676 2663 767 2691 Viden‘
786 2671 817 2690 ea
832 2671 891 2696 qua:
905 2663 988 2697 magis

199 2710 307 2737 humilia
318 2710 452 2742 videntur,
464 2709 605 2737 sublimem
617 2715 724 2736 sensum
734 2709 867 2736 occultum
878 2708 987 2736 habere?

197 2755 274 2789 Quod
289 2763 354 2790 ergo
367 2755 533 2788 subindicat,
549 2755 599 2782 hoc
613 2759 654 2782 est
675 2763 683 2782 :
704 2753 820 2782 ostendit
838 2761 891 2780 non
909 2753 987 2780 aliam

197 2808 259 2828 csse
274 2800 360 2828 Patris
373 2801 536 2828 voluntatem
546 2820 553 2833 ,
566 2807 645 2836 quam
659 2807 750 2832 suam;
766 2799 812 2826 sed
829 2798 876 2833 Ita,
893 2798 986 2834 inquit,

231 2856 239 2872 ¹
258 2855 339 2887 ξιοτιεΙ.
353 2855 422 2887 legit,
434 2856 574 2883 crassiores.

231 2887 241 2902 ³
257 2884 325 2911 Idem
339 2884 420 2917 hab'et,
433 2886 619 2919 impudentiam,
633 2893 684 2919 pro,
698 2885 862 2918 pertinaciam.

692 180 723 207 IN
741 180 898 210 JOANNEM
916 182 1028 211 IIO.\IIL.
1051 182 1170 212 XXXIX.
1191 187 1226 213 aI.
1247 186 1388 216 XXXVIII.

1801 198 1856 228 326

1071 247 1121 268 una
1136 246 1177 268 est
1193 249 1249 269 mea
1263 248 1290 270 et
1305 243 1399 278 Patris,
1419 250 1448 273 ut
1467 246 1544 275 unius
1559 248 1639 277 animi
1660 251 1781 281 voluntas
1801 263 1852 283 una

1069 289 1119 329 est.
1132 284 1186 313 Nec
1200 287 1303 315 mireris
1317 288 1340 316 si
1353 295 1450 318 tantam
1467 291 1536 319 dicat
1548 295 1770 329 conjunctionem.
1787 299 1852 329 Nam

1068 328 1101 357 de
1115 330 1209 364 spiritu
1226 339 1331 367 quoque
1348 334 1441 362 eodem
1461 336 1556 366 Paulus
1575 340 1696 376 exemplo
1715 342 1796 371 utitur
1810 345 1851 373 di-

1067 382 1130 426 cens
1170 376 1233 426 Qui:
1245 377 1291 404 scit
1305 378 1432 407 hominum
1447 389 1503 415 qua:
1515 389 1574 411 sunt
1591 385 1716 422 hominis,
1736 389 1785 416 nisi
1796 392 1851 426 api.

1066 420 1128 447 ritus
1141 421 1248 449 hominis
1260 423 1302 457 qui
1314 424 1339 450 in
1353 424 1408 459 ipso
1421 428 1476 454 est!
1489 427 1501 454 Ι
1506 433 1530 454 ta
1542 434 1566 456 et
1579 438 1635 464 qua
1647 431 1694 460 Dei
1706 420 1765 461 sunt
1778 420 1851 464 utine

1065 465 1142 497 novit,
1156 466 1203 514 nisi
1215 466 1383 514 SApiritusrrliei
1395 470 1431 504 (I.
1445 471 1502 499 Cor.
1516 473 1543 499 2.
1558 474 1613 508 il).
1625 476 1694 505 Nihil
1705 486 1768 514 ergo
1777 481 1849 509 aliud

1063 518 1142 559 quam
1156 511 1206 538 hoc
1218 511 1282 539 dicit
1298 522 1304 540 ε
1321 513 1378 540 Non
1398 520 1437 542 cst
1456 516 1519 544 mihi
1541 518 1661 548 voluntas
1679 511 1770 552 alia‘et
1785 533 1848 560 pro-

1063 555 1119 588 pria
1134 563 1212 590 quam
1227 565 1285 591 quae
1299 558 1384 586 Patris
1395 564 1436 587 est
1451 562 1517 601 :rscd
1532 563 1553 589 si
1569 564 1630 597 quid
1649 565 1693 594 ille
1707 555 1848 601 vuln-hoc

1062 604 1089 625 et
1100 607 1149 634 ego
1160 601 1233 634 volo;
1245 603 1302 629 etsi
1315 603 1375 638 quid
1388 611 1447 639 ego,
1459 600 1509 633 hoc
1521 611 1548 633 et
1558 607 1609 634 ille.
1621 600 1846 643 Quemadmodum

1061 652 1124 680 ergo
1137 645 1243 674 Patretn
1258 655 1336 675 nemo
1349 649 1526 684 reprehendet
1542 652 1703 687 judicantem
1714 676 1721 689 ,
1741 656 1777 685 ita
1797 667 1846 687 nec

1061 697 1104 717 mc
1117 699 1125 716 :
1141 698 1174 717 cx
1189 691 1280 719 eadem
1293 693 1391 728 quippe
1403 697 1532 723 sententia
1546 701 1655 733 uterque
1668 700 1784 730 calculus
1794 703 1846 731 {er-

1060 738 1111 761 tur.
1128 735 1203 769 Quod
1217 737 1238 763 si
1255 737 1310 765 haec
1323 738 1365 766 ille
1379 739 1495 768 lmmano
1514 749 1588 770 more
1601 743 1732 778 loquatur,
1747 754 1781 774 ne
1794 749 1844 776 ml-

1059 780 1126 806 rcris
1149 789 1156 808 :
1180 789 1240 808 nam
1263 782 1334 809 illum
1357 783 1490 812 hominem
1512 794 1606 821 purum
1629 796 1688 816 esse
1707 791 1842 824 putabant.

1057 824 1234 857 Quamobrem
1245 827 1270 854 in
1282 828 1411 856 similibus
1422 836 1527 864 oportet
1539 839 1591 859 non
1605 832 1673 860 dicta
1686 835 1782 868 solutn,
1797 837 1843 865 sed

1057 874 1083 896 ct
1098 871 1233 898 hominum
1248 872 1399 908 opinionem
1412 876 1587 910 perpendere,
1603 882 1629 905 et
1643 880 1847 914 responsionem,

1055 917 1129 950 quasi
1151 918 1296 946 secundum
1319 919 1389 947 illam
1408 921 1560 955 opinioncnt
1581 923 1669 952 datam
1694 926 1815 962 accipere
1833 937 1841 955 :

1055 962 1170 997 alioquin
1186 964 1267 991 multa
1280 971 1455 1000 sequerentur
1467 967 1591 996 absurda.

1090 1006 1122 1033 In
1147 1007 1246 1036 Christo
1265 1011 1323 1037 duce
1336 1010 1474 1039 voluntates
1485 1033 1492 1044 ,
1518 1014 1653 1048 quomodo.
1665 1029 1701 1036 --
1711 1016 1840 1045 Animad-

1053 1057 1128 1080 verte
1139 1073 1146 1086 ,
1163 1061 1271 1088 qlueso;
1286 1054 1371 1087 dixit,
1389 1055 1449 1083 Non
1472 1065 1557 1092 quem
1576 1058 1729 1087 voluntatem
1744 1069 1837 1090 meam.

1053 1099 1122 1134 Ergo
1137 1099 1186 1126 alia
1202 1103 1243 1126 est
1264 1100 1321 1134 ejus
1335 1101 1457 1128 voluntas
1469 1121 1476 1134 ,
1502 1106 1529 1129 et
1543 1102 1621 1138 longe
1641 1103 1770 1139 inferior;
1790 1114 1840 1134 nec

1053 1145 1131 1172 modo
1146 1144 1264 1179 inferior,
1280 1145 1327 1175 sed
1343 1145 1423 1173 etiam
1439 1154 1492 1174 non
1508 1152 1560 1175 tam
1574 1149 1656 1176 utilis.
1670 1150 1736 1178 Nam
1757 1151 1779 1178 si
1793 1159 1838 1179 sa-

1050 1190 1142 1218 lutaris
1157 1196 1244 1226 esset,
1256 1198 1282 1220 et
1295 1193 1317 1220 si
1329 1198 1488 1221 consultaret
1501 1201 1561 1221 cum
1577 1195 1714 1224 voluntate
1733 1197 1835 1231 Patris,

1050 1243 1097 1263 cur
1106 1237 1177 1264 illam
1189 1246 1241 1265 non
1249 1239 1366 1273 quieris?
1377 1239 1503 1269 Homines
1511 1240 1608 1277 quippe
1618 1241 1677 1275 jure
1688 1242 1738 1271 hoc
1750 1243 1837 1278 ipsum

1050 1283 1174 1317 dixerint,
1189 1289 1216 1310 nt
1229 1284 1272 1320 qui
1285 1285 1382 1313 multas
1396 1286 1510 1315 habeant
1521 1289 1670 1316 voluntates
1681 1294 1778 1322 praeter
1790 1289 1839 1318 Dei

1049 1328 1183 1362 placinnn.
1198 1329 1237 1356 Tu
1251 1337 1314 1357 vero
1329 1338 1379 1365 qua
1393 1331 1426 1359 de
1438 1339 1517 1360 causa
1535 1333 1574 1361 sic
1588 1333 1713 1369 loqueris,
1728 1334 1773 1371 qui
1789 1342 1836 1371 per

1048 1374 1137 1400 omnia
1160 1374 1231 1402 Patri
1252 1375 1346 1403 similis
1371 1376 1423 1404 es?
1449 1378 1505 1405 Hoc
1528 1379 1598 1405 enim
1626 1380 1736 1407 verbum
1756 1389 1835 1408 netno

1047 1419 1144 1447 dixerit
1158 1427 1218 1447 esse
1244 1420 1292 1447 viri
1310 1421 1442 1454 accurati,
1457 1426 1484 1448 et
1503 1423 1547 1457 qui
1569 1424 1711 1453 cruciﬁxus
1736 1425 1780 1453 sit.
1806 1427 1834 1454 Si

1047 1472 1161 1500 namque
1174 1466 1272 1493 Paulus
1284 1467 1319 1493 ita
1340 1474 1368 1494 se
1379 1468 1507 1495 voluntati
1522 1469 1568 1496 Dei
1581 1470 1695 1505 copulat,
1711 1476 1738 1498 ut
1752 1471 1832 1506 dicat,

1050 1509 1111 1538 Viuo
1125 1516 1207 1538 autent
1227 1513 1283 1546 jam
1302 1521 1350 1539 non
1363 1521 1418 1548 ego,
1445 1514 1502 1540 vivit
1524 1521 1580 1541 vero
1606 1515 1633 1541 in
1659 1523 1697 1542 nte
1720 1516 1833 1544 Christus

1045 1554 1116 1589 (Gal.
1136 1555 1163 1582 2.
1187 1556 1394 1591 20),quomodo
1415 1558 1533 1586 omnium
1563 1559 1690 1587 Dominus
1716 1551 1830 1594 dixerit,

1045 1599 1106 1627 Non
1124 1609 1210 1634 quwro
1232 1602 1384 1629 voluntatem
1401 1610 1491 1636 meam,
1505 1603 1550 1630 sed
1569 1605 1623 1638 ejut
1636 1605 1680 1639 qui
1694 1605 1761 1633 misit
1782 1614 1831 1638 me,

1044 1652 1075 1673 ac
1085 1646 1107 1674 si
1117 1647 1167 1674 alia
1180 1646 1224 1674 sit.
1233 1646 1301 1680 Quid
1312 1655 1376 1683 ergo
1386 1648 1435 1675 sibi
1448 1649 1606 1683 vult?Quasi
1615 1649 1696 1677 homo
1704 1650 1832 1686 loquitur,

1043 1696 1070 1717 et
1083 1691 1226 1718 secundum
1241 1691 1392 1719 auditorum
1405 1693 1570 1727 opinionem.
1581 1694 1646 1722 Cum
1661 1695 1732 1722 enim
1751 1703 1832 1731 supc-

1044 1736 1098 1763 rins
1113 1736 1163 1763 alia
1178 1741 1206 1763 ut
1220 1736 1298 1769 Deus,
1313 1737 1364 1765 alia
1379 1743 1407 1765 ut
1420 1737 1500 1765 homo
1510 1738 1608 1766 dixisse
1622 1739 1830 1773 demonstretur,

1043 1789 1134 1809 rursus
1158 1786 1187 1809 ut
1212 1782 1292 1809 homo
1312 1782 1368 1810 haec
1382 1782 1481 1818 profert
1501 1787 1528 1811 et
1540 1784 1587 1816 ait,
1601 1783 1731 1811 Iudicium
1750 1793 1836 1813 meum

1038 1829 1137 1863 justum
1159 1833 1204 1855 est.
1219 1828 1253 1856 Et
1265 1829 1335 1856 unde
1349 1828 1400 1856 hoc
1414 1829 1517 1864 liquet?
1532 1829 1599 1862 Quia
1615 1838 1665 1857 non
1687 1838 1772 1865 quwro
1786 1839 1830 1858 vo—

1044 1874 1165 1901 luutatem
1177 1882 1259 1901 nteant
1268 1894 1275 1907 ,
1288 1873 1333 1901 sed
1345 1874 1497 1901 uoluntatem
1517 1875 1571 1909 ejus
1584 1874 1627 1909 qui
1641 1875 1708 1904 misit
1723 1883 1770 1902 me.
1786 1875 1830 1903 Si-

1043 1924 1088 1947 ent
1101 1920 1172 1948 enim
1190 1920 1279 1951 homo,
1294 1919 1338 1954 qui
1351 1920 1384 1947 ab
1402 1919 1497 1947 aﬂ‘ectu
1512 1919 1579 1947 liber
1593 1924 1650 1953 est,
1670 1928 1723 1948 non
1739 1925 1830 1956 potest

1039 1965 1112 2000 justo
1126 1965 1244 1992 accusari
1265 1964 1336 2000 quod
1360 1970 1456 1999 prmter
1470 1965 1508 1992 las
1524 1965 1682 2000 indicaverit
1698 1975 1705 1993 :
1720 1967 1760 1994 sic
1782 1974 1832 1994 nec

1042 2019 1085 2039 me
1094 2011 1150 2046 jam
1165 2011 1284 2046 poteritis
1296 2011 1503 2046 reprehendere.
1514 2011 1580 2038 Nam
1591 2011 1636 2046 qui
1649 2012 1705 2039 vult
1716 2019 1762 2039 sua
1776 2016 1830 2040 stav

1042 2056 1134 2090 bilire,
1147 2056 1208 2090 jure
1219 2055 1342 2083 fortassis
1355 2056 1382 2083 in
1395 2056 1573 2090 suspicionem
1586 2057 1683 2089 veniat,
1696 2058 1766 2092 quod
1781 2059 1830 2086 hac

1042 2101 1075 2128 dc
1089 2108 1166 2128 causa
1180 2101 1310 2135 justitiam
1337 2101 1559 2136 pessumdederit.
1576 2102 1626 2136 Qui
1637 2110 1701 2130 vero
1714 2111 1761 2131 sua
1776 2112 1830 2130 non

1042 2147 1157 2182 respicit,
1173 2154 1224 2181 qua
1236 2147 1268 2174 de
1282 2154 1362 2174 causa
1379 2154 1432 2174 non
1445 2147 1517 2182 jnste
1530 2148 1660 2175 calculum
1673 2148 1759 2176 ferat?
1774 2149 1830 2177 Iloc

1041 2193 1129 2226 itaque
1142 2191 1281 2218 ratiocinio
1293 2199 1352 2227 quat
1365 2191 1398 2218 ad
1413 2199 1455 2219 me
1468 2196 1590 2226 spectant
1601 2193 1750 2228 explorate.
1762 2193 1828 2221 Nam

1041 2238 1064 2264 si
1077 2238 1192 2265 dicerem
1207 2244 1249 2264 me
1263 2244 1316 2264 non
1330 2244 1345 2263 a
1359 2237 1437 2264 Patre
1451 2238 1560 2265 missum
1573 2245 1635 2265 esse
1645 2258 1652 2270 ,
1675 2244 1726 2266 nec
1739 2243 1830 2273 gesto-

1041 2291 1099 2311 rum
1120 2283 1230 2318 glorian
1253 2282 1286 2310 ad
1301 2282 1374 2309 illum
1399 2282 1545 2315 referrem,
1575 2287 1692 2311 vestrum
1717 2283 1830 2312 fortasse

1040 2332 1171 2367 quispiam
1185 2332 1374 2366 suspicaretur,
1389 2338 1432 2359 me
1443 2331 1634 2366 jactabundum
1648 2339 1711 2359 vera
1723 2339 1776 2359 non
1786 2331 1828 2359 di-

1040 2384 1102 2404 cere
1117 2385 1124 2404 :
1138 2377 1161 2404 si
1183 2381 1272 2404 autem
1297 2377 1374 2404 alteri
1389 2380 1417 2404 et
1431 2384 1489 2412 quae
1503 2376 1571 2404 facta
1587 2381 1647 2404 sunt
1663 2377 1760 2410 refero,
1781 2385 1829 2404 cur

1041 2423 1110 2450 dicta
1125 2423 1168 2450 illa
1190 2427 1313 2458 suspecta
1338 2422 1478 2450 habeatis?
1492 2422 1584 2450 Viden'
1602 2430 1655 2458 quo
1677 2430 1833 2450 sermonem

1041 2468 1196 2502 deduxerit,
1217 2473 1244 2497 et
1257 2469 1326 2497 unde
1336 2469 1464 2504 judicium
1480 2477 1557 2497 suum
1568 2469 1669 2504 justum
1683 2477 1743 2497 esse
1757 2477 1829 2497 assc-

1041 2514 1103 2542 rat?
1117 2513 1192 2542 Unde
1207 2514 1330 2542 videlicet
1342 2515 1427 2549 quivis
1440 2522 1456 2542 e
1466 2515 1545 2550 vulgo
1556 2514 1736 2542 defensionem
1750 2521 1831 2549 parat

1041 2565 1092 2588 ret.
1104 2559 1197 2587 Vidcn‘
1210 2560 1280 2595 quod
1295 2568 1367 2595 saepe
1380 2560 1452 2594 dixi,
1465 2560 1601 2595 quomodo
1620 2561 1692 2588 clare
1706 2560 1827 2594 resplene

1042 2605 1122 2632 deat?
1149 2605 1218 2639 Quid
1258 2605 1322 2633 illud
1349 2610 1391 2633 est
1423 2605 1494 2640 quod
1521 2605 1596 2633 dixi?
1626 2605 1699 2632 Illam
1726 2609 1833 2633 tantaru-

1041 2651 1182 2678 verborum
1205 2650 1382 2678 humilitatem
1403 2657 1475 2677 sanae
1489 2650 1587 2678 mentis
1599 2650 1751 2678 hominibus
1764 2657 1827 2678 sua-

1041 2695 1116 2728 dere,
1132 2704 1165 2723 ne
1173 2695 1244 2723 dicta
1256 2696 1344 2723 statim
1354 2695 1387 2722 ad
1401 2695 1491 2722 intima
1504 2695 1664 2731 deprimant.
1678 2695 1725 2723 sed
1740 2695 1831 2730 potius

1043 2742 1068 2768 in
1085 2741 1265 2768 sublimiorem
1286 2747 1393 2768 sensum
1409 2739 1528 2773 ducant;
1544 2740 1598 2767 imo
1612 2740 1657 2775 qui
1676 2739 1731 2775 jam
1754 2739 1827 2767 humi

1042 2792 1154 2823 repunt,
1170 2787 1231 2814 hinc
1245 2786 1371 2822 paulatim
1387 2786 1420 2813 ad
1432 2785 1527 2813 altiora
1543 2785 1621 2813 facile
1633 2785 1825 2821 provehantur.

1079 2835 1184 2862 Morulis
1198 2833 1338 2861 exhortatio
1348 2833 1382 2860 ad
1392 2832 1527 2869 prudentia
1540 2832 1616 2859 simul
1628 2835 1650 2859 et
1663 2831 1826 2865 simplicitate

1043 2881 1170 2908 utendum.
1183 2881 1288 2914 Quando
1297 2880 1353 2907 alii!
1359 2884 1461 2915 peccata
1468 2886 1516 2906 non
1525 2875 1757 2911 dimittimutmobis
1765 2873 1830 2908 ipsis
