2041 3113
193 184 248 211 927

191 250 242 268 non
251 240 409 268 dimittimus.
424 237 580 265 Condonatio
593 235 746 271 injuriarum
757 255 765 267 ,
780 233 901 264 Charitas,
917 232 983 259 elec-

192 294 345 321 mosynaque
359 283 576 311 commendantur.
588 296 623 302 -—-
636 280 699 308 Haec
717 280 805 308 omnia
818 278 964 313 cogitantes
975 298 982 310 ,

190 338 292 366 qumso,
308 338 342 357 ne
355 329 424 357 dicta
436 333 685 363 prmtercurramus,
700 325 747 354 sed
758 329 883 352 accurate
892 323 983 351 omnia

191 376 360 411 exploremus
370 395 378 408 ,
392 377 419 401 et
431 380 540 400 causam
553 372 592 400 sic
605 371 729 407 loquendi
743 370 841 405 ubique
856 369 983 397 conside-

191 427 303 448 remus:
318 427 404 455 neque
426 422 550 454 putemus
569 422 611 445 sat
633 416 710 444 nobis
732 415 767 443 ad
785 415 983 443 excusationem

189 475 251 496 esse
267 466 445 502 ignorantiam
465 470 493 493 et
506 464 713 500 simplicitatem.
729 462 820 498 Neque
832 462 903 490 enim
920 461 984 489 sim-

191 513 274 547 plices
285 515 387 540 tantum
399 512 479 546 jussit
489 518 559 544 esse,
571 510 617 538 sed
628 510 708 538 etiam
722 508 865 544 prudentes
877 507 983 543 (Matth.

194 559 235 586 t0.
251 559 284 586 t6
295 559 316 594 ).
329 557 441 586 Utamur
453 565 517 593 ergo
531 557 712 591 simplicitate,
729 555 776 583 sed
791 562 851 582 cum
866 554 984 588 pruden-

191 606 237 636 tia,
255 609 308 632 tam
319 604 347 632 in
357 604 489 637 doctrina,
503 610 581 638 quam
595 603 621 630 in
634 602 759 637 operibus
773 610 779 634 ;
795 605 822 628 et
832 600 908 628 nobis
921 601 985 636 ipsis

190 652 234 685 jus
248 651 378 683 dicamus,
393 655 485 677 utnon
500 653 561 676 tunc
572 657 632 676 cum
646 648 697 676 hoc
708 648 807 675 mundo
816 647 983 675 damnentur.

192 696 272 724 'l'ales
288 704 338 723 nos
357 703 420 731 erga
434 702 528 723 servos
540 699 646 722 nostros
669 693 844 721 exhibeamus
857 713 864 726 ,
879 692 983 728 qualem

191 742 319 770 volumus
330 749 392 776 erga
413 748 462 768 nos
480 747 540 768 esse
555 740 696 767 Dominum
712 744 843 766 nostrum.
861 738 964 764 Dimitte
975 757 983 770 ,

195 787 290 823 inquit,
305 787 376 814 nobis
389 787 472 814 debila
484 791 583 819 nostra,
596 786 659 812 sicut
681 790 704 812 et
724 793 769 812 nos
782 784 928 811 dimittimus
942 784 985 811 dc-

193 834 313 861 bitoribus
326 834 417 861 nostris
432 833 536 867 (Matt/1.
551 834 577 860 6.
595 831 658 868 12).
671 832 734 860 Scio
747 831 854 866 quidem
868 831 984 858 animam

193 879 304 914 injurias
318 887 370 907 non
384 886 460 914 aequo
470 879 562 906 animo
574 878 644 905 ferre
656 886 664 910 ;
680 877 727 905 sed
741 878 762 904 si
775 877 922 912 cogitemus
936 883 985 904 nos

194 933 246 952 non
262 925 367 953 lazdcnti
379 944 387 958 ,
403 924 450 952 sed
470 923 547 951 nobis
560 924 624 958 ipsis
647 923 681 950 ita
698 923 837 950 consulere
848 943 856 955 ,
871 921 924 949 cito
939 922 986 949 ira:

195 979 326 999 venenum
337 971 503 1006 abjiciemus.
520 970 585 998 Nam
599 970 643 1006 qui
656 974 765 997 centum
777 968 901 996 denarios
911 968 986 995 debi-

195 1017 246 1044 tori
260 1025 312 1044 non
327 1015 451 1049 remisit,
470 1023 523 1043 non
538 1023 695 1043 conservum
708 1015 776 1042 la-sit
787 1035 794 1047 ,
809 1014 855 1042 sed
868 1014 984 1048 scipsum

197 1067 305 1091 centum
321 1062 435 1090 millium
451 1062 611 1089 talentorum
623 1082 631 1094 ,
645 1069 704 1095 qua:
723 1060 773 1088 sibi
789 1060 861 1095 prius
874 1060 985 1087 remissa

196 1109 299 1136 fuerant
312 1129 319 1141 ,
335 1108 485 1136 debitorem
505 1107 630 1135 reddidit.
644 1107 711 1135 Cum
725 1114 789 1141 ergo
803 1106 865 1133 aliis
875 1113 926 1133 non
946 1106 986 1133 di-

194 1155 338 1188 mittimus,
351 1154 428 1182 nobis
441 1161 494 1181 non
505 1153 675 1181 dimittimus.
686 1152 725 1180 Ne
736 1159 801 1188 ergo
815 1157 915 1179 tantum
932 1151 987 1178 Deo

197 1201 318 1229 dicamus
331 1222 338 1232 ,
353 1200 391 1228 Ne
407 1200 561 1228 memineris
583 1203 692 1234 peccata
715 1203 821 1230 nostra;
844 1197 891 1225 sed
905 1198 985 1225 etiam

195 1246 273 1274 nobis
293 1246 360 1281 ipsis
384 1246 478 1281 singuli
493 1246 615 1273 dicamus
627 1266 634 1277 ,
650 1244 688 1273 Ne
710 1245 908 1272 meminerimus
922 1251 987 1271 con-

194 1299 333 1319 servorum
350 1296 468 1326 peccata.
481 1291 545 1318 Nam
562 1295 590 1318 tu
605 1291 678 1325 prior
691 1290 717 1317 in
734 1295 759 1317 te
771 1290 899 1324 iustitiam
910 1297 986 1317 exer-

194 1344 240 1364 ces
251 1357 263 1370 λ
276 1337 338 1364 hinc
351 1337 471 1371 sequitur
492 1336 571 1364 Deus.
589 1336 630 1362 Tu
653 1335 737 1371 legem
752 1335 847 1363 scribis
862 1335 895 1362 dc
909 1335 985 1362 venia

195 1387 225 1412 ct
237 1390 327 1418 poma,
339 1387 366 1410 et
380 1382 413 1410 de
427 1383 468 1410 his
483 1382 536 1410 fers
550 1382 720 1410 sententiam.
733 1382 803 1418 Ergo
815 1389 896 1417 penes
910 1385 935 1409 te
946 1386 987 1409 est

197 1433 227 1455 ut
249 1428 321 1456 Deus
334 1433 503 1462 peccatorum
528 1432 632 1455 tuorum
650 1427 691 1455 vel
705 1427 861 1455 recordetur
874 1427 913 1455 vel
933 1435 986 1455 non

195 1473 358 1503 recordetur.
377 1473 437 1501 Ideo
452 1473 549 1500 Paulus
561 1473 696 1501 dimittere
707 1472 793 1508 jubet,
809 1473 831 1500 si
843 1473 902 1508 quis
915 1473 988 1507 quid-

196 1521 265 1554 piam
284 1519 412 1547 adversus
431 1519 513 1547 alium
536 1518 653 1551 habeat,
669 1526 719 1546 nec
733 1517 814 1546 modo
833 1518 965 1545 dimittere
977 1538 985 1551 ,

194 1565 245 1593 sed
259 1565 295 1592 ita
310 1569 337 1592 ut
352 1572 403 1592 nec
419 1564 538 1600 reliquiae
551 1568 677 1591 maneant
693 1562 805 1600 (Colon.
824 1564 850 1591 5.
865 1563 928 1599 15).
943 1563 986 1591 Si-

194 1609 301 1645 quidem
315 1609 438 1637 Christus
452 1616 503 1636 non
515 1609 595 1636 modo
607 1614 715 1645 peccata
729 1613 820 1636 nostra
831 1608 857 1635 in
869 1608 985 1636 medium

194 1663 251 1683 non
258 1654 346 1682 attulit
356 1663 365 1688 -,
374 1654 420 1682 sed
433 1662 519 1690 neque
531 1661 580 1681 nos
592 1654 744 1688 peccavisse
756 1654 985 1688 commemoravit,

194 1708 281 1736 neque
293 1700 369 1733 dixit,
384 1700 441 1728 llac
454 1704 481 1727 et
493 1699 579 1728 hacin
594 1707 624 1728 re
638 1700 753 1735 peccasti
765 1708 772 1733 ;
784 1699 830 1727 sed
846 1699 946 1727 dimisit
960 1704 985 1728 et

194 1746 293 1774 delevit
316 1745 544 1780 chirographum,
571 1753 621 1772 nec
645 1750 753 1781 peccata
780 1746 932 1779 recensuit,
958 1750 987 1772 ut

195 1791 293 1819 Paulus
315 1790 457 1826 significat.
484 1790 541 1818 Hoc
564 1795 591 1818 ct
613 1797 662 1817 nos
685 1789 833 1817 faciamus:
849 1790 936 1817 omnia
952 1797 985 1818 ex

194 1842 284 1866 mente
305 1838 443 1865 deleamus
459 1837 549 1873 (Ibid.
565 1837 592 1864 2.
615 1836 676 1873 M).
694 1836 722 1865 Si
744 1837 808 1872 quid
822 1837 884 1864 boni
907 1838 941 1865 ab
953 1844 986 1864 eo

193 1885 237 1919 qui
253 1891 302 1911 nos
314 1884 381 1911 licsit
395 1883 541 1911 admissum
554 1883 643 1916 fuerit,
655 1883 706 1910 hoc
714 1883 800 1911 solum
814 1888 983 1918 reputemus;

193 1931 215 1957 si
235 1929 379 1957 molestum
392 1934 418 1957 ct
438 1929 562 1957 odiosum
575 1929 712 1964 quidpiam
722 1950 729 1962 ,
745 1929 883 1964 cjiciamus
897 1933 924 1956 et
936 1929 985 1956 de-

192 1976 297 2003 leamus
308 1996 315 2008 ,
337 1980 366 2003 ut
380 1983 413 2003 ne
428 1967 568 2010 vestigium
584 1975 690 2010 quidem
706 1979 852 2002 remaneat.
872 1974 946 2009 Quod
962 1974 986 2003 si

193 2022 258 2049 nihil
273 2022 334 2049 boni
350 2029 412 2057 erga
429 2029 478 2049 nos
493 2022 589 2056 egerit,
605 2025 678 2048 tanto
693 2021 779 2055 major
792 2021 869 2048 nobis
883 2020 984 2047 condo-

191 2067 316 2095 nantibus
331 2075 434 2095 merces
455 2071 479 2094 ct
494 2067 551 2094 laus
564 2067 625 2094 erit.
640 2066 691 2093 Alii
705 2066 800 2102 vigiliis
811 2070 838 2093 et
851 2066 924 2093 humi
939 2074 985 2093 cn-

192 2113 293 2145 ltaudo,
307 2113 432 2147 tnilleque
446 2112 670 2139 maceratiunibus
683 2116 790 2145 peccata
803 2112 921 2146 expiant;
937 2111 985 2138 tibi

191 2158 312 2186 faciliore
325 2158 378 2191 via,
391 2157 549 2193 injuriarum
562 2165 659 2191 ncmpe
673 2158 808 2185 oblivione
819 2157 882 2184 licet
893 2157 983 2184 omnia

191 2203 346 2238 abstergerc
361 2203 473 2230 scelera.
490 2202 544 2230 Cur
557 2207 649 2230 contra
664 2207 692 2229 te
704 2202 819 2237 gladium
835 2207 863 2229 ut
876 2204 984 2230 insanus

191 2253 218 2276 et
231 2247 322 2276 tinens
336 2248 473 2281 admoves,
491 2253 570 2283 teque
587 2255 604 2275 a
617 2247 703 2274 futura
719 2247 771 2274 vita
784 2247 906 2282 expellis,
923 2255 983 2274 cum

191 2293 259 2322 nihil
270 2300 326 2322 non
337 2293 424 2321 facere
436 2297 584 2328 oporteret,
595 2296 623 2319 ut
635 2293 706 2320 illam
717 2292 908 2327 consequaris?
918 2293 983 2320 Nam

189 2339 212 2366 si
227 2345 347 2374 pratsens
359 2338 412 2366 vita
423 2338 460 2367 ita
474 2338 663 2366 desiderabilis
679 2343 721 2365 est
733 2359 740 2371 ,
755 2337 817 2374 quid
831 2338 864 2366 dc
877 2338 921 2366 illa
944 2339 984 2366 di-

189 2385 263 2414 xeris
273 2405 281 2419 ,
298 2385 370 2413 unde
384 2385 486 2420 aufugit
500 2384 588 2412 omnis
601 2383 679 2411 dolor
691 2405 699 2417 ,
715 2391 834 2418 mmror,
848 2385 963 2419 gemitus
973 2406 981 2418 ,

190 2431 234 2459 ubi
253 2438 304 2458 nec
318 2431 412 2459 mortis
427 2430 508 2457 timor
519 2450 527 2463 ,
551 2436 601 2456 nec
615 2429 687 2456 ullus
699 2430 828 2458 bonorum
845 2430 903 2458 finis
927 2439 984 2458 me—

190 2477 324 2505 tuendus?
336 2477 426 2510 Beati,
435 2481 475 2504 ter
490 2475 640 2511 saepiusque
653 2476 733 2509 beati,
747 2477 789 2512 qui
803 2477 845 2504 illa
860 2477 983 2505 fruuntur

192 2528 277 2555 sorte,
292 2527 321 2550 ut
335 2522 428 2550 miseri
442 2526 535 2557 terque
546 2526 573 2548 et
585 2522 683 2556 sa-pius
697 2522 797 2555 miseri,
811 2524 854 2558 qui
866 2524 908 2552 illa
922 2532 982 2553 sese

191 2569 297 2602 privant
323 2567 499 2596 beatitudine.
517 2566 620 2601 Ecquid
633 2588 641 2600 ,
666 2567 771 2603 inquies
783 2588 790 2600 ,
815 2569 887 2596 illam
904 2571 980 2599 nobis

189 2614 269 2642 vitam
284 2613 419 2648 acquirit?
434 2612 502 2641 Audi
517 2613 606 2647 ipsmn
616 2613 733 2647 judiccm
745 2615 907 2644 adolescenti
921 2617 976 2644 cui—

721 2659 913 2666 Ἠ

190 2752 232 2779 51.
255 2751 285 2778 Si
304 2759 349 2786 ego
369 2750 533 2778 testimonium
555 2751 672 2787 per/tibeo
693 2752 724 2779 de
741 2752 851 2787 meipso,
868 2754 980 2781 testimo-

224 2798 294 2824 nium
322 2805 402 2824 meum
430 2805 479 2825 non
505 2802 541 2825 est
572 2805 665 2824 verum.
693 2797 737 2825 52.
771 2799 842 2825 Alius
875 2804 910 2826 est
937 2801 979 2832 qui

223 2842 391 2868 tealinwttiuttt
411 2843 521 2877 per/libet
535 2844 566 2870 de
580 2852 637 2877 me,
654 2849 677 2871 et
696 2845 747 2871 scio
762 2844 820 2880 quia
835 2853 919 2872 verum
943 2853 978 2874 est

227 2888 392 2918 tulintmtium
405 2889 471 2924 Ejus.

558 178 587 206 S.
607 175 745 205 JOANNIS
763 174 1001 203 CHRYSOSTOM’I
1022 174 1180 202 ARCIIIEP.
1200 174 1464 203 CONSTANTINOP.

1776 177 1829 206 2‘28

1041 232 1111 266 piam
1134 232 1185 260 hac
1204 232 1237 260 de
1253 241 1282 260 re
1305 233 1467 268 loquentem.
1486 234 1545 269 lluo
1566 243 1680 270 namque
1697 243 1805 271 rogante
1818 259 1826 268 .

1042 277 1109 310 Quid
1119 278 1235 311 faciendo
1243 279 1319 306 vitam
1329 284 1448 306 (sternam
1460 281 1590 315 possidebo
1600 281 1706 317 (Matth.
1719 283 1761 311 i9.
1771 283 1829 318 l6)?

1039 323 1144 350 ca-teris
1167 324 1312 358 praemissis
1335 324 1458 353 Christus
1471 327 1633 362 praeceptis,
1661 328 1687 355 in
1709 335 1828 356 amorem

1038 368 1156 404 proximi
1177 369 1266 397 desiit.
1280 370 1316 397 At
1329 370 1442 399 fortasse
1461 372 1612 400 auditorum
1626 372 1758 409 quispiam
1770 394 1778 408 ,
1800 379 1830 402 nt

1037 413 1112 440 dives
1125 413 1170 441 ille
1183 434 1191 447 ,
1209 413 1308 442 dixerit
1321 435 1330 448 ,
1347 415 1410 443 llaec
1427 423 1476 443 nos
1489 417 1670 451 servavimus;
1685 426 1736 446 non
1750 418 1830 446 furati

1037 466 1147 492 sumus,
1163 467 1215 488 non
1231 461 1389 496 occidimus,
1403 469 1457 490 non
1471 463 1597 491 mmchati
1611 472 1713 493 sumus.
1730 465 1829 494 Verum

1038 506 1088 535 hoc
1100 507 1190 535 dicere
1203 515 1255 535 non
1272 509 1381 544 poteris,
1396 513 1421 536 te
1434 509 1584 544 proximum
1599 514 1628 537 ut
1639 511 1779 545 oportebat
1790 512 1831 540 di-

1037 553 1146 582 lexisse.
1163 554 1228 582 Nam
1243 555 1284 582 vel
1301 555 1406 583 invidus
1420 555 1505 589 fuisti,
1522 556 1566 584 vel
1586 557 1728 585 maledicta
1742 562 1830 593 protu-

1038 599 1103 633 listi,
1119 599 1160 627 vel
1176 599 1240 628 laeso
1252 607 1330 636 opem
1346 609 1399 628 non
1413 601 1508 635 tulisti,
1520 603 1563 630 vel
1572 602 1606 630 de
1618 603 1696 631 bonis
1711 611 1763 631 non
1775 604 1830 632 lar-

1038 645 1108 679 gitus
1123 652 1170 679 es,
1186 653 1239 673 non
1253 645 1381 674 dilexisti.
1399 647 1498 675 Verum
1514 655 1567 676 non
1589 648 1639 676 hoc
1653 649 1739 677 solum
1750 650 1830 685 jussit

1037 690 1172 724 Christus,
1185 692 1232 719 scd
1245 696 1273 720 et
1285 692 1367 720 aliud.
1381 692 1449 727 Quid
1464 693 1549 720 illud?
1568 693 1653 721 Vende
1669 696 1754 722 omnia
1774 704 1832 730 qui:

1038 737 1130 770 habet,
1149 743 1173 765 et
1188 738 1221 765 da
1239 739 1391 774 pauperibus
1401 759 1409 773 ,
1429 743 1452 766 et
1471 742 1542 772 vent,
1556 748 1657 774 nequere
1668 749 1707 767 me
1722 741 1829 776 (Matth.

1039 782 1083 810 l9.
1099 783 1130 810 2|
1146 782 1168 819 ).
1183 783 1263 817 Sequi
1274 783 1421 816 Christum.
1438 785 1535 812 imitari
1546 785 1681 813 Christum
1694 785 1737 814 hic
1749 786 1832 821 signi-

1039 829 1109 856 ficat.
1121 829 1189 863 Quid
1199 829 1262 857 hinc
1273 830 1419 858 discimus?
1429 830 1529 865 Primo,
1542 838 1603 859 eum
1614 832 1659 866 qui
1672 831 1730 859 hate
1740 832 1831 860 omnia

1038 883 1092 902 non
1107 875 1203 909 habet,
1219 881 1318 904 sortem
1333 876 1405 904 illam
1420 884 1472 904 non
1489 884 1569 912 posse
1581 885 1641 905 cum
1658 878 1752 912 primis
1765 885 1831 906 con-

1038 921 1123 955 sequi.
1140 920 1205 948 Cum
1221 920 1334 949 dixisset
1347 922 1418 949 enim
1433 922 1489 955 ille,
1505 922 1598 950 Omnia
1613 922 1679 956 feci,
1694 931 1725 950 ac
1738 924 1759 951 si
1774 931 1832 950 ma-

1037 974 1118 1001 gnum
1133 967 1269 1002 quidpiam
1284 967 1390 995 deesset
1404 968 1437 995 ad
1449 968 1637 1003 perfectionem
1648 990 1655 1002 ,
1670 970 1707 997 ait
1722 979 1730 997 :
1747 970 1780 998 Si
1793 972 1831 998 vis

1038 1013 1165 1047 perfectus
1174 1020 1236 1046 esse,
1247 1013 1323 1040 vende
1333 1014 1417 1040 omnia
1427 1022 1484 1048 qua:
1493 1014 1578 1046 habes,
1590 1019 1612 1042 et
1623 1015 1656 1041 da
1667 1015 1830 1050 pauperibus,

1037 1063 1062 1084 et
1074 1059 1138 1091 ueni,
1149 1066 1251 1093 sequere
1265 1067 1314 1086 me.
1330 1059 1387 1087 Hoc
1402 1060 1491 1095 itaque
1504 1061 1590 1095 primo
1601 1061 1757 1089 discendum
1771 1067 1830 1096 est;

1038 1105 1167 1139 secundo,
1184 1105 1255 1141 quod
1271 1106 1344 1134 illum
1358 1106 1456 1134 frustra
1469 1107 1653 1135 venditantem
1665 1116 1694 1136 se
1706 1116 1830 1144 coargue-

1038 1151 1082 1178 rit.
1099 1151 1149 1184 Qui
1165 1152 1236 1179 enim
1251 1152 1277 1179 in
1290 1156 1361 1180 tanta
1372 1152 1450 1187 copia
1467 1160 1556 1180 rerum
1570 1157 1639 1186 erat,
1656 1158 1682 1181 et
1696 1161 1830 1188 pauperes

1037 1198 1244 1232 contemnebat,
1270 1206 1322 1234 quo
1339 1204 1418 1234 pacto
1440 1199 1589 1234 proximum
1605 1199 1749 1227 dilexerit?
1771 1200 1831 1228 Non

1038 1250 1100 1270 vera
1115 1251 1180 1279 ergo
1198 1244 1312 1272 diccbat.
1335 1246 1369 1272 At
1383 1253 1432 1272 nos
1446 1250 1472 1272 et
1487 1245 1538 1272 hoc
1556 1251 1584 1273 et
1604 1245 1667 1273 illud
1683 1246 1830 1279 faciamus,

1038 1290 1180 1325 omniaque
1190 1295 1279 1318 nostra
1290 1290 1430 1325 ddigenter
1436 1291 1604 1318 cffundamus
1614 1295 1642 1319 ut
1651 1292 1746 1319 czelum
1757 1300 1831 1320 com-

1040 1342 1174 1369 paremus.
1203 1335 1268 1362 Nam
1296 1336 1318 1362 si
1341 1335 1449 1370 quidam
1479 1343 1528 1372 pro
1552 1337 1672 1365 smeulari
1701 1337 1832 1372 dignitate

1041 1381 1130 1408 omnia
1139 1388 1184 1408 sua
1195 1380 1299 1414 ell'udit;
1311 1381 1448 1416 dignitate,
1458 1382 1575 1417 inquam,
1586 1390 1665 1417 quam
1675 1384 1700 1410 in
1713 1383 1763 1410 hac
1776 1385 1829 1412 vita

1038 1427 1135 1459 solum,
1149 1434 1235 1461 neque
1245 1427 1370 1454 diuturno
1382 1432 1502 1461 tempore
1513 1428 1630 1456 retinere
1643 1433 1730 1463 potest
1740 1429 1831 1463 (multi

1039 1480 1154 1508 namque
1167 1472 1211 1500 diu
1225 1477 1365 1508 antequam
1379 1479 1547 1501 morerentur
1560 1474 1744 1509 pratfecturam
1760 1475 1831 1502 ami-

1038 1525 1113 1550 sere;
1137 1518 1182 1545 alii
1206 1525 1270 1546 vero
1286 1526 1333 1553 pro
1359 1518 1403 1546 illa
1431 1519 1482 1546 vita
1502 1519 1582 1546 etiam
1605 1520 1724 1548 mulctati
1746 1525 1828 1553 sunt;

1038 1569 1155 1592 attamen
1170 1564 1232 1592 licet
1241 1564 1292 1592 hoc
1302 1565 1397 1598 sciant,
1412 1565 1500 1592 omnia
1512 1573 1560 1600 pro
1575 1565 1618 1592 illa
1629 1566 1809 1602 profundunt)
1821 1575 1829 1593 :

1039 1610 1060 1637 si
1076 1609 1156 1645 igitur
1170 1618 1217 1645 pro
1229 1610 1379 1644 bnjusmodi
1391 1610 1517 1645 dignitate
1529 1615 1566 1638 tot
1577 1614 1703 1646 tantaque
1715 1612 1829 1640 faciunt:

1038 1655 1100 1690 quid
1124 1655 1302 1683 miserabilius
1323 1656 1400 1683 nobis
1416 1655 1514 1689 fuerit,
1531 1656 1576 1691 qui
1600 1664 1647 1691 pro
1667 1657 1710 1684 illa
1723 1664 1831 1692 semper

1039 1706 1163 1728 manente
1174 1721 1181 1734 ,
1198 1709 1257 1736 qua:
1270 1701 1325 1728 tolli
1342 1709 1486 1735 numquam
1500 1706 1603 1736 potest,
1621 1710 1654 1730 ne
1669 1711 1751 1738 pauca
1770 1703 1829 1738 qui-

1037 1746 1098 1774 dem
1114 1746 1307 1781 prufumlimus,
1320 1754 1404 1781 neque
1415 1754 1445 1774 ea
1457 1754 1597 1781 crogamus
1609 1755 1668 1782 quae
1682 1748 1760 1783 paulo
1771 1752 1830 1783 post

1038 1792 1082 1819 hic
1096 1792 1219 1820 amissuri
1234 1793 1346 1820 sumus?
1360 1792 1424 1825 Quis
1440 1792 1514 1820 furor
1528 1793 1583 1826 ille,
1599 1801 1658 1828 qua:
1674 1794 1762 1821 invitis
1775 1794 1830 1821 eri-

1037 1839 1144 1874 pientur
1154 1859 1160 1871 ,
1174 1847 1205 1866 ea
1219 1839 1291 1866 nolle
1310 1844 1405 1874 sponte
1418 1839 1483 1866 dare
1503 1843 1531 1867 et
1545 1840 1684 1874 nobiscum
1701 1840 1807 1868 auferre
1817 1841 1831 1867 ἲ

1039 1885 1067 1913 Si
1082 1886 1142 1920 quis
1158 1892 1206 1912 nos
1219 1885 1251 1912 ad
1267 1890 1379 1913 mortem
1395 1885 1521 1919 duceret,
1538 1886 1634 1914 deimle
1650 1891 1828 1921 proponeret,

1039 1938 1100 1958 num
1114 1932 1193 1958 vitam
1210 1931 1286 1958 bonis
1297 1931 1419 1958 omnibus
1431 1931 1564 1960 redimere
1577 1932 1716 1966 vellemus,
1730 1933 1832 1968 gratias

1037 1981 1111 2004 certe
1123 1977 1158 2004 illi
1175 1976 1343 2005 haberemus.
1361 1977 1436 2004 Nunc
1455 1985 1520 2005 vero
1534 1985 1595 2004 cum
1611 1979 1769 2013 proponitur
1781 1977 1830 2006 dc-

1038 2023 1125 2050 ductis
1156 2023 1189 2050 ad
1214 2023 1386 2058 gehennam,
1420 2029 1449 2051 nt
1477 2024 1648 2052 dimidiarmn
1672 2025 1829 2052 facultatum

1039 2069 1112 2096 dono
1127 2070 1285 2104 eripiantur,
1300 2070 1435 2097 malumus
1448 2069 1481 2097 ad
1497 2070 1655 2105 supplicium
1669 2070 1741 2104 duci,
1756 2076 1781 2097 et
1794 2078 1826 2098 ea

1038 2116 1134 2143 frustra
1152 2123 1259 2143 servare
1272 2136 1279 2149 ,
1293 2124 1352 2151 qua:
1367 2121 1456 2143 nostra
1472 2124 1525 2143 non
1544 2121 1620 2150 sunt,
1639 2117 1673 2144 ita
1695 2110 1725 2143 ut.
1738 2121 1828 2144 nostra

1038 2161 1190 2195 perdamus.
1212 2162 1298 2196 Quam
1323 2162 1522 2189 excusationem
1552 2161 1729 2189 habebimus?
1749 2170 1829 2197 quam

1039 2207 1143 2234 veniam
1168 2207 1350 2241 merebimur,
1371 2208 1413 2240 si,
1437 2215 1498 2234 cum
1514 2212 1566 2234 tam
1589 2207 1673 2235 faelis
1696 2208 1772 2235 nobis
1787 2209 1829 2235 via

1037 2258 1128 2287 aperta
1142 2253 1176 2280 sit
1187 2274 1194 2285 ,
1212 2261 1258 2289 per
1272 2253 1415 2289 prmcipitia
1430 2254 1546 2281 feramur
1557 2274 1564 2286 ,
1585 2259 1609 2281 et
1635 2254 1828 2283 infructuosum

1037 2300 1214 2336 suscipiamus
1227 2301 1294 2334 iter,
1309 2305 1388 2337 atque
1410 2302 1450 2328 his
1463 2307 1490 2328 ct
1503 2302 1556 2329 illis
1570 2302 1694 2329 omnibus
1708 2310 1757 2330 nos
1773 2303 1829 2337 pri-

1037 2354 1128 2374 vcnms
1140 2367 1147 2378 ,
1164 2354 1223 2374 cum
1239 2347 1322 2375 libere
1338 2347 1471 2382 possinms
1485 2347 1525 2374 bis
1537 2353 1563 2375 et
1577 2347 1628 2375 illis
1642 2348 1763 2383 perfrui?
1776 2349 1828 2376 Sed

1036 2393 1086 2420 etsi
1102 2400 1153 2420 non
1169 2397 1243 2425 ante,
1258 2394 1351 2420 saltem
1364 2401 1434 2421 nunc
1448 2393 1480 2420 ad
1496 2401 1544 2420 nos
1558 2394 1708 2426 redeamus,
1724 2398 1751 2421 ct
1764 2402 1828 2422 sana

1036 2443 1127 2466 mente
1143 2439 1288 2472 prmsentia
1303 2439 1372 2466 bona
1383 2460 1390 2472 ,
1407 2445 1435 2467 ut
1449 2447 1496 2474 par
1510 2445 1550 2467 est
1561 2460 1569 2470 ,
1585 2440 1785 2475 dispenscmus,
1802 2446 1832 2467 nt

1035 2483 1123 2511 futura
1147 2484 1223 2512 facile
1237 2492 1446 2520 consequamur,
1461 2486 1544 2521 gratia
1559 2491 1585 2513 et
1600 2486 1762 2521 benignitate
1779 2487 1831 2513 Dn—

1036 2531 1099 2557 mini
1114 2531 1197 2558 nostri
1209 2531 1273 2559 .Iesu
1285 2531 1396 2564 Christi,
1413 2532 1520 2566 quicum
1533 2532 1603 2559 Patri
1615 2532 1710 2567 gloria,
1724 2539 1831 2568 unaque

1034 2581 1127 2604 saneto
1139 2576 1262 2611 Spiritui,
1276 2577 1303 2606 in
1315 2579 1414 2605 satcula
1428 2578 1598 2606 sa‘culoruttt.
1616 2579 1713 2605 Amen.

865 2664 1151 2725 Hom

1070 2757 1095 2785 1.
1116 2755 1202 2784 Lectio
1215 2755 1408 2791 Scripturarnm
1420 2761 1539 2790 quantum
1550 2756 1723 2783 discretionem
1731 2756 1827 2791 adigat.

1033 2800 1175 2828 Discutitur
1188 2806 1418 2837 commentatur-que
1432 2802 1496 2829 illud
1507 2810 1515 2828 :
1527 2802 1555 2830 Si
1569 2802 1752 2829 testimonium
1767 2809 1827 2838 pet-

1035 2847 1114 2873 hibco
1124 2846 1157 2874 de
1169 2846 1282 2881 meipso,
1295 2855 1387 2874 vermn
1401 2855 1454 2874 non
1466 2847 1584 2874 (ξιιμ-δί
1594 2849 1654 2882 quis
1664 2847 1828 2876 mctallicam

1038 2896 1136 2922 terram
1149 2891 1240 2919 fodere
1261 2892 1446 2927 aggrediatur,
1460 2901 1519 2921 cum
1537 2894 1570 2921 sit
1584 2893 1649 2921 artis
1665 2893 1807 2928 imperitus
1819 2914 1828 2926 .
