2041 3113
147 169 196 196 229

144 235 237 256 surum
247 235 301 256 non
308 227 417 260 efﬁciet,
428 227 517 255 omnia
528 230 629 255 temere
639 226 771 260 miscebit,
779 226 883 262 eritque
893 225 934 252 la-

146 273 193 301 bor
199 274 257 308 ejus
266 273 378 306 inutilis,
388 273 441 300 imo
449 273 553 300 noxius.
563 271 600 299 Ita
607 273 653 308 qui
661 272 809 300 divinarum
816 271 934 307 Scriptu-

145 326 233 346 rartuu
246 318 463 353 consequentiam
477 325 530 345 non
541 322 649 352 norunt,
663 326 749 353 neque
760 318 935 353 proprietates

144 369 170 391 et
185 364 259 399 leges
273 364 332 398 ejus
344 364 503 398 explorant,
518 363 566 391 sed
579 364 737 399 simpliciter
749 369 778 391 et
789 371 842 391 uno
856 363 936 391 modo

144 411 233 438 omnia
247 415 416 445 percurrunt,
427 418 521 437 attrum
533 418 594 438 cum
609 415 680 438 terra
691 410 845 443 miscentes,
858 417 936 436 num-

144 463 224 491 quam
246 456 390 491 repositum
414 456 442 483 in
465 456 510 483 illa
531 456 684 483 thesaurum
703 455 850 483 invenient.
873 455 937 482 Hauc

144 510 225 536 porro
235 510 305 530 nuttc
312 502 377 534 dixi,
389 502 448 537 quia
460 502 482 530 is
491 502 534 537 qui
543 502 597 537 jam
611 501 858 537 proponitnr'locus,
870 502 938 528 ntul-

147 554 202 575 tutn
217 548 326 582 quidem
341 556 436 575 aurum
449 548 538 580 habet,
553 555 606 575 non
620 548 727 582 quidem
742 548 914 582 conspicuum
928 568 935 580 ,

145 593 191 621 sed
203 594 365 621 obscuritate
376 594 458 622 multa
469 594 632 622 obvolutum.
643 594 821 627 Quamobrem
833 598 938 628 oportet

146 638 271 668 fodiendo
281 644 308 667 ct
322 640 495 676 expurgando
508 640 540 668 ad
552 649 643 668 verum
654 648 763 668 sensum
776 641 935 675 pertingere.

145 685 210 718 Quis
226 685 297 712 enim
318 693 371 712 tton
386 686 475 713 statim
489 686 610 713 turbetur
626 685 737 712 audiens
751 685 885 712 Christum
899 685 939 712 di-

146 735 264 764 centem,
282 731 312 758 Si
324 739 371 765 ego
389 732 558 758 testimonium
571 731 688 766 ρει-ΙιὶΙ)εο
701 731 732 757 de
742 731 836 766 nteipso
846 752 854 764 ,
870 731 938 757 testi-

146 777 260 803 monium
290 785 373 804 meum
396 785 481 804 verum
501 786 552 804 non
571 778 631 805 est?
653 778 717 804 Nam
731 785 802 812 satpe
817 777 939 805 videmus

147 822 221 849 illutn
236 822 270 849 de
289 823 378 856 seipso
395 823 576 850 testimonium
592 823 747 858 perhibere;
763 823 938 851 Samaritana:

146 869 246 903 quippe
261 869 365 896 diccbat
378 890 386 900 ,
403 868 458 904 Ego
469 878 525 896 sum
544 870 586 904 qui
602 870 690 904 loquor
704 874 784 896 tecum
797 869 894 905 (Joan.
910 870 935 896 4.

146 914 183 942 26
195 914 224 949 );
241 918 269 942 et
280 922 353 941 czeco
373 915 507 947 similiter,
524 915 572 948 Qui
587 915 699 950 loquitur
710 920 807 947 tecum,
823 915 867 942 ille
879 920 915 942 est
929 923 939 947 ;

147 964 175 987 et
187 959 294 987 Judazos
310 960 460 994 increpans,
481 960 528 987 Vos
538 961 633 992 dicitis,
651 960 688 988 Tu
699 961 868 996 blasphemas,
880 962 939 996 quia

149 1005 214 1037 dixi,
228 1004 310 1031 Filius
324 1004 371 1031 Dei
381 1013 435 1031 sum
448 1004 457 1041 (
468 1004 546 1032 Joun.
559 1005 585 1033 9.
602 1006 645 1033 57.
658 1005 736 1033 e110.
753 1005 814 1041 56).
834 1006 938 1034 Etalibi

147 1057 221 1085 schc
234 1050 367 1077 similiter.
381 1049 409 1077 Si
424 1058 488 1085 ergo
503 1050 562 1077 ltmc
581 1052 668 1078 omnia
683 1052 817 1079 mendacia
831 1057 920 1079 essent
930 1072 937 1084 ,

149 1104 210 1131 qua:
224 1096 301 1123 nobis
321 1100 394 1123 esset
415 1104 478 1131 spes
498 1097 608 1124 salutis?
622 1096 697 1125 Unde
717 1105 782 1132 ergo
801 1097 938 1125 veritatem

150 1143 335 1177 reperiemus,
358 1150 418 1169 cum
442 1142 498 1178 ipsa
520 1143 619 1170 veritas
645 1143 734 1176 dicat,
761 1143 941 1170 Testimonium

150 1196 234 1215 meum
248 1196 332 1215 verum
346 1196 396 1214 non
409 1189 466 1215 est?
479 1187 570 1223 Neque
590 1189 641 1215 ltoc
661 1193 764 1216 tantum
778 1189 940 1216 contrariunt

150 1234 268 1266 videtur,
276 1233 322 1261 sed
335 1233 405 1261 aliud
420 1241 526 1269 quoqtte
537 1242 590 1261 non
603 1235 703 1266 minus;
717 1242 777 1261 nam
788 1235 814 1261 in
825 1242 940 1268 sequen-

152 1280 224 1307 tibus
238 1280 277 1307 ait
291 1288 297 1306 :
318 1279 350 1306 Et
363 1281 386 1308 si
399 1288 445 1315 ego
459 1281 629 1307 testimonium
644 1281 760 1316 νη·τήἱὺεο
783 1280 814 1308 de
828 1280 923 1315 meipso
933 1301 940 1314 ,

152 1325 323 1352 testimonium
342 1333 424 1352 meum
445 1334 530 1352 verum
549 1331 585 1354 est
609 1325 709 1361 (Joan.
724 1326 751 1354 8.
768 1326 801 1353 Η
813 1325 834 1361 ).
849 1325 942 1354 Utrum

151 1378 218 1405 ergo
233 1370 328 1397 horum
339 1371 485 1406 accipiam?
499 1376 587 1398 utrum
602 1371 696 1398 falsum
709 1371 825 1406 putabo?
837 1371 904 1399 Nam
919 1371 942 1399 si

151 1415 211 1443 lucc
221 1415 258 1443 ita
267 1416 461 1450 acceperimus,
471 1417 542 1444 nulla
553 1417 620 1445 facta
632 1425 761 1452 personae,
773 1418 844 1445 nulla
855 1425 943 1446 eauste

152 1466 180 1488 et
200 1466 361 1488 cancrorum
377 1462 504 1490 similium
525 1463 716 1497 perquisitione
730 1484 737 1496 ,
752 1469 864 1498 utraque
877 1463 942 1491 falsa

152 1512 241 1534 erunt.
257 1506 285 1534 Si
300 1507 371 1534 enim
387 1507 568 1535 testimonium
582 1509 641 1543 ejus
655 1517 746 1536 verum
760 1518 812 1536 tton
829 1514 879 1541 est,
896 1518 943 1536 ne-

152 1560 204 1588 qtte
228 1552 279 1580 hoc
293 1553 377 1587 ipsum
393 1561 484 1580 verunt
507 1558 549 1581 est
563 1574 570 1587 ,
587 1562 672 1588 neque
687 1554 834 1588 posterius,
857 1562 943 1589 neque

152 1599 238 1633 prius.
253 1598 322 1632 Quid
335 1606 399 1634 ergo
412 1599 461 1626 sibi
477 1600 551 1626 vult?
563 1600 641 1626 Multa
655 1600 731 1627 nobis
745 1608 812 1635 opus
825 1605 865 1628 est
876 1600 942 1635 vigi-

154 1644 247 1676 lantia,
263 1646 316 1671 imo
329 1645 419 1679 potius
433 1645 480 1672 Dei
491 1646 587 1680 gratia,
603 1654 636 1673 tte
647 1646 724 1673 nudis
738 1647 825 1674 verbis
838 1647 943 1674 insista-

153 1698 224 1718 tuus.
239 1690 276 1717 lta
300 1690 370 1717 enittt
388 1691 507 1719 Inerctici
529 1697 639 1725 errant,
655 1692 718 1720 dum
732 1701 818 1727 neque
832 1700 942 1727 scopum

153 1735 285 1769 dicentis,
301 1744 386 1770 neque
405 1737 567 1764 audientium
582 1738 706 1765 aﬂ'ectunt
721 1738 871 1773 explorant.
888 1738 943 1765 Nisi

153 1789 218 1816 ergo
234 1781 291 1809 lucc
306 1782 461 1816 adjiciamus
473 1803 480 1814 ,
497 1783 550 1810 itno
559 1783 610 1810 alia
624 1791 728 1818 quoque
739 1804 747 1817 ,
763 1790 791 1811 ut
806 1788 924 1819 tempora
935 1806 942 1818 ,

153 1827 228 1860 loca,
250 1827 402 1854 auditorum
414 1828 554 1860 animum;
571 1829 653 1855 multa
675 1834 873 1863 consequentur
892 1831 941 1857 ab-

152 1871 245 1899 surda.
260 1871 329 1906 Qttid
342 1872 391 1900 sibi
415 1873 471 1901 vult
485 1881 549 1908 ergo
563 1873 588 1900 id
602 1873 672 1908 quod
692 1874 748 1909 jam
761 1874 860 1902 dictum
881 1880 921 1902 est
932 1875 945 1902 τ

154 1917 256 1944 Dicturi
280 1921 357 1944 erant
371 1917 454 1945 Judtei
467 1926 474 1944 :
489 1917 519 1945 Si
542 1924 568 1946 tu
590 1919 756 1946 testimonium
778 1920 892 1956 perhibes
914 1920 945 1946 de

154 1964 255 1998 teipso,
270 1964 435 1991 tettimonium
461 1969 532 1991 tuum
556 1973 606 1992 non
629 1970 666 1992 est
685 1974 781 1993 verum.
806 1966 868 1993 Ideo
888 1966 945 1993 hate

154 2013 324 2043 pra'occupat
337 2016 369 2036 ac
375 2009 397 2036 si
408 2009 508 2037 diceret
519 2019 525 2036 :
536 2010 633 2038 Dicetis
647 2012 737 2046 utique
748 2011 823 2045 ntilti,
835 2012 879 2039 tibi
890 2020 942 2040 tton

153 2054 289 2080 credimus
303 2063 310 2082 :
324 2062 401 2082 nemo
421 2055 492 2082 enim
507 2056 551 2091 qui
566 2056 656 2083 statim
669 2057 703 2085 de
717 2065 746 2084 se
763 2057 943 2085 testimonium

155 2098 310 2132 pet-hibeat,
319 2099 387 2134 apud
398 2099 518 2128 homines
529 2101 661 2129 credetur.
673 2102 736 2130 Illud
748 2110 812 2137 ergo
821 2124 827 2135 ,
840 2102 900 2130 Non
910 2108 944 2130 ιιει

153 2152 241 2170 verum
252 2164 259 2176 ,
284 2152 336 2171 non
350 2149 450 2173 temere
463 2146 602 2181 legendum
615 2167 622 2181 ,
637 2147 683 2176 sed
695 2148 944 2184 snbintelligendnm

153 2194 196 2216 est
210 2189 359 2218 secundum
372 2191 475 2218 illoruttt
487 2192 650 2227 opinionem,
661 2201 692 2220 ac
705 2193 726 2220 si
739 2194 850 2227 diceret,
864 2194 944 2222 Vobis

155 2242 209 2261 nun
228 2239 269 2262 est
285 2243 388 2263 rerum.
411 2236 468 2264 Non
489 2245 554 2272 ergo
566 2243 657 2266 contra
679 2240 834 2275 dignitatem
848 2247 943 2273 suam,

154 2279 203 2306 sed
218 2285 310 2307 contra
335 2281 439 2309 illorunt
453 2283 606 2317 opinionem
629 2285 668 2312 sic
682 2284 809 2320 loquitur.
825 2286 865 2314 Ac
884 2293 944 2313 cum

154 2325 229 2358 dicit,
245 2326 423 2355 Testimonium
437 2337 519 2356 meum
533 2337 616 2357 verum
632 2339 681 2357 non
696 2336 748 2365 est,
763 2331 869 2359 illorum
883 2339 945 2360 scn-

155 2373 266 2398 tentiam
291 2372 431 2407 coarguit,
451 2381 555 2401 necnon
571 2375 768 2410 objectionetn,
793 2384 871 2411 quam
894 2377 944 2412 ipsi

153 2416 271 2444 oblatttri
285 2423 372 2445 erant.
387 2418 453 2446 Cum
469 2427 533 2447 vero
549 2421 624 2454 dicit,
640 2421 704 2448 Etsi
716 2430 760 2457 ego
775 2423 944 2450 testimonium

154 2463 273 2495 per/tibeo
297 2463 329 2490 de
352 2465 464 2499 meipro,
490 2474 575 2492 uerum
597 2471 632 2494 est
652 2468 820 2495 testimonium
842 2477 943 2502 meum,

154 2508 240 2543 ipsam
255 2510 294 2537 rei
309 2515 430 2538 naturam
444 2512 571 2545 ostendit,
585 2514 656 2548 qttod
670 2514 772 2542 scilicet
787 2514 884 2549 ipsum,
903 2521 945 2543 ut-

154 2559 217 2588 pote
231 2555 314 2583 Deum
327 2577 334 2589 ,
350 2556 402 2584 ﬁde
413 2557 521 2592 dignum
534 2558 607 2587 credi
622 2564 768 2594 oporteret,
789 2560 869 2588 etiam
883 2569 944 2588 cum

153 2601 189 2628 de
203 2602 293 2636 seipso
307 2602 469 2637 loqueretur.
484 2604 551 2638 Quia
565 2605 637 2632 enim
651 2606 755 2633 dixerat
768 2607 944 2635 resurrectio-

154 2656 215 2674 nem
230 2653 397 2676 mortttorutn
412 2655 438 2677 ct
456 2650 605 2685 judicium,
622 2657 648 2679 et
667 2652 739 2687 quod
752 2653 796 2687 qui
810 2653 897 2681 credit
917 2653 944 2680 in

153 2692 241 2727 ipsum
254 2702 308 2721 nun
319 2693 466 2729 iudicatur,
482 2695 527 2723 sed
540 2696 575 2725 ad
591 2697 671 2725 vitam
685 2699 767 2732 venit,
781 2703 808 2726 et
822 2699 893 2734 quod
906 2707 946 2726 sc-

152 2736 221 2765 detts
235 2739 355 2767 omnium
371 2741 488 2769 rationes
502 2741 680 2777 expetiturus,
693 2747 720 2770 et
732 2743 802 2778 qttod
822 2744 944 2772 eamdem

152 2782 252 2810 habeat
263 2803 272 2817 ,
296 2791 375 2819 quam
401 2785 477 2814 Pater
492 2806 500 2819 ,
515 2791 673 2821 potestatem
686 2792 714 2816 et
725 2789 868 2822 virtutem;
883 2797 944 2817 cum

151 2827 211 2856 bzec
225 2829 316 2856 omnia
330 2830 536 2860 conﬁrmaturus
547 2837 635 2866 esset,
650 2833 704 2862 alio
716 2835 797 2862 modo
812 2834 880 2864 hanc
893 2835 945 2864 ob-

146 2872 297 2904 jectioncm
319 2876 470 2905 necessario
493 2878 605 2914 primatu
632 2878 716 2914 ponit.
742 2879 820 2917 Dixi,
843 2879 943 2916 inquit,

641 169 673 199 IN
691 167 846 199 JOANNEM
863 167 979 196 HDMIL.
1001 167 1056 196 XL.
1077 169 1114 197 al.
1134 169 1255 199 XXXIX.

1721 178 1776 207 230

989 225 1062 252 Sicut
1083 225 1163 254 Pater
1176 229 1280 255 suscitat
1294 233 1405 257 ttwrtuot
1419 234 1441 257 et
1459 229 1584 265 viri/ictu,
1599 231 1634 258 sic
1646 236 1671 259 et
1689 230 1774 261 Filius

987 278 1050 304 quos
1074 272 1128 298 vult
1147 273 1258 307 viui/icat
1271 282 1280 306 ,'
1292 274 1360 307 dixi,
1376 274 1465 310 Nequa
1480 275 1558 304 Pater
1568 277 1669 312 iudicat
1686 286 1775 314 quern-

987 324 1073 351 qnam,
1083 317 1129 344 sed
1139 326 1211 345 om
1215 320 1341 354 judicium
1351 321 1418 348 dedit
1429 321 1516 357 Filio;
1526 322 1579 351 dixi
1590 323 1775 354 honorandum

988 369 1049 390 esse
1062 362 1159 390 Filium
1174 364 1243 392 sicut
1257 365 1362 393 Patrem
1375 375 1384 397 ς
1397 366 1452 394 dixi
1465 388 1472 399 ,
1489 368 1539 402 Qui
1550 378 1602 396 non
1622 370 1773 405 honoriﬁcat

989 406 1104 441 Filium,
1124 416 1203 443 neque
1226 409 1331 437 Patrem
1356 411 1524 446 honori/itm;
1537 414 1591 441 dixi
1604 435 1611 447 ,
1635 414 1686 448 Qui
1705 416 1776 443 audit

989 453 1063 480 uerba
1074 462 1130 480 mea
1142 459 1166 481 et
1178 455 1256 481 credit
1269 463 1309 488 ea,
1325 464 1374 483 non
1389 457 1479 484 videbit
1490 463 1594 486 mortem
1606 461 1625 492 ί,
1636 461 1680 487 sed
1692 468 1778 488 trum-

989 498 1056 525 latus
1067 504 1102 526 est
1116 508 1133 526 α
1143 505 1220 527 morte
1233 500 1267 527 ad
1283 501 1370 533 vitam;
1383 501 1448 535 dixi,
1459 510 1551 530 vocem
1562 511 1647 532 meam
1661 511 1778 535 mortuos

990 545 1177 572 suseitaturam
1188 553 1258 577 esse,
1272 551 1298 573 et
1311 554 1380 574 nunc
1392 551 1419 574 et
1433 552 1523 582 postea
1537 556 1544 580 ;
1558 549 1622 582 dixi,
1636 557 1681 577 me
1693 551 1776 578 ratio-

990 596 1051 616 nem
1063 590 1181 617 omnium
1195 596 1363 624 peccatorum
1379 593 1552 627 repetiturum
1565 601 1624 622 esse
1634 602 1641 626 ;
1653 595 1717 628 dixi,
1733 605 1776 625 tne

973 663 976 666 ,
990 642 1050 663 esse
1062 635 1132 670 juste
1144 636 1335 671 judicatnrum,
1351 646 1383 666 ac
1396 638 1546 666 mercedem
1562 640 1629 667 bette
1642 643 1778 675 operanti-

989 680 1040 708 bus
1062 681 1195 709 daturutn.
1217 682 1283 716 Quia
1299 691 1362 718 ergo
1384 684 1426 711 illa
1439 685 1527 712 omnia
1542 685 1642 720 prolata
1662 686 1779 721 fuerant,

990 731 1019 754 et
1031 734 1125 762 magna
1148 728 1255 762 quidem
1268 734 1344 756 erant
1358 749 1365 762 ,
1382 730 1497 757 necdum
1513 736 1601 758 tamen
1623 731 1682 759 data
1694 732 1780 761 fuerat

991 771 1086 799 ltorum
1097 773 1169 800 clara
1182 773 1385 808 demonstratio,
1401 776 1447 803 sed
1461 776 1572 804 obscura
1585 778 1679 812 plane;
1692 779 1780 813 primo

990 816 1060 851 quod
1074 817 1248 852 objiciebatur
1258 820 1341 854 ponit,
1355 820 1389 848 ad
1402 821 1532 848 dictorum
1545 830 1634 849 veram
1650 823 1780 852 rationem

989 867 1133 896 venturus;
1147 871 1179 892 ac
1191 865 1213 892 si
1227 865 1262 892 ita
1273 866 1434 901 loqueretur,
1449 869 1498 895 etsi
1511 876 1562 896 non
1575 869 1669 897 iisdem
1680 870 1780 898 verbis.

991 909 1045 937 Sed
1057 909 1169 938 fortasse
1183 911 1276 940 dicetis
1289 922 1295 939 ε
1307 913 1368 940 Hroc
1382 914 1470 941 omnia
1482 919 1508 942 ttt
1521 915 1597 947 diris,
1613 924 1661 943 nec
1677 925 1708 945 es
1729 918 1781 946 ﬁde

990 955 1086 990 dignus
1099 958 1181 989 testis,
1195 959 1238 993 qui
1251 958 1295 985 tibi
1309 959 1357 994 ipsi
1372 961 1550 988 testimonium
1562 962 1713 997 pcthibeas.
1726 964 1780 992 llac

991 1001 1080 1036 itaque
1099 1003 1201 1029 ratione
1225 1004 1310 1038 primo
1329 1005 1436 1032 solrens
1451 1006 1556 1034 illorum
1571 1009 1779 1042 contentionem,

992 1049 1062 1082 quod
1077 1056 1108 1075 ea
1122 1057 1182 1084 qua:
1202 1049 1297 1078 dicturi
1314 1057 1390 1078 erant
1409 1052 1562 1087 proferret,
1576 1055 1782 1091 05Ienderetqttc

994 1102 1023 1121 se
1037 1102 1132 1121 arcana
1146 1095 1236 1123 cordis
1255 1103 1346 1124 eorum
1362 1105 1442 1125 nosse
1452 1118 1459 1131 ,
1474 1103 1501 1125 et
1515 1099 1582 1127 Itane
1597 1101 1708 1135 primam
1725 1102 1780 1129 vir-

995 1141 1057 1168 tutis
1077 1149 1132 1168 sua:
1155 1141 1411 1171 demonstrationem
1426 1144 1555 1172 exhibens
1567 1166 1574 1178 ,
1591 1146 1697 1174 detnutn
1723 1152 1783 1183 post

993 1186 1169 1221 objectionem
1194 1188 1322 1222 prolatam
1335 1210 1342 1221 ,
1359 1190 1424 1216 alias
1445 1190 1530 1218 adfert
1542 1191 1783 1222 demonstrationes

994 1232 1080 1260 claras
1093 1237 1121 1261 et
1133 1234 1365 1269 inexpugnabiles;
1380 1240 1434 1263 tres
1445 1236 1581 1264 adducens
1593 1242 1684 1271 testes,
1699 1246 1781 1273 opera

995 1285 1042 1305 sua
1057 1298 1064 1311 ,
1076 1278 1161 1306 Patris
1178 1280 1372 1314 testimonium,
1384 1286 1411 1308 et
1425 1281 1536 1308 Joannis
1551 1283 1780 1316 prmdicatiouent.

995 1324 1168 1359 Primumque
1183 1326 1362 1353 testimonium
1379 1327 1466 1361 ponit,
1482 1327 1507 1354 id
1522 1328 1591 1362 quod
1606 1328 1692 1356 minus
1707 1334 1764 1357 erat
1774 1351 1782 1364 ,

995 1377 1091 1405 nempe
1104 1370 1223 1399 Joannis.
1240 1371 1304 1398 Cum
1314 1371 1384 1399 enim
1394 1372 1514 1405 dixisset,
1530 1373 1601 1400 Alius
1615 1375 1702 1407 utqui
1717 1375 1785 1402 mti-

995 1417 1108 1442 monitun
1122 1416 1234 1450 pet-hibet
1252 1417 1283 1443 de
1296 1425 1344 1450 me,
1359 1422 1382 1444 et
1394 1418 1446 1444 uio
1456 1418 1515 1452 quia
1527 1426 1611 1446 verum
1625 1424 1661 1446 est
1674 1420 1784 1447 testimo-

996 1461 1066 1487 nium
1079 1461 1153 1495 ejus;
1167 1461 1304 1489 subdidit:
1319 1463 1364 1490 53.
1385 1461 1434 1489 Vos
1446 1463 1549 1490 misistis
1562 1464 1596 1490 ad
1609 1464 1745 1498 Joannem,
1760 1471 1783 1493 et

996 1507 1165 1533 testimonium
1180 1506 1305 1541 perhibuit
1317 1508 1423 1534 veritati.
1439 1509 1517 1543 Atqui
1529 1509 1550 1535 si
1567 1517 1618 1536 non
1634 1514 1676 1537 est
1690 1518 1783 1538 verum

996 1551 1177 1579 testimonium
1193 1557 1265 1579 tuum
1277 1572 1285 1584 ,
1299 1553 1432 1588 quomodo
1444 1554 1527 1587 dicis,
1543 1554 1639 1582 Verum
1653 1560 1695 1583 est
1709 1556 1784 1584 testi-

996 1598 1113 1625 tnoniutn
1126 1597 1254 1630 Joannis;
1269 1604 1307 1630 et,
1329 1598 1509 1627 Testimonium
1525 1601 1649 1636 perhibuit
1661 1602 1759 1630 veritati
1770 1603 1784 1630 .’

996 1642 1089 1670 Viden‘
1105 1651 1184 1678 quant
1200 1644 1301 1671 clarum
1315 1644 1357 1672 vel
1369 1644 1430 1672 inde
1444 1647 1490 1678 sit,
1505 1646 1569 1673 illud
1580 1666 1587 1678 ,
1602 1645 1784 1675 Testimonium

995 1697 1078 1716 meum
1098 1698 1148 1716 non
1163 1694 1198 1716 at
1218 1697 1302 1717 verum
1314 1711 1322 1724 ,
1341 1691 1472 1720 adversus
1484 1699 1577 1720 eorum
1599 1694 1779 1729 suspicionem

996 1734 1095 1762 dictum
1112 1734 1215 1762 fuisse?

1027 1781 1053 1808 2.
1061 1780 1168 1808 laminis
1175 1780 1297 1816 Baptism
1305 1782 1437 1809 testimonii
1446 1783 1578 1816 certitudo;
1586 1784 1664 1818 ipsius
1674 1783 1723 1812 Dei
1732 1791 1786 1813 erat

995 1826 1171 1853 testimonium.
1181 1826 1291 1861 Operam
1304 1826 1396 1854 Christi
1405 1829 1572 1856 testimonium
1582 1830 1786 1858 ineluctabile.—

995 1871 1063 1904 Quid
1085 1872 1106 1899 si
1131 1872 1184 1903 ille,
1202 1872 1314 1906 inquies,
1334 1874 1511 1901 testimonium
1525 1874 1558 1902 ad
1572 1875 1683 1909 gratiam
1697 1876 1787 1911 perhi-

996 1917 1069 1944 buit"
1089 1917 1127 1944 Nc
1146 1917 1195 1945 hoc
1212 1918 1333 1945 dicerent
1345 1939 1353 1950 ,
1368 1919 1427 1946 vide
1447 1920 1580 1954 quomodo
1599 1920 1669 1949 hanc
1688 1923 1788 1951 amovit

997 1963 1187 1997 suspicionem.
1210 1963 1267 1990 Non
1285 1964 1355 1991 enim
1376 1964 1451 1996 dixit,
1466 1965 1583 1994 Joannes
1606 1967 1787 1995 testimoniutn

997 2009 1129 2043 perhibuit
1142 2009 1176 2037 de
1190 2018 1246 2043 me;
1263 2010 1309 2037 sed
1320 2010 1403 2045 pritts,
1419 2011 1468 2038 Vos
1480 2011 1583 2039 misistis
1593 2013 1628 2040 ad
1640 2013 1788 2047 Joannem;

998 2062 1050 2082 non
1074 2055 1212 2082 tnisissetis
1233 2060 1339 2088 autem,
1362 2056 1412 2083 nisi
1430 2056 1482 2084 ﬁde
1502 2057 1610 2092 dignum
1632 2059 1786 2087 existimas—

998 2100 1071 2127 sctis.
1100 2099 1229 2135 Quodque
1257 2101 1341 2134 majus
1366 2106 1416 2133 est,
1439 2110 1492 2129 non
1514 2104 1645 2131 miserunt
1668 2104 1785 2132 interro-

997 2150 1086 2181 gatum
1108 2146 1180 2173 illum
1200 2145 1233 2173 de
1253 2145 1371 2178 Christo,
1391 2147 1438 2174 sed
1457 2147 1491 2174 de
1509 2148 1613 2183 seipso;
1633 2157 1712 2184 quem
1733 2150 1786 2179 tida

997 2192 1104 2225 dignum
1125 2191 1252 2227 putabant
1273 2192 1306 2220 de
1330 2193 1417 2227 seipso
1442 2193 1622 2222 testimonium
1645 2195 1788 2227 ferentem.

998 2238 1081 2265 multo
1098 2238 1181 2273 magis
1197 2238 1231 2265 de
1246 2238 1299 2266 alio
1318 2239 1480 2273 loquentem.
1500 2240 1625 2269 Solemus
1645 2244 1716 2270 enim
1737 2251 1788 2271 nos

998 2283 1120 2311 homines
1133 2291 1186 2311 tton
1201 2283 1310 2318 perinde
1319 2284 1430 2313 credere
1443 2285 1474 2312 iis
1485 2288 1530 2321 qui
1544 2286 1578 2314 de
1591 2295 1622 2315 se
1631 2288 1784 2323 loquuntur,

997 2337 1076 2364 quam
1099 2329 1131 2357 iis
1148 2330 1192 2365 qui
1212 2329 1246 2357 de
1265 2329 1334 2358 aliis.
1357 2330 1432 2358 lluttc
1443 2339 1506 2358 vero
1520 2332 1555 2360 ita
1570 2340 1692 2361 veracent
1709 2339 1786 2369 puta-

997 2376 1071 2409 bant,
1086 2376 1206 2404 utetiam
1219 2376 1252 2404 de
1266 2383 1296 2404 se
1306 2376 1428 2411 loqtteus,
1442 2378 1552 2405 alterius
1567 2380 1720 2408 testimonio
1733 2388 1786 2407 non

998 2427 1098 2457 egeret.
1121 2421 1187 2449 Nam
1206 2422 1251 2457 qui
1266 2422 1341 2449 missi
1356 2422 1478 2456 fuerant,
1493 2431 1545 2451 non
1560 2424 1702 2458 dixerunt,
1717 2425 1786 2459 Quid

997 2467 1064 2495 dicis
1077 2467 1110 2494 de
1123 2466 1230 2495 Christo
1237 2468 1250 2494 ἲ
1263 2467 1321 2500 sed,
1331 2467 1370 2495 Tu
1381 2469 1437 2503 quis
1447 2469 1491 2496 et?
1502 2470 1563 2504 quid
1575 2470 1638 2497 dicit
1647 2470 1679 2498 de
1691 2472 1769 2506 teipse
1777 2472 1790 2498 .’

997 2513 1064 2540 Tam
1086 2512 1233 2540 mirabilem
1252 2513 1379 2547 putabant
1399 2513 1544 2542 hominem.
1561 2515 1617 2542 lloe
1629 2523 1692 2551 ergo
1705 2520 1789 2543 totunt

997 2558 1183 2591 subindieavit,
1195 2565 1255 2585 cum
1267 2558 1345 2592 dixit,
1360 2558 1411 2586 Vos
1425 2560 1526 2587 misistis
1535 2560 1570 2587 ad
1578 2560 1713 2588 Joannem.
1726 2561 1790 2588 Ideo

997 2605 1160 2639 evangelista
1176 2612 1228 2632 non
1243 2604 1330 2633 solum
1344 2605 1418 2637 dicit,
1430 2613 1477 2632 eos
1490 2606 1605 2640 misisse,
1615 2607 1662 2634 sed
1674 2607 1708 2635 de
1721 2608 1788 2634 mis-

997 2650 1036 2678 sis
1050 2658 1176 2684 expresse.
1186 2650 1262 2681 dicit,
1272 2649 1354 2677 fuisse
1368 2658 1400 2684 ex
1415 2651 1597 2677 sacerdotibus
1609 2656 1633 2677 et
1648 2659 1680 2679 ex
1697 2651 1790 2680 Phari-

998 2697 1069 2728 saeis,
1077 2704 1129 2724 non
1139 2703 1156 2724 e
1164 2696 1253 2731 vulgo,
1263 2703 1312 2723 nec
1321 2695 1366 2730 qui
1377 2696 1511 2730 eorrttmpi
1520 2696 1559 2723 vel
1570 2695 1656 2732 decipi
1668 2702 1789 2732 possent,

999 2741 1046 2769 sed
1061 2741 1106 2776 qui
1120 2741 1179 2776 ejus
1194 2741 1263 2768 dicta
1278 2745 1402 2768 accurate
1414 2741 1592 2776 perciperent.
1607 2742 1652 2770 54.
1673 2742 1729 2778 Ego
1741 2751 1789 2770 au-

998 2791 1047 2814 tem
1060 2795 1110 2814 non
1121 2786 1151 2813 ab
1164 2785 1264 2813 homine
1274 2785 1442 2813 testimonium
1454 2787 1561 2821 accipio.
1573 2787 1625 2815 Cur
1636 2795 1702 2824 ergo
1710 2787 1792 2817 Joan-

1035 2890 1041 2905 ι
1061 2887 1124 2913 Alius
1135 2886 1219 2918 habet,
1231 2893 1276 2913 non
1289 2886 1374 2914 ridebit
1382 2885 1512 2916 judicium.
