2041 3113
258 144 306 172 εει
399 149 413 161 '

258 202 300 228 uis
323 198 502 228 testimonium
524 196 639 230 accipis?
664 195 735 222 Illius
757 199 830 222 certe
851 193 1041 226 testimonium,

259 245 373 273 hominis
391 252 444 270 non
465 247 532 270 crat.
554 242 604 275 Qui
622 241 687 268 misit
705 249 753 273 me,
770 240 864 275 inquit,
879 240 1006 274 baptizare
1018 241 1045 267 in

256 299 332 325 aqua,
345 288 389 316 ille
399 288 460 315 mihi
471 287 545 314 dixit.
561 287 653 321 Itaque
666 286 776 313 Joannis
792 285 984 318 testintonium,
999 285 1044 312 Dei

255 341 313 363 erat
326 335 505 363 testimonium
518 342 527 361 :
541 333 575 361 ab
590 333 634 373 illo
652 332 723 360 enim
741 332 871 359 didicerat
886 339 916 359 ca
930 339 988 366 qua:
1002 332 1042 358 di-

255 382 340 409 cebat.
356 381 409 409 Sed
424 388 458 409 ne
471 380 601 412 dicerent,
616 379 692 407 Unde
703 382 806 406 constat
821 378 894 405 illum
909 385 924 405 a
941 379 994 405 Deo
1005 377 1045 404 di-

254 427 352 454 dicisse
371 431 398 454 et
420 426 482 453 hinc
502 425 643 453 adversum
658 429 769 456 starent,
784 424 888 451 illorum
902 431 947 450 ora
961 423 1043 450 velte-

255 477 358 500 menter
373 472 493 506 reprimit
503 493 511 504 ,
528 476 555 499 et
568 471 654 498 adltuc
666 475 758 498 contra
773 470 877 497 illorum
890 469 1043 504 opinionem

254 518 386 546 edisserit.
403 518 492 552 Neque
505 518 576 545 cuitu
589 516 731 544 verisimile
743 521 800 543 erat
811 516 908 542 multos
922 515 978 542 lucc
992 515 1043 542 sci-

255 564 334 596 visse,
350 563 396 591 sed
407 563 502 591 Joanni
516 562 695 594 attendebant,
707 566 734 588 ut
747 569 779 588 cx
794 569 823 588 se
838 561 965 596 loquenti.
982 560 1042 588 Ideo

254 610 291 636 ait
306 618 313 635 :
326 609 381 645 Ego
394 609 425 636 ab
437 610 538 636 homine
547 608 714 635 testimonium
726 615 775 634 non
787 606 893 641 accipio.
907 607 934 634 Si
949 606 982 633 ab
996 606 1043 634 ho-

255 655 325 681 mine
339 655 519 682 testimonium
535 661 587 680 non
600 657 768 687 accepturus,
785 659 870 686 neque
885 652 930 678 illo
945 659 1042 679 usurus

253 707 313 727 eras
325 721 332 733 ,
348 707 396 727 cur
409 699 467 734 ejus
481 699 662 726 testintoniuut
675 697 826 724 adduxisti?
839 697 877 724 Ne
892 697 970 732 igitur
985 697 1042 725 lucc

253 747 382 779 dicerent,
393 745 454 772 audi
467 745 600 780 quomodo
614 745 658 771 tali
672 743 815 778 objectioni
828 748 959 770 occurrat.
974 743 1040 771 Cum

253 791 364 818 dixisset
384 791 465 822 enim.
487 791 525 818 Ab
545 791 646 818 [tantine
665 790 832 816 testimonium
854 798 904 817 non
923 791 1019 825 accipio
1030 799 1040 823 ,-

252 836 389 871 snbjunxit
403 845 410 864 :
427 836 480 864 Sed
496 836 550 864 luet:
569 836 635 868 dico,
650 840 676 862 ut
689 843 732 862 vos
746 835 810 863 salvi
823 836 888 863 sitis.
905 835 960 863 lloc
976 842 1016 863 est
1032 843 1039 863 :

252 881 309 917 Ego
330 882 408 917 hujus
427 882 579 910 testimonio
600 881 717 909 ltumano
739 889 791 908 non
811 889 878 917 opus
898 882 1038 916 habebam,

251 935 312 954 cum
331 928 399 956 Deus
417 928 485 961 sint;
505 928 553 955 sed
567 929 627 962 quia
643 927 715 954 illum
730 928 864 962 suspicitis
876 932 903 955 et
916 929 1039 956 omnibus

253 974 304 1001 title
313 974 459 1009 digniorem
475 974 589 1009 putatis;
603 979 630 1001 et
644 973 676 1001 ad
692 974 765 1001 illum
777 974 884 1009 quidem
896 979 923 1001 ut
934 974 966 1001 ad
979 982 1040 1009 pro-

251 1019 357 1053 pltetaut
371 1019 551 1046 accurrebatis
563 1019 667 1054 (civitas
677 1019 747 1046 enim
757 1019 790 1046 ad
800 1019 943 1046 Jordauent
956 1020 1039 1047 effun-

249 1064 382 1099 debatur),
396 1064 460 1091 ntilti
473 1072 538 1092 vero
550 1072 584 1092 ne
596 1064 703 1100 quidem
716 1065 842 1092 miracula
854 1066 967 1100 patranti
979 1074 1038 1094 crc-

248 1109 351 1136 didistis
367 1118 374 1136 :
390 1109 449 1137 ideo
471 1109 523 1137 hoc
545 1110 620 1138 vobis
641 1111 821 1139 testimonium
843 1119 1035 1139 commemoro.

249 1154 294 1181 55.
310 1153 360 1181 lllc
369 1159 422 1181 erat
433 1154 536 1182 lucerna
549 1155 642 1183 ardens
653 1161 676 1182 et
688 1157 774 1184 lucem
784 1165 793 1183 .'
803 1165 846 1183 vos
857 1162 941 1184 autent
954 1158 1034 1184 colui-

246 1200 291 1226 stis
303 1200 429 1228 exsultare
437 1202 472 1228 ad
482 1203 571 1228 lteram
582 1203 608 1229 in
621 1203 677 1229 luce
688 1203 754 1238 ejus.
769 1203 808 1231 Ne
820 1204 940 1232 dicereut
952 1205 1033 1237 enim,

246 1246 325 1279 Quid,
337 1246 360 1273 si
376 1246 421 1274 ille
434 1247 509 1280 dixit,
525 1252 552 1274 et
566 1255 614 1274 nos
628 1255 680 1275 non
695 1248 863 1283 recepimus?
876 1249 945 1277 dicta
960 1258 1035 1277 rece-

245 1292 317 1325 pisse
334 1292 394 1320 illos
416 1293 543 1321 ostendit.
566 1293 656 1329 Neque
679 1294 749 1321 enittt
768 1295 890 1330 vulgares
914 1295 1036 1323 homines

245 1338 385 1371 miserunt,
401 1338 448 1366 sed
461 1338 615 1367 sacerdotes
630 1344 656 1367 et
669 1339 826 1368 Phariszeos.
842 1341 885 1368 Sic
897 1341 1033 1368 hominem

244 1383 426 1417 mirabantur,
444 1392 494 1412 nec
508 1389 632 1420 poterant
645 1386 723 1414 dictis
733 1387 791 1421 ejus
806 1388 947 1415 obsistere.
966 1387 1033 1415 Illud

243 1434 342 1462 autem.
356 1430 396 1457 Ad
405 1430 504 1465 lteram,
520 1431 627 1459 nimiam
640 1432 744 1460 illorum
757 1433 909 1461 facilitatem
924 1434 1030 1467 indicat,

243 1476 314 1509 quod
330 1476 433 1504 scilicet
453 1477 507 1504 cito
530 1477 564 1504 ab
579 1478 624 1504 illo
638 1479 789 1506 resilieriut.
811 1479 856 1506 56.
880 1479 934 1514 Ego
949 1485 1033 1507 autent

243 1521 321 1547 Imbt-o
332 1523 415 1555 majus
428 1522 596 1549 testimonium
613 1522 724 1550 Joanne.
741 1524 769 1551 Si
784 1525 888 1552 velletis
901 1525 971 1552 enim
988 1533 1032 1553 se-

242 1567 356 1594 cundum
367 1575 456 1594 veram
472 1559 561 1596 rerum
572 1570 668 1596 seriem
684 1569 761 1598 tidem
774 1570 906 1605 accipere,
922 1571 956 1598 ab
969 1579 1033 1606 ope-

243 1612 314 1638 rLbus
329 1619 376 1639 vos
389 1613 473 1648 magis
488 1613 662 1642 iuduxissem.
679 1616 745 1648 Quia
758 1623 822 1642 vero
834 1624 886 1643 non
899 1617 987 1650 vultis,
998 1617 1030 1644 ad

241 1656 368 1684 Joannem
381 1665 427 1685 vos
438 1659 522 1691 duco;
540 1667 592 1686 non
606 1660 677 1694 quod
691 1661 748 1694 ejus
760 1668 851 1696 egeant
865 1662 1030 1694 testimonio;

241 1702 287 1729 sed
302 1702 364 1736 quia
378 1703 437 1730 ideo
450 1704 538 1730 omnia
559 1704 628 1731 facio
647 1709 676 1731 ut
695 1705 770 1733 vobis
790 1707 902 1733 salutent
918 1708 1029 1741 pariam.

241 1747 433 1776 Testimonium
455 1750 526 1776 cuiut
548 1751 632 1785 majus
651 1751 735 1778 habeo
753 1760 832 1786 quam
849 1753 974 1781 Joannis:
998 1755 1031 1783 ab

240 1793 374 1827 operibus.
397 1793 494 1821 Verum
515 1802 567 1822 non
582 1795 615 1823 ad
637 1796 661 1823 id
684 1801 776 1831 specto
790 1798 887 1832 solum,
905 1804 960 1826 uta
976 1800 1030 1828 ﬁde

240 1838 327 1873 dignis
341 1839 421 1866 viris'
435 1840 504 1874 apud
519 1848 567 1868 vos
588 1842 775 1875 contmender;
797 1844 843 1871 sed
869 1848 898 1871 ut
918 1852 933 1871 a
955 1846 1031 1874 vobis

240 1885 320 1918 notis,
340 1886 384 1919 qui
401 1887 470 1920 apud
492 1894 539 1913 vos
561 1888 696 1915 mirabiles
715 1888 871 1918 habeantur.
894 1890 938 1918 Sic
959 1897 1032 1926 post-

240 1937 318 1964 quam
334 1930 394 1957 illos
408 1930 553 1958 incesserat
568 1931 608 1965 his
621 1934 719 1967 verbis,
736 1934 851 1962 Voluistis
861 1937 988 1964 exsultare
997 1937 1030 1964 ad

241 1977 328 2002 harant
349 1977 375 2003 in
397 1977 452 2004 luce
471 1978 536 2013 ejus,
551 1978 832 2016 demonstraveratque
852 1982 915 2009 illud
937 1990 1029 2010 eorum

240 2021 356 2049 studium
368 2027 566 2058 tetnporancum
577 2032 608 2052 ac
618 2025 728 2053 minime
739 2027 843 2054 lirntum
855 2027 952 2062 fuisse;
969 2037 1029 2057 cum

244 2070 374 2098 lucernam
388 2069 474 2104 ipsunt
490 2071 610 2104 vocavit,
627 2073 743 2100 ostendit
759 2073 844 2107 ipsum
857 2082 872 2102 a
885 2076 1030 2111 setnetipso

240 2116 326 2143 lucem
340 2123 394 2143 non
408 2115 517 2150 habere,
532 2117 579 2144 sed
593 2125 608 2144 a
622 2119 707 2153 gratia
720 2118 843 2154 Spiritus.
858 2120 975 2149 Necdum
990 2126 1030 2149 ta-

239 2169 300 2189 men
315 2161 380 2188 dixit
395 2162 422 2189 in
435 2170 487 2197 quo
501 2163 620 2191 diﬁ‘crret
633 2164 666 2191 ab
681 2165 739 2199 ipso
751 2186 757 2197 ,
771 2166 842 2201 quod
856 2167 959 2195 scilicet
972 2168 1030 2203 ipse

239 2207 278 2234 sul
286 2207 395 2240 justitia:
405 2213 492 2241 esset;
507 2208 553 2236 sed
564 2216 624 2236 cum
635 2210 698 2238 illud
710 2211 904 2240 subindicassel
916 2218 1027 2248 tantum,

239 2252 265 2280 in
288 2253 347 2280 illos
367 2253 540 2282 vehementer
562 2255 710 2290 invehitur,
725 2258 894 2294 ostenditque
907 2259 967 2287 illos
981 2268 1029 2288 eo-

238 2299 298 2326 dent
321 2299 404 2327 animi
431 2302 587 2337 proposito.
613 2311 666 2338 quo
691 2303 765 2330 illum
793 2310 1027 2342 contempserant,

238 2345 344 2373 Christo
363 2345 474 2374 credere
495 2347 621 2376 noluisse.
645 2348 711 2376 Nam
733 2349 863 2378 Joannem
882 2352 922 2378 Ad
941 2352 1029 2379 horam

238 2390 325 2417 solum
339 2390 461 2419 admirati
482 2398 562 2420 sunt:
576 2393 647 2428 quod
670 2394 721 2422 nisi
743 2394 878 2429 fecissent,
894 2398 947 2425 cito
968 2398 1028 2427 illos

237 2436 271 2464 ad
286 2436 376 2464 Jesum
389 2438 518 2466 ducturus
531 2444 599 2466 erat.
622 2440 764 2474 Postquam
786 2442 866 2477 igitur
882 2444 942 2471 illos
956 2447 1028 2473 omtti

237 2489 270 2508 ex
287 2487 361 2516 parte
374 2481 498 2518 indignos
509 2485 586 2511 venia
601 2484 763 2519 ostenderat,
776 2487 877 2515 addidit
891 2497 898 2514 :
916 2488 970 2524 Ego
982 2498 1030 2517 au-

238 2533 288 2556 tem
296 2528 376 2556 habeo
385 2529 555 2556 testimonium
567 2530 650 2565 majus
660 2530 770 2559 Joanne.
782 2533 885 2566 Quale?
898 2534 1027 2570 Operum.

239 2573 325 2608 Opera
337 2574 414 2606 enim,
425 2574 521 2608 inquit,
532 2583 590 2610 qua
601 2576 669 2602 dedit
682 2577 744 2604 mihi
754 2577 844 2612 Pater,
856 2585 884 2606 ut
898 2582 1028 2616 perﬁciam

236 2627 275 2650 ea,
289 2619 346 2654 ipsa
359 2627 436 2654 opera
449 2619 617 2647 testimonium
627 2622 756 2656 pqltilrent
771 2624 801 2651 de
817 2633 865 2658 me,
879 2627 938 2661 quia
951 2626 1028 2654 Pater

237 2673 276 2691 nu
295 2665 372 2692 misit.
395 2665 444 2692 Hic
466 2665 640 2702 paralyticum
659 2674 780 2697 sanatum
801 2675 827 2698 et
842 2672 908 2700 alios
929 2674 1028 2703 multos

213 2715 214 2718 ‘
236 2714 438 2737 commemorat.
452 2710 537 2738 Verba
548 2712 654 2746 quidem
664 2734 671 2747 ,
687 2714 797 2743 dixisset
811 2717 878 2745 forte
895 2719 1026 2754 quispiam

235 2759 328 2779 eorunt
340 2773 347 2784 ,
364 2752 415 2795 illa
429 2753 566 2787 magniﬁca
589 2754 704 2784 Joannes
723 2757 756 2785 ad
779 2759 891 2794 gratiam
905 2752 1026 2795 dixerit;

237 2793 299 2820 licet
312 2798 399 2820 tamen
411 2794 460 2822 ltoc
470 2795 558 2823 dicere
573 2805 624 2824 non
640 2806 748 2833 possent
759 2793 791 2828 de
803 2802 906 2831 Joanuc
920 2804 954 2831 ita
969 2793 1027 2840 pili;

269 2845 278 2860 ¹
297 2845 340 2870 Alii
351 2845 451 2879 habent,
461 2850 486 2872 ut
497 2854 511 2872 η
525 2849 663 2882 propinquis
675 2852 767 2879 vestris.

629 139 656 167 S.
676 137 814 166 JOANNIS
833 135 1067 165 CllllYSOSTOMI
1086 137 1244 166 AHCHIEP.
1266 139 1533 169 CONSTAN'I‘INOP.

1840 144 1895 172 ἰδὲ

1099 193 1226 228 losophize
1236 194 1366 228 studioso,
1378 204 1456 231 quem
1468 196 1667 224 admirabantur
1680 206 1686 224 :
1698 204 1777 232 opera
1789 204 1889 232 autem,

1097 240 1138 266 vel
1151 239 1220 274 apud
1232 241 1349 274 insanos,
1363 242 1426 269 nulli
1440 246 1517 269 erant
1530 242 1672 277 suspicioni
1687 243 1811 271 obnoxia.
1830 245 1889 272 ldeo

1098 286 1210 313 alterum
1225 286 1336 314 adduxit
1351 288 1531 315 testimonium
1547 288 1639 316 dicens
1654 297 1660 315 :
1677 288 1761 324 Opera
1776 298 1832 325 qua:
1843 291 1887 316 dc—

1097 331 1134 357 dit
1147 332 1208 358 mihi
1222 331 1310 364 Pater,
1325 337 1352 359 ut
1366 333 1494 367 per/icium
1507 342 1546 366 ea,
1563 334 1618 368 ipsa
1632 342 1708 369 opera
1721 343 1778 370 qua
1789 344 1835 372 ego
1849 336 1887 370 fa-

1096 376 1136 403 cio
1146 381 1267 404 testantur
1280 378 1311 404 de
1322 386 1369 409 me,
1379 379 1498 411 quoniam
1514 380 1580 406 misit
1593 387 1632 405 me
1645 379 1731 407 Pater.
1747 381 1794 408 llic
1809 388 1887 408 aecu-

1096 422 1225 450 satiouem
1241 423 1274 450 de
1290 424 1387 450 violato
1402 424 1511 451 sabbato
1523 424 1640 459 depellit.
1656 426 1720 459 Quia
1733 427 1803 453 enittt
1817 427 1886 454 dice-

1096 466 1159 494 bant
1175 467 1228 499 illi,
1244 468 1383 502 Quomodo
1397 474 1485 504 potest
1498 478 1512 497 a
1531 471 1584 497 Deo
1597 478 1673 502 esse,
1689 473 1732 506 qui
1748 472 1886 499 sabbatum

1096 519 1148 540 non
1173 514 1306 541 custodit?
1333 515 1392 542 ideo
1416 516 1503 547 dixit,
1532 516 1595 548 Qua:
1619 517 1687 543 dedit
1712 518 1772 544 milii
1798 517 1885 546 Pater.

1095 557 1206 585 Etiamsi
1230 559 1273 586 ille
1294 560 1451 587 auctoritate
1473 568 1518 588 sua
1541 566 1648 596 ageret;
1669 562 1715 589 sed
1735 568 1763 589 ut
1775 563 1886 591 validius

1096 604 1220 637 probaret
1232 613 1261 632 se
1274 605 1345 633 Patri
1359 606 1426 633 nihil
1442 608 1605 635 contrariunt
1620 608 1708 636 facere
1718 630 1725 641 ,
1740 609 1800 636 ideo
1815 610 1885 644 quod

1095 648 1172 684 longe
1185 650 1271 677 minus
1285 656 1343 678 erat
1356 653 1453 686 posuit.

1130 694 1156 722 5.
1168 694 1252 728 Quare
1261 696 1374 724 Christus
1386 697 1426 723 hic
1436 705 1467 724 ea;
1476 698 1592 732 operibus
1601 699 1653 726 suis
1663 699 1816 727 diriuitalent
1827 702 1885 728 mis.

1093 739 1170 766 tionis
1178 748 1230 767 sua:
1240 746 1346 773 tantum,
1356 743 1425 769 trulla
1436 743 1467 770 de
1475 752 1521 770 sua
1532 744 1661 772 divinitate
1672 746 1796 773 mentione
1806 747 1883 782 facta,

1093 785 1216 812 adstruat.
1241 785 1319 814 Pater
1337 789 1461 822 quomodo
1481 789 1600 817 audiatur
1617 795 1641 816 et
1658 791 1781 819 videatur.
1801 793 1884 826 Quare

1092 827 1196 857 Judwos
1209 831 1323 859 (.lm'stus
1334 833 1368 859 ad
1380 833 1528 868 Scripturas
1538 835 1671 863 remiserit.
1683 851 1719 856 —-
1729 836 1762 863 Et
1773 844 1832 871 cur,
1845 838 1884 865 in-

1093 875 1167 909 quies
1179 896 1186 908 ,
1203 884 1255 904 non
1270 877 1345 910 dixit,
1362 877 1448 914 Opera
1464 887 1523 914 qua:
1535 879 1608 908 dedit
1624 881 1688 908 mihi
1703 882 1792 916 Pater,
1809 884 1882 910 testi-

1093 919 1205 948 ﬁcantur
1218 930 1261 949 me
1275 922 1346 950 Patri
1360 924 1489 959 aqualem
1504 926 1583 953 esse?
1602 926 1682 954 Certe
1696 931 1840 963 utrumque
1850 937 1883 957 ex

1091 966 1217 1000 operibus
1240 968 1321 996 edisci
1345 974 1458 1004 poterat,
1473 975 1499 997 et
1522 971 1608 1006 ipsum
1629 972 1694 1000 nihil
1717 975 1882 1003 contrarium

1091 1011 1164 1039 Patri
1189 1013 1287 1047 lacere,
1307 1019 1334 1042 et
1356 1017 1486 1050 inqualem
1506 1018 1620 1052 genitori
1642 1026 1717 1052 esse,
1732 1020 1756 1047 id
1772 1021 1843 1056 quod
1856 1027 1883 1049 et

1090 1058 1152 1085 alibi
1168 1059 1262 1093 probat
1274 1067 1335 1087 cunt
1350 1061 1413 1089 dicit
1429 1070 1435 1088 :
1452 1062 1482 1089 Si
1499 1063 1560 1089 nti/ti
1575 1071 1625 1090 non
1639 1065 1752 1097 creditis,
1767 1067 1884 1102 operibus

1090 1105 1151 1131 meis
1169 1105 1262 1132 credite
1274 1126 1281 1138 ,
1299 1111 1326 1133 ut
1339 1107 1423 1134 sciatis
1434 1113 1459 1135 et
1469 1108 1575 1136 credatis
1587 1110 1648 1144 quia
1660 1118 1706 1146 ego
1718 1111 1744 1138 in
1760 1110 1849 1146 Patre,
1859 1119 1882 1141 et

1093 1148 1170 1176 Pater
1185 1150 1211 1177 itt
1224 1159 1263 1178 me
1275 1157 1311 1178 est
1329 1151 1418 1188 (Joan.
1430 1153 1472 1181 10.
1490 1153 1547 1189 58).
1573 1154 1718 1190 Utrumque
1730 1178 1737 1190 ,
1754 1157 1859 1192 inquam
1872 1179 1880 1191 ,

1091 1195 1247 1224 testiﬁcatus
1257 1202 1339 1229 esset,
1351 1202 1379 1226 et
1390 1206 1420 1226 se
1433 1200 1562 1234 :nqualem
1572 1207 1633 1228 esse
1645 1201 1726 1235 Patri,
1736 1208 1764 1230 et
1774 1210 1805 1231 se
1816 1204 1883 1232 nihil

1090 1241 1176 1270 facere
1189 1243 1258 1271 Patri
1273 1245 1446 1273 contrarium.
1468 1246 1522 1274 Cur
1541 1254 1606 1283 ergo
1625 1256 1678 1277 tton
1697 1249 1736 1277 sic
1757 1251 1887 1286 loquutus

1088 1293 1141 1321 est.
1158 1289 1204 1316 sed
1218 1290 1320 1332 [πείθευ
1335 1296 1410 1326 parte
1423 1292 1526 1326 relicta,
1544 1294 1675 1322 minorem
1691 1297 1798 1331 posuit?
1813 1297 1882 1332 Quia

1087 1333 1138 1361 hnc
1149 1324 1343 1369 primumreteat,
1351 1336 1386 1364 de
1396 1345 1449 1372 quo
1459 1324 1649 1374 crat-quaestio.
1663 1324 1730 1368 Nino
1742 1342 1791 1370 etsi
1803 1324 1880 1378 longe

1086 1380 1175 1408 minus
1189 1385 1230 1408 est
1243 1382 1315 1409 credi
1330 1383 1415 1417 ipsum
1430 1391 1445 1411 a
1459 1384 1514 1412 Deo
1524 1385 1637 1418 venisse,
1647 1394 1726 1421 quant
1737 1388 1811 1415 credi
1825 1389 1882 1417 Deo

1086 1427 1215 1461 aequalem
1224 1435 1298 1461 esse;
1312 1429 1375 1457 illud
1383 1430 1453 1457 enint
1465 1431 1602 1465 prophetae
1612 1432 1746 1466 dixerant,
1757 1433 1808 1461 hoc
1816 1442 1879 1463 vero

1085 1473 1194 1501 tninime
1204 1482 1211 1506 ;
1223 1478 1338 1502 attamen
1350 1475 1406 1510 ipse
1416 1475 1449 1503 de
1459 1476 1562 1504 minore
1571 1482 1646 1512 parte
1657 1485 1779 1513 magnam
1786 1487 1877 1508 curam

1085 1519 1176 1553 habet,
1191 1528 1288 1555 gnarus
1304 1521 1326 1548 si
1350 1521 1400 1549 hoc
1421 1522 1577 1550 admittatur
1588 1524 1607 1556 ί,
1625 1524 1688 1551 illud
1704 1525 1785 1552 etiam
1802 1526 1878 1554 facile

1084 1564 1230 1592 admissum
1244 1566 1293 1600 iri,
1308 1571 1335 1594 et
1348 1567 1448 1602 majore
1462 1569 1640 1602 prattermissa
1651 1589 1659 1603 ,
1675 1570 1805 1598 minorem
1818 1579 1883 1599 me-

1085 1614 1171 1638 morat
1181 1630 1189 1643 ,
1201 1616 1230 1638 ut
1244 1619 1290 1645 per
1307 1612 1376 1640 hanc
1387 1617 1414 1640 et
1432 1613 1503 1640 illam
1517 1615 1677 1649 reciperent.
1692 1615 1749 1644 Hoc
1770 1623 1880 1650 peracto

1084 1663 1189 1682 rursum
1206 1656 1296 1690 adjicit
1310 1666 1316 1683 :
1332 1658 1376 1684 57.
1393 1658 1442 1691 Qui
1456 1658 1522 1686 misit
1533 1667 1572 1686 me
1586 1659 1678 1694 I‘aler,
1693 1661 1748 1696 ipse
1767 1663 1878 1690 testimo-

1084 1700 1154 1727 nium
1169 1701 1294 1735 perltibuit
1309 1703 1341 1729 de
1356 1711 1403 1730 me.
1427 1704 1459 1730 Et
1478 1704 1521 1731 ubi
1542 1705 1723 1733 testimonium
1741 1707 1878 1742 perhibuit

1083 1746 1116 1774 de
1132 1746 1194 1774 illo?
1211 1747 1238 1775 In
1251 1748 1376 1781 Jordane,
1387 1757 1446 1777 ctttn
1462 1751 1544 1778 dixit:
1554 1751 1604 1778 Hic
1613 1758 1649 1778 est
1659 1752 1744 1780 Filius
1758 1762 1828 1782 meus
1838 1755 1878 1781 di-

1084 1793 1162 1819 lectus
1175 1801 1183 1820 .'
1198 1795 1281 1829 ipsum
1300 1796 1394 1822 audite.
1420 1796 1516 1824 Verum
1542 1797 1592 1825 ltoc
1612 1802 1741 1833 apparatu
1761 1800 1877 1835 quodam

1083 1838 1187 1873 egebat.
1211 1840 1285 1872 Quod
1310 1841 1343 1868 ad
1363 1841 1494 1869 Joannem
1515 1843 1680 1877 pertinebat,
1702 1845 1873 1873 manifestum

1083 1889 1141 1911 erat
1156 1893 1163 1912 :
1179 1885 1228 1920 ipsi
1243 1894 1357 1922 namque
1375 1887 1520 1921 miserant,
1538 1897 1624 1924 neque
1639 1890 1664 1917 id
1680 1899 1779 1926 negare
1798 1897 1874 1927 pote-

1083 1935 1152 1957 rant.
1169 1931 1249 1966 Signa
1263 1940 1369 1968 quoque
1383 1934 1455 1961 clara
1474 1940 1562 1963 crant.
1581 1936 1631 1971 Ipsi
1648 1936 1716 1964 facta
1732 1937 1854 1965 viderant
1865 1959 1874 1972 ,

1083 1981 1162 2011 atque
1172 1981 1293 2005 sanatum
1303 1978 1451 2012 audierant,
1464 1985 1492 2008 et
1501 1981 1680 2016 crediderant,
1691 1990 1722 2010 ac
1733 1989 1874 2019 propterea

1082 2022 1156 2050 illum
1171 2024 1340 2052 accusabant.
1354 2025 1481 2053 Restabat
1493 2027 1600 2055 demum
1613 2033 1640 2055 ut
1656 2028 1741 2056 Putris
1756 2030 1875 2057 testimo-

1083 2069 1155 2096 nium
1170 2070 1319 2104 aﬁ'crretur,
1330 2073 1400 2107 quod
1415 2073 1570 2102 inducturus
1580 2075 1714 2104 subdidit:
1725 2076 1781 2104 Nec
1792 2086 1875 2105 rat-ent

1085 2115 1139 2149 ejus
1152 2123 1268 2150 umquam
1282 2118 1398 2145 audistis.
1414 2118 1446 2145 Et
1457 2120 1591 2154 quomodo
1604 2120 1709 2157 Moyses
1721 2122 1795 2155 dicit,
1806 2122 1875 2151 Deus

1085 2160 1239 2195 loquebatur,
1251 2162 1277 2189 Μ
1281 2171 1352 2198 ayses
1361 2165 1490 2199 respondit
1505 2164 1600 2198 (Exod.
1611 2167 1653 2194 l9.
1667 2167 1722 2202 19).
1735 2168 1875 2202 Quomodo

1084 2206 1177 2239 David,
1185 2206 1309 2243 Linguam
1315 2217 1389 2244 quant
1398 2218 1447 2236 non
1458 2216 1569 2245 uouerat,
1578 2212 1674 2239 audivit
1684 2212 1694 2248 (
1699 2212 1770 2240 l’sal.
1778 2213 1821 2241 80.
1832 2214 1874 2246 6)?

1082 2252 1197 2280 Rursum
1212 2253 1325 2289 Moyses,
1340 2255 1368 2282 Si
1381 2259 1423 2283 est
1435 2263 1500 2291 gens
1514 2257 1582 2290 talis,
1597 2265 1656 2292 qum
1670 2258 1772 2286 audivit
1783 2267 1874 2287 vocem

1082 2298 1150 2326 Dei?
1165 2298 1255 2334 Neque
1269 2301 1377 2333 speciem
1390 2302 1443 2336 ejus
1456 2301 1552 2329 vidistis
1566 2301 1653 2337 (Deut.
1669 2304 1696 2331 7..
1711 2304 1746 2332 35
1755 2304 1775 2339 ).
1795 2305 1874 2340 Atqui

1082 2344 1155 2372 illum
1166 2345 1264 2373 vidisse
1273 2345 1398 2374 dicuntur
1409 2346 1500 2379 Isaias,
1509 2347 1649 2382 Jeremias,
1660 2348 1783 2377 Ezechiel
1794 2355 1819 2377 et
1831 2350 1875 2377 alii

1083 2390 1200 2425 plurimi.
1219 2390 1287 2425 Quid
1299 2399 1364 2427 ergo
1376 2400 1446 2420 ttunc
1458 2393 1508 2421 sibi
1521 2394 1578 2421 vult
1590 2393 1732 2422 Christus?
1747 2396 1774 2424 lu
1786 2396 1876 2431 philo-

1082 2437 1218 2472 sophicam
1237 2438 1296 2465 illos
1316 2438 1418 2466 inducit
1438 2439 1624 2475 disciplinam,
1642 2440 1767 2476 paulatim
1783 2447 1876 2470 osten-

1081 2482 1158 2516 deus,
1174 2483 1199 2510 in
1217 2483 1272 2511 Deo
1285 2491 1335 2511 nec
1350 2491 1441 2512 vocem
1456 2492 1506 2512 nec
1518 2485 1634 2519 speciem
1649 2493 1719 2520 esse,
1735 2487 1783 2514 sed
1797 2495 1874 2522 supe-

1082 2528 1179 2555 riorem
1193 2528 1268 2555 illttm
1283 2535 1343 2556 esse
1355 2533 1382 2556 et
1392 2529 1466 2556 sonis
1480 2534 1507 2557 et
1522 2529 1613 2565 ﬁguris
1628 2531 1792 2566 ttujusmodi.
1809 2531 1875 2560 Nam

1082 2578 1111 2600 ut
1120 2573 1244 2607 dicendo,
1260 2572 1350 2608 Neque
1360 2581 1445 2601 uocem
1456 2575 1512 2609 ejus
1524 2575 1633 2603 audistis
1641 2596 1648 2608 ,
1665 2583 1717 2602 non
1732 2576 1876 2615 signiﬁcat,

1082 2619 1156 2646 illum
1173 2627 1265 2647 vocent
1279 2619 1411 2652 emittere,
1428 2627 1477 2647 nec
1487 2619 1571 2648 audiri
1584 2629 1591 2647 :
1606 2620 1645 2648 sic
1658 2628 1719 2648 cum
1733 2621 1808 2654 dicit,
1824 2621 1876 2650 Ne-

1080 2673 1129 2699 que
1140 2664 1247 2700 speciem
1260 2665 1317 2701 ejus
1330 2665 1436 2698 uidistis,
1452 2672 1505 2693 non
1517 2665 1582 2693 dicit
1592 2665 1678 2700 ipsum
1692 2666 1811 2701 speciem
1826 2667 1876 2694 lia—

1081 2710 1144 2738 bere
1156 2730 1163 2742 ,
1179 2718 1230 2738 nec
1249 2716 1336 2737 tnntcn
1351 2710 1452 2743 videri;
1467 2718 1559 2738 verum
1574 2715 1699 2738 neutrum
1713 2711 1812 2738 horum
1827 2712 1876 2740 ha-

1082 2755 1146 2782 bere
1159 2755 1242 2782 Deum
1256 2755 1388 2791 intelligit.
1408 2754 1463 2782 Nec
1481 2755 1601 2783 dicerent
1616 2756 1687 2783 enim
1701 2777 1707 2788 ,
1726 2756 1837 2783 Frustra
1852 2762 1877 2783 υ

1079 2801 1175 2836 jactas,
1196 2800 1280 2836 Moysi
1305 2805 1406 2828 tantum
1429 2800 1554 2836 loquutus
1574 2805 1615 2829 est
1639 2801 1727 2834 Deus;
1752 2801 1877 2831 dicebant

1118 2858 1126 2872 ³
1144 2855 1192 2882 Alii
1205 2856 1298 2889 legunt,
1306 2864 1394 2889 gnarus
1403 2857 1423 2883 si
1431 2856 1476 2883 hoc
1488 2856 1592 2883 dicatur.
