2041 3113
141 105 191 134 233

139 166 221 196 enim,
237 162 293 190 Nos
305 162 397 190 scimus
411 162 469 195 quia
487 160 568 196 Moysi
580 160 697 195 loquutus
711 164 747 187 est
759 160 826 187 Deus
840 168 849 186 :
863 160 929 187 hunc

139 217 195 236 vero
205 208 330 239 nescimus
345 207 412 234 unde
421 207 452 233 sit
465 206 554 242 (Joan.
566 207 592 233 9.
604 205 665 241 i9):
682 206 742 233 ideo
754 206 792 233 sic
806 206 930 241 loquutus

138 259 178 283 est
189 275 197 287 ,
212 254 358 282 ostendens
373 254 399 281 in
416 254 471 280 Deo
483 260 531 280 nec
547 259 638 280 vocem
657 260 706 280 nec
726 252 842 287 speciem
859 259 927 279 esse.

140 300 172 328 Et
183 300 248 335 quid
264 300 314 327 hoc
325 299 402 327 dico?
416 298 474 326 Non
485 298 564 325 modo
573 305 665 325 vocem
675 298 732 334 ejus
743 306 794 325 non
804 298 924 332 audistis,

138 353 187 373 nec
206 346 325 380 speciem
344 345 448 372 vidistis
460 365 468 376 ,
484 344 531 372 sed
547 344 572 372 id
587 344 620 371 de
633 352 686 379 qtto
701 345 816 371 maxime
827 345 925 379 gloria-

137 392 212 423 mini,
229 391 262 419 de
275 399 328 427 quo
339 391 455 418 maxime
467 390 548 420 inﬂati
560 391 625 418 estis
638 398 729 418 omnes
741 411 748 423 ,
765 391 834 425 quod
850 399 926 418 man-

135 437 196 464 data
210 437 270 471 ejus
284 437 442 471 acceperitis
454 441 480 464 et
492 437 627 469 habeatis;
645 445 678 463 tte
693 436 756 464 illttd
769 437 875 471 quidem
889 437 929 464 di-

136 490 199 510 cere
213 483 335 517 potestis.
350 481 413 510 Ideo
427 482 563 517 subiungit
579 490 586 508 :
602 482 645 509 58.
666 481 754 516 Neque
763 483 862 509 verbum
874 483 928 517 ejus

135 527 233 555 habetis
246 529 272 555 in
287 528 359 559 οΙήε,
369 536 490 559 mancus;
505 528 533 558 id
545 533 586 555 est
596 547 603 560 ,
617 528 739 556 mandata
750 548 757 561 ,
773 534 903 563 prtecepta
918 548 925 561 ,

137 575 223 611 legem
234 596 243 609 ,
259 577 412 610 prophetas.
429 575 538 603 Etiamsi
550 575 621 602 enim
637 576 707 602 Deus
722 575 780 603 lucc
792 584 927 610 praecepe-

135 621 180 653 rit,
192 625 309 648 attamen
332 621 390 648 hanc
408 621 477 655 apud
497 629 543 648 ros
563 629 615 649 non
632 626 704 653 sunt,
720 622 780 656 quia
796 621 859 648 mihi
874 630 926 650 non

135 666 254 693 creditis.
271 665 326 693 Etsi
338 666 408 692 enim
420 665 516 700 passim
528 670 555 692 et
564 666 660 700 ubique
673 665 761 692 dicant
773 667 924 700 εει-φωνην,

135 710 200 737 mihi
212 718 273 737 esse
285 711 457 742 credendum,
471 717 519 737 vos
531 714 618 737 tamen
632 719 684 737 nott
694 711 813 743 creditis,
828 711 926 744 palatu-

134 765 187 791 que
201 761 243 784 est
257 757 367 784 verbum
382 757 440 792 ejus
453 764 467 784 a
482 756 556 784 vobis
575 756 747 784 abscessisse.
772 756 832 783 ideo
854 757 926 783 addit

135 802 230 830 iterum
244 811 252 829 :
267 802 332 834 Quia
350 803 372 830 ei
391 810 464 837 quem
485 802 551 828 misit
564 801 607 828 ille
620 809 662 828 vos
675 809 726 828 non
742 801 851 828 creditis.
877 802 924 828 lte-

133 847 195 875 inde
205 855 239 877 ne
249 848 379 879 dicerent.
394 847 533 881 Quomodo
546 847 568 873 si
584 854 676 874 vocem
688 847 745 881 ejus
758 854 811 873 non
822 847 924 874 audiri-

133 901 203 927 ntus,
220 893 268 921 tibi
283 893 463 921 testimonium
478 892 630 928 perhibuit?
641 894 679 920 ait
693 893 738 920 ille
750 902 757 920 :
769 893 925 920 Scrtttamini

132 940 298 974 Scriptores;
311 939 364 966 illa
374 940 438 966 enim
448 943 505 966 sunt
514 947 570 973 qua:
577 939 745 965 testimonium
755 939 883 974 perhibent
894 940 925 966 de

130 993 170 1011 me
182 984 274 1020 (Joan.
285 985 313 1012 5.
328 983 386 1020 39);
396 984 515 1011 indicans
529 992 576 1018 per
589 984 636 1011 has
651 984 731 1011 Deum
743 984 922 1011 testimonium

130 1029 310 1063 perhibuisse.
326 1029 392 1056 Nam
407 1033 433 1056 et
446 1029 471 1055 iu
482 1028 598 1055 Jordane
614 1032 640 1055 et
655 1029 680 1055 in
701 1033 792 1055 tnonte
805 1029 924 1063 testimo-

129 1075 202 1102 nium
214 1074 358 1110 perhibuit.
372 1074 423 1102 Sed
439 1074 509 1101 illam
525 1081 616 1101 vocem
628 1081 679 1101 non
692 1073 741 1100 fert
755 1074 780 1101 in
794 1075 919 1102 medium.

129 1120 263 1148 Fortassis
275 1121 346 1148 enitn
358 1128 411 1147 non
424 1120 540 1148 creditus
552 1120 651 1147 fuisset.
664 1119 729 1147 Nam
740 1120 819 1147 aliam
829 1129 920 1148 vorem

129 1175 181 1194 non
195 1167 347 1200 audierant,
359 1174 455 1201 nempe
466 1167 491 1193 in
503 1172 606 1199 monte;
619 1167 698 1194 aliam
710 1175 772 1194 vero
783 1168 921 1195 audierant

127 1212 235 1247 quidem
248 1233 255 1244 ,
273 1212 320 1239 sed
336 1220 388 1239 non
401 1212 579 1239 attenderattt.
607 1211 705 1239 Idcirco
720 1212 801 1239 mittit
815 1213 873 1239 illos
886 1213 919 1239 ad

127 1259 298 1292 Scripturas,
313 1257 456 1285 ostendens
473 1257 575 1285 Patris‘
592 1257 771 1285 testimonium
786 1258 846 1285 inde
860 1265 919 1286 esse

126 1303 289 1330 sumendum
302 1323 309 1336 ,
328 1303 438 1330 sublatis
454 1303 526 1338 prius
540 1303 655 1338 antiquis
670 1303 694 1330 in
709 1303 803 1338 quibus
817 1304 918 1339 gloria-

126 1350 225 1375 bantur
236 1369 244 1382 ,
266 1349 308 1376 vel
330 1349 404 1383 quasi
420 1349 548 1376 vidissent
564 1348 665 1381 Deum,
682 1349 722 1376 vel
736 1349 809 1384 quasi
826 1357 917 1376 vocem

126 1395 186 1429 ejus
197 1394 346 1422 audissent.
367 1394 433 1428 Quia
449 1402 512 1421 vero
524 1394 649 1422 credibile
660 1399 716 1422 erat
728 1395 784 1430 ejus
796 1396 852 1422 voci
865 1403 916 1423 non

123 1440 277 1467 credituros
302 1447 378 1472 esse,
407 1447 490 1476 eaque
515 1441 703 1476 imaginaturos
725 1449 784 1469 esse
809 1450 868 1477 qua:
890 1443 915 1469 in

123 1491 217 1514 monte
237 1486 301 1514 Sina
323 1486 494 1518 acciderunt,
514 1491 633 1513 correcta
649 1487 720 1521 prius
735 1495 765 1514 ea
780 1495 838 1521 qua:
850 1488 916 1514 sul)-

122 1532 187 1558 oriri
209 1535 312 1565 poterat
330 1538 361 1557 ea
382 1530 415 1557 de
437 1538 464 1558 rc
487 1531 648 1564 suspicione,
662 1535 689 1557 ct
708 1531 851 1559 ostendens
872 1532 914 1559 illa

123 1584 172 1611 per
185 1576 376 1603 detnissiouem
389 1576 530 1610 quamdam
542 1575 609 1603 facta
624 1583 694 1609 esse,
715 1576 786 1611 ipsos
797 1577 830 1604 ad
842 1577 912 1605 Scri-

121 1626 260 1656 pturarutn
274 1621 453 1649 testimonium
468 1621 556 1648 mittit.

157 1668 186 1694 4.
196 1666 290 1694 Contra
304 1667 431 1694 haereticos
446 1675 459 1694 ε
479 1667 618 1701 Scripturis
632 1668 806 1702 pugnandum.
825 1668 910 1702 Quas-

119 1712 180 1739 dam
195 1717 294 1738 tantum
306 1712 417 1745 virtutes,
435 1712 493 1739 aliis
512 1713 639 1747 neglectis,
653 1721 766 1740 exercere
783 1722 832 1740 nou
843 1714 912 1748 δμω-

118 1759 163 1785 cit.
179 1758 320 1785 Hominum
332 1766 465 1785 avarorum
487 1756 793 1793 injuétorumt/ueinsania
808 1764 830 1785 et
846 1767 909 1794 sup-

117 1805 225 1841 plicium
247 1807 373 1840 futurum.
396 1819 431 1824 ——
453 1805 486 1832 Et
502 1813 550 1832 nos
571 1813 675 1839 quoque
697 1805 803 1840 quando
817 1811 910 1833 contra

118 1849 263 1877 ltzercticos
277 1857 425 1885 pugnamus
442 1854 469 1876 et.
483 1857 619 1876 armantur
630 1870 637 1880 ,
654 1849 714 1877 ltinc
730 1857 779 1877 nos
794 1851 908 1878 instrua-

117 1903 189 1923 mus.
200 1895 291 1923 Omnis
299 1896 364 1922 enim
378 1895 522 1930 Scriptura,
539 1896 634 1930 inquit,
648 1896 766 1922 divinitus
776 1897 908 1930 inspirata,

117 1943 187 1970 utilis
201 1943 278 1970 estad
289 1943 440 1975 docendum,
452 1943 484 1970 ad
496 1943 662 1978 urguendum,
673 1943 709 1972 ad,
722 1944 907 1978 corrigendum,

116 1989 150 2015 ad
161 1989 344 2015 instituendum
359 1989 384 2014 in
395 1988 496 2022 jttstitia
510 2009 517 2021 ,
532 1993 558 2015 ut
573 1988 699 2023 perfectus
711 1989 743 2015 sit
755 1988 803 2015 Dei
822 1989 907 2021 homo,

118 2034 153 2060 ad
163 2042 237 2061 omne
248 2042 312 2069 opus
324 2033 416 2060 bonum
428 2034 563 2060 instructus
580 2034 616 2069 (‘2.
632 2033 697 2060 Tim.
710 2034 736 2061 5.
751 2034 794 2061 lli.
807 2039 833 2063 et,
845 2035 876 2062 l7
886 2034 907 2069 ).

116 2079 174 2106 Non
188 2080 279 2107 utalia
296 2079 400 2112 habeat,
410 2079 468 2106 aliis
479 2085 568 2107 careat
583 2089 589 2107 :
604 2088 663 2107 nam
680 2080 738 2107 talis
753 2080 833 2107 homo
848 2088 907 2115 pcr-

116 2125 201 2152 fectus
221 2133 275 2152 non
298 2130 376 2152 esset.
398 2126 464 2158 Qua:
486 2125 595 2158 utilitas,
622 2133 731 2159 quasso,
755 2125 777 2152 si
801 2126 907 2153 assidue

117 2175 250 2204 precetur,
279 2178 329 2197 nec
349 2170 544 2205 elecmosyuam
561 2170 670 2205 largiter
691 2171 802 2206 eroget?
825 2172 865 2198 rel
881 2172 904 2198 si

117 2216 226 2251 largiter
239 2220 332 2250 eroget
344 2237 350 2247 ,
365 2215 412 2243 sed
428 2223 511 2251 rapax
533 2220 560 2243 et
576 2216 706 2243 violentus
726 2216 780 2242 sit?
792 2216 832 2243 vel
846 2216 867 2242 si
883 2216 907 2242 id

116 2261 195 2289 faciat
213 2262 247 2290 ad
271 2262 476 2289 osrentationem
499 2265 526 2289 et
552 2269 645 2289 vanam
667 2261 799 2296 gloriam?
823 2262 863 2289 rel
886 2262 906 2288 si

117 2313 211 2343 eroget
232 2307 339 2342 quidem
358 2311 483 2334 accurate
495 2328 502 2340 ,
527 2311 554 2334 ct
573 2307 606 2334 ad
630 2307 753 2341 placitum
777 2307 821 2334 Dei
835 2327 842 2339 ,
861 2306 907 2333 sed

115 2353 176 2380 inde
200 2360 262 2380 sese
281 2353 392 2380 extollat
415 2358 441 2380 et
465 2353 547 2379 altum
569 2352 676 2387 sapiat?
694 2352 736 2380 vel
759 2353 781 2380 si
802 2353 908 2380 humilis

147 2422 153 2438 ι
172 2420 273 2450 Quidam
284 2421 384 2450 habent.
399 2420 508 2453 spiritus,
521 2428 572 2452 pro.
587 2420 673 2446 Patris.

118 2470 1125 2483 ————_~—————_——-—————

649 102 680 131 IN
697 102 852 132 ΙΟΑΝΝΕΜ
872 102 987 131 HOMIL.
1005 103 1074 131 XLI.
1094 105 1130 133 al.
1152 105 1204 134 XL.

1719 112 1770 142 23$

983 159 1089 194 quidem
1109 162 1144 188 sit
1158 167 1184 189 et
1194 162 1302 197 jejuuiis
1324 171 1353 192 se
1366 170 1486 193 exerceat
1501 186 1507 198 ,
1521 173 1617 194 avarus
1641 172 1769 198 tamenet

983 209 1119 235 usurarius
1136 213 1162 235 ct
1180 211 1292 238 terrenis
1306 211 1437 245 addictus,
1453 217 1619 249 matremque
1633 216 1763 244 malorum

982 254 1101 281 omnium
1117 255 1142 281 in
1158 255 1274 283 animam
1295 265 1370 285 suam
1386 258 1513 286 inducat?
1525 261 1640 288 Avaritia
1655 270 1769 298 namque

982 298 1057 326 radix
1079 300 1197 327 omnium
1217 301 1347 328 malorum
1360 309 1410 330 est.
1435 305 1506 332 llanc
1521 305 1704 342 formidemus,
1719 309 1768 337 hoc

982 342 1113 378 fugiamus
1133 350 1281 379 peccatum.
1298 346 1359 374 Ila'c
1374 349 1465 375 orbem
1487 355 1615 380 terrarum
1627 353 1767 386 subvertit.

982 388 1039 416 lure
1050 390 1140 417 omnia
1163 391 1286 423 miscuit,
1302 392 1359 420 lucc
1373 400 1387 418 a
1404 394 1555 422 beatissima
1569 396 1666 424 Christi
1681 400 1767 425 seri-i-

982 438 1037 461 tutc
1050 442 1098 461 nos
1111 435 1218 463 abducit
1233 445 1239 462 :
1259 436 1317 463 Non
1331 438 1432 472 potestis
1444 459 1451 470 ,
1466 439 1559 474 inquit,
1578 441 1629 468 Deo
1643 444 1735 471 servire
1744 449 1767 471 et

981 487 1114 512 ntamonat,
1138 481 1181 515 qui
1206 481 1312 509 Christo
1330 484 1463 510 contraria
1492 487 1620 520 prtecipit.
1645 488 1766 517 Christus

980 524 1077 558 quippe
1091 526 1164 558 dicit,
1179 526 1214 552 Da
1229 527 1428 562 indigentibus;
1443 529 1496 560 ille,
1511 530 1585 565 Rape
1599 532 1634 558 ab
1646 533 1766 568 indigen-

981 570 1060 598 tibus.
1075 571 1198 599 Christus
1213 573 1285 605 dicit,
1301 573 1490 602 lnsidiantibus
1501 576 1557 609 tibi,
1569 581 1598 604 et
1608 577 1766 607 laedentibus

980 619 1005 642 te
1019 615 1052 643 da
1067 617 1168 644 veniam
1183 626 1188 642 :
1203 618 1245 644 hic
1255 624 1357 651 contra,
1374 620 1493 654 Laqueus
1508 628 1571 655 para
1580 621 1709 650 adversus
1720 632 1767 651 eos

979 662 1064 695 quite
1084 661 1149 702 nihil
1175 663 1309 690 latserunt.
1339 665 1463 692 Christus
1482 665 1556 698 dicit,
1582 667 1715 703 Benignus
1738 674 1767 696 et

979 712 1131 734 mansuetus
1156 713 1231 740 esto;
1258 709 1300 736 hic
1323 717 1337 736 e
1358 711 1511 743 contrario,
1527 711 1647 740 Crudelis
1668 720 1725 741 esto
1739 720 1767 742 et

980 751 1148 784 inhumanus,
1160 757 1187 780 ct
1200 754 1263 780 nihil
1280 763 1339 781 esse
1362 756 1512 783 existimato
1525 757 1656 793 lacrymas
1668 766 1767 794 paupe-

978 804 1052 829 rum;
1069 802 1096 824 ut
1110 799 1135 824 in
1150 798 1193 825 illa
1207 798 1250 826 die
1259 807 1381 827 severum
1395 801 1471 828 nobis
1482 804 1765 838 constituatjudicem.

977 841 1052 869 'l'unc
1065 843 1135 869 enim
1151 843 1227 871 nobis
1239 846 1328 871 omnia
1341 866 1348 878 ,
1374 854 1433 881 qum
1455 847 1582 881 fecimus,
1599 855 1660 878 ante
1674 851 1766 878 oculos

977 887 1292 924 versabuntur,.l:csique
1315 891 1352 918 illi
1377 896 1403 918 et
1424 892 1515 919 nudati
1534 901 1548 919 a
1565 894 1641 921 nobis
1656 902 1763 923 omnem

976 932 1053 959 nobis
1066 933 1247 961 defensionem
1262 935 1448 964 intercludant.
1463 937 1490 965 Si
1502 938 1573 965 enim
1589 939 1706 968 Lazarus
1717 942 1762 976 qui

975 977 1040 1004 nihil
1065 978 1143 1006 laesus
1161 979 1246 1007 fuerat
1260 988 1274 1007 a
1288 981 1369 1008 divite
1379 1002 1387 1014 ,
1405 983 1452 1010 scd
1469 984 1567 1011 nullatn
1590 987 1624 1013 ab
1638 994 1671 1014 eo
1685 995 1763 1021 opem

975 1028 1124 1058 acceperat,
1136 1025 1247 1052 acerbus
1257 1027 1315 1060 ejtts
1328 1033 1467 1055 accusator
1479 1030 1592 1063 exstitit,
1607 1039 1656 1059 nec
1667 1035 1764 1066 peruti-

974 1069 1007 1095 sit
1024 1074 1051 1096 ut
1065 1071 1169 1097 veniam
1192 1071 1273 1098 ullam
1296 1080 1502 1108 consequeretur
1523 1085 1529 1102 :
1546 1084 1636 1111 quam,
1651 1086 1758 1113 qtttrso,

973 1114 1155 1143 defensionem
1171 1116 1323 1150 habebunt,
1350 1119 1393 1153 qui
1416 1119 1502 1147 aliena
1526 1121 1641 1156 rapiunt,
1663 1125 1759 1153 nedum

973 1159 1170 1195 elcetnnsyttam
1193 1168 1318 1197 erogent,
1343 1164 1556 1200 pttpillornmque
1574 1167 1668 1195 domos
1680 1177 1761 1197 ever-

973 1204 1050 1231 tunt?
1077 1205 1104 1232 Si
1124 1205 1161 1232 illi
1175 1207 1219 1241 qui
1243 1206 1374 1235 Christum
1397 1210 1556 1237 esurientem
1582 1220 1633 1239 non
1658 1215 1760 1242 nutrie-

971 1254 1045 1282 rttttt,
1065 1255 1165 1277 tantum
1188 1252 1274 1287 ignem
1288 1253 1314 1279 in
1332 1259 1409 1288 caput
1423 1262 1498 1282 suum
1512 1261 1677 1286 attt‘axet‘ttnt
1692 1269 1697 1285 :
1713 1262 1757 1294 qui

970 1294 1054 1322 aliena
1068 1296 1184 1329 rapiunt,
1200 1297 1273 1324 mille
1287 1298 1345 1325 lites
1364 1304 1489 1332 movent,
1504 1302 1675 1338 omniumque
1690 1305 1758 1332 bona

970 1340 1019 1367 sibi
1028 1341 1192 1375 adscribunt,
1207 1350 1259 1377 qua
1267 1345 1451 1372 consolatione
1461 1346 1600 1375 fruentur?
1610 1349 1682 1377 llauc
1693 1359 1757 1386 ergo

968 1387 1138 1421 cupiditatem
1154 1388 1302 1423 ejiciamus.
1327 1391 1469 1424 Ejiciemus
1484 1398 1593 1427 autem,
1610 1396 1631 1422 si
1654 1398 1753 1431 cogite-

968 1440 1027 1459 mus
1039 1433 1150 1467 injustos
1163 1434 1285 1462 homines
1299 1439 1326 1462 et
1345 1443 1441 1464 avaros
1453 1438 1498 1473 qui
1512 1443 1572 1467 ante
1584 1447 1634 1468 nos
1649 1441 1755 1470 fuerunt

968 1483 994 1504 et
1007 1478 1139 1505 obieruttt.
1157 1479 1252 1506 Annon
1277 1481 1321 1507 alii
1336 1488 1428 1509 eorum
1445 1485 1563 1517 pecuniis
1577 1490 1604 1513 et
1619 1486 1754 1516 laboribus

967 1522 1098 1556 fruuntur,
1111 1524 1159 1558 ipsi
1174 1525 1303 1560 supplicio
1315 1546 1322 1558 ,
1336 1528 1453 1554 cruciatu
1475 1533 1503 1555 ot
1516 1530 1589 1556 malis
1603 1530 1755 1560 intolerabi-

966 1567 1042 1595 libus'
1053 1569 1223 1602 plectuntur?
1237 1573 1332 1598 Annon
1353 1577 1480 1600 cxtretnte
1501 1573 1642 1602 dementia:
1656 1576 1733 1604 fuerit
1745 1599 1753 1611 ,

966 1613 991 1639 in
1005 1613 1184 1641 sollicitudine
1197 1620 1224 1642 et
1240 1616 1367 1643 :crumuis
1381 1619 1492 1650 versari,
1508 1623 1535 1645 ut
1555 1624 1581 1646 et
1596 1620 1621 1647 in
1639 1620 1686 1649 hac
1702 1623 1753 1650 vita

966 1657 1100 1685 laboribus
1114 1663 1275 1692 atteramur,
1292 1665 1319 1687 et
1345 1661 1406 1688 hinc
1421 1662 1563 1697 migrantes
1578 1665 1753 1697 intolerabili-

966 1702 1014 1729 bus
1043 1709 1214 1739 torqueatnur
1239 1706 1376 1741 suppliciis
1407 1711 1485 1742 atque
1510 1709 1663 1744 laboribus,
1692 1721 1752 1740 cum

964 1753 1101 1782 oporteret
1113 1755 1140 1776 et
1153 1749 1195 1777 hic
1209 1751 1234 1777 in
1251 1751 1352 1778 deliciis
1371 1753 1459 1780 Vivere
1472 1754 1548 1787 (nihil
1565 1756 1635 1784 enim
1652 1762 1751 1786 tantam

964 1793 1126 1828 voluptatem
1143 1796 1228 1829 parit,
1244 1802 1370 1831 quatttam
1385 1799 1552 1836 elcetnosyna
1565 1822 1571 1833 ,
1586 1804 1746 1832 conscientia

964 1846 1027 1873 pura
1040 1840 1046 1855 ¹
1061 1839 1083 1875 ),
1095 1845 1122 1867 et
1134 1840 1273 1868 defttnctos
1286 1843 1320 1869 ab
1329 1843 1451 1871 omnibus
1460 1846 1518 1872 erui
1533 1847 1618 1880 malis,
1630 1854 1657 1876 et
1672 1849 1750 1877 intut-

962 1894 1034 1912 mera
1049 1888 1174 1922 consequi
1186 1888 1254 1915 bona
1266 1888 1277 1916 ?
1290 1889 1363 1916 Sicut
1373 1890 1443 1917 cuitu
1457 1892 1583 1926 nequitia,
1595 1895 1676 1922 etiam
1687 1902 1750 1924 ante

961 1931 1109 1966 gehennam
1121 1953 1128 1965 ,
1145 1940 1191 1960 eos
1206 1935 1251 1969 qui
1267 1934 1339 1962 illaut
1361 1942 1488 1964 exercent
1501 1939 1631 1973 supplicio
1646 1941 1751 1970 afﬁcere

961 1977 1029 2004 solet
1044 1986 1050 2003 :
1064 1978 1103 2005 sic
1116 1983 1142 2005 et
1157 1979 1257 2012 virtus,
1270 1980 1349 2007 etiam
1366 1986 1428 2008 ante
1438 1989 1567 2016 regnum,
1585 1984 1654 2011 illum
1670 1994 1750 2014 exer-

960 2023 1082 2049 centibus
1093 2023 1204 2050 delicias
1216 2030 1301 2058 parat,
1324 2025 1393 2052 bona
1409 2033 1456 2061 spe
1469 2047 1477 2059 ,
1492 2030 1600 2060 perenni
1618 2031 1751 2066 voluptate

963 2068 1039 2093 vitam
1055 2067 1185 2094 afficiens.
1199 2068 1232 2095 Ut
1242 2068 1310 2096 hanc
1320 2070 1408 2104 itaque
1423 2076 1450 2098 et
1466 2071 1508 2098 hic
1519 2076 1545 2099 et
1559 2073 1583 2099 in
1597 2074 1683 2103 futura
1696 2076 1748 2104 \ita

960 2119 1163 2146 consequamur,
1178 2113 1253 2140 bonis
1269 2114 1451 2142 incumbamus
1466 2117 1601 2150 operibus.
1615 2118 1659 2146 Sic
1675 2122 1747 2148 enim

960 2162 986 2184 et
999 2157 1099 2185 futuras
1112 2158 1290 2194 adipiscentur
1308 2167 1438 2192 coronas;
1451 2169 1518 2196 quas
1533 2163 1632 2190 utinam
1646 2173 1745 2194 conse-

961 2212 1073 2238 quamnr
1095 2212 1188 2232 omnes
1209 2206 1294 2240 gratia
1313 2211 1340 2234 et
1364 2207 1526 2243 benignitate
1547 2210 1650 2238 Domini
1666 2215 1749 2241 nostri

961 2249 1023 2276 Jesu
1038 2249 1148 2283 Christi,
1162 2258 1207 2284 per
1219 2259 1297 2286 quem
1311 2257 1337 2279 et
1349 2260 1409 2280 cum
1423 2262 1476 2288 quo
1490 2255 1559 2282 l’atri
1575 2257 1669 2291 gloria,
1685 2266 1753 2286 uua—

961 2303 1012 2330 que
1027 2296 1138 2331 Spiritui
1150 2302 1252 2330 Sancto,
1264 2306 1334 2326 nunc
1346 2303 1374 2327 ct
1385 2307 1500 2335 semper,
1513 2305 1539 2328 et
1550 2303 1575 2329 itt
1587 2304 1684 2331 Stccula
1696 2312 1749 2332 sa:-

961 2342 1092 2369 cnlurum.
1109 2343 1204 2369 Amen.

993 2389 1000 2404 ι
1018 2387 1153 2425 sayil._loco
1165 2387 1259 2425 illorum
1268 2407 1279 2425 ι,
1287 2394 1401 2421 quantam
1421 2391 1587 2425 eleetttosyna,
1604 2395 1750 2422 conscientia

960 2425 1032 2451 pura,
1046 2419 1115 2450 legit,
1127 2422 1240 2451 quantum
1251 2419 1408 2453 eleemosyua:
1418 2419 1686 2454 ενοθαιιέωηὲεἰειαῖὶιζ

1128 2469 1744 2487 -ῄῂῇ-

789 2507 962 2540 HOMILIA
996 2507 1079 2538 XLI.

113 2572 158 2600 39.
185 2572 344 2600 Scrutantini
360 2571 522 2605 Scripturas,
542 2571 600 2606 quia
620 2579 663 2598 vos
686 2572 778 2606 putatis
799 2571 825 2597 in
844 2570 906 2605 ipsis

148 2619 226 2645 vitam
241 2623 363 2645 aeternam
375 2617 465 2644 habere
480 2624 490 2644 :
502 2622 525 2644 et
537 2618 589 2644 illa:
598 2622 656 2644 sunt
669 2625 725 2652 qua
739 2615 907 2643 testimonium

149 2663 282 2698 perhibent
296 2662 329 2689 de
343 2670 382 2689 me
395 2670 404 2690 ε
418 2662 461 2690 40.
474 2667 556 2689 etnon
569 2662 642 2689 uultis
658 2662 741 2689 venire
765 2661 798 2688 ad
811 2669 860 2694 me,
880 2665 907 2687 ut

147 2709 226 2736 vitam
240 2713 366 2735 cateruam
378 2708 500 2735 habeatis.

150 2754 177 2782 1.
192 2753 242 2780 lies
249 2751 394 2788 spiri'tuales
405 2754 477 2780 multi
485 2754 617 2788 faciendw.
634 2754 778 2788 Scripturas
789 2761 839 2780 non
849 2760 903 2787 per-

109 2799 240 2833 funrtarie
268 2800 409 2835 legendum,
439 2800 576 2834 prwscrtim
597 2800 623 2826 in
642 2799 702 2826 locis
727 2799 760 2825 ad
777 2798 904 2826 Christum

958 2568 1145 2604 pertinentibus.
1167 2569 1280 2598 Christus
1302 2573 1469 2607 pertinaciam
1491 2574 1643 2602 Iadteorum
1661 2576 1749 2603 redata

958 2616 1021 2651 guit,
1036 2617 1171 2644 niaximum
1187 2617 1308 2645 adhibens
1328 2620 1488 2653 prudentiam
1506 2620 1692 2656 maximamque
1702 2631 1748 2649 ar-

959 2666 1132 2697 gumentorum
1148 2662 1195 2689 uim
1206 2669 1217 2694 ;
1230 2663 1344 2696 prtcdicit
1355 2664 1422 2699 ipsos
1435 2665 1617 2692 Antio/aristam
1631 2672 1748 2701 receptu-

959 2707 1180 2743 ros.—llaguam,
1197 2708 1297 2740 dilecti,
1314 2708 1348 2735 de
1361 2709 1542 2743 spiritualibus
1556 2710 1686 2739 rationem
1703 2711 1749 2739 ha-

967 2755 1093 2786 beamus,
1112 2761 1197 2788 neque
1211 2758 1299 2781 tatnen
1326 2754 1402 2781 nobis
1426 2754 1459 2782 ad
1474 2755 1584 2782 salutem
1610 2757 1674 2783 satis
1690 2765 1748 2786 esse

964 2805 1095 2834 putemus.
1107 2799 1127 2825 si
1143 2806 1174 2826 ca
1186 2803 1329 2833 utcumque
1344 2803 1499 2827 tractemus.
1510 2799 1579 2828 Nam
1589 2801 1611 2828 si
1628 2801 1653 2828 iu
1667 2809 1752 2830 sarcu-
