2041 3113
259 112 312 141 255

262 180 362 208 laribus
379 177 460 206 rebus
483 183 562 204 nemo
584 181 708 210 magnum
731 171 866 208 quidpiam
881 170 978 198 lucrari
1001 169 1050 196 de-

265 223 459 259 prehenditur,
483 221 507 248 si
530 220 617 248 obiter
638 223 664 246 et
680 217 859 253 perfunctorie
872 220 947 251 agat,
968 215 1052 242 multo

265 269 349 304 magis
362 269 388 295 in
402 265 582 302 spiritualihus
600 264 679 291 rebus
693 263 719 290 id
732 262 846 294 eveniet,
862 261 923 296 quia
938 260 980 286 lia:
995 265 1052 304 Inaf

261 303 320 350 jori
333 320 400 348 opus
417 311 516 340 habent
529 309 674 346 diligentia.
693 309 754 336 Ideo
762 307 885 335 Christus
897 305 1005 333 Jndmos
1019 303 1052 331 ad

261 359 412 393 Scripturas
434 355 589 389 remittens,
613 353 714 382 nonad
737 353 884 388 simplicem
900 350 1052 382 lecrionem,

265 404 312 432 sed
325 403 359 431 ad
373 406 528 430 accuratum
541 408 653 429 examen
668 400 728 427 illos
740 398 863 426 remittit.
877 397 970 431 Neque
981 395 1053 423 enim

263 450 341 483 dixit,
357 449 448 483 Legite
457 446 629 482 Scripturas;
646 445 692 473 sed
706 466 713 477 ,
727 443 882 472 Scrutantim'
896 442 1053 476 Scripturas.

262 496 330 530 Quia
344 502 375 522 ea
387 515 396 527 ,
409 502 469 529 quae
482 493 516 521 de
539 493 596 528 ipso
611 491 647 519 ibi
662 490 787 518 dicuntur
797 510 805 522 ,
827 488 910 516 multa
925 493 994 522 opus
1007 485 1057 512 ha-

264 542 328 570 bent
341 539 545 575 investigatione
556 538 619 573 (sub
631 537 726 564 umbra
738 535 810 563 enim
825 533 939 569 quadam
953 531 1055 560 ecculm

263 587 399 615 veteribus
411 584 526 620 erant),
547 583 607 611 ideo
632 583 693 609 illos
714 584 841 609 accurate
865 578 957 606 fodere
971 577 1055 612 jubet,

264 637 294 659 ut
308 632 334 659 in
350 630 480 666 profundo
508 629 593 664 posita
613 627 732 662 reperire
757 625 868 661 possint.
883 624 974 658 Neque
985 622 1057 650 enim

265 679 291 706 in
305 677 449 713 superﬁcie
464 674 506 702 Vel
522 675 548 702 in
568 678 714 708 conspectu
726 672 835 707 jaceat,
850 669 898 697 sed
914 669 990 704 quasi
1004 667 1058 695 the-

265 731 361 751 saurus
376 721 505 757 quispiam
520 718 652 754 profunde
674 717 817 744 admodum
832 714 967 743 recondita
985 717 1056 741 sunt.

267 770 318 804 Qui
341 775 406 796 vero
421 765 552 802 profunde
569 765 652 800 posita
673 763 769 799 qua'rit
783 782 790 794 ,
806 761 857 789 nisi
873 768 933 788 cum
947 759 1059 794 diligen-

267 816 303 842 tia
313 818 340 842 et
354 813 445 841 labore
458 816 570 846 quaerat,
583 817 727 844 numquam
741 807 813 844 quod
821 807 918 842 quaerit.
930 806 1057 833 inveniet.

266 861 329 888 Ideo
354 862 494 894 postquam
508 857 587 889 dixit,
604 854 760 883 Scrutamim'
781 853 941 887 Scripturas,
958 850 1056 883 intulit,

268 905 334 939 Quia
348 913 390 932 vos
405 903 500 938 putatis
520 902 547 928 in
570 901 634 936 ipsis
647 901 723 927 vitam
742 904 864 926 wternam
886 897 987 925 habere.
1001 896 1059 924 Non

266 951 344 982 dixit,
359 949 469 977 Habetis
482 968 490 981 ,
506 947 553 975 sed
581 946 681 973 Putatis
700 945 808 977 habere,
825 943 970 971 ostendens
988 943 1061 977 ipsos

269 997 336 1024 nihil
360 1002 484 1030 magnum
499 993 616 1025 lucrari,
634 992 697 1019 dum
712 994 837 1026 putarent
852 997 882 1017 se
896 997 928 1017 ex
942 989 999 1016 sola
1020 989 1059 1016 le-

265 1043 353 1070 ctione
363 1041 421 1069 sine
434 1039 486 1067 ﬁde
499 1045 577 1074 posse
584 1039 697 1065 salutem
707 1035 845 1071 consequi.
862 1035 900 1062 Ac
910 1034 934 1062 si
949 1034 1060 1066 diceret,

267 1089 362 1114 Annon
379 1085 513 1113 miramini
528 1083 703 1118 Scripturas‘!
715 1088 804 1109 annon
821 1081 883 1108 vitze
894 1080 984 1108 fontes
1002 1087 1062 1107 esse

267 1131 452 1159 arbitramini?
468 1129 515 1156 His
528 1129 582 1164 jam
599 1128 671 1155 nitor
685 1131 712 1155 et
733 1134 793 1162 ego.
808 1126 854 1154 lite
867 1133 982 1160 namque
1001 1128 1064 1152 sunt

267 1186 328 1213 qua:
342 1175 524 1205 testimonium
541 1173 685 1210 perhibent
701 1172 736 1200 de
748 1180 791 1200 me
801 1193 808 1205 ,
825 1176 851 1199 et
871 1179 926 1198 non
938 1170 1016 1198 vultis
1030 1170 1062 1198 ad

270 1233 313 1252 me
321 1223 412 1251 venire
422 1244 428 1256 ,
443 1228 472 1249 ut
481 1222 560 1249 vitam
572 1224 700 1247 :cternam
711 1218 840 1246 habeatis.
848 1217 912 1245 Jure
918 1225 981 1252 ergo
991 1216 1064 1244 diee-

269 1270 326 1301 bat,
343 1268 391 1295 Vos
406 1267 499 1303 putatis
511 1287 518 1300 ,
534 1265 607 1301 quod
619 1264 721 1292 nollent
734 1264 784 1298 ipsi
803 1263 988 1298 obtemperare
998 1282 1005 1295 ,
1017 1262 1065 1289 sed

271 1316 305 1343 de
318 1314 431 1349 simplici
447 1313 561 1340 lectione
575 1310 762 1346 gloriarentur.
776 1309 876 1337 Deinde
893 1316 926 1336 ne
936 1316 968 1335 ex
984 1308 1064 1335 nimia

272 1369 336 1389 cura
350 1362 376 1388 in
390 1367 465 1388 vana:
476 1359 567 1395 gloriae
581 1356 759 1392 suspicionem
778 1355 882 1383 veniret
894 1375 901 1388 ,
917 1362 984 1382 neve
995 1354 1066 1389 quod

273 1408 378 1434 illorum
404 1405 482 1432 ﬁdem
508 1403 650 1438 exigeret,
673 1405 810 1436 putaretur
829 1408 889 1436 qua:
913 1408 960 1427 sua
989 1403 1066 1427 erant

273 1459 368 1479 curare
378 1449 388 1486 (
398 1457 458 1477 nam
470 1448 614 1477 etJoannis
623 1454 725 1479 vocem,
737 1451 764 1473 et
777 1446 821 1473 Dci
835 1445 1026 1478 testitnoniutn,
1040 1449 1067 1472 et

275 1504 357 1531 opera
380 1502 427 1523 sua
447 1496 715 1525 commemoraverat,
737 1492 871 1526 vitamque
891 1490 1066 1525 promiserat;

277 1542 329 1569 illis
337 1540 461 1568 omnibus
468 1546 541 1575 usus,
549 1543 578 1566 ut
585 1545 632 1566 eos
638 1537 671 1565 ad
679 1545 708 1565 se
716 1537 856 1571 alliceret):
868 1538 940 1572 quia,
950 1536 1067 1570 inquam,

276 1585 405 1614 credibile
419 1589 478 1612 erat
488 1584 587 1611 multos
602 1583 785 1618 suspicaturus
795 1588 856 1609 esse
871 1580 940 1615 quod
956 1581 1069 1615 gloriam

276 1635 416 1668 captaret,
431 1630 492 1658 audi
503 1629 567 1665 quid
584 1628 692 1664 adjiciat
707 1637 713 1655 :
728 1628 772 1655 41.
790 1627 904 1654 Gloriam
918 1627 949 1654 ab
971 1626 1070 1653 [tamine

277 1687 327 1706 non
340 1677 437 1712 accipio
449 1685 458 1709 ;
475 1676 524 1702 hoc
537 1678 588 1707 est,
604 1674 712 1701 lllanon
725 1680 801 1707 egeo.
818 1672 876 1700 Non
889 1679 959 1705 sum,
974 1671 1068 1706 inquit,

282 1725 343 1752 talis
358 1729 471 1754 natum,
487 1726 516 1748 ut
530 1721 666 1748 hominum
682 1720 766 1755 gloria
782 1726 849 1754 opus
861 1719 973 1745 habeam
985 1738 992 1750 ,
1004 1718 1070 1745 Nam

282 1770 304 1796 si
320 1768 360 1796 sol
383 1775 399 1795 a
422 1767 529 1794 lucerna
554 1766 622 1793 lucis
644 1764 854 1791 additamentum
879 1771 930 1790 non
956 1763 1070 1798 accipit,

285 1814 370 1840 inulto
391 1813 479 1840 minus
497 1819 547 1846 ego
561 1811 676 1838 humana
691 1809 775 1844 egeho
800 1809 894 1844 gloria.
910 1809 941 1836 Et
955 1816 1003 1836 cur
1016 1808 1073 1836 [nec

281 1860 358 1891 dicis,
370 1860 392 1886 si
407 1866 459 1886 non
474 1858 574 1893 egeas?
590 1857 624 1884 Ut
644 1864 691 1883 vos
705 1855 772 1883 salvi
788 1855 855 1882 sitis.
871 1854 937 1882 lllud
954 1862 1016 1882 vero
1030 1862 1074 1881 su-

282 1913 329 1940 pra
345 1905 459 1936 dixerat,
472 1908 500 1931 et
511 1903 554 1930 hic
570 1901 750 1930 subindicavit
766 1900 807 1928 his
822 1900 920 1933 verbis,
944 1900 978 1928 Ut
998 1901 1073 1927 ritam

283 1950 405 1978 habeatis.
429 1948 514 1976 All‘ert
534 1948 661 1978 etaliam
680 1955 798 1975 cattsatn.
821 1947 928 1981 Quam?
953 1947 997 1975 62.
1022 1947 1075 1974 Sed

282 1995 387 2032 cognovi
400 2003 453 2027 vos,
470 1994 530 2029 quia
543 1993 704 2020 dilectionem
718 1992 766 2020 Dei
784 2001 836 2019 non
850 1993 946 2019 habetis
958 1993 985 2019 in
995 1992 1073 2019 vobis.

285 2044 352 2076 Quia
367 2048 448 2077 srpe,
465 2040 540 2076 quasi
567 2040 649 2067 Deum
672 2039 831 2074 diligerent,
848 2038 1076 2074 persequebantur

284 2096 353 2120 etnn,
367 2087 429 2122 quia
443 2085 571 2120 aequalem
585 2092 614 2112 se
628 2084 741 2112 iaciebat
755 2084 820 2117 Deo,
835 2085 990 2119 sciebatque
1002 2084 1076 2120 ipsos

287 2140 339 2160 non
357 2132 408 2160 sibi
425 2131 573 2159 credituros
591 2138 667 2160 esse;
693 2137 727 2157 ne
747 2130 807 2165 quis
833 2130 941 2162 diceret,
961 2130 1015 2158 Cur
1042 2130 1076 2157 ita

288 2177 423 2212 loqueris?
449 2176 485 2204 Ut
506 2183 553 2203 vos
578 2175 791 2210 reprehendam,
814 2175 909 2210 inquit,
935 2176 995 2210 quia
1024 2183 1077 2202 non

289 2228 395 2258 propter
410 2222 579 2250 dilectionem
595 2221 641 2249 Dei
657 2229 699 2249 tne
715 2221 916 2256 persequimini.
939 2221 1076 2256 Siquidem

288 2271 346 2305 ipse
369 2269 434 2297 mihi
457 2268 638 2296 testimonium
656 2267 777 2303 perhibet
790 2272 817 2294 et
832 2274 879 2302 per
897 2274 978 2302 opera
991 2271 1018 2294 et
1031 2274 1078 2302 per

288 2315 448 2350 Scripturas.
474 2314 548 2341 Sicut
569 2321 618 2348 ego
644 2313 758 2340 antehac
787 2320 846 2339 cum
874 2312 1004 2347 putaretis
1037 2320 1080 2339 me

289 2359 345 2387 Deo
372 2358 554 2386 adversarium
574 2365 644 2391 cSSe,
673 2365 715 2384 tne
737 2357 910 2391 expellebatis
929 2366 935 2383 :
951 2357 985 2384 ita
1010 2365 1080 2385 nunc

289 2414 323 2434 ex
348 2413 401 2440 quo
432 2405 489 2432 haec
515 2404 720 2437 demonstravi,
747 2411 888 2431 accurrere
923 2411 971 2431 vos
997 2411 1080 2438 opor-

289 2453 381 2486 tebat,
410 2453 432 2479 si
463 2452 545 2479 Deum
570 2451 736 2485 diligeretis;
763 2449 810 2477 sed
835 2457 887 2477 non
907 2457 970 2477 vere
994 2449 1080 2485 diligi-

290 2500 334 2528 tis.
358 2499 422 2526 ldeo
449 2499 506 2525 hare
527 2497 592 2528 dixi,
620 2501 649 2523 ut
668 2496 870 2531 comprobarem
896 2503 944 2523 vos
963 2495 1032 2523 fastu
1054 2501 1082 2523 et

288 2545 414 2580 iactantia
436 2543 508 2576 duci,
531 2547 558 2570 et
578 2542 702 2569 invidiam
730 2546 843 2569 vestram
865 2541 1000 2576 obtegere.
1027 2540 1080 2568 Ne-

289 2598 342 2625 que
355 2597 386 2617 ex
403 2589 444 2615 his
467 2593 568 2615 tantttm
581 2608 588 2620 ,
605 2587 651 2614 sed
665 2595 696 2614 ex
717 2586 812 2614 futuris
834 2594 939 2622 quoque
961 2587 1012 2615 hoc
1031 2587 1082 2614 ad-

290 2637 385 2668 struit;
401 2642 461 2662 natn
477 2635 514 2661 ait
528 2643 534 2661 :
547 2634 592 2661 45.
614 2633 669 2669 Ego
689 2635 744 2661 veni
760 2635 786 2660 in
804 2634 904 2661 nomine
920 2633 1005 2661 Patris
1020 2635 1078 2667 mei,

291 2686 314 2707 et
335 2689 385 2707 non
402 2679 530 2713 recepistis
545 2686 605 2706 me:
629 2679 650 2706 si
669 2679 734 2706 alius
753 2680 845 2706 venerit
864 2680 891 2706 in
913 2680 1013 2706 nomine
1024 2688 1080 2714 suo,

292 2726 368 2752 illum
382 2725 517 2759 recipietis.
540 2724 631 2752 Vidcn'
645 2725 718 2753 illum
735 2725 831 2761 ubique
841 2725 930 2753 dicere
941 2733 969 2753 se
984 2726 1017 2753 ad
1031 2727 1082 2754 hoc

293 2771 402 2797 missum
413 2777 483 2803 esse,
497 2775 523 2797 et
534 2777 565 2797 ex
580 2770 655 2798 Patre
664 2771 791 2805 judicium
802 2771 947 2806 accepisse,
959 2779 1008 2799 nec
1018 2771 1080 2806 quid

293 2823 370 2851 posse
397 2824 411 2843 a
434 2815 590 2851 setnctispso
611 2817 712 2850 facere,
729 2822 756 2845 ut
773 2825 878 2845 omnem
905 2817 1080 2852 improbi1atis

610 106 630 134 S
655 103 794 133 JOANNIS
811 100 1046 132 CllRYSOSTOMl
1066 101 1223 129 ARCIIIEP.
1243 100 1510 130 CONSTANTINOP.

1846 101 1898 131 256

1107 177 1199 197 ansam
1223 170 1345 198 resecet?
1369 170 1423 199 Sed
1436 177 1580 206 quemnam
1594 169 1660 198 dicit
1683 170 1710 198 in
1723 177 1773 198 suo
1786 171 1898 206 proprio

1107 216 1216 243 nomine
1230 221 1373 244 venturum
1396 216 1478 245 esse?
1500 216 1695 245 Antichristum
1710 216 1755 244 hic
1776 217 1900 244 subindi-

1107 265 1167 294 cat,
1195 268 1342 296 eorumque
1368 261 1516 298 nequitiam
1543 262 1708 290 ineluetabili
1739 266 1899 298 argumento

1107 307 1283 335 demonstrat.
1298 308 1365 336 Nam
1378 309 1401 337 si
1417 313 1552 344 tamquam
1567 308 1614 336 Dei
1630 313 1765 336 amatores
1778 317 1823 337 me
1838 316 1901 344 per-

1108 354 1258 389 sequimini,
1274 355 1358 382 multo
1373 355 1456 390 magis
1470 354 1664 382 Antichristum
1681 355 1806 390 persequi
1819 362 1902 389 Opor-

1109 397 1198 423 tucrit.
1223 397 1270 424 llle
1294 405 1407 432 namque
1423 397 1489 424 nihil
1512 397 1601 425 simile
1619 397 1747 432 proferet,
1772 404 1860 432 neque
1886 406 1901 426 a

1108 441 1187 469 Patre
1201 449 1230 470 se
1250 443 1378 477 missum,
1402 450 1492 478 neque
1513 450 1547 470 ex
1569 443 1627 478 ejus
1649 444 1786 472 voluntate
1810 444 1904 471 venire

1108 487 1197 515 dicet:
1212 487 1259 515 sed
1275 492 1379 521 contra,
1397 495 1428 515 ea
1441 488 1580 524 tyrannice
1597 487 1684 523 rapiet
1693 497 1753 524 qua:
1763 496 1818 516 non
1828 488 1861 515 ad
1874 495 1904 516 se

1108 533 1262 568 pertinent,
1278 540 1360 568 seque
1373 533 1454 561 deum
1470 532 1655 561 universorum
1670 534 1851 569 proﬁtcbitur,
1875 540 1904 561 ut.

1110 578 1207 606 Paulus
1220 578 1257 606 ait
1272 586 1279 606 :
1293 578 1380 614 Supra
1389 587 1487 606 onmem
1497 579 1540 613 qui
1554 579 1645 606 dicitur
1658 578 1728 607 Deus
1743 585 1788 606 aut
1798 580 1902 612 colitur,

1110 624 1242 651 ostendens
1261 632 1288 651 se
1303 629 1430 659 tamquam
1441 624 1474 651 sit
1491 623 1562 652 Deus
1573 624 1611 660 (2.
1630 624 1718 652 Thess.
1732 625 1761 652 2.
1787 626 1831 659 4).
1848 625 1904 653 Hoc

1110 669 1182 696 enim
1197 673 1239 697 est
1253 669 1279 696 in
1289 670 1396 704 proprio
1408 669 1515 697 nomine
1530 670 1629 698 venire.
1642 671 1699 706 Ego
1711 678 1776 699 vero
1788 679 1840 698 non
1854 672 1903 703 sic,

1111 714 1158 741 sed
1173 714 1199 741 in
1223 715 1332 742 nomine
1347 715 1433 742 Patris
1446 715 1498 742 mei
1514 715 1620 743 adveni.
1646 715 1694 743 Vel
1711 715 1774 744 hinc
1797 716 1903 743 ostcmli

1111 764 1216 795 poterat
1228 760 1300 795 ipsos
1314 768 1366 788 non
1389 768 1480 788 amare
1498 761 1581 789 Deum
1594 783 1601 795 ,
1617 762 1689 797 quod
1704 762 1791 795 illum,
1813 762 1859 797 qui
1874 769 1904 789 se

1111 806 1251 834 diceretab
1262 807 1307 834 illo
1324 807 1446 840 missum,
1466 815 1519 835 non
1541 808 1690 843 reciperent
1707 817 1713 835 :
1727 809 1781 843 jam
1795 816 1860 835 vero
1872 816 1905 836 ex

1112 853 1248 881 contrario
1272 853 1391 881 ostendit
1416 853 1523 880 illorum
1549 853 1742 888 impudentiam
1770 855 1797 886 ι,
1812 862 1844 881 ex
1872 862 1907 882 eo

1112 899 1183 936 quod
1199 900 1391 927 Antichristum
1405 900 1537 935 recepturi
1550 905 1651 928 essent.
1663 900 1730 928 Cum
1744 901 1816 928 enim
1831 909 1906 933 eum,

1113 946 1157 981 qui
1172 953 1187 972 a
1204 945 1258 973 Deo
1276 953 1305 973 se
1316 945 1427 973 missum
1439 946 1554 979 dicebat,
1573 954 1626 974 non
1647 947 1817 982 reciperent;
1832 955 1909 974 cunt-

1113 997 1165 1025 que
1175 991 1221 1026 qui
1239 991 1321 1018 Deum
1336 999 1388 1018 non
1404 996 1525 1024 noverat,
1540 992 1588 1019 sed
1605 992 1781 1026 iactabundus
1794 1001 1824 1020 se
1847 994 1908 1020 uni-

1114 1044 1251 1065 versorum
1266 1037 1344 1064 deum
1351 1037 1471 1071 dicebat,
1485 1038 1619 1065 adoraturi
1630 1044 1719 1066 essent
1735 1039 1838 1074 :palam
1852 1044 1910 1066 crat

1114 1091 1147 1111 ex
1161 1083 1258 1111 invidia
1271 1088 1299 1111 et
1313 1091 1347 1111 ex
1357 1084 1402 1111 Dei
1418 1084 1480 1111 odio
1492 1085 1726 1120 perscquutionetn
1737 1091 1823 1112 ortatn
1836 1093 1908 1113 esse.

1115 1129 1178 1157 Ideo
1198 1129 1264 1158 duas
1290 1131 1366 1165 ponit
1385 1130 1518 1157 dictorum
1540 1138 1653 1163 causas,
1679 1131 1797 1166 priorem
1814 1139 1911 1166 nempe

1117 1176 1189 1203 illam
1203 1184 1265 1211 qua:
1278 1176 1370 1203 utilior
1385 1181 1459 1210 erat,
1476 1176 1510 1203 Ut
1523 1177 1586 1203 salvi
1599 1177 1654 1204 sitis
1669 1198 1676 1211 ,
1692 1181 1719 1204 et
1732 1176 1766 1204 Ut
1778 1177 1852 1204 vitam
1863 1177 1911 1203 Ita-

1117 1222 1204 1249 beatis.
1216 1222 1282 1256 Quia
1293 1230 1356 1250 vero
1368 1222 1453 1256 ipsum
1465 1222 1567 1249 irrisuri
1579 1227 1666 1256 erant,
1680 1222 1911 1250 vehementiorem

1118 1269 1200 1303 ponit,
1217 1269 1368 1301 declarans,
1385 1269 1406 1296 si
1420 1268 1560 1296 audientes
1582 1277 1634 1296 non
1649 1269 1847 1304 obtemperent,
1866 1277 1912 1303 pro

1118 1322 1193 1343 more
1204 1321 1253 1342 suo
1270 1314 1352 1341 Deum
1366 1314 1462 1348 ubique
1478 1314 1607 1340 facturum
1619 1321 1689 1341 esse.

1153 1361 1180 1388 2.
1202 1360 1299 1387 Paulus
1313 1364 1386 1387 certe
1400 1359 1434 1387 de
1449 1359 1611 1386 Antichristo
1632 1359 1743 1394 loquens
1758 1359 1913 1394 prophetice

1118 1407 1182 1434 dicit
1197 1414 1204 1433 :
1221 1405 1303 1432 Mittet
1317 1405 1369 1432 illis
1379 1404 1449 1432 Deus
1461 1406 1629 1439 operationem
1640 1405 1744 1438 erroris,
1761 1409 1787 1431 ut
1800 1405 1914 1438 iudice»-

1120 1458 1160 1481 tur
1175 1461 1260 1480 omnes
1273 1452 1315 1486 qui
1330 1460 1379 1479 non
1395 1452 1552 1478 crediderunt
1564 1451 1670 1484 veritati,
1681 1451 1725 1478 sed
1734 1455 1913 1478 consenserunt

1121 1498 1247 1534 iniquitati
1262 1498 1271 1533 (
1284 1498 1350 1525 Ibid.
1365 1506 1389 1524 υ.
1405 1498 1438 1524 l0
1452 1502 1473 1524 et
1490 1497 1518 1524 ll
1531 1501 1552 1532 ).
1568 1497 1690 1525 Christus
1703 1501 1792 1524 autem
1806 1504 1859 1524 non
1874 1496 1913 1524 d1-

1120 1545 1157 1571 cit
1170 1550 1230 1571 esse
1244 1548 1402 1576 venturum;
1417 1542 1464 1570 sed
1476 1563 1482 1574 ,
1498 1542 1528 1569 Si
1540 1543 1632 1569 venerit
1642 1562 1649 1576 ,
1663 1541 1830 1570 auditoribus
1842 1549 1871 1569 se
1881 1547 1915 1568 at-

1122 1594 1273 1624 temperans
1283 1609 1290 1622 ,
1306 1589 1366 1624 quia
1382 1587 1498 1615 nondum
1519 1587 1650 1622 completa
1665 1592 1723 1616 erat
1737 1592 1792 1615 tota
1808 1587 1914 1615 illorum

1122 1635 1237 1670 nequitia
1251 1644 1257 1661 :
1273 1633 1385 1668 ideoque
1399 1634 1469 1660 illius
1481 1633 1610 1661 adventus
1623 1640 1729 1660 causam
1744 1633 1836 1660 tacuit.
1850 1632 1916 1660 Pau-

1124 1681 1165 1708 lus
1180 1688 1244 1708 vcro
1266 1679 1474 1714 intelligentiluus
1492 1683 1583 1714 aperte
1602 1679 1672 1706 illam
1691 1678 1854 1710 declaravit;
1874 1679 1917 1706 ille

1123 1735 1236 1762 namque
1258 1731 1298 1754 est
1322 1726 1366 1761 qui
1386 1733 1492 1753 onmem
1514 1726 1579 1760 ipsis
1600 1725 1685 1753 aufert
1706 1725 1915 1752 excusationem.

1127 1773 1226 1800 Deinde
1238 1771 1429 1800 incredulitatis
1439 1778 1531 1799 eorum
1543 1779 1650 1798 causam
1662 1771 1702 1798 his
1714 1771 1803 1798 verbis
1816 1771 1915 1805 aperit:

1127 1820 1168 1846 Μ.
1187 1817 1317 1852 Quomodo
1332 1818 1434 1852 potestis
1453 1825 1495 1844 vos
1509 1816 1625 1848 credere,
1639 1817 1681 1851 qui
1693 1816 1801 1852 gloriam
1816 1817 1918 1844 invicem

1125 1865 1239 1898 accipitis
1249 1885 1256 1897 ,
1271 1869 1294 1890 ct
1309 1863 1416 1899 gloriam
1429 1871 1485 1897 qua:
1498 1871 1513 1889 α
1526 1864 1580 1890 solo
1595 1862 1649 1890 Deo
1663 1867 1699 1889 est
1719 1871 1769 1889 non
1789 1863 1918 1897 qutrritis?

1126 1910 1188 1938 hinc
1207 1910 1302 1938 iterum
1323 1909 1467 1937 ostendens
1487 1917 1534 1937 eos
1556 1917 1608 1936 non
1630 1909 1672 1936 illa
1690 1917 1749 1944 qua:
1770 1909 1854 1936 solius
1874 1909 1918 1936 Dci

1126 1960 1203 1984 erant
1217 1960 1338 1991 spectare
1348 1976 1356 1988 ,
1371 1955 1418 1983 sed
1432 1955 1482 1982 hoc
1496 1955 1606 1982 obtentu
1619 1954 1740 1982 effectum
1760 1961 1838 1982 suum
1854 1954 1919 1982 velle

1127 2002 1206 2030 tueri.
1223 2002 1336 2029 Tantum
1352 2002 1421 2029 enim
1437 2001 1530 2028 aberat
1544 2001 1606 2036 quin
1622 2001 1679 2028 haec
1691 2001 1724 2028 ad
1746 2001 1791 2028 Dei
1810 2001 1918 2036 gloriam

1129 2048 1260 2081 iacerent,
1276 2053 1305 2075 ut
1319 2047 1461 2075 humanam
1481 2047 1531 2075 sibi
1545 2048 1632 2082 potius
1645 2055 1724 2082 quatit
1739 2047 1858 2074 divinam
1873 2055 1919 2083 op-

1130 2098 1226 2121 tarent.
1240 2093 1380 2127 Quomodo
1392 2100 1456 2128 ergo
1471 2097 1572 2120 tantum
1587 2093 1639 2120 odii
1657 2101 1703 2128 pro
1718 2093 1764 2120 Dei
1778 2094 1863 2128 gloria
1878 2101 1920 2120 su-

1129 2140 1278 2174 sciperent,
1296 2147 1375 2174 quam
1396 2146 1479 2173 usque
1498 2138 1566 2166 adeo
1585 2139 1807 2172 contemnebant,
1828 2144 1857 2166 ut
1872 2139 1920 2166 liu-

1130 2193 1236 2212 manam
1258 2185 1307 2220 ipsi
1329 2184 1511 2212 anteferrent?
1537 2184 1679 2219 Postquam
1706 2189 1794 2212 autent
1819 2184 1921 2211 dixerat

1131 2231 1203 2265 ipsos
1216 2230 1386 2257 dilectionem
1401 2229 1448 2257 Dei
1464 2237 1516 2257 non
1530 2230 1628 2257 habere
1638 2250 1645 2263 ,
1661 2235 1687 2257 et
1702 2229 1800 2265 duplici
1821 2230 1921 2257 ratione

1132 2276 1157 2304 id
1171 2276 1344 2311 probaverat,
1361 2282 1416 2303 tum
1431 2283 1477 2311 per
1491 2283 1522 2303 ea
1536 2283 1595 2311 qua:
1612 2276 1637 2303 in
1654 2283 1683 2303 se
1699 2275 1765 2303 facta
1776 2296 1784 2309 ,
1807 2280 1862 2303 tum
1877 2283 1922 2310 per

1131 2329 1161 2349 ca
1177 2329 1235 2356 qua:
1251 2321 1277 2348 in
1291 2321 1453 2349 Antichristo
1467 2321 1553 2348 futura
1573 2325 1665 2354 erant,
1687 2321 1850 2356 insuperque
1870 2321 1923 2347 cla-

1132 2367 1186 2394 rius
1200 2367 1443 2400 demonstraverat,
1459 2373 1519 2394 csse
1533 2366 1592 2394 illos
1603 2366 1676 2393 omni
1689 2366 1764 2393 venia
1781 2366 1903 2401 indignos
1915 2375 1921 2393 :

1133 2413 1170 2440 sic
1186 2413 1245 2440 illos
1264 2412 1413 2448 redarguit,
1437 2412 1545 2447 Moysen
1564 2417 1747 2440 accusatorem
1766 2411 1923 2439 adducens:

1132 2459 1176 2486 ΑΒ.
1195 2458 1282 2485 Nolite
1296 2463 1384 2493 putare
1397 2458 1465 2493 quod
1484 2466 1530 2493 ego
1548 2462 1711 2485 accusaturus
1729 2458 1777 2484 sim
1799 2465 1843 2485 vos
1857 2457 1926 2492 apud

1134 2504 1238 2532 Patrem
1252 2513 1262 2531 :
1277 2509 1312 2532 est
1324 2505 1367 2538 qui
1380 2509 1481 2533 accusat
1495 2512 1538 2531 vos
1553 2503 1671 2539 Moyses,
1692 2505 1719 2531 in
1738 2512 1788 2539 quo
1807 2512 1851 2531 ros
1868 2512 1925 2538 spe-

1133 2552 1218 2579 rastis.
1234 2551 1277 2578 46.
1293 2551 1323 2578 Si
1337 2551 1402 2578 enim
1415 2550 1548 2577 crederetis
1562 2550 1657 2586 Moysi,
1671 2550 1805 2578 crederetis
1820 2551 1927 2589 forsitan

1134 2602 1156 2624 et
1169 2597 1231 2623 milii
1246 2605 1256 2624 :
1270 2596 1301 2624 de
1313 2605 1352 2626 me
1366 2597 1431 2624 enim
1446 2596 1489 2623 ille
1503 2597 1613 2631 scripsit.
1634 2596 1680 2624 47.
1704 2596 1734 2624 Si
1755 2593 1840 2623 autem
1859 2597 1928 2624 illius

1134 2643 1213 2670 literis
1228 2651 1277 2669 non
1291 2642 1406 2676 creditis,
1421 2641 1547 2677 quomodo
1561 2642 1622 2668 meis
1637 2642 1743 2669 credetis
1760 2642 1861 2669 verbis?
1874 2642 1929 2670 lloc

1134 2692 1190 2721 est,
1205 2689 1274 2715 Ante
1289 2695 1331 2715 me
1344 2687 1387 2714 ille
1401 2687 1562 2715 contumelia
1576 2687 1691 2714 allicitur
1706 2687 1731 2714 in
1747 2687 1778 2714 iis
1792 2696 1852 2723 qute
1863 2695 1928 2715 con-

1135 2737 1174 2760 tra
1185 2740 1228 2760 me
1239 2733 1334 2760 facitis.
1348 2732 1431 2768 Moysi
1444 2733 1514 2761 enirn
1525 2733 1609 2768 magis
1621 2733 1698 2761 ﬁdem
1711 2735 1838 2769 negastis,
1850 2742 1928 2770 quant

1171 2811 1177 2826 ¹
1197 2809 1277 2836 Morel.
1291 2810 1373 2842 habet,
1384 2810 1511 2843 invidiam,
1525 2818 1576 2843 pm,
1589 2811 1772 2844 imptulmtlittm.
