2041 3113
144 181 194 210 25⁷

146 236 218 265 mihi.
235 233 301 263 Vide
326 232 460 270 quomodo
484 232 543 259 illos
567 231 682 267 undique
706 230 779 258 omni
805 229 932 257 interclu-

145 282 189 310 dat
217 280 380 308 defensione.
410 279 477 306 Dum
505 285 548 305 me
579 275 803 313 persequeremini
819 296 826 309 ,
851 275 934 302 Deum

144 335 191 354 vos
209 326 321 361 diligere
340 324 469 353 dicebatis
491 333 498 352 :
514 323 618 351 ostendi
638 330 685 350 vos
711 323 761 350 hoc
785 322 855 349 illius
874 320 934 348 odio

144 373 242 401 facere.
256 372 298 400 Me
311 371 443 400 accusatis
457 370 527 405 quod
542 369 680 397 sabbatum
694 369 795 396 solvam
810 372 837 395 ct
849 367 934 401 legem

145 420 323 453 transgrediar
336 427 344 445 :
359 418 392 446 de
405 417 455 444 hac
468 418 636 444 accusatione
656 423 699 442 me
719 414 836 449 purgari.
854 413 933 439 Afﬁr-

144 465 222 493 matis
236 472 284 492 vos
307 464 386 491 fidem
408 470 471 498 erga
492 461 601 497 Moysen
624 459 740 496 proﬁteri
761 467 809 494 per
830 466 861 486 ea
875 465 935 493 qua:

143 515 235 538 centra
255 517 300 537 me
323 508 427 536 audetis
447 517 453 535 :
473 507 586 535 ostendo
601 513 650 541 ego
670 505 733 532 illud
748 504 863 532 maxime
876 511 935 530 esse

144 564 196 584 non
211 556 322 583 credere
337 555 430 591 Moysi.
446 553 559 581 Tantum
574 552 646 580 enim
661 551 736 578 abest
749 555 778 577 ut
791 550 841 585 legi
856 557 934 584 repu-

143 610 220 638 gnem
231 622 238 635 ,
255 606 284 629 ut
299 602 321 628 is
335 601 379 636 qui
394 607 442 628 vos
455 603 627 627 accusaturus
641 602 682 625 est
694 597 782 625 nullus
801 597 868 623 alius
882 596 932 628 sit,

145 655 222 683 quam
235 648 258 674 is
271 647 318 682 qui
333 649 417 682 legem
433 645 509 673 vobis
522 645 604 672 dedit.
619 644 653 672 Ut
673 643 753 679 igitur
767 642 800 670 de
814 642 933 676 Scriptu—

145 693 180 721 ris
193 693 300 721 dicebat
310 714 317 726 ,
332 692 366 720 In
383 693 472 727 quibus
487 691 582 727 putatis
599 691 676 717 vitam
693 694 811 716 arternam
825 687 934 720 habere;

145 738 180 766 ita
193 738 229 765 de
242 738 333 774 Moyse
347 738 384 765 ait
406 747 413 766 :
435 737 467 764 1η
488 745 536 773 qua
554 744 597 763 vos
615 735 751 771 sperastis,
769 741 803 762 ex
821 734 875 761 suis
888 741 935 761 eos

144 785 313 811 sermonibus
331 784 440 818 capiens
459 783 565 817 ubique.
583 782 615 809 Et
634 781 704 808 unde
719 780 871 812 discemus,
893 779 934 806 in-

141 831 236 865 quient
250 830 346 864 Judaei,
362 830 470 865 Moysen
483 835 666 857 accusaturum
677 836 748 861 esse,
761 835 792 854 ac
805 831 830 855 te
844 834 894 854 non
909 826 935 853 id

144 883 211 903 vane
224 876 364 911 jactitare?
377 876 438 911 quid
450 876 522 903 enim
538 875 584 902 tibi
599 882 658 902 cum
674 873 764 909 Moyse
777 871 935 900 commune?

143 922 288 950 Sabbatum
303 923 421 954 solvisti,
442 922 512 957 quod
523 921 601 956 jussit
615 921 661 948 ille
675 919 834 947 servandum
848 927 855 945 :
869 926 935 954 quo-

145 969 224 996 modo
238 976 302 1004 ergo
317 969 361 997 ille
376 976 425 996 nos
442 967 626 995 accnsaverit?
640 967 674 994 Et
691 965 824 1002 quomodo
838 964 934 1000 proba-

145 1014 225 1048 bitur,
239 1015 354 1049 inquies,
369 1022 418 1041 nos
431 1014 456 1041 in
470 1014 551 1040 alium
568 1013 612 1048 qui
627 1013 652 1039 in
666 1019 715 1039 suo
727 1011 835 1038 nomine
847 1011 935 1038 veniat

144 1068 205 1088 esse
219 1060 386 1088 credituros?
402 1060 463 1087 llam
476 1060 572 1094 quippe
588 1058 676 1086 omnia
689 1058 763 1085 nullo
776 1061 843 1084 teste
857 1056 933 1084 dicis.

144 1106 224 1141 Atqui
241 1106 298 1133 haec
313 1105 401 1133 omnia
416 1113 450 1133 ex
464 1104 645 1140 superioribus
655 1103 808 1138 probantur.
823 1101 935 1136 Quando

144 1151 215 1178 enim
230 1158 261 1178 ex
281 1151 423 1185 operibus,
439 1158 470 1177 ex
490 1149 599 1177 Joannis
614 1156 690 1183 voce,
705 1156 737 1176 ex
752 1148 837 1175 Patris
859 1147 935 1175 testi-

144 1197 235 1224 monio
250 1197 276 1223 iu
291 1196 414 1223 confesso
428 1195 507 1222 fuerit
526 1202 568 1222 me
591 1202 607 1222 a
627 1194 682 1222 Deo
700 1194 806 1221 venisse
818 1214 825 1226 ,
849 1193 934 1227 palam

144 1246 218 1268 certe
237 1246 278 1268 est
292 1241 400 1276 Moysen
414 1241 485 1275 ipsos
497 1245 684 1268 accusaturum
698 1246 767 1266 esse.
781 1238 850 1272 Quid
863 1238 934 1266 enim

145 1287 189 1315 ille
201 1287 285 1314 dixit?
300 1294 387 1314 annon
398 1307 406 1320 ,
436 1286 507 1321 quod
522 1286 543 1313 si
558 1286 618 1321 quis
632 1286 706 1320 signa
719 1285 820 1313 faciens
833 1284 935 1312 venerit

145 1333 332 1368 (Deut.l5.l),
343 1332 388 1367 qui
401 1333 434 1359 ad
449 1333 532 1360 Deum
539 1332 627 1364 ducat,
642 1331 782 1366 futuraque
800 1339 861 1359 vere
874 1338 936 1365 pro-

145 1379 267 1412 nuntiet,
290 1378 341 1412 ipsi
355 1377 465 1405 credere
478 1377 615 1411 oporteat?
635 1377 730 1404 Annon
742 1376 864 1404 Christus
878 1377 935 1404 haec

144 1424 233 1451 omnia
248 1423 328 1451 fecit?
341 1423 421 1458 Signa
435 1430 493 1450 cum
507 1423 580 1450 omni
600 1422 711 1450 veritate
724 1422 823 1454 edidit,
841 1428 935 1450 omnes

145 1470 225 1497 traxit
231 1469 264 1497 ad
275 1469 366 1502 Deum,
375 1469 560 1504 praedictiones
567 1475 599 1495 ex
607 1475 696 1495 rerum
705 1471 801 1495 eventu
809 1467 933 1495 asseruit.

145 1517 179 1543 At
195 1515 265 1543 unde
280 1515 407 1550 probatur
422 1515 494 1550 ipsos
507 1514 583 1542 alteri
595 1514 744 1542 credituros
759 1514 835 1542 esse?
851 1515 889 1541 Ex
903 1522 935 1542 co

144 1562 214 1597 quod
226 1561 361 1588 Christum
373 1561 488 1588 oderint.
503 1560 569 1588 Nam
584 1561 627 1596 qui
643 1568 714 1594 eum,
728 1561 772 1596 qui
785 1568 817 1588 ex
832 1561 877 1588 Dei
889 1568 936 1588 vo-

145 1607 246 1634 luntate
262 1606 350 1638 venit,
366 1610 532 1638 aversantur,
547 1606 602 1633 Deo
616 1606 797 1633 adversarium
814 1606 871 1633 sine
884 1605 935 1633 du-

145 1652 188 1679 bio
202 1652 343 1687 recipient.
363 1651 438 1684 Quod
458 1651 480 1678 si
501 1651 609 1687 Moysen
631 1659 701 1678 nunc
720 1651 852 1686 proferat,
875 1652 937 1679 licet

144 1697 262 1729 dixerit,
283 1697 339 1732 Ego
352 1698 383 1723 ab
396 1697 496 1724 [tantine
509 1697 676 1723 testimonium
694 1705 744 1723 non
759 1697 854 1732 accipio
875 1705 884 1724 :
903 1705 936 1724 ne

146 1743 251 1770 mireris
268 1751 274 1768 :
291 1749 343 1769 non
357 1742 428 1769 enim
440 1742 474 1769 ad
487 1742 612 1777 Moysen,
627 1742 674 1769 sed
686 1741 719 1769 ad
733 1742 848 1769 divinam
865 1742 937 1770 Scri—

145 1794 250 1824 pturam
265 1788 323 1816 illos
335 1788 455 1816 remittit.
469 1788 565 1816 Verum
578 1788 639 1823 quia
652 1788 794 1823 Scriptura:
806 1789 935 1816 minorem

146 1834 198 1861 illis
212 1840 340 1861 terrorem
353 1833 513 1865 afl‘erebaut,
535 1833 713 1868 legislatorem
728 1833 811 1868 ipsum
826 1841 936 1861 accusa-

146 1884 232 1907 torem
246 1879 388 1912 indnceus,
404 1880 531 1914 majorem
543 1879 594 1906 illis
604 1883 702 1906 metum
715 1879 834 1912 incussit,
847 1884 871 1907 et
883 1880 937 1906 sin-

145 1925 206 1959 gula
217 1932 310 1952 eorum
322 1925 390 1952 dicta
400 1924 528 1952 confutat.
540 1924 588 1952 Hic
597 1930 685 1951 autem
699 1926 815 1951 animum
828 1925 935 1952 adhibe.

147 1972 277 1998 Dicebant
295 1978 325 1998 se
346 1979 378 1998 ex
401 1971 446 1998 Dei
463 1978 554 1998 amore
575 1971 648 1998 illum
668 1971 806 2005 persequi;
822 1971 938 1998 ostendit.

147 2017 192 2044 ille
205 2017 278 2051 ipsos
293 2024 326 2044 ex
344 2016 389 2044 Dei
404 2017 465 2044 odio
488 2017 514 2043 id
535 2016 632 2044 facere.
655 2017 782 2044 Dicebant
804 2024 834 2044 se
855 2017 938 2052 Moysi

147 2061 250 2089 bterere
264 2082 271 2093 ,
289 2062 333 2089 ille
345 2061 438 2096 probat
452 2062 524 2096 ipsos
539 2062 563 2089 id
576 2068 670 2097 agere,
691 2062 761 2096 quod
782 2061 864 2097 Moysi
885 2069 937 2089 non

146 2107 299 2135 crederent.
321 2107 387 2134 Nam
406 2108 429 2135 si
450 2108 516 2142 legis
535 2108 620 2136 studio
642 2107 807 2140 tenebantur,
822 2108 939 2142 oportuit

147 2153 221 2180 illum
238 2153 358 2188 recipere
371 2153 416 2188 qui
431 2154 516 2189 legem
536 2153 662 2190 implebat
684 2163 690 2181 z
711 2154 734 2180 si
748 2153 830 2180 Deutn
844 2153 938 2189 dilige-

146 2199 210 2226 bant
220 2219 229 2232 ,
245 2199 283 2226 illi
296 2198 404 2226 credere
417 2206 465 2234 par
474 2204 544 2232 erat,
558 2200 603 2234 qui
617 2199 650 2226 ad
664 2199 745 2226 Dcutn
761 2199 882 2227 trahebat
896 2209 902 2227 :
916 2201 939 2228 si

148 2245 231 2280 Moysi
245 2246 408 2278 credebant,
424 2246 540 2280 oportuit
555 2246 630 2273 illutn
648 2245 761 2273 adorare
782 2254 861 2281 quem
884 2247 940 2282 ipse

147 2291 345 2325 pramuntiavit.
359 2291 435 2324 Quod
446 2292 468 2318 si
482 2291 518 2318 illi
536 2291 688 2326 priusquam
704 2291 768 2318 mihi
781 2292 847 2319 fides
860 2299 940 2327 nega-

148 2341 201 2370 tur,
217 2337 282 2364 nihil
299 2338 396 2364 mirum
411 2337 432 2364 si
445 2345 495 2372 ego
508 2337 541 2365 ab
555 2337 602 2364 illo
617 2337 808 2372 prmnuntiauls
827 2346 842 2365 a
864 2338 940 2366 vobis

147 2383 281 2418 expellor.
299 2383 374 2411 Sicut
387 2391 450 2419 ergo
464 2384 532 2418 illos,
554 2384 597 2418 qui
615 2384 744 2411 Joannem
765 2385 938 2418 mirabantur,

147 2429 264 2456 ostendit
275 2429 359 2464 ipsum
371 2429 499 2457 Joannem
510 2430 646 2465 despicere
654 2430 688 2457 ab
696 2430 728 2457 iis
738 2438 796 2465 qua:
807 2435 897 2458 contra
910 2439 940 2459 se

148 2480 336 2509 perpeti-arant
352 2484 359 2502 :
372 2475 411 2502 sic
423 2475 531 2502 eosdem
541 2495 549 2507 ,
561 2483 621 2503 cum
633 2483 663 2503 se
675 2475 757 2511 Moysi
771 2475 881 2504 credere
893 2484 941 2511 pu-

149 2520 268 2555 tent,ipsi
277 2528 329 2547 non
338 2521 448 2549 credere
457 2522 642 2557 probat,atque
649 2522 737 2549 omnia
745 2529 803 2557 qua:
809 2530 858 2557 pro
866 2530 895 2550 se
903 2523 940 2550 illi

147 2567 304 2601 merebant,
318 2569 344 2595 in
354 2573 433 2604 caput
443 2569 560 2604 ipsorum
573 2573 719 2604 retorquet.
731 2569 843 2596 Tantum
854 2569 938 2603 abest,

148 2613 249 2648 inquit,
265 2618 295 2640 ut
307 2621 355 2641 vos
368 2622 383 2641 a
398 2614 456 2649 lege
466 2615 609 2646 retraham,
621 2620 650 2642 ut
663 2615 748 2649 ipsum
762 2615 939 2649 legislaturem

147 2664 241 2686 contra
253 2667 302 2686 vos
316 2664 410 2687 testem
432 2660 570 2688 advocem.
588 2660 663 2695 Quod
679 2668 742 2695 ergo
757 2661 899 2695 Scriptura:
915 2661 940 2688 id

148 2704 328 2732 testiﬁcenlur
339 2705 419 2738 dicit;
441 2706 485 2733 ubi
502 2713 590 2733 autem
605 2706 779 2734 testificantur
787 2714 845 2733 non
866 2706 939 2741 adje-

147 2751 201 2778 cit:
216 2751 346 2786 majorem
364 2752 416 2780 illis
436 2753 556 2786 timorem
577 2753 696 2780 incutere
715 2753 806 2780 volens
819 2757 847 2780 ut
868 2753 940 2787 ipsos

151 2798 185 2825 ad
195 2797 389 2831 explorandum
402 2802 430 2825 et
449 2798 666 2833 interrogandum
684 2800 822 2826 excitaret.
837 2799 903 2826 Nam
917 2799 939 2826 si

147 2848 200 2869 non
217 2847 326 2877 rogatus
341 2843 468 2877 dixisset,
494 2845 673 2873 testimonium
695 2845 731 2872 illi
753 2845 909 2880 rejccissent
931 2854 937 2872 :

146 2886 198 2923 iam
212 2895 280 2916 vero
291 2889 313 2916 si
327 2889 404 2916 dictis
418 2890 592 2917 attendisscnt
602 2912 609 2919 .
623 2896 683 2918 ante
697 2892 784 2918 omnia
799 2891 938 2926 oportebat

304 2939 438 2968 ΡΑτιιοι..
462 2937 522 2967 Gn.
546 2937 623 2968 LIX,

640 174 674 203 lN
690 173 845 203 JOANNEM
863 171 980 200 llOMlL.
1000 171 1065 199 XLI.
1086 174 1120 200 al.
1142 172 1196 201 XL.

1727 174 1777 202 233

988 228 1077 255 abillo
1095 237 1214 263 qnmrcre
1229 235 1254 257 et
1268 230 1397 258 ediscere.
1419 231 1482 259 Ideo
1501 232 1570 259 enim
1594 241 1645 259 non
1666 233 1778 261 demon-

988 275 1131 301 strationes
1146 279 1263 307 tantum,
1281 276 1326 302 sed
1338 277 1417 304 etiam
1429 278 1574 305 sententias
1587 282 1614 305 et
1628 279 1713 306 minas
1726 279 1779 307 fre.

988 324 1106 354 quentat.
1118 325 1147 347 ut
1157 321 1196 348 sic
1207 328 1254 349 eos
1264 321 1305 349 vel
1317 327 1388 349 metu
1402 322 1519 350 reducat.
1534 323 1571 350 llli
1587 328 1673 351 tamen
1685 325 1773 352 silent.

987 366 1059 393 Talis
1073 366 1144 394 enim
1160 374 1203 394 res
1217 371 1258 394 est
1271 368 1384 401 malitia;
1400 369 1526 404 quidquid
1539 370 1642 398 dicatur
1654 371 1696 398 vel
1712 371 1754 398 fiat
1765 392 1775 406 ,

988 419 1039 439 non
1053 412 1185 447 exsurgit,
1200 412 1245 440 sed
1262 413 1396 447 proprium
1411 415 1482 441 virus
1494 420 1590 442 servat.

1023 457 1049 484 5.
1065 457 1146 484 Dolus
1160 463 1183 484 et
1197 459 1306 493 nequitia
1322 459 1450 494 fugienda.
1470 459 1592 487 Virtutem
1605 470 1663 489 vera
1677 463 1778 497 sapien-

989 503 1023 530 tia
1035 524 1042 536 ,
1058 504 1192 538 nequitiam
1207 504 1317 531 amentia
1336 505 1479 531 comitatur.
1499 505 1634 541 Infcrentis
1656 508 1776 543 injuriam

989 550 1059 584 pejor
1076 550 1185 577 conditio
1207 559 1281 586 quam
1304 552 1646 588 patientis.—Quaproptcr
1669 562 1716 589 par
1737 561 1777 583 cst

988 597 1060 623 omni
1074 597 1183 631 expulsa
1198 597 1278 624 animi
1295 598 1411 632 nequitia
1421 619 1428 630 ,
1441 598 1540 625 nullum
1554 603 1661 626 nectere
1675 600 1776 628 dolum.

988 643 1029 670 Ad
1042 651 1132 678 prauos
1145 644 1214 671 enim
1223 665 1229 677 ,
1242 643 1343 679 inquit,
1356 652 1445 679 pravas
1456 645 1508 670 vias
1520 644 1593 671 mittit
1605 644 1672 671 Deus
1687 645 1774 680 (Prov.

988 690 1032 718 21.
1048 689 1100 723 8);
1116 695 1158 724 et,
1175 690 1287 725 Spiritus
1299 696 1401 717 sanctus
1418 690 1558 726 disciplina:
1577 690 1678 726 eﬂ'ugict
1692 692 1778 719 dolum

988 740 1011 763 et
1025 737 1121 771 auferet
1134 744 1160 763 se
1174 745 1189 763 a
1203 736 1409 772 cogitationibus,
1431 745 1486 771 qua:
1503 741 1561 764 sunt
1580 737 1634 764 sine
1652 737 1778 764 intellectu

988 783 1067 819 (Sap.
1083 784 1108 810 1.
1123 783 1163 819 5).
1178 783 1247 810 Nihil
1262 784 1332 811 enim
1346 785 1380 811 ita
1394 783 1488 811 stultos
1501 784 1597 817 reddit,
1611 789 1638 811 ut
1649 784 1776 818 nequitia.

989 828 1122 857 Subdolus
1136 829 1206 856 enim
1217 850 1224 862 ,
1241 829 1387 864 improbus,
1402 830 1519 864 ingratus
1536 830 1594 866 (hie
1605 830 1702 865 quippe
1717 835 1779 857 sunt

988 875 1113 911 nequitia:
1126 875 1253 911 genera),
1275 876 1296 903 si
1321 875 1385 903 nihil
1402 876 1480 903 lzesus
1494 875 1652 909 offendatur,
1667 877 1688 903 si
1703 876 1778 904 dolos

989 926 1087 955 nectat,
1100 929 1188 948 annon
1199 928 1310 949 summa:
1320 921 1461 948 dementim
1472 921 1569 948 indicia
1579 921 1715 956 proferat?
1730 922 1777 949 Ni-

988 968 1024 995 hil
1032 968 1065 995 ita
1076 968 1218 1003 prudentes
1226 967 1323 1002 reddit,
1332 968 1458 995 utvirtus.
1466 967 1571 995 Etenim
1583 973 1671 1002 gratos
1680 969 1777 998 reddit,

989 1015 1096 1050 probos.
1117 1015 1255 1050 benignos,
1271 1014 1359 1047 mites,
1375 1018 1537 1048 mansuetos,
1554 1014 1688 1041 modestos
1703 1023 1709 1040 :
1724 1022 1777 1040 επι-

989 1068 1045 1090 tera
1060 1062 1147 1090 omnia
1164 1062 1231 1089 bona
1247 1061 1304 1089 haec
1324 1069 1418 1096 parere
1436 1061 1513 1088 solet.
1537 1060 1605 1094 Quid
1629 1060 1679 1088 hoc
1699 1061 1778 1087 modo

988 1108 1089 1136 affectis
1103 1108 1276 1143 prudentius?
1290 1107 1361 1134 Fons
1375 1107 1445 1134 enim
1461 1114 1523 1134 vere
1536 1111 1559 1134 et
1574 1106 1649 1133 radix
1664 1105 1778 1141 pruden-

989 1155 1032 1183 tia:
1046 1156 1128 1183 virtus
1142 1159 1198 1188 est,
1220 1154 1318 1181 malitia
1332 1161 1395 1181 vero
1409 1162 1440 1181 ex
1455 1155 1569 1181 amentia
1585 1159 1670 1181 ortum
1688 1154 1775 1181 habet.

988 1202 1124 1236 Arrogans
1136 1201 1206 1228 enim
1220 1205 1246 1228 et
1261 1200 1404 1227 iracundus
1418 1199 1559 1227 deficiente
1577 1199 1716 1234 prudentia
1737 1199 1777 1226 Itis

987 1248 1088 1275 morbis
1098 1246 1211 1283 capitur.
1225 1245 1286 1274 Ideo
1299 1245 1428 1281 propheta
1440 1245 1545 1274 dicebat
1562 1255 1568 1272 :
1585 1245 1645 1272 Non
1660 1251 1696 1273 est
1707 1246 1775 1272 sani—

988 1297 1026 1321 tas
1038 1294 1065 1321 in
1079 1301 1154 1320 carne
1166 1301 1229 1319 mea.
1245 1291 1401 1319 Putrnerunt
1411 1296 1433 1318 et
1445 1296 1569 1323 corrupta:
1580 1296 1639 1318 sunt
1651 1292 1778 1319 cicatrices

987 1347 1050 1366 mete
1063 1347 1079 1365 a
1093 1338 1158 1374 facie
1171 1338 1320 1373 insipientia:
1334 1345 1394 1365 mea:
1411 1336 1500 1373 (Praf.
1514 1337 1558 1364 57.
1573 1337 1600 1364 4.
1619 1336 1672 1372 6);
1687 1342 1776 1364 osten-

988 1386 1055 1414 dens
1068 1389 1203 1421 peccatum
1219 1384 1331 1420 quodvis
1346 1392 1379 1412 ex
1392 1384 1542 1419 insipientia
1555 1388 1642 1411 ortum
1655 1383 1752 1412 habere
1770 1393 1776 1410 :

988 1437 1081 1460 contra
1100 1438 1164 1458 vero
1185 1431 1283 1458 virtute
1304 1429 1443 1465 pra‘ditum
1464 1437 1495 1457 ac
1515 1430 1652 1457 timentem
1676 1429 1777 1462 Deum,

988 1479 1106 1506 omnium
1120 1485 1180 1505 esse
1194 1477 1427 1512 sapientissimum.
1440 1476 1541 1504 Idcirco
1554 1477 1659 1512 sapiens
1672 1477 1778 1512 quidam

988 1525 1068 1557 dicit,
1083 1524 1190 1551 Initium
1203 1524 1348 1557 sapientiw,
1363 1524 1437 1550 timor
1449 1522 1553 1550 Domini
1567 1522 1664 1559 (Prov.
1687 1524 1712 1550 1.
1727 1523 1777 1559 7).

988 1569 1015 1597 Si
1028 1577 1091 1605 ergo
1111 1569 1205 1597 timere
1221 1569 1305 1596 Deum
1324 1573 1365 1596 est
1384 1569 1540 1604 sapientiam
1556 1568 1673 1601 habere;
1694 1569 1779 1596 malus

988 1624 1041 1643 non
1057 1617 1091 1643 ita
1107 1615 1232 1649 affectus,
1247 1623 1309 1643 vere
1322 1615 1450 1650 sapientia
1464 1615 1583 1650 privatur
1595 1624 1601 1642 :
1613 1623 1674 1643 vera
1690 1621 1778 1643 autem

989 1662 1107 1696 privatus
1120 1661 1258 1695 sapientia,
1272 1660 1389 1687 omnium
1400 1666 1440 1687 cst
1451 1660 1690 1695 insipientissitnus.
1703 1661 1778 1695 Atqui

990 1708 1093 1743 plurimi
1109 1707 1244 1742 improbos
1258 1707 1432 1739 admirantur,
1448 1711 1478 1734 ut
1498 1707 1542 1742 qui
1562 1707 1664 1741 possint
1682 1707 1781 1734 hedere

989 1762 1020 1782 ac
1035 1761 1148 1786 nocere;
1171 1760 1223 1780 non
1239 1752 1416 1787 intelligentcs
1436 1753 1508 1787 ipsos
1524 1753 1641 1779 omnium
1664 1752 1781 1780 miserri-

989 1807 1048 1827 mos
1066 1799 1214 1827 censendos
1236 1806 1296 1826 csse
1309 1819 1316 1831 ,
1339 1798 1409 1833 quod
1425 1798 1487 1826 dum
1508 1803 1618 1826 cancros
1636 1805 1665 1826 se
1685 1798 1782 1825 hedera

990 1851 1100 1881 putant,
1117 1846 1142 1872 in
1159 1845 1260 1880 scipsos
1275 1844 1390 1880 gladium
1410 1848 1515 1872 vertant
1535 1853 1542 1870 ι
1566 1843 1636 1878 quod
1656 1848 1782 1871 extrenm:

990 1893 1130 1921 dementia:
1143 1897 1193 1920 est.
1208 1892 1273 1919 Nam
1287 1891 1362 1919 inscii
1377 1891 1479 1926 scipsos
1493 1890 1656 1923 confodiunt,
1673 1895 1701 1918 et
1718 1890 1782 1917 dum

990 1940 1065 1967 altcri
1078 1947 1107 1966 se
1122 1946 1219 1966 nocere
1234 1942 1340 1972 putant,
1356 1937 1459 1972 scipsos
1469 1937 1598 1972 iugulant.
1612 1937 1674 1963 Ideo
1685 1937 1782 1964 Paulus

990 1993 1088 2021 gnarus
1101 1992 1159 2016 nos,
1176 1992 1235 2011 cum
1249 1988 1361 2011 εωιριηοδ
1373 1988 1511 2018 percutere
1523 1984 1652 2016 volumus,
1664 1987 1782 2010 nosmet-

991 2033 1063 2067 ipsos
1083 2031 1243 2064 interficere,
1258 2030 1364 2057 dicebat
1378 2038 1384 2055 :
1405 2030 1490 2063 Quare
1504 2037 1553 2055 non
1567 2029 1650 2063 potius
1663 2029 1782 2063 injuria»:

991 2077 1125 2112 accipitis?
1138 2084 1216 2111 quare
1227 2084 1278 2103 non
1291 2075 1370 2110 magis
1390 2075 1505 2109 fraudant
1520 2074 1635 2109 patimini
1655 2074 1664 2109 (
1676 2075 1701 2102 l.
1722 2073 1781 2101 Cor.

992 2124 1018 2151 6.
1034 2123 1088 2158 7)?
1103 2122 1227 2158 lnjnriam
1241 2122 1312 2149 enim
1326 2128 1379 2148 non
1394 2121 1489 2156 accipit
1502 2121 1546 2156 qni
1563 2129 1614 2148 non
1630 2121 1718 2153 infert,
1734 2128 1782 2147 nec

992 2169 1062 2196 malo
1074 2168 1198 2200 afficitur,
1215 2168 1260 2203 qui
1275 2167 1374 2194 malum
1388 2174 1441 2194 non
1457 2171 1584 2202 operatur
1599 2176 1605 2192 :
1622 2167 1742 2202 quamvis
1757 2165 1784 2193 id

992 2216 1083 2244 multis
1096 2215 1206 2249 :enigma
1221 2221 1281 2241 esse
1292 2213 1414 2241 videatur
1426 2213 1470 2248 qui
1486 2213 1666 2248 philosophari
1681 2212 1782 2239 nolunt.

993 2262 1055 2289 lla‘c
1065 2269 1124 2289 cum
1136 2261 1259 2292 sciamus,
1272 2266 1324 2286 non
1336 2266 1382 2286 eos
1401 2259 1445 2294 qui
1456 2258 1596 2290 lil‘dllnllll",
1609 2258 1649 2285 vel
1662 2258 1783 2293 injuriatn

993 2307 1135 2341 accipiunt,
1151 2305 1197 2333 sed
1211 2305 1270 2332 illos
1278 2305 1321 2340 qui
1334 2304 1456 2339 injnriam
1466 2303 1592 2337 inferunt,
1602 2304 1713 2332 miseros
1721 2311 1788 2338 pra-

993 2353 1111 2380 dicemus
1131 2356 1158 2379 et
1177 2352 1358 2386 deplorcmus.
1377 2350 1408 2377 Hi
1423 2350 1495 2378 enim
1512 2351 1626 2378 maxime
1641 2350 1783 2380 l;cduntur.

993 2399 1037 2434 qui
1045 2399 1099 2426 Deo
1110 2398 1208 2425 bellum
1218 2397 1344 2430 inferunt,
1355 2401 1381 2424 et
1393 2397 1466 2424 mille
1474 2401 1658 2424 accusatorum
1670 2403 1715 2423 ora
1726 2403 1785 2429 ape-

994 2446 1075 2477 riunt,
1085 2445 1206 2479 malaque
1215 2444 1283 2471 fama
1294 2445 1319 2470 in
1331 2444 1381 2471 hac
1393 2444 1445 2470 vita
1456 2443 1592 2471 laborant:
1603 2447 1682 2477 atque
1693 2442 1785 2477 ingens

994 2491 1020 2517 in
1034 2490 1122 2517 futter
1135 2490 1185 2516 sibi
1199 2493 1292 2524 parant
1306 2489 1462 2524 supplicium
1476 2497 1483 2516 :
1495 2493 1524 2515 ut
1538 2493 1628 2515 contra
1641 2487 1658 2514 ii
1672 2487 1716 2522 qui
1729 2486 1783 2513 lmsi

995 2536 1104 2571 injurias
1118 2535 1223 2563 fortiter
1237 2535 1324 2562 ferunt
1336 2555 1344 2568 ,
1360 2535 1443 2562 Deum
1456 2534 1553 2561 habent
1566 2534 1720 2569 propitium,
1732 2539 1784 2558 om-

994 2589 1094 2617 nesque
1107 2590 1137 2610 se
1149 2583 1377 2614 commiserantes,
1390 2581 1576 2616 approbantes.
1588 2579 1736 2612 laudantes.
1753 2577 1783 2604 lli

994 2627 1020 2654 in
1036 2628 1086 2655 hac
1108 2628 1160 2654 vita
1180 2627 1321 2654 admodum
1343 2626 1462 2653 celebres
1483 2629 1576 2657 erunt,
1596 2624 1640 2659 qui
1661 2631 1784 2658 magnum

994 2673 1171 2709 philosophia:
1185 2673 1335 2708 exemplum
1352 2672 1505 2707 prwbeant,
1528 2675 1556 2698 et
1575 2671 1600 2697 in
1623 2670 1710 2697 futura
1732 2670 1783 2697 vita

994 2720 1101 2747 aeternis
1115 2719 1238 2746 fruuntur
1251 2719 1328 2746 bonis
1345 2727 1351 2744 :
1368 2725 1427 2753 quae
1441 2725 1489 2745 nos
1502 2723 1595 2744 omnes
1605 2716 1709 2751 assequi
1722 2723 1783 2743 con.

995 2767 1085 2800 tingat,
1098 2765 1182 2800 gratia
1194 2770 1221 2792 et
1233 2764 1395 2799 benignitate
1414 2763 1517 2790 Domini
1537 2763 1620 2791 nostri
1633 2762 1699 2795 Jesu
1709 2762 1782 2790 Chri‘

994 2812 1039 2845 sti,
1048 2811 1153 2846 quicum
1166 2810 1237 2838 Patri
1249 2815 1277 2837 et
1290 2810 1367 2837 simul
1381 2809 1488 2846 Spiritui
1502 2813 1595 2836 sancto
1607 2809 1700 2844 gloria,
1715 2816 1784 2836 nunc

996 2862 1022 2885 et
1037 2865 1153 2892 seraper,
1169 2862 1196 2884 et
1210 2857 1235 2884 in
1252 2856 1349 2885 smeula
1363 2856 1530 2885 saeculorum.
1547 2856 1642 2882 Amen.

1571 2929 1608 2959 15
