2041 3113
628 152 655 179 S.
676 149 812 178 .lOAN-NiS
831 147 1064 176 CIlRYSOSTOMI
1085 147 1240 177 ARClllEP.
1261 149 1525 181 (.ONSTANTINOP.

955 271 1128 302 HOMILIA
1151 274 1246 305 XLII.

272 353 335 380 CAP.
357 352 384 380 6.
399 360 426 379 v.
444 353 468 379 l.
491 351 553 379 Post
577 351 630 379 lucc
652 351 712 378 abiit
726 349 801 376 Iesus
817 354 886 375 trans
899 356 967 374 mare
985 346 1059 374 Goli-

306 399 360 425 la’a:
374 399 399 424 in
416 403 499 432 partes
512 397 651 424 Tiber-indis
661 405 669 428 ,'
679 396 705 423 2.
719 401 741 423 el
754 396 901 430 sequebatur
919 401 974 420 eum
992 393 1058 419 mul-

305 445 385 471 titudo
397 452 488 479 magna
497 464 504 476 ,
516 444 575 478 quia
588 443 701 469 videbant
715 442 788 477 signa
799 449 854 476 qua:
869 440 974 474 faciebat
985 447 1060 473 super

304 490 335 516 iis
348 489 390 523 qui
402 489 606 523 iuﬁrmabantur.
621 488 647 515 5.
663 488 730 514 Abiit
742 495 800 522 ergo
812 487 839 513 in
852 491 959 512 montem
972 484 1057 514 Iesus,

304 541 327 563 et
340 536 374 563 ibi
385 536 484 563 sedebat
498 544 554 562 cum
569 535 700 569 discipulis
710 535 772 561 suis.
787 534 814 561 4.
827 533 890 560 Erat
899 537 982 559 autem
998 539 1057 566 pro-

303 585 399 610 ximum
416 582 516 610 Pass/ta
528 582 688 610 Judteorum.

303 630 329 656 1.
352 629 418 657 Cum
433 629 561 664 improbis
576 628 715 662 noxiisque
728 627 792 654 viris
805 634 838 653 ne
852 633 999 658 versemur,
1015 625 1057 651 di-

269 676 346 706 lecti;
368 675 413 702 sed
436 674 541 708 quando
558 675 681 701 virtutem
696 677 813 700 nostram
829 679 881 699 non
899 671 1013 703 laedent,
1030 670 1055 697 id

267 730 400 752 curemus,
414 729 446 748 ne
456 728 546 747 corum
559 719 661 747 insidiis
673 727 703 747 ac
716 719 839 754 nequitia:
851 718 937 745 locum
949 717 1053 744 demus.

268 768 302 793 Ιιει
317 767 385 793 cnim
400 766 609 800 omnisimpctus
624 765 762 799 frangitur.
778 765 816 791 Ae
831 762 1054 798 quemadmodum

262 810 349 843 jueula
367 809 470 842 quando
491 808 516 835 in
530 809 625 835 durum
645 807 801 841 firmumque
815 806 901 833 locum
924 805 1052 837 incidttnl,

265 863 360 889 magno
374 855 472 888 impetu
484 855 509 881 in
521 862 566 882 eos
579 854 622 888 qui
635 853 785 888 iaculantur
797 852 933 884 resiliunt;
947 850 1054 886 quando

264 905 352 927 autem
366 899 497 927 violenter
512 899 629 926 immissa
646 898 709 926 nihil
724 898 817 925 durum
831 901 858 925 et
872 904 994 932 asperum
1009 903 1054 923 re-

265 946 370 979 periunt
382 966 389 978 ,
406 947 459 972 cito
474 945 600 972 sedantur
612 949 639 972 et
652 944 776 972 desinunt
791 953 798 970 :
815 943 849 970 ita
864 943 912 970 feri
928 942 1053 970 audaces-

263 1000 315 1027 que
326 992 458 1025 homines,
473 999 533 1019 cum
544 998 732 1026 repugnamus,
747 990 830 1025 magis
843 992 1050 1023 exasperantur;

263 1047 322 1065 t‘tlnl
341 1046 406 1066 vero
427 1038 560 1070 cedimus,
578 1038 682 1065 illorum
703 1037 818 1064 furorem
840 1036 893 1063 cito
915 1035 1050 1062 sedamus.

263 1084 362 1111 Idcirco
376 1083 507 1118 Christus,
524 1091 582 1111 cum
598 1083 735 1110 audissent
750 1082 876 1110 Pharisazi
892 1082 977 1116 ipsum
992 1081 1051 1115 plu-

262 1137 305 1157 res
328 1138 406 1165 quam
428 1129 557 1158 Joannem
577 1129 722 1164 discipulos
743 1128 885 1163 colligere,
911 1127 1052 1161 pluresque

261 1177 405 1210 baptizare,
427 1176 499 1204 venit
524 1175 550 1203 in
575 1175 722 1208 Galilaeam,
747 1179 775 1201 ut
797 1173 922 1201 invidiam
945 1172 1050 1199 illorum

259 1223 454 1258 exstingueret,
471 1227 498 1250 et
516 1222 651 1256 furorem,
668 1229 746 1257 quem
761 1221 833 1256 ipsos
847 1227 881 1248 ex
896 1226 927 1247 ea
943 1226 972 1246 re
985 1225 1050 1245 con-

259 1269 361 1302 cepisse
378 1269 521 1296 vcrisimile
534 1273 603 1301 erat,
618 1275 666 1303 per
680 1274 815 1302 secessum
828 1265 940 1293 sedavit.
965 1263 1051 1290 Caete-

259 1323 316 1342 rum
339 1315 365 1342 in
391 1315 526 1343 Galilaeam
547 1322 680 1347 reversus,
699 1321 751 1341 non
778 1313 870 1340 eadem
890 1310 944 1338 adit
967 1309 1046 1337 loca:

259 1368 311 1388 non
326 1361 396 1388 enim
410 1361 435 1388 in
451 1360 522 1388 Cana
539 1361 628 1392 venit,
645 1360 691 1387 sed
707 1364 779 1387 trans
792 1366 875 1386 mare.
891 1357 993 1385 ldcirco
1007 1364 1052 1385 se-

258 1405 407 1440 quebantur
429 1406 502 1432 illum
523 1406 606 1433 turba:
629 1405 730 1437 multae,
749 1412 810 1431 cum
832 1403 953 1431 viderent
974 1403 1048 1438 signa

257 1459 316 1485 qua:
339 1451 461 1479 faciebat.
488 1451 551 1486 Quae
576 1451 671 1486 signa?
694 1459 742 1478 cur
765 1451 808 1478 illa
830 1458 881 1477 non
908 1450 1048 1477 recenset?

257 1497 323 1531 Quia
339 1497 382 1525 hic
393 1498 554 1534 evangelista
567 1505 689 1533 magnam
702 1497 762 1524 libri
774 1497 813 1524 sui
827 1501 928 1531 partem
941 1497 1049 1523 concio-

257 1545 335 1572 nibus
348 1545 470 1579 replevit.
486 1545 551 1572 Vide
561 1553 675 1580 namque
687 1544 822 1580 quomodo
834 1551 881 1578 per
895 1551 993 1570 annum
1008 1543 1047 1570 in-

257 1595 376 1626 tegrum,
396 1591 450 1618 imo
467 1591 493 1618 in
513 1590 581 1619 festo
600 1591 708 1618 l’ascba:
730 1598 782 1618 nun
797 1590 866 1618 aliud
890 1589 1045 1617 miraculum

257 1642 400 1671 memoret,
413 1645 492 1674 quam
507 1638 681 1673 paralyticum
696 1642 722 1665 et
737 1638 819 1664 lilium
830 1636 914 1672 reguli
928 1641 1044 1664 curatos.

255 1684 347 1718 Neque
357 1684 428 1711 enim
443 1684 531 1710 omnia
547 1691 655 1711 narrare
671 1683 763 1716 voluit,
779 1683 804 1710 id
819 1683 888 1718 quod
903 1688 975 1710 certe
989 1682 1045 1709 fieri

257 1737 310 1756 nun
326 1733 447 1763 poterat;
463 1728 510 1756 sed
530 1737 562 1756 ex
583 1729 676 1756 multis
691 1729 846 1764 magnisque
864 1736 945 1763 pauca
967 1729 1044 1756 dixit.

257 1774 289 1800 Et
301 1775 460 1808 sequebatur,
477 1774 579 1809 inquit,
594 1783 650 1801 eum
666 1775 739 1801 turba
752 1775 846 1807 multa,
858 1775 917 1810 quia
931 1774 1045 1801 videbant

255 1821 327 1856 signa
341 1828 397 1853 aute
408 1821 524 1855 faciebat.
541 1820 599 1848 Non
610 1821 685 1848 lirma
699 1825 787 1847 mente
801 1820 979 1855 sequebantur
993 1828 999 1846 :
1012 1819 1044 1847 ad

257 1871 357 1894 tantam
377 1867 447 1894 enim
470 1867 617 1894 doctrinam
632 1875 663 1894 es
678 1867 761 1902 signis
777 1867 864 1901 potius
884 1866 1046 1894 induceban-

256 1917 313 1944 tur;
328 1912 398 1946 quod
414 1913 553 1939 crassioris
568 1917 626 1939 erat
637 1911 728 1939 animi.
746 1912 828 1946 Signa
840 1912 923 1944 enim,
941 1911 1024 1946 inquit
1035 1931 1043 1944 ,

255 1967 305 1985 non
319 1958 447 1993 ﬁdelibus,
462 1959 507 1985 sed
521 1958 659 1985 incredulis
680 1958 718 1993 (ι.
735 1957 794 1986 Cor.
811 1958 854 1986 M.
867 1957 926 1992 22).
946 1957 979 1985 At
991 1966 1043 1984 non

255 2004 405 2039 bujusmodi
429 2004 541 2039 populus
559 2004 628 2038 apud
647 2004 799 2031 lllatthzmnn
817 2013 824 2031 :
842 2004 890 2031 sed
903 2003 964 2030 audi
979 2011 1045 2038 quo-

254 2051 333 2078 modo
349 2060 355 2077 :
368 2051 510 2085 Stupebant
522 2059 607 2078 omnes
621 2051 652 2077 de
665 2051 780 2077 doctrina
794 2051 848 2085 ejus
858 2072 866 2084 ,
890 2051 949 2085 quia
970 2050 1044 2077 doce-

253 2097 294 2123 bat
309 2104 351 2124 eos
364 2101 492 2131 tamquam
502 2101 647 2131 patestatem
658 2095 751 2123 habens
763 2095 870 2131 (Matt/1.
884 2096 909 2123 7.
923 2095 967 2123 28.
980 2095 1040 2129 29).

250 2143 306 2170 Cur
331 2148 419 2170 autem
448 2147 565 2170 montem
589 2150 659 2170 nunc
671 2143 746 2176 adiit,
762 2147 788 2170 et
805 2143 840 2170 ibi
853 2142 964 2170 sedebat
982 2150 1043 2170 cum

253 2189 408 2223 discipulis?
425 2188 465 2216 Ob
485 2189 602 2216 futurum
628 2189 742 2223 signum.
766 2188 841 2221 Quod
857 2193 944 2216 autem
961 2188 1043 2216 disci-

254 2234 308 2267 puli
330 2239 431 2261 tantum
450 2234 630 2267 ascenderint,
652 2235 696 2261 illa
719 2234 810 2269 populi
832 2242 885 2261 non
907 2234 1043 2269 sequentis

254 2281 331 2316 culpa
343 2286 392 2308 est.
407 2281 498 2316 Neque
511 2281 561 2308 hac
574 2281 661 2309 solum
674 2281 707 2308 de
720 2288 800 2308 causa
815 2285 933 2309 montem
948 2281 1022 2316 petiit
1034 2302 1042 2314 ,

252 2327 298 2353 sed
314 2327 394 2354 etiam
410 2331 439 2353 ut
452 2333 501 2354 nos
514 2326 637 2360 doceret,
657 2327 799 2354 tumultum
812 2332 840 2354 et
861 2327 963 2354 turbam
984 2335 1044 2355 esse

252 2371 386 2398 vitandam
397 2393 404 2405 ,
419 2377 498 2407 atque
517 2372 639 2399 idoneam
659 2372 835 2407 philosophice
849 2380 909 2401 esse
922 2373 1044 2401 solitudi-

253 2425 324 2444 nem.
341 2417 418 2452 Smpe
438 2422 525 2444 autem
546 2418 603 2452 ipse
624 2418 699 2445 solus
720 2422 837 2446 montem
860 2419 994 2452 ascendit,
1017 2423 1043 2447 et

253 2467 389 2497 pernoctat
405 2470 494 2494 orans,
507 2468 534 2491 ut
550 2471 598 2490 nos
611 2464 714 2496 doceat,
730 2471 790 2491 eum
803 2464 846 2499 qui
857 2465 889 2492 ad
903 2465 983 2492 Deum
998 2473 1042 2492 ae-

252 2508 332 2541 ccdit,
347 2509 418 2536 omni
434 2509 545 2536 tumultu
561 2517 672 2536 vacuum
690 2516 758 2542 esse,
776 2514 803 2537 et
817 2511 986 2546 tranquillum
1002 2511 1042 2539 lo-

252 2563 312 2582 rum
328 2563 449 2590 quaerere
463 2555 571 2583 debere.
588 2555 651 2582 Erat
664 2561 746 2583 autem
762 2557 904 2591 proximum
919 2556 1020 2584 Pass/Ia
1032 2578 1039 2590 ,

253 2602 305 2627 dies
318 2603 397 2636 festus
413 2600 573 2628 Judteorunt.
587 2601 648 2634 Cur,
666 2601 778 2636 inquies,
795 2611 846 2629 non
867 2603 986 2630 ascendit
1008 2603 1041 2631 ad

252 2647 322 2672 diem
345 2646 459 2679 festum,
476 2646 523 2674 sed
543 2655 602 2674 cum
622 2655 715 2675 omnes
734 2648 927 2685 Jerosolymam
950 2658 1043 2685 perge-

253 2697 323 2726 rent,
343 2694 399 2728 ipse
419 2694 445 2720 in
465 2693 599 2722 Galilazam
619 2696 709 2723 venit:
726 2704 812 2731 neque
827 2697 883 2730 ipse
898 2697 980 2728 solus,
995 2696 1042 2723 sed

255 2745 315 2765 eum
331 2738 482 2774 discipulis,
498 2745 524 2767 et
539 2740 601 2769 inde
615 2740 641 2768 in
656 2739 843 2775 Capernaum?
857 2741 986 2768 Paulatim
1004 2741 1040 2767 le-

254 2791 314 2819 gem
329 2784 418 2819 solvil,
440 2793 474 2814 ex
497 2786 649 2814 Iudaeorum
671 2788 787 2822 nequitia
811 2787 977 2815 occasionem
999 2795 1049 2815 ca--

257 2835 344 2864 ptans.
371 2830 398 2858 5.
425 2831 457 2858 Et
480 2841 536 2860 cum
560 2833 710 2860 sublevasset
737 2833 832 2866 Oculos,
859 2833 919 2860 vidit
946 2833 1044 2860 turbam

255 2875 372 2905 multant.
399 2877 446 2906 llic
465 2879 582 2906 ostendit
606 2878 690 2914 ipsum
715 2887 857 2914 numquam
883 2880 940 2907 sine
964 2887 1044 2907 causa

1112 346 1214 374 sedisse
1232 357 1292 377 cum
1315 351 1468 387 discipulis;
1492 356 1538 383 sed
1562 356 1681 386 fortassis
1701 364 1730 387 ut
1752 362 1900 391 accuratius

1112 391 1182 425 ipsos
1195 393 1376 429 alloquerctur
1388 403 1416 425 et
1428 399 1544 433 doceret,
1558 409 1656 438 eosque
1669 404 1719 431 sibi
1732 405 1880 435 devincire!
1892 417 1899 434 :

1112 439 1181 466 unde
1198 439 1325 469 discimus
1347 450 1471 478 quantam
1492 446 1598 476 illorum
1616 450 1810 483 providentiam
1826 461 1901 488 gere—

1112 488 1165 533 ret,
1183 493 1270 533 quam
1294 493 1324 514 se
1343 489 1505 525 demitteret,
1530 498 1558 520 ut
1581 502 1610 522 se
1625 495 1678 523 illis
1697 502 1898 533 attemperaret.

1112 530 1245 559 Sedebant
1260 541 1323 561 vero
1336 534 1424 567 simul,
1441 545 1500 565 sese
1516 538 1628 568 fortasse
1643 546 1735 570 mutuo
1750 530 1898 578 respicien-

1103 580 1159 613 tes.
1179 576 1274 605 Deinde
1291 581 1425 614 respiciens
1445 583 1510 610 videt
1528 586 1714 614 multitudinem
1729 576 1897 617 accedentem.

1145 621 1313 658 Erangelistte
1327 627 1502 655 conciliantur.
1520 644 1555 649 —
1567 630 1661 659 (ἔπιθι-ἰ
1674 634 1844 669 evangelista:
1856 635 1898 662 di-

1108 671 1171 694 cunt
1192 668 1335 703 discipulos
1355 672 1511 701 accedentes
1530 683 1637 710 rogasse
1653 681 1681 705 et
1694 678 1851 708 obsecrasse
1864 681 1899 708 it-

1108 711 1162 760 lum
1186 721 1220 740 ne
1239 714 1384 744 dimitteret
1405 725 1451 745 eos
1470 719 1595 754 jejunos;
1612 721 1654 749 hic
1667 731 1732 751 vero
1746 724 1896 760 Philippum

1108 758 1208 787 inducit
1229 767 1243 786 a
1266 761 1372 790 Christo
1387 763 1589 800 interrogatum.
1608 767 1757 805 Utrumque
1770 758 1897 801 mibi-vts

1111 811 1169 831 rum
1186 805 1298 839 videtur,
1313 809 1359 835 sed
1381 817 1432 836 non
1453 811 1547 838 eodem
1564 812 1621 847 ipso
1642 818 1760 850 tempore
1775 821 1894 852 gestum;

1107 851 1154 878 sed
1179 853 1249 881 aliud
1273 854 1384 882 alterum
1408 859 1587 891 praecessisse.
1609 859 1644 887 ita
1667 866 1695 887 ut
1720 869 1763 889 res
1779 851 1895 892 diversa-

1106 903 1259 928 narrentur.
1274 901 1327 928 Cur
1351 909 1415 936 ergo
1438 903 1587 938 Philippum
1610 905 1774 942 interrogat?
1789 907 1896 936 Sciebat

1105 943 1149 977 qui
1165 943 1285 979 discipuli
1303 945 1363 980 plus
1375 947 1495 974 doctrina
1511 954 1628 983 egerent.
1644 951 1692 979 llic
1707 952 1777 979 enim
1793 959 1835 981 est
1849 955 1895 989 qni

1106 994 1194 1023 postea
1211 991 1295 1019 dicit:
1314 992 1422 1020 Ostende
1443 995 1513 1022 nobis
1537 994 1650 1029 Patrem,
1669 1002 1691 1024 et
1710 998 1799 1033 sufﬁcit
1823 1000 1895 1027 nobis

1108 1035 1207 1069 (leam,
1225 1037 1268 1064 Η.
1294 1037 1332 1072 8).
1357 1038 1418 1066 ldeo
1441 1040 1513 1074 prius
1534 1040 1607 1068 illutn
1632 1042 1756 1070 instituit.
1776 1043 1843 1071 Nam
1872 1045 1893 1071 si

1104 1082 1205 1117 absque
1230 1083 1284 1110 ullo
1303 1090 1430 1118 apparatu
1451 1085 1555 1121 signum
1576 1087 1676 1115 editum
1699 1088 1810 1123 fuisset,
1840 1098 1892 1117 non

1106 1132 1206 1155 tantum
1227 1130 1393 1164 apparuisset
1411 1132 1567 1159 miraculum
1584 1142 1589 1159 :
1604 1133 1658 1167 jam
1680 1142 1744 1162 vero
1760 1136 1834 1169 prius
1847 1143 1892 1163 cu-

1103 1178 1145 1201 rat
1156 1179 1183 1200 ut
1198 1175 1335 1208 penuriam
1349 1176 1516 1211 conﬁteatur,
1533 1182 1561 1204 ut
1575 1178 1636 1206 hinc
1651 1179 1736 1214 majus
1751 1180 1800 1215 ipsi
1816 1181 1891 1208 vidc-

1103 1226 1177 1247 retur
1192 1221 1359 1249 miraculum.
1385 1222 1451 1250 Vide
1473 1223 1535 1258 quid
1553 1223 1623 1252 dicat
1638 1225 1683 1252 ille
1700 1234 1707 1253 :
1729 1225 1803 1253 Unde
1821 1227 1891 1253 nobis

1102 1269 1137 1292 tot
1148 1274 1236 1300 panes,
1259 1273 1287 1294 ut
1304 1267 1455 1295 manducent
1476 1269 1523 1295 hi?
1539 1269 1583 1297 Sic
1598 1270 1624 1296 in
1639 1271 1721 1297 veteri
1736 1271 1794 1306 lege
1807 1271 1890 1307 Moysi

1102 1311 1222 1345 dicebat,
1241 1312 1320 1348 idque
1337 1317 1478 1349 antequam
1492 1315 1647 1343 miraculum
1668 1320 1785 1351 patraret
1799 1326 1807 1344 :
1823 1317 1891 1350 Quid

1101 1358 1176 1385 estin
1190 1367 1266 1386 manu
1279 1359 1344 1394 tua(
1360 1360 1445 1387 Exod.
1457 1361 1483 1388 ιι.
1498 1361 1516 1388 2
1528 1362 1559 1397 )7
1581 1362 1647 1396 Quia
1667 1363 1739 1390 enim
1760 1363 1887 1391 miracula

1100 1411 1159 1439 qua:
1175 1409 1285 1439 repente
1298 1405 1431 1439 accidunt,
1446 1406 1566 1441 priorum
1580 1407 1656 1435 nobis
1671 1407 1832 1436 oblivionem
1850 1409 1891 1435 iu-

1100 1449 1198 1477 ducere
1212 1451 1308 1483 solent,
1327 1451 1412 1485 primo
1423 1451 1495 1480 illum
1509 1452 1678 1481 confessione
1692 1461 1739 1481 sua
1751 1454 1886 1489 alligavit,

1100 1500 1127 1523 ut
1144 1504 1194 1523 non
1209 1496 1306 1524 deinde
1319 1502 1427 1532 stupore
1439 1499 1578 1533 perculsus
1591 1499 1719 1527 confessa:
1732 1500 1769 1527 rei
1784 1508 1888 1528 memo—

1099 1542 1164 1570 riam
1186 1542 1323 1577 abjiccret,
1343 1548 1371 1570 et
1392 1544 1453 1571 hinc
1471 1544 1670 1579 comparatione
1685 1544 1753 1572 facta
1768 1545 1887 1572 miraculi

1099 1588 1308 1622 magnitudinem
1335 1588 1483 1622 edisceret;
1511 1590 1581 1625 quod
1609 1589 1651 1617 hic
1675 1590 1754 1617 etiam
1780 1590 1885 1618 accidit.

1098 1634 1292 1670 Interrogatus,
1308 1635 1352 1662 ille
1362 1636 1506 1672 respondet
1521 1645 1527 1663 :
1544 1637 1570 1663 7.
1587 1636 1757 1664 Ducentorum
1768 1637 1885 1664 donariw

1098 1689 1155 1708 rum
1168 1690 1246 1716 panes
1258 1690 1308 1708 non
1322 1682 1445 1717 sufﬁciunt
1459 1682 1521 1716 illis,
1538 1688 1565 1709 ut
1580 1683 1748 1718 unusquisque
1761 1683 1886 1710 modicum

1097 1728 1158 1761 quid
1177 1729 1294 1763 accipiat.
1317 1728 1344 1756 6.
1371 1728 1426 1756 Hoc
1442 1735 1524 1756 autent
1545 1729 1641 1757 dicebat
1665 1734 1764 1756 teutans
1784 1730 1858 1757 illum
1876 1737 1886 1756 .'

1097 1774 1150 1808 ipse
1169 1774 1234 1801 enint
1253 1774 1344 1801 sciebat
1367 1775 1428 1810 quid
1447 1779 1508 1802 esset
1532 1776 1656 1811 facturus.
1676 1775 1743 1810 Quid
1754 1776 1804 1803 sibi
1819 1776 1886 1808 vult,

1099 1819 1208 1846 Tentans
1226 1819 1317 1847 illum?
1336 1827 1399 1847 num
1419 1819 1557 1855 ignorabat
1576 1820 1639 1856 quid
1658 1820 1779 1849 dicturus
1796 1821 1883 1849 esset?

1098 1864 1154 1892 llec
1168 1864 1219 1892 dici
1235 1865 1335 1899 nequit.

1132 1911 1158 1937 2.
1180 1911 1306 1945 Quatnam
1332 1919 1395 1947 ergo
1420 1916 1462 1940 est
1485 1913 1548 1940 dicti
1575 1913 1728 1941 sententia?
1741 1913 1782 1940 Ex
1803 1913 1886 1940 veteri

1097 1957 1155 1993 lege
1169 1965 1311 1992 possumus
1329 1958 1401 1986 illam
1415 1959 1545 1987 ediscere.
1561 1959 1626 1987 Nam
1642 1960 1678 1987 ibi
1698 1967 1805 1995 quoque
1820 1959 1885 1986 dici-

1098 2007 1140 2030 tur
1155 2013 1161 2029 :
1182 2003 1242 2030 Post
1264 2003 1317 2031 Ittec
1336 2005 1438 2031 tentavit
1452 2004 1522 2032 Deus
1538 2005 1677 2036 Abraham,
1691 2005 1776 2032 dicens
1790 2013 1801 2032 .'
1815 2005 1886 2032 Tolle

1097 2049 1180 2084 [ilium
1194 2054 1264 2076 tuum
1277 2050 1442 2084 unigenitum,
1457 2059 1530 2084 quem
1545 2051 1640 2086 diligis,
1658 2051 1733 2078 Isaae
1748 2050 1822 2086 (Gen.
1839 2050 1883 2077 22.

1097 2096 1122 2122 l.
1133 2096 1170 2131 2).
1182 2095 1271 2130 Neque
1287 2097 1357 2123 enim
1367 2095 1392 2122 id
1399 2096 1474 2129 dixit,
1487 2101 1514 2123 ut
1529 2097 1696 2131 experiretur
1707 2104 1740 2123 an
1752 2096 1885 2131 obsequu-

1097 2147 1171 2169 turus
1195 2147 1276 2175 esset,
1299 2150 1397 2175 necne;
1415 2147 1506 2177 utpote
1526 2144 1570 2178 qui
1591 2144 1679 2171 omnia
1699 2143 1789 2171 videat
1811 2147 1885 2170 ante-

1096 2196 1175 2223 quam
1185 2188 1247 2215 ﬁant
1256 2188 1337 2224 (Dan.
1349 2190 1390 2216 l5.
1403 2189 1450 2224 42)
1463 2199 1469 2216 :
1482 2189 1528 2217 sed
1540 2191 1656 2217 humano
1664 2197 1738 2217 more
1745 2194 1884 2224 utrumque

1096 2233 1194 2260 dictum
1210 2239 1260 2261 est.
1274 2234 1307 2262 Ut
1325 2241 1385 2261 cum
1407 2235 1481 2266 dicit,
1504 2234 1639 2262 Scrutatur
1658 2236 1736 2262 Corda
1757 2235 1885 2262 hominum

1097 2278 1183 2314 (Rom.
1201 2279 1226 2306 8.
1243 2279 1305 2315 27),
1323 2287 1376 2307 non
1395 2280 1570 2315 ignorantiam
1587 2301 1595 2313 ,
1610 2281 1657 2308 sed
1672 2286 1825 2308 accuratam
1841 2288 1885 2308 co-

1096 2326 1240 2361 gnitionem
1254 2326 1353 2354 indicat
1364 2336 1371 2360 ;
1384 2327 1423 2354 sic
1435 2334 1494 2354 cum
1507 2326 1581 2360 dicit,
1594 2327 1721 2360 Tentaoit,
1736 2327 1801 2354 nihil
1815 2327 1884 2354 aliud

1096 2372 1145 2399 sibi
1168 2372 1234 2405 vult,
1260 2380 1339 2406 quam
1364 2373 1449 2407 ipsum
1473 2377 1598 2400 accurate
1619 2373 1735 2400 novisse.
1750 2372 1800 2400 Vel
1815 2372 1885 2399 aliud

1095 2418 1146 2446 dici
1170 2419 1262 2454 possit,
1288 2419 1374 2454 ipsum
1397 2427 1494 2454 nempe
1511 2419 1690 2454 probatiorem
1713 2426 1773 2446 eum
1798 2418 1886 2446 reddi-

1095 2464 1177 2498 disse,
1191 2464 1253 2492 dum
1269 2470 1293 2491 et
1311 2469 1373 2492 tune
1386 2465 1580 2497 Abrahamum,
1599 2468 1626 2491 et
1646 2471 1716 2491 nunc
1734 2463 1885 2498 Philippum

1094 2519 1143 2546 per
1157 2510 1391 2546 interrogationem
1408 2511 1433 2538 in
1455 2510 1585 2545 majorem
1609 2510 1677 2545 signi
1700 2509 1823 2537 notitiam
1840 2509 1887 2537 de-

1097 2559 1182 2586 duxit.
1197 2558 1363 2594 Quapropter
1382 2558 1557 2592 evangelista,
1575 2564 1609 2584 ne
1622 2564 1655 2583 ex
1668 2556 1742 2583 verbi
1757 2555 1887 2590 simplici-

1097 2610 1150 2632 tate
1161 2605 1224 2640 quid
1238 2604 1382 2632 absurdum
1396 2604 1570 2638 suspicareris
1582 2623 1590 2636 ,
1603 2601 1705 2629 addidit
1721 2608 1728 2628 :
1747 2601 1808 2637 Ipse
1822 2602 1886 2628 enim

1097 2653 1188 2678 sciebat
1201 2652 1261 2686 quid
1271 2655 1334 2678 esset
1349 2652 1472 2686 facturus.
1487 2649 1619 2677 Cteterum
1634 2647 1697 2676 illud
1711 2648 1828 2675 maxime
1841 2648 1887 2674 ob-

1099 2697 1275 2729 servandum,
1297 2696 1431 2731 quomodo
1453 2703 1515 2722 cum
1542 2702 1622 2729 prava
1650 2694 1767 2729 suspicio
1795 2693 1885 2724 adest,

1098 2743 1185 2770 statim
1200 2749 1259 2769 eam
1274 2741 1435 2776 evangelista
1450 2740 1590 2776 diligenter
1601 2743 1733 2766 amoveat.
1760 2738 1796 2766 Ut
1811 2739 1887 2773 igitur

1098 2787 1148 2814 hoc
1163 2788 1221 2814 loco
1236 2795 1268 2814 ne
1280 2787 1343 2822 quid
1357 2786 1444 2814 simile
1458 2786 1658 2820 suspicarentur
1667 2784 1816 2816 auditores,
1830 2791 1887 2811 cor-

1098 2833 1243 2860 rectionem
1263 2832 1331 2860 hanc
1351 2832 1453 2859 addidit
1470 2841 1477 2858 :
1494 2831 1555 2867 Ipse
1567 2831 1632 2858 enim
1645 2830 1736 2858 sciebat
1751 2829 1814 2865 quid
1827 2833 1886 2857 euot

1099 2881 1233 2916 [actnrus,'
1247 2880 1284 2907 sic
1297 2885 1324 2907 et
1339 2879 1391 2914 ibi,-
1403 2886 1463 2907 cutu
1479 2878 1515 2906 ait
1531 2887 1537 2904 :
1552 2877 1636 2906 Judtci
1652 2877 1726 2905 illum
1743 2883 1885 2912 persequr
