2041 3113
203 106 254 138 15f

201 166 309 199 bantur,
326 163 386 193 Non
399 165 480 193 solum
494 166 553 202 quia
567 165 675 194 solvebat
688 167 818 195 sabbatum
828 189 836 201 ,
856 168 901 196 sed
919 169 993 196 etiam

200 213 260 245 quia
282 210 388 240 Patrem
404 221 477 240 suum
497 213 595 241 dicebat
616 214 712 248 Deum,
726 216 846 250 aqualem
858 224 885 244 se
898 217 994 252 [aciem

200 257 255 285 Deo
276 265 288 285 ελ
304 259 354 286 nisi
367 266 399 286 ea
413 263 485 287 esset
500 260 582 294 ipsius
599 260 697 289 Christi
714 263 846 290 sententia
867 264 993 298 operibus

199 304 374 337 conﬁrmata,
402 305 549 333 addidisset
576 311 603 334 et
630 306 665 334 ibi
686 309 880 337 correctionem
909 309 990 336 illam.
1011 306 1016 320 ⁵

198 349 264 376 Nam
284 350 307 377 si
329 351 354 377 in
374 351 461 378 verbis
477 351 541 379 Jesu
556 351 631 380 timet
650 354 812 388 evangelista
828 362 861 382 ne
874 355 934 390 quis
946 363 991 382 su-

197 395 346 430 spicionem
362 396 456 424 habeat
470 418 478 431 ,
492 398 575 425 multo
592 399 675 434 magis
687 399 712 426 in
725 400 756 427 iis
767 408 827 435 qua:
838 400 872 428 de
885 401 933 428 illo
944 401 991 428 alii

196 442 319 470 dicerent
333 445 483 479 suspicatus
496 445 605 477 fuisset.
620 445 642 473 si
657 453 709 473 non
725 447 834 474 vidisset
848 455 936 475 verum
954 448 990 476 de

197 487 243 514 illo
257 488 409 522 opinionem
426 489 527 517 haberi.
542 491 595 518 Sed
614 492 677 518 nihil
692 492 775 525 dixit,
796 493 897 521 sciebat
918 494 989 521 enim

195 533 295 561 Cluiin
320 536 480 563 sententiam
499 541 525 563 et
549 537 684 566 immobile
704 538 851 566 decretum.
876 539 990 575 ideoque

194 587 256 606 cum
270 580 394 614 dixisset,
411 581 551 617 xEquatem
566 591 592 610 se
607 584 704 619 faciens
719 584 784 618 Deo,
801 593 854 613 non
871 594 933 613 usus
947 591 990 614 est
1016 615 1019 617 ,

195 625 239 652 illa
263 629 448 661 correctione;
477 636 530 656 non
556 630 626 657 enim
649 637 774 666 corrupta
798 632 903 660 illorum
930 638 989 661 erat

194 672 297 706 opinio,
308 673 356 700 sed
370 681 432 701 vera
443 673 477 701 de
488 674 533 702 illo
545 676 676 703 sententia
689 677 812 712 operibus
820 678 988 706 conﬁrmata.

194 716 262 744 Cum
283 726 346 753 ergo
360 718 512 754 Philippum
529 721 729 757 interrogasset,
751 723 777 751 8.
794 723 861 751 Dicit
873 724 988 752 Andreas

194 764 275 798 frater
286 764 398 793 Simonis
415 766 487 794 Petri
502 775 514 794 .'
527 767 553 795 9.
570 767 618 795 Est
633 778 695 804 puer
706 779 772 797 unus
783 772 836 803 llic,
853 772 896 807 qui
912 773 987 799 habet

193 812 304 847 quinque
313 821 390 847 panes
403 814 564 848 hordeaceae,
576 821 598 843 et
610 817 675 844 duos
688 818 767 852 pisces
780 826 790 850 ,'
801 819 846 846 sed
859 821 912 846 lucc
925 820 987 856 quid

192 862 252 884 sunt
270 858 336 885 inter
350 860 454 887 tantos?
476 860 621 889 Sublimius
642 863 742 897 cogitat
762 864 884 892 Andreas
906 873 984 900 qttam

194 902 342 939 Philippus,
357 912 443 940 neque
464 910 552 934 tamen
566 909 670 942 penitus
685 917 742 937 rem
759 910 900 938 intellexit.
917 911 985 939 Puto

192 952 283 976 autem
301 949 375 977 illum
391 959 444 979 non
457 953 516 980 sine
530 960 609 980 causa
625 954 661 981 ita
675 955 746 990 loqui
761 964 767 988 ;
788 957 835 984 sed
855 964 916 984 cum
938 965 985 985 au-

192 993 276 1022 disset
292 996 480 1031 prophetarum
497 999 633 1034 miracula,
650 1005 678 1028 ut
697 1001 785 1029 ΕΗεωὶ
798 1003 868 1030 circa
885 1011 983 1038 panes;

192 1041 255 1069 tunc
267 1043 384 1070 ascendit
395 1044 502 1078 quidem
511 1045 545 1072 ad
558 1047 702 1082 quamdam
717 1048 920 1083 sublimitatem,
935 1050 984 1078 sed

192 1094 245 1115 non
256 1087 290 1115 ad
302 1089 408 1117 culmen
423 1091 555 1124 pervenit.

231 1134 318 1163 Victus
338 1136 472 1172 frugalitas
489 1139 688 1167 commendatur.
704 1140 926 1170 Marcionistarum
936 1151 981 1170 er-

190 1189 242 1209 ror.
255 1182 366 1210 —Hiuc
382 1183 517 1211 discamus
532 1186 575 1220 qui
595 1186 698 1214 deliciis
711 1194 803 1215 sumus
812 1188 904 1222 dediti,
923 1190 982 1224 quis

189 1229 265 1256 cibus
287 1234 358 1258 esset
379 1235 434 1258 tam
456 1232 618 1260 mirabiliora
642 1234 771 1269 virorum,
786 1244 865 1270 quam
881 1238 978 1271 tenuis,

146 1281 148 1283 ·
187 1281 264 1309 ciuus
279 1276 397 1310 generis,
413 1277 536 1313 ipsosque
553 1279 583 1306 in
594 1287 693 1307 mensa:
706 1281 855 1316 frugalitate
867 1287 893 1310 et
914 1291 980 1311 con-

186 1321 289 1349 ditione
302 1323 447 1351 imitemur.
461 1323 603 1359 Sequenlia
619 1326 728 1354 multam
742 1327 880 1355 declarant
894 1329 979 1357 inibo-

186 1368 335 1396 eillilatem.
349 1369 420 1397 Nam.
430 1376 569 1406 postquam
581 1372 697 1406 dixerat,
714 1372 796 1401 Habet
809 1376 918 1410 quinque
931 1385 979 1411 ρα-

185 1422 235 1441 rtes
245 1414 405 1447 hordeaceus,
421 1416 522 1444 addidit
538 1426 551 1444 τ
562 1417 616 1445 Sed
628 1418 682 1445 hac
693 1420 755 1454 quid
769 1422 906 1448 suntinter
919 1427 977 1449 tan-

185 1460 242 1487 tos»?
261 1461 373 1488 Putabat
387 1462 457 1489 enim
473 1463 664 1491 miraculorum
676 1465 806 1493 cditorem
822 1474 854 1494 ex
869 1468 978 1501 paucio-

185 1506 260 1533 ribus
274 1508 408 1542 pauciora,
425 1517 458 1536 ex
473 1509 592 1543 pluribus
603 1510 678 1545 plura
694 1510 825 1540 facturum
837 1520 914 1546 esse;
928 1514 976 1541 Sed

185 1561 238 1580 non
256 1554 291 1580 ita
305 1562 348 1582 res
362 1562 391 1582 se
403 1555 526 1583 habebat.
537 1556 604 1585 Nam
620 1557 729 1591 perinde
746 1558 782 1586 illi
796 1565 853 1586 erat
870 1567 901 1587 ex
917 1560 976 1595 pht-

183 1600 258 1628 ribus
273 1605 299 1628 et
312 1608 343 1628 ex
366 1603 536 1637 paucioribus
550 1604 684 1639 ingentem
699 1613 795 1639 panum
809 1607 913 1641 copiam
928 1615 976 1642 pa-

183 1655 254 1674 rcre.
268 1648 358 1683 Neque
380 1650 451 1676 enim
476 1650 595 1685 subjecta
615 1652 726 1679 materia
753 1660 820 1687 opus
841 1653 973 1687 habebat;

181 1693 230 1720 sed
255 1700 288 1721 ne
306 1699 428 1722 creatura
449 1695 584 1723 videretur
605 1696 691 1724 aliena
707 1704 767 1725 esse
784 1698 819 1725 ab
833 1699 916 1734 ipsius
932 1707 975 1726 sa-

181 1740 291 1774 pientia,
307 1740 331 1768 id
345 1741 414 1776 quod
430 1750 569 1777 perperam
581 1743 756 1772 Marcionista:
765 1745 901 1778 dicebant,
917 1747 972 1782 ipsa

180 1791 304 1813 creatura
326 1786 359 1813 ad
379 1787 506 1815 miracula
529 1790 657 1824 patranda
678 1798 741 1818 usus
761 1797 811 1819 est.
827 1792 893 1819 Cum
908 1801 973 1828 ergo

178 1831 260 1858 ambo
274 1831 397 1867 discipuli
413 1841 465 1860 non
480 1840 629 1869 sperarent,
647 1840 711 1864 tunc
724 1837 880 1865 miraculum
894 1839 949 1866 edit
962 1847 970 1867 :

178 1878 218 1905 sic
232 1878 304 1906 enim
320 1879 403 1914 magis
417 1880 454 1907 illi
469 1880 561 1908 lucrati
575 1886 655 1914 sunt,
673 1890 732 1910 cum
750 1884 822 1918 prius
841 1885 879 1912 rei
903 1885 971 1913 difﬁ-

176 1924 304 1953 cultatem
319 1926 434 1954 confessi
448 1931 549 1961 essent,
565 1933 595 1955 ut
610 1936 637 1956 re
650 1934 756 1963 peracta
777 1930 823 1958 Dei
845 1931 968 1959 virtutem

177 1977 299 1999 nossent.
322 1972 388 2006 Quia
408 1974 479 2001 enim
500 1974 617 2001 futurum
633 1976 738 2010 signum
760 1982 835 2009 erat,
855 1978 930 2013 quod
954 1987 968 2006 a

177 2017 316 2052 prophetis
335 2018 436 2046 editum
453 2019 537 2047 fuerat
549 2041 556 2050 .
573 2021 676 2048 etiamsi
692 2029 743 2048 non
759 2022 815 2057 pari
831 2023 921 2056 modo,
942 2028 970 2051 et

176 2065 315 2098 praemissa
338 2065 482 2100 gratiarum
498 2067 602 2094 actione
616 2067 702 2102 ipsum
716 2068 835 2095 editurus
848 2073 919 2102 emt,
936 2078 968 2097 ne

175 2109 302 2138 imbecilli
325 2110 350 2138 in
369 2111 548 2146 suspicionem
572 2112 734 2146 inciderent;
758 2113 819 2142 vrde
833 2115 967 2149 quomodo

171 2163 222 2190 per
235 2155 324 2183 omnia
346 2161 449 2184 mentes
471 2157 555 2191 erigat
581 2163 607 2185 et
631 2158 806 2186 differentiam
832 2161 965 2188 Ostendat.

171 2200 239 2228 Cum
248 2203 319 2229 enim
329 2202 444 2230 nondum
457 2210 538 2237 panes
549 2208 715 2239 apparerent,
729 2205 884 2233 miraculum
895 2206 965 2240 edit;

171 2253 201 2275 ut
215 2249 348 2283 intelligas
360 2257 392 2277 ea
406 2258 466 2285 qua:
482 2258 534 2278 non
549 2250 699 2282 exsistunt.
715 2255 743 2278 ut
763 2258 793 2279 ea
813 2259 872 2287 qua:
884 2256 964 2286 sunt,

171 2296 221 2330 ipsi
237 2296 343 2323 subdita
354 2303 425 2330 esse,
442 2302 470 2324 ut
484 2297 580 2324 Paulus
595 2297 631 2324 ait
647 2305 654 2324 :
670 2296 720 2330 Qui
729 2302 799 2325 vocat
809 2306 837 2325 ea
848 2306 904 2333 ante
914 2307 965 2326 non

170 2346 229 2368 σιιηι
244 2362 252 2374 ,
274 2349 305 2368 ac
319 2341 341 2368 si
363 2347 443 2369 essent
457 2342 543 2377 (Rom.
557 2348 582 2369 4.
596 2343 651 2378 17).
667 2344 705 2370 Ac
719 2343 741 2370 si
756 2343 827 2371 enim
838 2350 962 2379 apparata

170 2395 263 2415 mensa
277 2391 359 2421 esset,
384 2387 465 2423 jussit
486 2396 533 2416 eos
553 2389 643 2416 statim
665 2383 845 2424 discutnbére,
873 2391 965 2426 sicque

167 2435 361 2469 discipulorum
376 2439 493 2462 mentem
505 2435 598 2463 erexit.
616 2435 682 2463 Cum
698 2441 787 2464 autent
801 2444 833 2464 ex
848 2438 963 2465 interro~

168 2480 276 2515 gatione
289 2481 382 2509 lucrati
395 2486 501 2515 essent,
513 2482 601 2509 statim
615 2487 776 2517 paruerunt,
800 2491 851 2511 nec
865 2484 962 2512 turbati

167 2531 240 2559 sunt,
257 2534 344 2560 neque
357 2526 481 2554 dixerunt
495 2536 501 2553 :
516 2527 584 2561 Quid
598 2528 648 2555 hoc
663 2528 723 2556 est?
734 2536 781 2556 cur
792 2527 961 2558 discumbere

166 2571 259 2606 iubes,
283 2579 345 2599 cum
364 2572 429 2600 nihil
449 2573 475 2600 in
491 2573 578 2600 medio
593 2574 740 2608 appareat?
761 2574 804 2602 Sic
818 2580 960 2611 antequam

167 2618 272 2652 signum
283 2618 416 2650 viderent,
427 2618 538 2646 credere
549 2625 698 2654 coeperunt,
710 2621 754 2655 qui
768 2620 844 2648 initio
858 2622 892 2649 ita
906 2630 959 2650 non

166 2663 324 2698 credebant,
351 2669 379 2692 ut
407 2665 536 2698 dicerent,
562 2666 635 2693 Unde
654 2675 763 2694 entemus
785 2669 885 2702 pana?
905 2668 960 2697 lmo

167 2709 293 2737 alacriter
315 2709 406 2738 turbas
427 2710 594 2740 discumbere
614 2711 762 2747 jusserunt.
780 2713 833 2742 Sed
848 2722 897 2741 cur
911 2722 959 2750 pa-

167 2755 308 2791 ralyticum
330 2761 483 2791 sanaturus,
511 2762 645 2785 mortuum
666 2759 856 2792 suscitaturus,
884 2768 960 2788 mare

166 2801 325 2836 sedatur-us,
340 2809 392 2830 non
407 2807 552 2838 precatur;
570 2804 613 2832 hic
627 2811 708 2838 vero,
724 2811 784 2832 cum
799 2805 832 2833 de
844 2806 958 2841 panibus

166 2847 263 2883 agitur,
286 2848 311 2876 id
332 2847 411 2877 facit?
428 2849 462 2878 Ut
483 2849 588 2888 doceat,
602 2857 663 2881 ante
678 2853 765 2881 cibum
783 2853 882 2889 gratias
896 2859 957 2881 esse

735 109 768 137 ΙΝ
782 109 941 138 ἸΟΑΝΧΕΜ
963 111 1078 140 11031114.
1101 114 1234 146 Χιηέ-ειῐ.
1256 118 1323 145 XL'l.

1783 126 1835 154 212

1048 171 1103 199 Deo
1123 174 1247 208 agendas.
1270 176 1393 212 Alioquin
1412 183 1500 207 autem
1521 179 1546 207 in
1570 181 1686 209 minimis
1701 182 1726 209 id
1750 183 1837 212 facem

1045 219 1132 253 Solet,
1147 225 1175 248 ut
1189 221 1277 250 discas
1291 224 1363 252 illum
1378 233 1430 252 nou
1453 227 1523 262 quod
1539 227 1670 263 indigeat,
1686 228 1833 258 ita-facere.

1045 265 1073 310 ξι
1094 267 1164 294 enim
1186 268 1341 304 indiguisset
1351 291 1358 304 ,
1373 272 1459 306 potius
1473 273 1500 301 id
1514 274 1539 301 in
1554 273 1703 310 majoribus
1715 271 1833 304 fecisset:

1044 309 1243 344 Qui'rer0'~illa
1260 322 1320 342 cum
1335 318 1492 347 auctoritate
1507 319 1583 353 fecit,
1598 309 1663 349 haec
1681 329 1747 350 sese-
1763 322 1839 350 haud

1043 357 1122 386 dubie
1136 359 1300 389 demittenda
1313 364 1425 398 peregit.

1078 405 1104 433 3.
1125 405 1165 432 Ad
1181 406 1238 434 haec
1254 415 1317 435 vero
1331 409 1407 436 turba
1425 418 1519 446 magna
1533 412 1643 446 aderat,
1661 414 1703 441 cui
1719 422 1834 450 persua-

1042 449 1157 478 dendum
1173 457 1230 479 erat
1243 473 1250 484 ,
1266 461 1295 481 se
1314 455 1459 483 secundum
1475 457 1520 484 Dei
1541 458 1702 486 voluntatem
1714 461 1829 489 venisse.

1041 497 1209 533 Quapropter
1233 501 1339 535 quando
1364 503 1438 530 solus
1461 503 1565 538 signum
1588 505 1730 540 quodpiam
1756 507 1842 541 edit,.

1041 543 1106 570 nihil
1121 544 1271 579 hujusmodi
1288 546 1414 574 exhibet:
1430 549 1537 583 quando
1552 554 1639 577 autem
1656 551 1745 578 multis
1762 560 1832 586 prat-

1041 590 1161 618 scntibus
1172 591 1198 618 id
1218 592 1290 626 agit,
1307 597 1335 620 ut
1353 593 1405 621 illis
1418 594 1528 621 suadeat
1539 602 1568 622 se
1582 603 1634 622 non
1647 603 1706 623 esse
1717 596 1770 624 Deo
1781 597 1830 624 ad-

1043 637 1188 663 versarium
1201 658 1208 669 ,
1223 645 1310 673 neque
1335 639 1406 666 Patri
1421 641 1583 667 contrarium
1594 661 1601 672 ,
1625 649 1672 675 per
1684 642 1829 676 gratiarum

1039 683 1172 708 actionem
1198 683 1269 710 illam
1290 684 1468 719 suspicionem
1492 685 1569 712 tollit.
1586 686 1628 713 il.
1645 685 1678 712 Et
1697 686 1765 713 dedit
1779 686 1832 714 Δίες

1038 728 1217 761 cumbentibus.
1229 734 1253 756 et
1267 730 1365 764 impleti
1377 736 1444 758 sunt.
1460 731 1551 759 Videu’
1567 731 1746 759 differentiam
1761 732 1836 759 inter

1038 782 1145 802 servant
1156 779 1183 802 et
1196 775 1332 804 dominum
1348 777 1360 804 ?
1375 777 1414 804 illi
1432 785 1557 813 namque,
1570 782 1600 805 ut
1614 778 1657 813 qui
1673 778 1706 805 ad
1719 786 1828 806 mensu-

1038 828 1095 847 ram
1106 821 1217 856 gratiam
1234 822 1371 856 haberent,
1387 823 1427 851 sie
1441 823 1566 851 miracula
1580 824 1720 858 patrabant
1734 832 1741 856 ;
1759 824 1829 851 Dens

1036 872 1126 896 autem
1152 869 1273 897 absoluta
1297 877 1379 905 agens
1407 874 1559 905 potestate,
1583 878 1644 898 cum
1669 871 1828 898 auctoritate

1036 914 1130 941 omnia
1154 915 1326 949 operabatur:
1340 916 1382 943 12.
1407 915 1440 943 Et
1454 916 1518 943 dixit
1541 916 1674 951 discipulis
1688 925 1697 943 :
1711 915 1829 952 Colligite

1036 960 1188 995 fragmenta.
1203 962 1253 988 l5:
1271 960 1316 989 llli
1343 969 1400 989 vero
1426 962 1600 997 collegerunt,
1620 967 1644 989 et
1664 962 1836 997 impleuerunt

1035 1002 1166 1030 duodecim
1179 1004 1312 1038 cap/riuos.
1330 1004 1392 1032 Haec
1406 1011 1459 1032 non
1480 1008 1538 1032 erat
1559 1004 1694 1039 superﬂua
1709 1009 1827 1032 ostenta-

1035 1049 1072 1076 tio
1084 1057 1091 1081 ;
1105 1049 1151 1077 sed
1167 1049 1231 1077 ideo
1242 1050 1338 1077 factum
1351 1071 1357 1083 ,
1376 1058 1409 1077 ne
1423 1051 1564 1085 prazstigize
1577 1050 1731 1078 viderentur
1742 1059 1801 1078 esse
1818 1060 1825 1084 ;

1035 1095 1148 1132 ideoque
1168 1104 1201 1124 ex
1222 1097 1339 1130 Subiecta
1356 1097 1465 1124 ntatcria
1487 1102 1571 1125 creat.
1586 1097 1641 1125 Cur
1665 1105 1721 1125 non
1742 1097 1825 1125 turbis

1033 1143 1247 1177 gestanda-dedit
1263 1143 1317 1174 illa.
1333 1143 1379 1171 sed
1395 1143 1531 1178 discipulis
1539 1144 1556 1170 »?
1568 1143 1634 1177 Quia
1650 1143 1699 1171 hos
1710 1144 1826 1170 maxime

1034 1189 1171 1217 instituere
1187 1189 1312 1223 Volebat,
1325 1190 1370 1225 qui
1392 1190 1470 1216 futuri
1495 1193 1572 1217 erant
1597 1189 1726 1217 doctores»
1740 1189 1822 1216 orbis.

1032 1234 1173 1262 Multitudo
1197 1243 1312 1270 namque
1335 1243 1387 1262 non
1411 1243 1535 1270 magnum
1559 1235 1645 1262 adhuc
1667 1235 1768 1262 lucrum
1790 1242 1823 1261 ex

1032 1281 1167 1308 miraculis
1179 1285 1343 1315 reportatum
1357 1285 1414 1308 erat
1427 1289 1434 1313 ;
1446 1281 1535 1308 statim
1549 1280 1648 1316 quippe
1660 1284 1722 1307 sunt
1736 1279 1822 1310 obliti.

1030 1325 1155 1360 aliudque
1169 1325 1325 1353 miraculum
1341 1325 1520 1361 requisieruut
1534 1335 1540 1353 :
1556 1325 1678 1360 discipuli
1692 1333 1757 1353 vero
1769 1333 1822 1352 non

1031 1379 1139 1406 parvam
1164 1371 1227 1398 hinc
1249 1372 1388 1399 utilitatem
1411 1371 1547 1406 accepturi
1565 1375 1651 1400 erant.
1669 1371 1724 1398 Nec
1741 1378 1822 1406 parva

1030 1417 1093 1445 hinc
1109 1417 1245 1445 damnatio
1259 1417 1334 1446 Juda:
1348 1418 1412 1451 fuit,
1434 1418 1503 1453 quod
1526 1417 1671 1453 cophiuum
1694 1421 1820 1453 gestaret.

1029 1464 1104 1498 Quod
1119 1468 1208 1492 autem
1224 1464 1289 1492 illud
1302 1465 1334 1493 ad
1347 1473 1439 1492 eorum
1455 1465 1647 1492 institutionem
1664 1463 1762 1491 factum
1775 1465 1819 1498 sit,

1028 1511 1111 1546 liquet
1121 1518 1155 1538 ex
1170 1519 1202 1538 eo
1215 1511 1284 1546 quod
1300 1515 1434 1546 postremo
1444 1511 1556 1545 dicitur,
1570 1511 1642 1546 quod
1655 1511 1708 1538 illis
1722 1510 1749 1538 iu
1764 1519 1820 1538 mc-

1028 1557 1140 1584 moriam
1166 1558 1330 1585 revocaverit
1351 1557 1443 1585 dicens
1459 1566 1465 1585 :
1481 1556 1606 1584 Nondum
1623 1557 1738 1592 cogitatis
1760 1562 1820 1592 quot

1028 1604 1150 1638 cap/tinos
1172 1604 1302 1640 accepistis
1323 1603 1437 1641 (Matt/1.
1460 1604 1502 1632 l6.
1527 1604 1590 1640 9)?
1611 1604 1764 1640 Eademque
1785 1604 1819 1631 de

1027 1658 1106 1677 causa
1117 1650 1214 1677 factum
1235 1655 1276 1678 est
1301 1654 1329 1677 ut
1342 1649 1449 1685 cophini
1465 1650 1602 1685 discipulis
1615 1657 1728 1677 numero
1741 1657 1818 1684 pares

1026 1701 1125 1724 essent.
1141 1697 1242 1724 Deinde
1260 1704 1324 1724 vero
1338 1697 1463 1732 quoniam
1481 1697 1593 1724 instituti
1611 1697 1717 1724 fuerant
1733 1716 1741 1729 ,
1763 1704 1816 1724 non

1026 1748 1065 1770 tot
1084 1742 1295 1778 superfuerunt,
1314 1743 1362 1770 sed
1383 1747 1482 1778 sporta:
1502 1747 1603 1777 septem
1625 1742 1679 1777 (Id.
1696 1743 1738 1770 15.
1759 1742 1816 1778 57).

1025 1790 1080 1824 Ego
1096 1797 1159 1817 vero
1173 1797 1224 1818 non
1243 1789 1321 1816 modo
1336 1789 1419 1816 miror
1440 1797 1536 1824 pantun
1557 1789 1678 1824 copiam,
1695 1788 1740 1815 sed
1756 1796 1815 1815 cum

1023 1836 1099 1871 copia
1121 1835 1327 1870 fragmentorum
1347 1835 1450 1862 numeri
1473 1842 1578 1870 quoque
1599 1834 1793 1861 accurationem
1807 1854 1814 1865 .

1023 1881 1094 1916 quod
1108 1888 1195 1916 neque
1216 1881 1273 1916 plus
1286 1889 1373 1916 neque
1386 1881 1474 1908 minus
1488 1879 1639 1907 redundare
1659 1879 1791 1907 curaverit
1805 1900 1814 1912 ,

1022 1929 1069 1956 sed
1081 1932 1207 1963 quantum
1219 1928 1323 1960 voluit,
1339 1927 1410 1962 quod
1432 1927 1570 1962 prmsciret
1588 1931 1715 1961 quantum
1740 1926 1813 1953 insu-

1022 1973 1147 2001 mendum
1161 1973 1249 2006 foret;
1265 1973 1335 2008 quod
1350 1972 1492 2001 inelTabilis
1504 1977 1562 2000 erat
1578 1972 1727 2007 potestatis.
1740 1972 1812 1999 Con-

1021 2020 1160 2047 lirmarunt
1173 2020 1262 2054 itaque
1275 2019 1423 2054 fragmenta
1440 2023 1581 2052 utrumque
1596 2018 1772 2052 miraculum,
1787 2024 1813 2046 ct

1019 2066 1165 2101 probarunt
1180 2072 1236 2092 rem
1254 2073 1305 2091 non
1321 2072 1381 2092 esse
1402 2063 1602 2099 imaginariam,
1617 2068 1645 2091 et
1659 2072 1693 2091 ex
1706 2064 1738 2091 iis
1753 2071 1812 2098 qua:

1018 2112 1191 2140 comedet-ant
1223 2110 1396 2146 superfuisse.
1424 2110 1538 2137 Piscium
1561 2117 1625 2136 vero
1651 2109 1809 2137 miraculum

1019 2163 1082 2185 tunc
1092 2165 1124 2185 ex
1144 2157 1270 2192 subjectis
1282 2157 1398 2191 piscibus
1418 2156 1515 2183 factum
1528 2160 1567 2183 est
1583 2165 1589 2182 :
1605 2159 1665 2191 post
1687 2163 1809 2183 resurre-

1016 2204 1134 2232 ctionem
1149 2211 1222 2235 vero,
1239 2211 1290 2230 non
1315 2210 1347 2229 ex
1373 2202 1491 2237 subjecta
1516 2202 1636 2229 materia.
1654 2201 1760 2235 Quare?
1775 2201 1811 2230 Ut

1015 2250 1105 2278 discas
1125 2250 1210 2285 ipsum
1224 2249 1303 2276 etiam
1325 2256 1396 2276 nunc
1416 2248 1534 2285 materia
1545 2255 1622 2275 usum
1640 2247 1739 2279 fuisse;
1755 2256 1807 2274 non

1016 2296 1085 2331 quod
1100 2296 1143 2323 illa
1162 2300 1189 2323 ut
1205 2295 1376 2322 fundamento
1389 2300 1479 2330 egeret
1491 2315 1499 2327 ,
1520 2295 1566 2322 sed
1579 2299 1607 2322 ut
1621 2294 1806 2322 llurrelicorutn

1015 2350 1062 2370 ora
1074 2342 1235 2369 Obstrueret.

1051 2389 1136 2416 Iudici
1156 2397 1205 2416 non
1225 2394 1276 2415 tant
1290 2396 1324 2415 ex
1345 2388 1469 2415 evidentia
1491 2387 1606 2415 miraculi
1620 2396 1695 2423 quant
1707 2393 1806 2414 esatn-

1014 2435 1123 2462 rationis
1132 2435 1226 2471 gaudio
1237 2435 1270 2461 ad
1283 2434 1411 2462 Christum
1431 2434 1553 2461 conversi.
1574 2433 1716 2469 Dignitales
1735 2442 1806 2468 sper-

1013 2483 1108 2509 nendae
1121 2482 1191 2509 ducet
1201 2481 1325 2509 Christus.
1337 2496 1372 2501 ——
1384 2481 1426 2508 Η.
1447 2480 1540 2507 Turba
1554 2484 1638 2506 anteiit
1653 2479 1767 2507 dicebant
1784 2480 1804 2512 ἰ

1014 2529 1080 2563 Quia
1090 2529 1129 2555 hic
1135 2534 1169 2556 est
1179 2536 1234 2555 vere
1248 2528 1380 2562 propheta.
1390 2526 1412 2554 Ο
1422 2526 1491 2561 gula:
1500 2525 1652 2553 aviditatem
1664 2525 1670 2552 l
1680 2524 1805 2552 Innume-

1012 2583 1041 2603 ra
1058 2574 1178 2603 ediderat
1193 2574 1234 2601 his
1249 2573 1409 2600 mirabiliora
1422 2592 1429 2605 ,
1444 2575 1470 2599 et
1484 2569 1673 2606 nusquamhoc
1686 2569 1801 2597 confessi

1012 2626 1091 2654 sunt,
1108 2621 1158 2649 nisi
1180 2629 1240 2648 cum
1260 2623 1353 2648 essent
1370 2617 1526 2646 exsaturati.
1544 2617 1608 2645 lude
1631 2624 1696 2651 ergo
1719 2616 1804 2652 liquet

1012 2670 1084 2704 ipsos
1106 2667 1262 2703 prophetam
1279 2665 1420 2702 quemdam
1445 2664 1570 2691 eximium
1592 2663 1803 2698 exspectavisse.

1012 2715 1077 2742 Nam
1093 2715 1129 2742 illi
1145 2713 1289 2746 dicebant,
1307 2711 1344 2739 Tu
1355 2720 1380 2739 es
1392 2710 1552 2746 prop/tcta"!
1565 2709 1591 2737 hi
1603 2717 1666 2737 vero
1680 2730 1688 2743 ,
1703 2709 1749 2737 llic
1764 2714 1802 2737 est

1044 2794 1052 2810 ι
1070 2791 1152 2817 Morel.
1164 2791 1249 2820 habet,
1259 2789 1336 2816 turba:
1346 2792 1425 2820 autem
1436 2787 1543 2814 uidentes
1554 2788 1648 2819 signwn
1655 2787 1782 2820 dicebant.

1041 2826 1051 2841 ι
1068 2824 1137 2848 idem
1149 2822 1210 2854 legit
1222 2828 1228 2847 :
1243 2819 1325 2852 itaque
1336 2819 1372 2847 illi
1383 2819 1493 2846 dicebant
1510 2825 1520 2845 .'
1535 2829 1546 2844 ς
1559 2824 1638 2845 Nonne
1649 2819 1688 2845 llic
1700 2823 1734 2846 est
1745 2826 1798 2852 pro-

1009 2855 1080 2886 pltcta
1092 2855 1105 2880 1’
1115 2862 1126 2877 ι
