2041 3113
211 139 266 167 245

212 193 347 228 propheta.
363 192 405 219 15.
422 191 497 217 Jrsus
511 193 592 214 anteiit
606 207 612 220 ,
630 195 687 214 cum
700 187 854 222 cognouissit
869 186 928 220 quia
944 193 1004 212 ven-

212 240 264 266 turi
278 243 349 266 erant
362 242 389 264 ut
401 239 515 271 raperent
528 242 585 260 eain
597 255 603 265 ,
622 239 644 260 et
657 233 832 267 [acerenteuui
847 240 929 267 regem
941 252 949 264 ,
963 239 1004 258 se-

214 285 289 312 cessit
301 285 390 310 iterant
404 283 428 308 in
440 286 557 308 monlem.
573 280 661 314 Papzr,
674 283 770 314 quanta
786 278 853 313 gula:
866 277 984 313 tyrannis
996 277 1002 303 !

214 335 311 365 quanta
333 327 481 355 volubilitas
511 326 594 353 animi
611 326 617 352 l
637 325 695 353 Non
715 325 784 352 ultra
807 325 892 359 legem
917 323 1004 350 vindi-

212 380 275 403 cant
290 396 297 407 ,
313 382 365 401 non
387 373 458 400 ultra
482 373 608 399 violatum
622 372 630 387 ί
647 371 785 398 sabbatum
809 374 925 402 curant,
951 377 1004 396 non

214 422 282 448 ultra
299 420 345 447 Dei
357 419 414 447 zelo
436 423 577 446 moventur
592 438 599 450 ,
624 417 670 444 scd
686 417 787 452 repleto
800 420 893 444 ventre
917 415 1005 442 omnia

212 468 377 502 alvjecerunt.
392 466 459 492 Tum
481 465 609 501 propheta
623 463 692 498 apud
705 463 764 490 illos
782 466 856 495 erat,
875 466 903 489 et
916 468 1004 495 regem

213 517 290 541 erant
311 511 463 540 coronaturi
478 519 484 538 :
499 511 620 538 Christus
641 515 729 537 autem
748 509 824 543 fugit.
845 507 953 542 Quare?
973 507 1006 534 Ut

214 567 263 587 nos
276 559 372 587 doceat
393 558 556 594 spernendas
584 564 644 584 esse
663 557 806 592 dignitates
819 576 826 589 ,
841 560 869 582 et
883 554 1007 582 ostendat

213 615 244 634 se
259 607 329 634 nulla
350 614 382 634 ex
405 606 518 633 terrenis
545 605 624 632 rebus
649 611 716 638 opus
741 602 850 629 habere.
870 601 936 628 Nam
961 601 1006 636 qui

214 653 304 680 omnia
323 652 385 679 vilia
399 652 479 686 elegit
490 672 497 684 ,
515 655 542 678 ct
562 655 689 681 matrem,
704 653 731 677 et
746 648 853 675 domum
868 668 875 680 ,
891 648 984 674 urbem
997 668 1004 680 ,

215 698 411 729 educationem,
426 697 595 728 vestimenta,
610 703 662 722 non
673 703 705 722 cx
719 694 832 722 terrenis
847 693 1007 728 conspicuus

215 744 319 772 futurus
339 748 406 772 erat.
422 743 488 770 Nam
511 742 628 770 caelestia
648 741 720 769 clara
737 748 884 775 Inagnaque
905 744 982 767 erant
998 760 1006 773 ,

215 790 320 826 angeli,
334 789 411 817 stella
421 810 428 822 ,
443 789 522 816 Pater
545 788 664 816 clamans
676 807 684 820 ,
699 786 815 821 Spiritus
838 786 985 813 testificaris
999 806 1006 818 ,

217 837 354 874 prophetae
365 837 420 872 jam
433 836 497 864 olim
508 835 702 871 prtedicantes:
720 834 745 861 in
761 838 831 860 terra
846 837 934 860 autem
946 831 1007 858 vilia

219 885 309 912 onmia
325 888 412 917 erant,
436 888 465 911 ιιι
489 883 528 910 sic
542 882 600 917 ejus
619 886 737 916 potestas
752 879 836 915 magis
856 882 1008 914 appareret.

216 930 295 960 Venit
316 935 390 958 certe
409 937 457 957 nos
478 929 664 960 instituturus,
680 931 708 954 ut
727 930 930 954 contemnamus
942 933 1010 960 pra:-

216 976 314 1009 sentia,
328 983 416 1010 neque
434 974 597 1002 admiremur
610 980 640 1000 ea
660 980 720 1007 qme
736 972 762 998 in
777 971 826 997 hac
847 969 900 997 vita
917 970 1008 1005 splen-

217 1023 277 1050 dida
292 1021 434 1053 videntur;
454 1020 502 1047 sed
523 1027 554 1047 ca
573 1019 662 1046 omnia
683 1017 852 1049 irrideamus,
868 1016 1010 1050 futuraque

217 1076 347 1096 amemus.
359 1067 424 1095 Nam
439 1067 482 1102 qui
498 1065 640 1101 prmsentia
653 1065 764 1092 miratur
777 1085 783 1096 ,
797 1071 849 1090 non
871 1062 1011 1090 mirabitur

218 1122 248 1140 ea
261 1121 319 1148 qua:
335 1113 360 1140 in
375 1112 446 1140 catlis
467 1116 539 1139 sunt.
559 1111 621 1138 Ideo
647 1109 754 1137 dicebat
775 1109 878 1136 Pilato:
895 1108 1011 1143 Regnum

217 1169 300 1187 meum
313 1168 362 1187 non
375 1165 409 1186 est
429 1159 461 1185 de
474 1158 521 1185 Iwc
537 1157 632 1185 mundo
647 1156 736 1191 (Joan.
752 1155 795 1183 l8.
809 1154 865 1190 56);
881 1162 915 1182 ne
935 1153 1011 1182 vide-

218 1211 292 1233 rclnr
312 1205 428 1232 humano
452 1209 524 1231 metu
547 1208 574 1231 ct
599 1202 716 1238 polentia
743 1201 776 1229 ad
796 1200 1010 1237 persuadendum

219 1253 266 1279 uti.
281 1252 335 1279 Cur
348 1259 412 1287 ergo
426 1251 489 1278 dicit
504 1250 634 1285 propheta
650 1258 656 1276 :
675 1248 740 1275 Ecca
753 1256 798 1275 rex
811 1253 869 1274 tuus
887 1247 952 1274 venit
968 1247 1012 1274 tibi

219 1302 364 1324 nimisuetus
375 1318 382 1330 ,
392 1297 480 1324 sedens
493 1305 568 1331 super
579 1294 737 1330 subjugalem
752 1294 845 1330 (Zuclt.
859 1293 885 1321 9.
897 1293 926 1328 9)
937 1293 948 1320 ?
964 1293 1013 1320 llic

220 1346 255 1371 ue
269 1351 351 1378 regno
366 1343 482 1377 loquitur
496 1341 614 1373 caelesti,
630 1349 682 1368 non
696 1340 730 1367 de
742 1345 859 1367 terreno.
876 1339 938 1366 ldco
953 1347 1013 1366 rur-

219 1398 279 1416 sum
295 1389 398 1416 dicebat
411 1397 416 1413 :
433 1387 546 1415 Gloriam
559 1387 590 1413 ab
604 1387 705 1413 [tantine
716 1393 765 1412 non
777 1385 885 1420 accipio.

257 1436 284 1462 Ιι.
307 1433 395 1461 Gloria
407 1442 457 1461 non
471 1434 554 1468 ﬂuxu,
567 1431 769 1470 sed‘immormlis
781 1431 902 1458 amanda.
919 1430 1014 1458 Contra

220 1479 376 1514 spectacula.
387 1493 423 1499 ——
436 1479 573 1506 Discamus
586 1486 665 1512 ergo,
682 1477 790 1510 dilecti,
808 1477 939 1504 humanos
965 1476 1015 1504 lio-

221 1534 301 1553 nores
330 1533 468 1560 spernere,
495 1532 547 1551 non
577 1523 741 1551 desiderare.
770 1523 877 1550 llonuro
900 1530 1014 1557 namque

221 1579 318 1606 magno
340 1571 482 1602 afﬁciuntur,
508 1570 551 1598 cui
576 1574 746 1604 comparatus
768 1569 899 1596 humanus
928 1569 1016 1596 honor

221 1617 381 1645 contumelia
402 1622 442 1644 est
454 1638 461 1649 ,
477 1617 547 1644 risus
560 1621 588 1644 et
600 1615 730 1644 commdia
745 1624 751 1648 ;
769 1621 797 1643 ut
810 1620 838 1643 et
850 1616 949 1643 divitize
963 1620 1017 1642 ter-

223 1671 296 1691 rena:
321 1663 373 1690 illis
395 1667 555 1698 comparata:
578 1666 722 1698 paupertas
740 1666 802 1689 stmt
817 1682 824 1694 ,
840 1665 867 1689 et
888 1662 940 1688 vita
960 1661 1017 1688 haec

223 1711 281 1738 sine
301 1710 344 1737 illa
370 1718 443 1737 mors
463 1715 504 1737 est
526 1709 630 1745 (Siue’.
647 1710 742 1745 inquit,
770 1714 883 1736 mortuos
906 1708 1016 1743 sepelire

223 1763 336 1784 mortuos
355 1765 414 1784 suos
427 1756 534 1793 [Matt/1.
554 1757 581 1784 8.
594 1756 640 1793 22]
652 1756 661 1790 )
674 1765 680 1782 :
696 1757 737 1783 sic
749 1756 831 1791 gloria
848 1756 906 1783 lucc
918 1777 925 1787 ,
946 1756 969 1782 si
984 1755 1017 1782 ad

224 1803 296 1830 illam
311 1803 465 1830 conferatur
477 1823 484 1836 ,
499 1803 586 1837 pudor
606 1807 647 1829 est
661 1807 688 1830 et
708 1803 787 1829 risus.
803 1802 840 1829 Nc
855 1802 934 1836 igitur
948 1801 1018 1829 hanc

225 1856 399 1883 aucupentur.
413 1848 478 1875 Nam
492 1848 514 1875 si
527 1848 544 1874 ii
563 1848 607 1883 qui
623 1848 687 1875 dant
702 1848 772 1875 illam
790 1848 880 1875 umbra
896 1853 923 1875 et
944 1855 1018 1874 som-

230 1895 282 1922 niis
303 1900 365 1921 sunt
389 1894 495 1921 viliores
509 1915 515 1926 ,
537 1895 620 1921 multo
644 1895 728 1929 magis
742 1895 797 1929 ipsa
813 1895 895 1929 gloria
911 1903 917 1921 :
932 1894 1020 1921 Gloria

226 1941 292 1967 enim
302 1941 411 1967 hominis
422 1946 549 1974 tamquam
560 1941 608 1975 [los
618 1941 677 1976 fami
687 1940 763 1975 (Isni.
773 1940 817 1968 40.
826 1941 864 1975 6).
877 1940 944 1974 Quid
955 1940 1020 1967 ﬂore

226 1987 290 2015 lieni
306 1988 382 2014 vilius
397 1987 476 2014 fuerit
487 1980 599 2022 (l.PeIr.
616 1987 641 2014 1.
652 1986 711 2023 21)ἳ
723 1987 774 2014 Sed
783 1988 885 2014 etiamsi
896 1988 1019 2014 diuturna

229 2037 319 2065 esset,
347 2033 409 2068 quid
435 2033 496 2059 hinc
521 2033 616 2060 anima:
637 2033 723 2060 lucri?
739 2033 830 2064 Nihil;
858 2033 910 2060 imo
928 2033 1021 2060 admo—

227 2079 288 2107 dum
302 2084 380 2107 nocet
391 2100 397 2112 ,
411 2084 438 2106 et
451 2087 544 2107 servos
554 2079 634 2106 efﬁcit
644 2100 651 2112 ,
667 2079 794 2114 emptitiis
806 2079 890 2106 servis
902 2079 1019 2106 deterio-

228 2133 282 2159 res,
298 2125 342 2160 qni
356 2133 408 2152 non
425 2125 469 2152 uiti
483 2125 591 2152 domino
604 2146 611 2156 .
626 2125 673 2152 sed
694 2125 796 2153 duobus
810 2145 818 2158 ,
838 2125 921 2152 tribus
934 2146 942 2158 ,
959 2125 1019 2152 mil-

228 2172 298 2199 libus
310 2193 317 2204 ,
341 2172 447 2199 diversa
465 2171 653 2199 mandantibus
666 2172 793 2199 serviant.
807 2171 912 2205 Quanto
923 2171 1019 2198 melius

228 2224 270 2246 est
286 2218 398 2246 liberum
413 2226 484 2252 esse,
501 2226 579 2254 quam
593 2226 700 2246 servum
713 2226 720 2246 :
737 2218 849 2246 liberum
863 2218 970 2253 quidem
985 2218 1020 2244 ab

228 2265 365 2292 hominum
391 2265 519 2292 servitute
532 2285 539 2298 ,
554 2273 659 2292 scrrum
676 2265 818 2300 imperanti
840 2264 916 2291 Dco?
937 2264 963 2291 Si
980 2265 1020 2291 vis

229 2311 334 2338 tandem
349 2319 439 2338 amare
453 2312 564 2346 gloriam
577 2333 583 2344 ,
596 2319 655 2338 ama
665 2332 672 2343 ,
688 2311 734 2338 sed
749 2311 937 2338 immortalem.
953 2309 1018 2336 Nam

228 2358 287 2393 ejus
299 2363 325 2386 et
337 2359 517 2393 spectaculum
531 2357 696 2393 splendidius
715 2362 756 2384 est
770 2378 777 2389 ,
795 2361 823 2384 ct
845 2357 947 2383 lucrum
962 2363 1019 2382 ma-

228 2404 281 2439 jus.
296 2404 327 2431 Hi
349 2409 373 2431 te
391 2403 487 2439 iubent
505 2403 645 2438 dispendio
661 2407 705 2430 tuo
719 2403 783 2438 ipsis
798 2403 922 2436 placere:
943 2401 1019 2428 Chri-

230 2456 287 2478 stus
300 2459 363 2478 vero
377 2455 468 2478 contra
482 2450 634 2484 centuplum
645 2449 775 2476 donorqu
790 2449 835 2475 tibi
847 2448 980 2480 retribuit,
994 2453 1022 2475 et

229 2497 271 2524 his
286 2496 366 2523 vitam
380 2501 507 2523 asternam
523 2495 606 2522 addit.
621 2494 688 2528 Quid
702 2501 766 2528 ergo
780 2493 891 2526 melius,
908 2493 934 2520 in
951 2497 1020 2520 terra

229 2550 263 2569 an
289 2542 315 2569 in
340 2542 433 2574 caelis,
450 2540 602 2568 hominibus
623 2547 656 2566 an
678 2539 733 2566 Deo
755 2538 924 2566 admirationi
937 2538 1021 2566 esse?

229 2588 328 2617 daan
339 2595 371 2614 an
385 2588 458 2615 lucro
473 2591 517 2614 tuo
528 2586 540 2612 ?
553 2584 677 2613 coronari
689 2585 722 2612 ad
735 2593 813 2612 unam
833 2585 902 2613 diem
914 2606 922 2620 ,
937 2592 970 2612 an
987 2584 1020 2611 ad

263 2645 270 2660 ι
291 2643 333 2668 Alii
347 2643 443 2674 legunt,
456 2641 566 2674 solutum,
579 2648 632 2672 pro,
645 2640 767 2666 eiulatum.

263 2675 274 2692 ³
283 2674 353 2700 savil.
364 2673 434 2705 legit,
446 2673 524 2699 sinite.

600 131 627 158 S.
649 130 785 158 JOANNIS
804 126 1042 156 CIIIWSOSTOMI
1063 126 1218 155 ARCHIEP.
1240 127 1504 164 CQNSTANTINOP.

1795 127 1846 159 241
1864 170 1865 173 η

1060 185 1161 212 infinita
1174 186 1292 213 secula?
1309 187 1345 214 Da
1355 188 1441 222 egenti
1452 209 1459 216 .
1476 196 1527 214 non
1543 188 1715 222 tripudiant},
1738 196 1773 216 ne
1786 198 1847 217 cum

1058 232 1178 266 pecuniis
1202 232 1254 259 tuis
1279 233 1394 260 animam
1417 233 1487 260 illius
1510 234 1616 268 perdas.
1632 234 1671 262 Tu
1684 235 1755 262 enim
1777 236 1848 270 quod

1059 277 1117 304 lucc
1137 278 1258 306 studiose
1271 284 1299 305 et
1321 279 1506 314 intempestive
1529 280 1600 307 colas
1614 301 1621 313 ,
1639 280 1765 315 perniciei
1781 281 1849 308 illius

1058 330 1202 351 auctores.
1228 324 1255 351 Si
1277 325 1377 351 scirent
1396 325 1466 351 cnim
1483 325 1532 357 illi,
1549 325 1593 359 qui
1616 325 1762 352 orchestra:
1787 326 1850 352 dant

1058 378 1178 405 operam,
1195 378 1230 397 ex
1252 376 1309 397 arte
1331 370 1396 397 nihil
1412 370 1462 398 sibi
1487 370 1544 397 fore
1567 371 1632 397 lucri
1648 391 1656 404 ,
1677 371 1732 405 jam
1748 371 1850 406 pridem

1058 416 1239 444 destitissent:
1254 424 1314 443 cum
1325 421 1414 444 autem
1429 421 1454 444 te
1465 416 1554 443 vident
1566 417 1745 451 plaudentem,
1758 425 1850 444 accur.

1058 468 1173 496 rentem,
1189 469 1311 498 sumptus
1325 463 1528 498 profundentem
1544 484 1551 495 ,
1569 467 1612 489 tua
1628 463 1828 490 exhauricntem
1840 485 1848 495 ,

1059 509 1166 536 etiamsi
1179 509 1282 536 nollent
1297 515 1407 543 pergere
1419 529 1427 541 ,
1444 508 1509 536 lucri
1525 508 1649 543 cupidine
1671 513 1803 536 tenentur.
1822 509 1850 537 Si

1059 556 1159 583 scirent
1173 576 1182 589 ,
1203 555 1336 583 neminem
1359 563 1406 582 sua
1422 555 1590 582 laudaturum
1613 562 1674 582 esse
1685 576 1692 587 ,
1709 556 1762 582 cito
1779 556 1851 583 desi-

1060 606 1163 630 sterent
1187 609 1202 628 a
1218 602 1354 629 laboribus
1367 622 1374 635 ,
1390 601 1464 629 lucro
1482 605 1605 629 cessante
1620 610 1627 629 :
1641 609 1700 628 cum
1715 609 1779 628 vero
1793 609 1851 629 rem

1060 648 1230 675 admirationi
1244 648 1334 675 multis
1345 655 1405 676 esse
1420 647 1513 675 vident
1525 669 1532 679 ,
1549 648 1702 675 inescantur
1716 648 1849 675 laudibus.

1059 694 1201 722 Cessemus
1213 695 1340 722 inutiliter
1351 694 1504 729 impendere
1514 703 1521 721 :
1533 694 1666 722 discamus
1679 702 1730 729 qua
1742 695 1768 722 in
1782 702 1810 722 rc
1825 699 1852 722 et

1059 740 1166 775 quando
1190 740 1345 775 impendere
1365 744 1490 775 oporteat
1503 748 1510 767 :
1523 748 1558 767 ne
1579 740 1705 775 utrinque
1722 740 1804 767 Deum
1818 740 1850 767 ad

1060 787 1127 814 iram
1139 794 1323 821 provocemus,
1337 790 1364 814 et
1376 786 1563 822 congregando
1576 786 1647 814 unde
1661 794 1713 813 non
1727 786 1789 814 licet
1803 807 1811 819 ,
1825 792 1852 814 et

1060 833 1239 868 dispergendo
1254 833 1280 860 in
1294 841 1353 868 qua:
1371 841 1425 860 non
1436 837 1582 868 oporteret.
1595 833 1652 866 Qua
1667 832 1782 860 vindicta
1799 841 1852 860 non

1061 881 1156 916 dignus
1170 888 1200 908 es
1217 901 1224 912 ,
1239 887 1299 907 cum
1323 887 1466 915 pauperem
1488 884 1698 914 prmlercurrens
1717 879 1852 906 meretrici

1061 926 1190 961 largiris?
1203 925 1315 953 Etiamsi
1328 926 1399 953 enim
1415 933 1448 952 ex
1460 925 1543 960 justis
1558 924 1692 952 laboribus
1704 932 1830 960 erogares
1843 946 1853 958 ,

1062 980 1151 1000 annon
1161 973 1237 1007 culpa
1251 977 1340 1005 esset,
1355 973 1481 1008 nequitia:
1501 971 1652 1000 mercedem
1665 972 1730 1000 dare
1742 992 1749 1004 ,
1764 977 1791 999 et
1807 980 1854 1006 pro

1062 1019 1157 1045 merita
1184 1025 1263 1053 poma
1289 1018 1418 1045 honorem
1440 1017 1596 1052 impendere
1609 1018 1620 1044 ’ἰ
1635 1016 1700 1044 Cum
1715 1024 1778 1045 vero
1792 1025 1854 1052 spo-

1062 1065 1132 1092 liatis
1145 1064 1261 1100 pupillis,
1276 1064 1437 1099 senibusque
1449 1063 1568 1097 nudatis,
1583 1064 1697 1092 lascivos
1708 1064 1768 1096 alis,
1782 1065 1855 1098 cogi-

1063 1111 1162 1147 taquis
1192 1111 1260 1146 ignis
1287 1115 1362 1138 tanto
1388 1110 1484 1138 sceleri
1497 1110 1532 1138 sit
1551 1114 1670 1145 paratus.
1698 1109 1768 1136 Audi
1791 1109 1856 1144 quid

1063 1158 1134 1186 dicat
1156 1158 1272 1186 Paulus:
1291 1157 1351 1184 Non
1370 1162 1468 1184 tantum
1488 1157 1531 1192 qui
1553 1157 1608 1184 hac
1622 1157 1719 1192 faciunt
1733 1177 1740 1190 ,
1757 1157 1800 1183 sed
1813 1165 1854 1190 qui

1063 1204 1169 1232 laudarit
1193 1205 1314 1240 facientes
1331 1203 1419 1240 (liam.
1436 1204 1462 1231 1.
1477 1203 1539 1238 52).
1555 1203 1680 1230 Fortasse
1703 1202 1791 1230 acrius
1807 1209 1855 1229 vos

1064 1251 1242 1284 incessimus;
1259 1251 1305 1278 sed
1325 1252 1347 1278 si
1370 1259 1418 1278 nos
1435 1258 1487 1278 non
1512 1251 1696 1282 inccssamus,
1725 1249 1855 1284 supplicia

1063 1302 1173 1325 manent
1188 1305 1234 1324 eos
1248 1297 1292 1332 qui
1309 1305 1452 1332 numquam
1467 1296 1654 1324 emcndantur.
1669 1296 1738 1329 Quid
1750 1297 1857 1330 jnvaret

1064 1351 1112 1371 vos
1129 1344 1245 1379 gratiose
1261 1343 1359 1377 alloqui
1372 1363 1380 1376 ,
1407 1343 1493 1377 rcipsa
1504 1343 1635 1378 supplicio
1650 1347 1762 1377 propter
1775 1349 1855 1375 opem

1064 1389 1241 1417 afﬁciendos?
1261 1389 1365 1416 Laudas
1390 1389 1530 1416 saltantem
1546 1408 1553 1420 ,
1567 1388 1688 1415 celebras
1703 1409 1710 1419 ,
1727 1387 1858 1414 miraris?

1065 1436 1135 1471 Ergo
1149 1435 1195 1463 illo
1211 1435 1294 1462 factus
1308 1443 1338 1463 es
1348 1435 1476 1463 deterior.
1488 1434 1565 1462 illum
1578 1438 1719 1469 paupertas
1730 1441 1858 1461 excusare

1065 1482 1180 1513 videtur.
1208 1481 1313 1509 etiamsi
1337 1489 1389 1508 non
1413 1481 1489 1515 culpa
1516 1480 1551 1507 sit
1572 1480 1717 1512 immunis;
1744 1484 1770 1506 tu
1795 1487 1858 1506 vero

1066 1528 1146 1555 etiam
1167 1527 1217 1555 hac
1237 1527 1392 1554 defensione
1417 1534 1502 1554 cares.
1526 1526 1602 1552 illum
1628 1525 1650 1552 si
1675 1525 1857 1559 interrogem,

1066 1574 1119 1602 Cur
1145 1574 1203 1601 aliis
1225 1573 1325 1601 relictis
1344 1573 1465 1605 artibus,
1496 1571 1565 1599 hanc
1581 1571 1711 1606 impuram
1731 1575 1759 1598 et
1780 1578 1858 1598 exse-

1067 1620 1193 1648 crandam
1216 1619 1349 1647 sectaris?
1372 1617 1557 1652 respondebit,
1574 1617 1640 1651 Quia
1656 1624 1764 1651 possunt
1778 1624 1859 1651 parvo

1068 1666 1161 1694 labore
1176 1665 1287 1692 multum
1304 1664 1414 1691 lucrari.
1429 1663 1466 1691 Te
1481 1670 1544 1690 vero
1558 1662 1580 1690 si
1602 1663 1763 1696 interrogem
1775 1681 1783 1694 ,
1807 1661 1860 1688 Cur

1068 1713 1197 1740 lascivum
1212 1712 1317 1739 miraris
1332 1732 1339 1745 ,
1354 1711 1398 1746 qui
1413 1710 1446 1737 ad
1459 1710 1602 1737 multorum
1615 1709 1759 1744 perniciem
1775 1710 1855 1735 vitam

1069 1759 1164 1786 ducit?
1182 1766 1234 1785 non
1249 1757 1348 1793 poteris
1365 1757 1398 1784 ad
1419 1756 1540 1784 eamdem
1557 1755 1740 1783 defensionem
1764 1754 1859 1782 confu-

1070 1813 1133 1840 gere
1147 1825 1156 1838 ,
1172 1804 1219 1832 scd
1234 1804 1339 1839 cogeris
1351 1803 1469 1830 demisso
1480 1801 1552 1829 vultu
1566 1801 1734 1829 erubescere.
1749 1800 1824 1834 Quod
1838 1799 1859 1826 si

1071 1851 1148 1878 nobis
1161 1850 1290 1877 rationem
1304 1848 1482 1884 exigentibus,
1501 1855 1534 1875 ne
1547 1848 1642 1875 mntirc
1652 1847 1758 1882 quidem
1775 1851 1859 1880 potes:

1071 1897 1176 1933 quando
1192 1896 1355 1924 horrendum
1369 1895 1435 1922 illud
1448 1900 1474 1922 et
1488 1893 1642 1921 inevitabile
1653 1892 1767 1920 tribunal
1783 1900 1862 1926 appa-

1072 1944 1158 1976 rebit,
1177 1944 1220 1970 ubi
1246 1948 1273 1969 ct
1294 1942 1485 1977 cogitationum
1500 1946 1527 1968 ct
1546 1945 1652 1968 actuum
1668 1939 1795 1966 reddituri
1819 1946 1863 1965 sn-

1072 1998 1131 2018 tuus
1146 1990 1299 2022 rationem,
1322 1988 1456 2024 quomodo
1484 1993 1555 2014 stare
1580 1987 1748 2022 poterimus?
1768 1986 1863 2021 quibus

1073 2036 1156 2063 oculis
1176 2035 1293 2070 judicem
1320 2033 1517 2068 rcspiciemus?
1543 2033 1606 2068 quid
1629 2032 1770 2059 dicemus?
1786 2039 1863 2066 quam

1072 2082 1254 2110 defensionem
1276 2080 1463 2116 proferemus?
1487 2087 1565 2114 quam
1592 2078 1792 2106 excusationem
1817 2084 1863 2111 ap-

1073 2134 1126 2156 tam
1140 2149 1147 2161 ,
1163 2129 1279 2164 ineptam
1294 2127 1472 2154 habebimus?
1494 2134 1528 2153 an
1545 2133 1594 2152 nos
1608 2125 1633 2151 id
1649 2126 1738 2152 facere
1752 2132 1800 2158 pro
1813 2123 1863 2150 im-

1074 2183 1164 2210 pensa,
1179 2183 1227 2210 pro
1244 2175 1392 2210 voluptate,
1407 2181 1454 2208 pro
1468 2172 1580 2199 aliorum
1596 2170 1714 2206 pernicie
1726 2191 1733 2202 ,
1748 2177 1815 2204 quos
1839 2169 1862 2195 in

1073 2222 1118 2249 illa
1130 2226 1188 2248 arte
1202 2220 1290 2255 perire
1314 2221 1433 2254 cogimus
1447 2219 1458 2245 ?
1473 2219 1542 2246 Nihil
1559 2223 1632 2245 certe
1651 2217 1800 2251 poterimus
1824 2215 1863 2242 di-

1073 2275 1154 2300 cere;
1172 2266 1218 2294 sed
1233 2267 1384 2294 necessario
1400 2266 1540 2300 punientur
1550 2285 1557 2297 ,
1573 2263 1706 2298 supplicio
1721 2270 1863 2297 numquam

1074 2313 1193 2340 finiendo
1206 2333 1213 2344 ,
1231 2320 1374 2346 numquam
1390 2310 1567 2338 terminando.
1584 2308 1660 2343 Quod
1687 2316 1720 2336 ne
1744 2309 1863 2338 accidat,

1075 2359 1118 2386 hic
1131 2359 1186 2393 jam
1200 2366 1305 2385 summo
1326 2357 1413 2385 studio
1426 2363 1568 2384 careamus
1580 2377 1588 2388 ,
1615 2359 1643 2381 ιιι
1657 2362 1717 2382 cum
1732 2354 1799 2380 bona
1821 2362 1864 2387 spe

1075 2406 1138 2433 hinc
1163 2401 1309 2440 migrantes
1323 2425 1330 2437 ,
1354 2408 1452 2430 :eterna
1475 2403 1543 2429 bona
1569 2408 1767 2435 consequamur
1787 2408 1865 2434 :qnm:

1075 2453 1173 2480 utinam
1189 2459 1283 2478 omnes
1294 2451 1483 2485 adipiscamur,
1496 2449 1580 2484 gratia
1593 2453 1618 2474 et
1633 2447 1799 2482 benignitate
1815 2447 1865 2473 [lo-

1074 2499 1137 2526 mini
1149 2499 1231 2526 nostri
1245 2498 1307 2525 Jesu
1323 2497 1421 2524 Christi
1435 2517 1443 2529 ,
1460 2504 1505 2531 per
1519 2504 1596 2530 quem
1613 2499 1640 2521 ct
1654 2502 1714 2521 cum
1729 2502 1782 2528 quo
1798 2493 1866 2520 Patri

1074 2545 1157 2580 gloria
1169 2565 1177 2578 ,
1193 2545 1326 2579 simulque
1339 2543 1450 2578 Spiritui
1464 2547 1558 2570 sancto
1571 2562 1578 2575 ,
1593 2549 1666 2569 nunc
1679 2545 1705 2568 et
1721 2548 1829 2574 semper
1841 2543 1868 2567 et

1074 2591 1101 2618 in
1115 2591 1211 2618 smcula
1234 2590 1404 2618 sa‘culornm.
1422 2590 1518 2616 Amen.
