2041 3113
169 132 185 151 ι)

682 124 714 154 ΙΝ
732 125 886 155 JOANNEM
906 125 1020 154 IIOMIL.
1044 127 1132 155 XLIII.
1152 129 1189 157 al.
1211 127 1292 157 XLII.

1751 135 1804 165 216

171 201 1800 214 Μ

830 239 1004 271 HOMILIA
1024 239 1138 272 XLIII.

169 314 233 347 Car.
247 318 274 346 θ.
297 326 324 345 v.
337 317 381 345 I6.
398 313 431 344 Ut
445 320 528 343 autem
538 323 593 342 sero
607 317 700 351 factum
709 320 743 342 est
752 335 759 348 ,
779 314 960 342 descenderunt

205 364 324 400 discipuli
337 364 393 398 ejus
407 362 441 388 ad
454 369 531 388 mare.
547 361 590 388 17.
610 360 709 387 Etcum
726 360 896 387 ascendissent
915 367 962 385 na-

203 418 257 438 vem
268 431 276 443 ,
291 413 409 436 venerunt
423 412 492 434 trans
511 414 580 433 mare
598 406 624 433 in
643 405 812 439 Capernaum.
836 404 869 432 Et
890 410 960 432 tene-

205 456 256 483 brte
275 457 330 490 jam
352 457 427 490 facta
446 458 527 486 erant,
543 458 565 479 et
577 461 627 479 non
641 457 741 479 venerat
755 451 788 478 ad
805 451 862 478 illos
875 451 959 478 Iesus.

205 502 249 530 I8.
269 501 341 528 Mare
354 505 455 534 autent,
471 505 543 526 vento
556 507 647 534 magno
661 499 739 534 ﬂante
753 519 760 531 ,
775 497 933 533 exsurgebat.

206 549 232 575 1.
247 547 361 575 Christus
372 547 447 573 etiam
458 545 545 572 absens
556 553 657 572 suorum
673 544 776 571 utilitati
788 544 879 570 studet.
898 543 962 576 Qua:

168 595 240 629 signa
251 593 368 627 discipuli
381 592 428 619 soli
436 590 646 618 viderint.—-Non
660 597 778 625 prtesens
790 583 890 616 tantum
902 596 961 616 cor-

169 639 294 675 poraliter
304 638 441 672 discipulis
451 637 540 670 Iesus,
558 636 606 664 sed
621 637 700 663 etiam
714 636 811 663 absens
824 639 851 662 et
864 634 955 670 procul

168 693 280 713 versans
294 706 301 718 ,
317 691 410 712 eorum
427 683 517 710 studet
530 682 647 709 utilitati.
658 681 724 709 Cum
738 682 808 709 enim
822 685 849 708 et
863 686 959 716 potens

169 733 204 760 sit
226 737 253 759 et
277 739 371 766 sagax,
396 737 444 765 per
470 728 603 757 contraria
626 727 695 754 idem
717 727 802 762 ipsum
823 731 958 761 operatur.

170 777 361 806 Animadverte
377 783 491 810 namque
502 774 564 809 quid
580 774 622 801 hic
637 777 705 808 agat.
719 772 830 800 Relictis
844 772 960 806 discipu-

169 824 201 853 lis
214 846 222 858 ,
237 823 358 851 ascendit
370 823 396 850 in
411 826 539 849 montem.
555 820 594 847 Illi
608 827 687 853 vero,
701 819 810 846 absente
821 818 957 853 magistro,

169 876 198 898 ιιι
211 877 274 898 sero
287 869 384 896 factum
399 872 456 901 est,
473 866 669 895 descenderunt
684 865 716 892 ad
728 872 802 892 mare
816 872 823 896 ;
838 868 865 891 et
876 871 959 898 usque

169 917 202 944 ad
225 923 364 950 vesperam
384 917 539 941 manserunt
559 912 645 939 donec
665 910 774 938 rediret.
792 909 958 936 Adveniente

168 968 281 997 vespera
292 982 299 995 ,
314 968 367 988 non
383 960 452 987 ultra
464 967 492 986 se
504 958 643 986 continere
656 961 797 991 potuerunt
811 976 818 988 ,
832 955 893 990 quia
915 954 957 988 ip-

168 1016 227 1036 sum
249 1011 400 1042 qumrerent
417 1014 424 1032 :
439 1008 513 1031 tanto
534 1003 591 1038 ejus
614 1009 705 1029 amore
726 1001 881 1036 ﬂagrabant.
900 999 958 1027 Non

169 1055 280 1086 dicunt,
295 1053 413 1087 Vespera
425 1051 478 1086 jam
495 1054 552 1081 est,
566 1057 620 1076 nox
634 1048 729 1081 adest,
744 1055 797 1082 quo
817 1053 887 1074 nunc
909 1045 958 1073 ibi-

167 1099 245 1127 mus?
257 1099 342 1131 locus,
356 1097 421 1124 hora
434 1095 551 1132 periculo
564 1102 618 1122 non
631 1097 727 1121 vacant
745 1101 751 1119 :
768 1092 816 1120 sed
826 1091 958 1119 desiderio

169 1145 288 1178 incensi,
306 1151 399 1172 navem
413 1142 606 1170 conscendunt.
619 1140 712 1175 Neque
725 1139 795 1166 enim
809 1138 865 1166 sine
879 1145 958 1165 causa

168 1192 333 1226 evangelista
350 1195 453 1224 tempus
466 1188 582 1219 indicat,
599 1186 646 1214 sed
659 1190 687 1213 ut
700 1185 751 1212 hoc
766 1188 841 1219 pacto
852 1185 958 1211 ferven-

170 1243 221 1266 tem
233 1238 342 1265 illorum
356 1243 475 1264 amorem
489 1233 617 1261 declaret.
631 1233 684 1260 Cur
698 1239 761 1266 ergo
774 1230 891 1257 dimissis
907 1229 959 1256 illis

169 1284 243 1312 abit?
255 1284 309 1310 imo
321 1290 369 1310 cur
384 1282 458 1310 solus
469 1287 574 1308 rursum
587 1283 696 1314 apparet
711 1284 790 1312 supra
806 1284 879 1304 mare
898 1283 957 1302 am-

168 1330 285 1358 bulans?
300 1330 398 1362 Primo,
415 1332 443 1354 ut
456 1327 564 1355 doceret
575 1326 652 1358 illos,
678 1331 757 1359 quam
783 1330 862 1358 grave
886 1324 959 1349 esset

168 1377 240 1405 solos
250 1375 374 1410 relinqui,
389 1378 469 1409 atque
479 1373 540 1400 hinc
550 1371 711 1400 desiderium
735 1373 877 1405 augeretur
893 1377 900 1395 :
913 1375 958 1395 se-

168 1422 257 1450 cundo
269 1442 278 1455 ,
293 1425 322 1448 ut
334 1420 478 1456 potentiam
504 1418 657 1446 ostenderet
677 1423 763 1444 suam.
780 1414 958 1449 Quemadmo-

168 1468 232 1495 dum
246 1467 317 1494 enim
331 1473 384 1493 non
399 1472 507 1492 omnem
522 1463 670 1491 doctrinam
689 1470 749 1489 cum
768 1461 844 1488 turba
865 1459 957 1487 audie-

169 1514 251 1546 bant,
269 1513 307 1540 sic
320 1520 372 1539 non
387 1512 476 1539 omnia
490 1511 563 1545 signa
572 1517 632 1537 cum
641 1509 718 1544 plebe
729 1507 863 1534 videbant.
874 1505 958 1540 Opor-

171 1560 244 1587 tebat
269 1559 339 1585 enim
363 1565 427 1589 eos,
455 1556 550 1592 quibus
574 1553 779 1582 committendus
797 1552 869 1579 orbis
883 1555 958 1584 erat,

167 1604 269 1640 aliquid
284 1603 398 1638 amplius
414 1602 513 1629 habere
525 1608 605 1636 quam
616 1603 739 1627 caeteros.
755 1599 843 1633 Ecqua
864 1598 939 1631 signa
949 1617 957 1630 ,

170 1651 276 1686 inquies
289 1671 296 1683 ,
317 1649 368 1676 soli
382 1647 523 1676 viderunt?
538 1645 807 1681 Trausiiguratiouem
819 1645 844 1671 in
858 1647 958 1676 monte,

169 1697 222 1725 hoc
235 1696 392 1723 miraculum
405 1695 430 1722 in
446 1694 532 1728 mari,
548 1693 629 1720 multa
645 1697 672 1720 et
691 1690 810 1719 tniranda
830 1695 890 1725 post
915 1696 960 1716 re-

168 1742 383 1774 surrectionem;
399 1745 480 1775 atque
491 1761 498 1773 ,
516 1744 545 1766 ut
557 1739 688 1772 arbitror,
704 1737 785 1764 multa
798 1736 859 1763 alia.
876 1735 961 1762 Vene-

168 1794 232 1816 runt
242 1792 331 1815 autem
342 1787 522 1822 Capernaum,
538 1793 591 1813 non
605 1783 680 1820 gnari
695 1783 801 1818 quidem
811 1804 818 1816 ,
833 1782 879 1810 sed
895 1789 957 1817 spe-

168 1838 261 1862 rantes
275 1841 304 1861 se
317 1833 402 1867 ipsqu
418 1832 454 1860 ibi
469 1835 621 1866 reperturos
646 1837 706 1857 esse
728 1829 771 1856 vel
797 1829 867 1855 inter
888 1827 962 1854 navi-

169 1879 297 1915 gandum.
314 1878 369 1906 Hoc
384 1877 560 1906 subindicavit
574 1876 690 1904 Joannes
703 1896 710 1909 ,
734 1882 794 1902 cum
816 1873 884 1901 dixit
905 1873 961 1908 jam

170 1932 311 1960 vesperam
326 1924 423 1956 fuisse,
440 1922 552 1950 necdum
575 1922 680 1949 vertisse
703 1921 794 1948 Jesum
807 1940 814 1953 ,
839 1924 866 1947 et
887 1926 962 1946 mare

170 1979 268 2007 magno
288 1970 398 1998 reﬂante
416 1973 495 1997 vento
519 1968 685 1996 intumuisse.
700 1968 752 1995 Cur
767 1974 830 2002 ergo
847 1966 962 1993 turban~

171 2017 235 2045 tur?
249 2016 331 2044 multa
345 2020 419 2044 certe
435 2018 511 2043 erant
531 2023 590 2050 qua:
614 2015 674 2042 illos
700 2013 939 2048 perterrefacerent
954 2020 960 2038 :

171 2068 294 2098 tempus,
307 2062 426 2090 tenebra:
441 2068 555 2096 namque
576 2065 672 2092 erant;
699 2064 843 2094 tempestas
857 2079 864 2093 ,
889 2065 963 2085 mare

171 2118 288 2145 namque
302 2109 481 2140 intumuerat;
496 2108 588 2141 locus,
604 2115 657 2134 non
670 2107 740 2134 enim
757 2113 840 2141 prope
863 2110 963 2133 terram
996 2143 999 2147 Ι

170 2161 248 2184 erant
261 2177 268 2190 ,
283 2156 330 2183 sed
341 2155 405 2189 ,19.
420 2154 484 2182 Cum
496 2154 660 2190 remigassent
682 2153 754 2188 quasi
773 2154 856 2180 stadia
877 2153 964 2189 viginti

170 2203 296 2237 quinque;
313 2201 420 2229 tandem
428 2200 504 2228 adest
515 2208 557 2228 res
572 2200 752 2235 inexspectata
767 2209 773 2227 :
792 2199 883 2227 Vident
891 2199 963 2227 enim

171 2251 228 2276 eum
243 2248 414 2278 ambulantem
428 2255 503 2282 super
522 2255 607 2280 mare,
632 2246 718 2281 iisque
740 2246 884 2274 admodum
907 2254 965 2281 per-

171 2295 286 2323 turbatis
296 2294 364 2321 dixit
377 2302 384 2320 :
395 2293 440 2321 20.
458 2293 511 2328 Ego
524 2300 580 2320 tum
593 2313 600 2326 ,
613 2292 690 2319 nolite
706 2292 802 2319 timere.
824 2292 878 2320 Cur
900 2298 965 2327 ergo

171 2336 312 2376 apparuit?
327 2339 364 2368 Ut
377 2339 532 2367 ostenderet
552 2346 581 2366 se
597 2338 763 2373 tempestatis
781 2338 905 2366 sedandae
918 2345 965 2365 au-

171 2387 285 2414 ctorem.
295 2385 351 2412 Iloc
363 2385 494 2420 signiﬁcat
508 2384 670 2420 evangelista
682 2391 742 2411 cum
753 2384 818 2412 dicit
831 2393 839 2411 :
852 2384 898 2412 2t.
915 2383 966 2411 Vo-

172 2432 275 2458 luerunt
288 2431 403 2465 aecipere
413 2438 470 2457 eum
484 2430 511 2457 in
526 2431 628 2462 navim;
643 2435 666 2457 et
689 2431 773 2457 statim
798 2430 869 2458 navis
888 2437 967 2466 prope

172 2482 266 2504 terram
280 2477 336 2513 fuit.
350 2477 408 2504 Non
421 2476 502 2504 modo
513 2477 585 2504 enim
603 2481 686 2504 tutam
696 2497 705 2509 ,
719 2476 766 2504 sed
779 2477 860 2504 etiam
871 2485 967 2505 secun-

172 2524 234 2551 dam
248 2524 315 2558 ipsis
325 2523 521 2558 uaugationem
538 2522 661 2558 praebuit.
683 2522 779 2550 Turba:
799 2528 887 2551 autem
911 2531 966 2552 non

172 2576 202 2597 se
221 2569 403 2596 ambulantem
427 2575 508 2603 super
528 2576 602 2596 mare
627 2568 846 2603 conspiciendum
868 2569 965 2597 dedit:

174 2622 235 2642 nam
251 2614 339 2649 majus
358 2615 463 2648 signum
487 2617 560 2647 erat,
584 2621 663 2649 quam
684 2621 776 2641 eorum
797 2615 967 2644 imbecillitas

173 2660 267 2688 ferret.
282 2659 336 2688 Sed
346 2667 433 2695 neque
444 2659 582 2696 discipulis
595 2668 625 2688 se
638 2660 674 2687 ita
687 2660 731 2688 diu
742 2660 885 2688 videndum
899 2668 967 2696 prae-

175 2707 232 2734 buit
247 2715 254 2734 :
270 2706 318 2735 sed
341 2706 422 2734 simul
441 2710 468 2734 et
491 2706 565 2734 visus
585 2711 644 2739 est,
667 2710 695 2734 et
716 2707 838 2734 receSsit.
854 2706 966 2735 Videtur

175 2760 257 2788 porro
267 2752 333 2780 mihi
347 2752 419 2780 aliud
432 2751 466 2780 ab
476 2759 508 2780 eo
521 2753 625 2787 signum
641 2759 700 2780 esse
712 2773 720 2786 ,
736 2752 805 2788 quod
817 2753 887 2788 apud
902 2753 968 2781 Mat-

176 2800 276 2827 tlneum
290 2803 416 2826 narratur
429 2805 437 2831 ;
449 2798 505 2826 imo
515 2798 598 2826 multa
610 2799 725 2834 probant
745 2799 880 2827 diversum
896 2807 967 2829 esse.

173 2844 310 2874 Camn
322 2851 394 2880 stupe
405 2844 500 2873 eadem
512 2845 586 2879 signa
602 2844 663 2872 iacit
676 2865 683 2878 ,
699 2849 727 2872 ut
742 2853 774 2873 ne
799 2846 906 2875 insolita
926 2847 968 2874 vi-

1015 313 1143 342 derentur
1157 317 1348 350 spectantibus,
1363 318 1410 345 scd
1427 319 1470 346 illa
1484 327 1544 347 cum
1558 320 1608 347 lide
1631 328 1725 356 magna
1745 329 1806 349 sus-

1013 360 1143 395 ciperent.
1157 360 1213 396 Ego
1224 370 1288 395 sum,
1303 364 1381 390 nolite
1393 365 1489 392 timere.
1513 366 1600 394 Verbo
1624 367 1746 395 timorem
1770 375 1803 395 ex

1013 412 1106 432 eorum
1120 407 1210 434 animo
1228 408 1304 442 pellit
1319 417 1326 434 ξ
1340 416 1393 436 non
1413 410 1447 436 ita
1462 411 1540 443 alibi,
1560 419 1621 438 cum
1640 411 1735 439 Petrus
1762 412 1803 439 di-

1013 451 1090 478 cebat
1103 459 1110 478 :
1126 451 1244 486 Domine,
1258 454 1280 480 si
1294 458 1320 480 tu
1334 463 1369 486 es,
1379 455 1443 489 jube
1463 464 1500 482 me
1513 458 1594 483 venire
1607 458 1640 483 ad
1654 462 1677 484 te
1689 457 1800 493 (Matth.

1013 497 1057 525 M.
1069 497 1103 524 9.8
1115 498 1135 532 ).
1150 497 1203 525 Cur
1217 506 1280 534 ergo
1295 504 1356 527 tunc
1372 508 1423 527 non
1438 502 1526 528 statim
1549 501 1600 529 hoc
1620 509 1780 538 acceperunt
1793 525 1801 536 ,

1013 551 1085 572 nunc
1098 549 1186 571 autem
1201 546 1390 574 crediderunt?
1414 547 1544 581 Quoniam
1571 553 1633 576 tunc
1658 554 1802 584 tempestas

1012 592 1202 626 perseverabat
1220 593 1388 628 agitabatque
1408 602 1524 627 navem;
1549 603 1620 621 nunc
1639 599 1728 622 autem
1750 604 1800 623 vox

1013 639 1228 673 tranquillitatem
1241 640 1354 674 peperit.
1365 640 1392 668 Si
1408 648 1450 668 res
1475 649 1526 668 non
1547 641 1581 668 ita
1603 642 1655 674 sit,
1680 643 1704 669 id
1729 648 1802 670 certe

1013 684 1064 712 erit
1074 685 1144 720 quod
1160 693 1238 721 supra
1253 686 1306 713 dixi
1319 707 1326 720 ,
1345 687 1417 714 illum
1432 695 1501 722 smpc
1515 688 1606 715 eadem
1623 688 1702 716 edere
1717 689 1801 724 signa,

1014 734 1043 757 ut
1057 738 1089 757 ex
1104 731 1236 764 prioribus
1251 732 1365 759 secunda
1379 732 1548 760 credibiliora
1561 733 1624 760 sint.
1643 733 1696 760 Cur
1713 739 1801 760 autem

1011 783 1064 804 non
1073 777 1192 804 ascendit
1203 777 1228 804 iu
1244 778 1358 805 navem?
1374 778 1406 806 Ut
1417 778 1520 814 signum
1534 778 1619 813 majus
1632 785 1800 814 operaretur,

1010 822 1143 857 simulque
1154 822 1318 851 divinitatem
1333 832 1407 852 suam
1421 825 1519 852 clarius
1534 826 1704 858 ostenderet,
1721 830 1800 861 atque

1012 867 1225 902 demonstraret,
1240 877 1270 897 se
1283 878 1342 897 cum
1356 871 1453 904 gratias
1469 871 1536 906 egit,
1552 879 1604 899 non
1618 872 1688 907 quod
1703 872 1801 899 auxilio

1011 919 1102 949 egeret
1113 914 1138 941 id
1153 915 1258 949 fecisse,
1272 915 1320 943 sed
1335 921 1361 944 ut
1375 924 1404 944 se
1419 917 1470 944 illis
1483 922 1686 953 attemperaret.
1700 919 1802 946 Permi<

1011 960 1099 994 sitque
1114 966 1297 995 tempestatem
1310 963 1439 996 excitari,
1462 968 1490 991 ut
1513 971 1542 992 se
1567 972 1674 1000 semper
1698 973 1801 1000 quaere-

1010 1011 1088 1039 rent;
1104 1008 1247 1042 statimque
1259 1008 1381 1042 sedavit,
1399 1013 1428 1036 ut
1446 1010 1564 1045 potentia
1584 1019 1632 1038 sua
1657 1019 1801 1047 cognosce-

1010 1056 1103 1085 retur;
1120 1060 1172 1079 non
1187 1053 1307 1081 ascendit
1321 1059 1409 1082 autent
1422 1054 1447 1081 in
1462 1055 1550 1082 navim
1564 1077 1571 1089 ,
1589 1060 1618 1083 ut
1639 1057 1724 1091 tnajus
1750 1057 1800 1084 tui-

1010 1099 1127 1126 raculum
1135 1098 1244 1127 faceret.
1260 1100 1305 1128 ‘22.
1318 1100 1405 1128 Altera
1417 1106 1501 1129 autem
1514 1102 1554 1129 die
1564 1102 1637 1129 turba
1649 1111 1704 1138 quia
1717 1104 1798 1130 stabnt

1009 1143 1059 1177 ibi,
1074 1144 1158 1172 uidens
1168 1145 1227 1180 quia
1237 1146 1353 1173 navicula
1365 1146 1415 1173 alia
1428 1156 1477 1174 non
1488 1153 1541 1175 erat
1555 1148 1605 1181 ibi,
1623 1148 1670 1175 nisi
1685 1157 1736 1176 una
1746 1170 1753 1183 ,
1772 1149 1799 1176 in

1009 1197 1084 1224 quam
1096 1191 1258 1218 ascenderant
1270 1191 1386 1226 discipuli
1398 1193 1468 1228 ejus,
1484 1198 1506 1220 et
1519 1194 1578 1229 quia
1592 1193 1668 1221 Jesus
1690 1203 1740 1222 non
1760 1195 1800 1222 in-

1010 1237 1109 1263 troisset
1123 1244 1180 1263 cum
1192 1237 1323 1272 discipulis
1337 1239 1389 1265 suis
1406 1239 1432 1265 in
1447 1240 1531 1266 navim
1547 1247 1556 1266 :
1574 1240 1751 1270 ascenderunt
1774 1245 1798 1268 cl

1010 1282 1059 1316 ipsi
1070 1283 1096 1309 in
1111 1283 1177 1310 alias
1191 1284 1326 1311 naviculas
1350 1292 1409 1319 qua:
1433 1290 1561 1313 venerant
1585 1294 1618 1313 ex
1644 1286 1798 1314 Tiberiadc.

1009 1328 1064 1356 Cur
1083 1328 1142 1356 ha'c
1155 1329 1304 1357 minutatim
1318 1330 1434 1358 Joannes
1445 1337 1584 1364 recenset;
1605 1333 1659 1360 imo
1679 1341 1726 1360 cur
1746 1341 1799 1360 non

1009 1374 1095 1409 dixit,
1111 1375 1194 1403 altera
1208 1375 1252 1404 die
1269 1377 1359 1403 turbas
1373 1378 1576 1406 transfretautes
1587 1379 1706 1406 abiisse?
1721 1379 1799 1407 Aliud

1010 1420 1145 1456 quidpiam
1161 1429 1210 1449 nos
1225 1422 1282 1450 vult
1296 1423 1402 1451 docere.
1416 1424 1484 1457 Quid
1498 1424 1584 1451 illud?
1599 1425 1733 1453 Christum
1752 1425 1801 1453 etsi

1010 1473 1063 1494 non
1077 1467 1174 1502 palam,
1191 1468 1341 1495 clanCulum
1355 1473 1442 1496 tamen
1459 1471 1543 1498 turbis
1565 1471 1590 1498 id
1613 1472 1801 1506 suspicandum

1011 1511 1155 1548 reliquisse
1168 1523 1175 1541 :
1190 1522 1250 1542 nam
1265 1515 1301 1542 ait
1315 1523 1322 1542 :
1343 1515 1409 1542 Vidit
1425 1517 1497 1543 tiu-ba
1507 1537 1514 1549 ,
1529 1518 1588 1551 quia
1611 1519 1729 1545 navicula
1750 1519 1802 1545 alia

1011 1567 1060 1586 non
1076 1564 1129 1586 erat
1141 1560 1174 1586 ibi
1187 1580 1194 1593 ,
1207 1560 1255 1587 nisi
1271 1569 1341 1593 una;
1354 1566 1380 1588 et
1395 1562 1464 1596 quod
1478 1562 1556 1590 Iesus
1570 1571 1623 1590 non
1637 1564 1802 1592 ascendisset

1011 1612 1071 1632 cum
1093 1606 1165 1638 illis,
1187 1611 1213 1633 et
1226 1607 1378 1634 conscensis
1392 1608 1520 1635 naviculis
1534 1616 1566 1636 ex
1587 1609 1735 1643 Tiberiade,
1751 1610 1798 1637 21.

1015 1649 1142 1678 Venerunt
1169 1651 1328 1686 Capernaum
1351 1659 1489 1688 quaerentes
1510 1654 1609 1684 Jesum.
1639 1655 1706 1690 Quid
1730 1657 1801 1684 cuitn

1011 1696 1084 1724 aliud
1099 1698 1285 1732 suspicandum
1300 1699 1502 1734 relinquebatur
1513 1722 1519 1733 ,
1534 1709 1613 1736 quam
1636 1703 1707 1737 quod
1729 1712 1803 1731 mare

1012 1742 1124 1777 pedibus
1138 1743 1294 1778 trajiciendo
1309 1745 1448 1772 venisset?
1469 1745 1526 1773 Non
1541 1747 1611 1773 enim
1628 1747 1680 1775 diei
1700 1753 1804 1783 poterat

1013 1788 1099 1824 ipsum
1126 1789 1152 1816 in
1176 1789 1228 1816 alia
1249 1790 1309 1816 navi
1335 1790 1470 1825 trajecisse
1487 1800 1493 1818 :
1509 1800 1569 1819 nam
1595 1792 1671 1825 Una,
1698 1793 1802 1828 inquit,

1012 1839 1071 1862 erat
1094 1835 1122 1862 in
1143 1843 1221 1870 quam
1248 1836 1361 1871 ingressi
1383 1841 1445 1864 sunt
1460 1837 1581 1873 discipuli
1594 1838 1661 1874 ejus.
1678 1840 1802 1868 Attamen

1013 1886 1074 1916 post
1084 1886 1185 1909 tantum
1200 1883 1356 1910 miraculum
1373 1890 1426 1910 non
1440 1883 1638 1920 interrogarunt
1654 1893 1715 1913 eum
1734 1894 1804 1921 quo-

1013 1927 1094 1955 modo
1108 1928 1277 1963 trajecisset,
1294 1936 1344 1956 nec
1369 1929 1403 1957 de
1428 1934 1501 1957 tanto
1526 1932 1655 1959 miraculo
1680 1933 1806 1968 inquisis-

1013 1978 1076 2000 runt
1091 1980 1098 2000 :
1115 1973 1160 2000 sed
1177 1974 1239 2007 quid
1254 1973 1367 2001 dicunt?
1380 1975 1425 2002 25.
1448 1976 1546 2009 Ilablii,
1563 1977 1663 2010 quando
1686 1978 1735 2004 huc
1757 1987 1806 2006 ue—

1015 2019 1167 2047 nisti?Nisi
1180 2020 1239 2055 quis
1252 2020 1366 2048 fortasse
1378 2021 1450 2049 dicat
1470 2022 1514 2050 hic
1539 2022 1646 2056 Quando
1670 2025 1732 2059 poni
1756 2033 1805 2060 pro

1014 2066 1159 2101 quomodo.

1049 2113 1076 2140 '2.
1092 2113 1186 2148 Opera:
1200 2114 1313 2150 pretium
1325 2119 1413 2142 autent
1428 2120 1470 2143 est
1480 2115 1524 2143 hic
1539 2116 1706 2151 perpendere
1728 2118 1804 2146 volu-

1015 2158 1095 2187 bilem
1112 2159 1217 2186 illorum
1235 2159 1406 2187 voluntatem.
1431 2160 1498 2188 Nam
1518 2162 1562 2196 qui
1586 2162 1710 2190 dixerant
1723 2184 1731 2197 ,
1755 2163 1806 2191 Hic

1015 2209 1051 2231 est
1062 2205 1264 2240 propheta;qui
1279 2205 1523 2234 studuerantillum
1547 2215 1642 2241 rapere
1666 2213 1692 2236 et
1715 2216 1805 2244 regem

1016 2259 1092 2278 suum
1107 2251 1270 2279 constituere
1283 2272 1290 2285 ,
1305 2256 1445 2287 postquam
1462 2252 1534 2280 illum
1549 2253 1725 2288 invenerunt,
1741 2254 1806 2282 nihil

1017 2296 1170 2332 huiusmodi
1183 2297 1320 2333 cogitant,
1335 2297 1383 2325 sed
1395 2297 1497 2333 abiecta
1520 2298 1640 2327 miraculi
1660 2301 1807 2330 memoria.

1017 2348 1046 2371 ut
1068 2347 1152 2379 puto,
1183 2352 1236 2371 non
1259 2343 1335 2371 illum
1361 2343 1396 2371 ita
1417 2343 1530 2372 ulterius
1544 2345 1684 2373 mirantur.
1701 2346 1733 2374 Et
1748 2346 1808 2375 ideo

1018 2388 1139 2417 fortassis
1162 2389 1237 2417 illum
1260 2389 1470 2425 perquirebant,
1496 2395 1525 2417 ut
1547 2390 1608 2418 cibo
1635 2390 1807 2426 fruerentur,

1018 2434 1087 2462 sicut
1105 2439 1194 2463 antea.
1210 2434 1281 2462 Mare
1293 2434 1413 2462 Rubrum
1427 2435 1588 2470 trajeceruut
1600 2457 1608 2469 ,
1620 2436 1711 2472 Moyse
1724 2437 1791 2465 duce
1800 2458 1808 2471 ,

1018 2479 1123 2514 Judaei;
1139 2480 1186 2508 sed
1199 2488 1294 2516 magna
1309 2480 1352 2508 hic
1373 2485 1431 2508 erat
1444 2480 1608 2509 dill'erentia.
1629 2481 1675 2510 Ille
1695 2491 1810 2519 namque

1019 2534 1132 2562 procans
1156 2531 1185 2554 ut
1208 2535 1301 2555 servus
1329 2527 1418 2554 omnia
1443 2526 1574 2561 faciebat;
1598 2527 1642 2556 hic
1664 2537 1728 2557 vero
1749 2537 1810 2558 cum

1019 2572 1092 2599 omni
1108 2576 1252 2608 potestate.
1268 2572 1325 2599 Illic
1338 2571 1420 2600 flante
1432 2577 1496 2600 noto
1507 2572 1588 2601 cessit
1610 2581 1697 2609 aqua,
1724 2575 1759 2602 ita
1784 2579 1812 2603 ut

1019 2626 1068 2653 per
1083 2619 1182 2646 siccum
1198 2619 1311 2646 transire
1323 2618 1474 2653 potuerint;
1489 2618 1533 2646 hic
1547 2623 1635 2646 autem
1655 2619 1742 2655 majus
1763 2620 1813 2649 fuit

1021 2665 1190 2692 miraculum.
1207 2666 1280 2699 Aqua
1295 2664 1366 2691 enim
1378 2664 1403 2691 in
1425 2671 1473 2691 sua
1496 2671 1609 2692 manens
1632 2669 1725 2693 natura
1739 2686 1747 2700 ,
1774 2667 1812 2694 sic

1022 2710 1162 2738 Dominum
1178 2710 1258 2738 dorso
1270 2717 1319 2737 suo
1342 2709 1475 2745 gestavit,
1499 2710 1600 2737 dictum
1625 2710 1688 2738 illud
1712 2712 1813 2739 contir-

1021 2764 1097 2784 mans
1108 2764 1116 2783 ε
1126 2755 1264 2783 Ambulans
1276 2764 1355 2791 supra
1367 2764 1437 2783 mare
1448 2760 1575 2790 tamquam
1588 2764 1665 2792 supra
1679 2757 1812 2792 pauimen-

1021 2806 1074 2830 tum
1089 2801 1157 2839 (Jab
1170 2802 1197 2829 9.
1219 2802 1266 2838 8.)
1280 2801 1344 2830 Jure
1361 2806 1449 2829 autem
1472 2802 1500 2829 in
1521 2802 1688 2838 Capernaum
1711 2803 1813 2839 ingres-

1021 2855 1100 2877 surus
1113 2868 1120 2880 .
1135 2848 1228 2877 duram
1239 2854 1267 2877 et
1277 2847 1476 2884 immorigeram
1489 2848 1639 2885 civitatem,
1653 2849 1810 2878 miraculum
