2041 3113
248 151 300 180 917
346 179 349 181 .

251 218 348 245 ιιιιιιιιηι
361 209 444 237 edidit
457 217 464 241 ;
480 212 507 234 ut
522 214 574 234 non
589 205 668 233 modo
683 213 715 232 ex
730 203 864 231 miraculis
877 211 937 238 qua:
953 203 978 229 in
1001 202 1040 229 ci-

250 254 332 283 vitate
343 275 351 288 ,
367 255 413 282 sed
428 254 507 281 etiam
522 260 555 280 ex
572 252 602 278 iis
618 258 676 286 quae
687 255 764 278 extra
776 250 908 277 civitatem
923 249 1021 276 fecerat
1031 269 1038 281 ,

250 304 308 336 ejus
322 301 417 328 civium
440 297 640 333 lmmorigerum
664 297 782 324 auinmm
808 295 949 323 emolliret.
974 294 1039 322 Nam

250 347 320 381 quod
337 350 416 373 tanta:
434 345 516 371 turba:
528 345 555 371 in
569 342 784 371 civitatemillam
795 341 1039 369 adventarcutcum

251 397 323 419 tanto
335 391 457 423 fervore,
474 398 553 425 quem
577 390 690 425 lapidem
713 397 766 416 non
791 388 985 416 emollivisset?
1009 388 1040 414 At

250 438 286 464 illi
300 437 367 464 nihil
380 436 530 471 lmjusmodi
551 436 622 471 passi
646 440 727 467 sunt;
753 434 800 461 sed
825 435 912 461 cibum
938 434 1040 461 solum-

249 483 329 510 modo
342 490 500 516 corporeum
515 481 671 516 cupiebant;
687 480 799 515 ideoque
817 487 832 506 a
856 479 919 506 Jesu
943 487 1038 514 repre-

249 528 410 555 henduntur.
422 527 483 554 Haec
494 535 553 554 cum
565 527 689 558 sciamus,
705 526 804 557 dilecti,
820 525 918 560 gratias
931 531 1040 559 agamus

250 574 305 600 Deo
317 594 324 605 ,
350 581 403 600 non
429 572 508 599 modo
527 580 575 607 pro
594 571 764 598 sensibilibus
775 592 781 602 ,
798 570 845 597 sed
861 570 943 597 multo
957 570 1040 604 magis

251 626 299 654 pro
324 618 506 653 spiritualilnts
530 617 616 644 donis.
642 617 684 644 Sic
711 616 781 642 enim
806 620 835 642 et
862 615 906 642 ille
927 615 999 645 vult,
1014 619 1041 641 ct

251 669 360 699 propter
375 663 431 690 ha'c
446 663 489 690 illa
506 670 610 697 quoque
625 662 687 692 dat,
701 661 922 694 seusibilihusquc
943 661 1039 694 imper-

251 710 375 736 it-ctiores
386 709 466 736 allicit
480 715 506 735 ct
521 713 680 743 praanonct,
698 711 788 741 utpote
799 706 843 741 qui
860 705 937 740 hujus
949 706 1038 732 mundi

249 756 329 782 rebus
340 754 426 782 adlme
441 755 552 782 inhient.
565 753 662 780 Verum
675 754 695 780 si
709 753 749 779 his
761 752 887 787 acceptis,
905 753 930 778 in
945 751 1039 779 iisdem

251 809 266 835 p
285 805 439 832 rsevercut,
466 799 695 835 reprehenduntur
717 803 744 825 et
764 799 946 832 increpantur.
972 797 1038 824 Nam

251 847 393 882 patalytico
410 847 470 874 illud
487 847 598 880 primtnn
616 846 679 873 dare
701 845 800 876 voluit;
827 844 873 872 sed
898 845 942 878 qui
969 851 1038 878 pne-

247 899 337 920 scntes
351 897 435 925 erant,
453 892 477 920 id
490 901 541 919 non
559 892 733 926 patiebantur.
748 890 814 917 Cum
830 890 902 917 enim
916 890 1037 923 dixisset,

250 938 411 966 licnzittantm
441 938 485 964 tibi
508 943 625 972 peccata,
652 937 776 965 dicebam
791 945 797 962 :
815 936 864 963 llic
882 936 1038 970 bltlSp/tt’tttltl

247 986 256 1020 (
269 985 360 1012 .ilattlt.
375 985 402 1014 9.
417 986 442 1012 Ξ.
461 986 508 1016 5).

284 1032 406 1066 ριιιτιιαιιι
421 1041 435 1058 ιι
452 1030 504 1058 Deo
519 1032 625 1066 retanda
639 1033 697 1058 sint.
707 1046 743 1052 ——
757 1031 810 1063 Nc,
828 1039 918 1066 qua‘so
928 1052 935 1062 ,
952 1031 1038 1058 simile

205 1109 212 1115 .
247 1078 382 1113 quidpiatu
410 1079 559 1113 patiamur;
586 1078 761 1112 sj'iiritualium
788 1077 863 1104 nobis
892 1077 978 1111 potior
1004 1078 1038 1104 sit

248 1125 325 1153 ratio.
340 1125 446 1158 Quare?
461 1124 526 1158 Quia
541 1125 562 1151 si
578 1124 724 1158 spiritualia
739 1124 844 1157 adsint,
861 1123 924 1150 nihil
947 1123 1035 1150 damni

247 1182 279 1200 cx
293 1173 469 1208 corporalium
484 1171 629 1206 privatione
643 1176 788 1205 sequetur;
803 1171 825 1198 si
851 1170 952 1202 absint,
978 1178 1037 1204 qua:

249 1218 326 1246 nobis
340 1219 390 1245 erit
405 1217 489 1252 spes?
503 1225 561 1251 qua:
575 1216 742 1243 consalatio?
757 1216 924 1250 Quapropter
938 1223 986 1250 pro
998 1216 1037 1242 his

248 1269 355 1298 semper
367 1264 448 1291 Deum
463 1270 556 1298 rogare
569 1266 691 1297 oportet,
703 1267 729 1289 et
742 1261 797 1288 hch
810 1261 954 1297 postulare.
976 1262 1038 1289 Il:cc

248 1310 361 1345 petenda
378 1317 437 1337 esse
449 1310 569 1337 Christus
580 1308 680 1336 docuit.
700 1309 733 1335 Et
753 1309 776 1335 si
795 1309 867 1335 illam
888 1309 1036 1336 orationem

247 1356 428 1387 excutiamus,
455 1355 520 1381 nihil
543 1355 568 1381 in
590 1355 631 1381 illa
653 1355 760 1382 carnale
783 1355 965 1390 reperiemus,
989 1354 1036 1381 scd

247 1403 335 1429 omnia
351 1401 507 1436 spiritualia.
525 1401 589 1428 Illud
607 1409 684 1435 porro
699 1400 830 1428 modicum
845 1401 942 1428 sensile
966 1401 1036 1435 quod

247 1448 283 1475 ibi
299 1448 412 1483 petitur,
431 1455 462 1474 ex
477 1447 557 1474 modo
572 1447 710 1481 spirituale
734 1446 856 1474 efﬁcitur.
881 1446 946 1473 Nam
971 1447 1036 1473 niltil

247 1495 360 1529 amplius
396 1499 487 1528 petere
520 1502 599 1528 quam
635 1501 728 1528 panem
755 1493 1036 1527 supersubstanlialcm

248 1543 258 1577 (
273 1541 364 1568 lllattlt.
384 1541 410 1568 6.
428 1540 476 1576 11)
491 1561 498 1572 ,
516 1540 565 1567 hoc
589 1545 629 1566 cst
642 1561 648 1572 ,
669 1539 867 1574 quotidianum,
893 1539 1036 1573 spiritualis

635 146 772 176 JL-ANNIS
792 145 1028 174 CIIltYSOSTOlll
1050 145 1207 174 ARCHIEP.
1227 145 1493 176 CONSTANTINOP.

1836 149 1885 179 2&8

1095 207 1121 230 et
1141 202 1316 238 philosophici
1338 204 1420 231 animi
1448 204 1537 232 fuerit.
1563 204 1628 238 Quae
1650 212 1714 233 vero
1733 208 1886 241 praecedunt

1094 248 1233 276 considera
1251 259 1257 276 :
1274 249 1453 285 Sanctiﬁcatur
1474 259 1564 278 nomen
1592 255 1684 284 tuum;
1710 253 1826 280 adueniat
1846 263 1886 281 re-

1093 303 1172 330 gnum
1186 299 1275 329 tuum;
1289 297 1334 330 ﬁat
1349 297 1464 324 voluntas
1485 304 1528 325 tua
1540 320 1548 332 ,
1574 300 1638 326 sicut
1658 301 1685 327 in
1710 302 1771 328 celo
1783 323 1791 335 ,
1814 307 1837 329 et
1861 304 1885 330 in

1095 345 1160 366 terra
1180 340 1253 376 (Luc.
1268 341 1312 368 11.
1324 342 1350 369 5.
1366 342 1459 370 Matth.
1475 343 1502 371 6.
1517 343 1543 372 9.
1560 344 1616 380 10).
1634 345 1734 374 Deinde
1746 351 1884 382 postquam

1095 385 1159 412 illud
1174 387 1298 414 sensibile
1313 388 1399 422 posuit
1412 409 1418 420 ,
1434 389 1485 416 hoc
1498 391 1633 424 pratterito
1646 393 1736 419 statim
1752 394 1784 420 ad
1808 394 1886 428 spiri-

1095 432 1192 459 tualem
1206 433 1354 460 doctrinam
1369 435 1437 462 redit
1453 444 1459 461 :
1483 435 1587 463 Dimitte
1601 437 1671 465 nobis
1686 439 1769 466 debita
1782 446 1883 472 nostra.

1093 478 1157 504 sicut
1172 483 1194 504 ιιι
1209 487 1254 506 nos
1269 479 1417 508 dimittimus
1430 481 1582 510 debitoribus
1601 485 1693 511 nostris
1720 485 1835 521 (Matt/1.
1858 488 1883 514 6.

1094 524 1160 556 t2).
1174 524 1232 551 Non
1247 526 1422 561 principatum
1436 549 1443 560 ,
1459 537 1510 555 non
1527 529 1633 558 divitias
1644 552 1652 564 ,
1675 539 1727 558 non
1752 532 1881 567 gloriam,

1093 575 1146 596 non
1162 571 1327 604 potentiam,
1344 573 1391 600 sed
1408 574 1496 601 onmia
1512 583 1571 610 qua:
1586 576 1618 603 ad
1634 577 1774 605 utilitatem
1790 580 1884 606 animae

1093 615 1266 643 Conferebant
1277 638 1284 649 ,
1301 617 1326 644 in
1341 620 1461 645 oratione
1476 621 1565 654 posuit
1579 630 1586 647 :
1601 621 1666 649 nihil
1679 627 1825 657 terrenum,
1838 625 1883 652 sed

1093 661 1181 688 omnia
1197 662 1324 690 caelestia.
1339 664 1365 691 Si
1379 673 1442 698 ergo
1453 665 1578 700 jubcmnr
1591 668 1725 697 abstinere
1739 678 1752 697 ιι
1770 679 1885 706 praesen-

1093 707 1163 734 tibus
1178 707 1254 743 hujus
1270 710 1331 736 vitm
1342 711 1438 744 rebus,
1454 720 1532 747 quam
1547 715 1636 742 miseri
1653 716 1752 743 erimus
1764 738 1771 749 ,
1795 726 1816 745 st
1840 719 1883 746 illa

1092 758 1214 788 petamus
1225 763 1239 781 a
1252 755 1316 789 Deo,
1333 765 1391 792 qua:
1403 758 1423 784 si
1438 758 1594 793 habeamus,
1612 761 1656 788 ille
1667 762 1881 798 jussitabjiccre,

1093 806 1121 828 ut
1137 810 1184 828 nos
1198 810 1212 829 a
1227 804 1298 831 curis
1313 805 1426 838 eximat;
1448 811 1475 833 et
1494 807 1515 834 si
1533 815 1591 842 qua:
1612 809 1655 836 ille
1678 815 1768 844 petere
1786 811 1881 845 jussit,

1093 848 1166 874 nullo
1179 849 1257 876 modo
1272 858 1407 884 curemus,
1422 854 1475 880 imo
1486 862 1519 881 nc
1529 855 1667 889 cupianms
1679 856 1786 891 qnident
1798 858 1810 883 ἲ
1820 858 1882 885 illud

1091 899 1164 921 certe
1177 899 1217 922 est
1225 897 1359 931 superﬂue
1368 898 1450 934 loqui.
1461 900 1628 936 Quapropter
1635 903 1736 930 orando
1748 904 1811 930 nihil
1824 912 1882 938 pcr-

1091 940 1205 968 ticimns.
1217 942 1357 976 Quomodo
1372 952 1445 980 ergo,
1463 946 1565 981 inquies
1578 968 1585 980 ,
1603 948 1714 983 improbi
1729 949 1882 977 ditesennt?

1091 987 1226 1020 quomodo
1238 989 1318 1023 iniqui
1330 1011 1338 1023 ,
1355 991 1480 1024 scelesti,
1500 998 1638 1026 raptores,
1660 999 1723 1022 sunt
1742 996 1881 1030 opulenti?

1091 1030 1148 1058 Non
1172 1032 1225 1059 Deo
1240 1034 1375 1068 prarhente
1387 1058 1394 1068 ,
1410 1037 1488 1064 absit.
1504 1038 1593 1066 Etcur
1607 1040 1630 1066 id
1648 1040 1718 1067 Deus
1732 1042 1882 1075 permit;it?

1091 1075 1214 1104 Permisit
1227 1084 1254 1106 et
1267 1079 1355 1113 diviti,
1374 1086 1401 1109 ut
1412 1082 1444 1110 ad
1459 1084 1543 1118 tnajus
1555 1084 1626 1112 illum
1644 1093 1795 1114 reservaret.
1818 1096 1881 1123 snp-

1092 1122 1209 1156 plicinm.
1223 1125 1290 1152 Audi
1305 1127 1367 1160 quid
1382 1127 1486 1156 dicatur
1510 1130 1545 1156 illi
1564 1138 1570 1156 :
1587 1130 1655 1164 Fili,
1677 1133 1796 1167 accepisti
1819 1122 1881 1160 bona

1091 1172 1149 1199 tua,
1164 1173 1186 1195 et
1201 1170 1315 1198 Lazarus
1333 1173 1400 1199 mala
1414 1181 1423 1199 :
1438 1183 1504 1201 nunc
1518 1181 1601 1202 autem
1616 1177 1657 1203 hic
1668 1178 1815 1205 consolatur
1827 1200 1834 1210 ,
1856 1185 1881 1205 tu

1091 1222 1148 1240 ιιι-νο
1163 1216 1284 1243 cruciaris
1300 1217 1308 1253 (
1321 1217 1382 1244 Luc.
1396 1219 1438 1246 16.
1452 1220 1486 1247 ‘25
1498 1219 1518 1255 ).
1536 1221 1573 1248 Ne
1587 1226 1674 1249 autem
1697 1228 1723 1250 et
1745 1231 1793 1250 nos
1815 1224 1881 1251 hanc

1091 1267 1183 1287 Vocem
1196 1261 1352 1295 audiamus,
1369 1266 1412 1298 qtti
1429 1265 1454 1292 in
1477 1266 1579 1294 deliciis
1601 1268 1697 1295 frustra
1719 1270 1833 1297 \‘iViltItlS
1856 1275 1882 1297 ct

1092 1311 1197 1340 peccata
1213 1309 1330 1341 peccatis
1343 1310 1466 1338 addimus
1477 1333 1484 1345 ,
1501 1321 1577 1340 veras
1589 1313 1695 1342 divitias
1707 1336 1715 1349 ,
1730 1321 1880 1343 accuratam

1091 1352 1286 1387 philosophiam
1302 1359 1453 1389 sectemur,
1481 1363 1508 1384 ut
1533 1361 1662 1393 promissa
1687 1369 1881 1396 consequantur

1092 1398 1178 1431 bona;
1194 1408 1306 1434 quorum
1323 1401 1421 1429 utinam
1436 1411 1574 1432 consortes
1589 1406 1682 1439 simus,
1698 1407 1781 1441 gratia
1795 1413 1823 1435 et
1838 1409 1882 1436 be-

1092 1447 1219 1481 nignitate
1238 1448 1340 1476 [toinini
1358 1452 1440 1477 nes-tri
1456 1451 1519 1478 Jesu
1535 1452 1631 1480 Christi
1647 1475 1653 1485 ,
1680 1463 1727 1489 per
1751 1463 1830 1490 quem
1856 1462 1882 1483 ct

1091 1499 1151 1519 cum
1163 1501 1215 1527 quo
1230 1493 1300 1521 Patri
1314 1495 1397 1530 gloria
1413 1518 1420 1529 ,
1437 1505 1541 1533 unaque
1554 1505 1647 1527 sancto
1661 1500 1788 1535 Spiritui,
1814 1511 1881 1530 nunc

1091 1543 1118 1565 et
1132 1547 1239 1573 semper
1251 1561 1258 1573 ,
1274 1546 1300 1567 ct
1313 1541 1338 1567 iu
1354 1543 1450 1570 Stecnla
1465 1545 1634 1572 saeculorum.
1648 1548 1744 1574 Amen.

254 1608 1779 1624 ῌ--υ--Ἥ

927 1644 1101 1674 ΗΟΜΙΙᾸΛ
1123 1644 1233 1675 XLIV.

248 1717 312 1746 CAP.
333 1717 360 1745 6.
382 1726 406 1745 v.
422 1718 467 1745 ‘26.
485 1717 624 1753 Respondit
646 1716 681 1743 eis
693 1717 778 1748 Jesus,
799 1721 822 1743 et
842 1717 904 1743 dixit
918 1725 925 1743 :
941 1716 1016 1742 Anien
1029 1736 1036 1749 ,

283 1771 355 1790 auten
367 1763 422 1789 dico
433 1762 511 1794 vobis,
523 1762 632 1797 quwritis
644 1770 692 1794 me,
705 1770 754 1788 non
768 1763 827 1796 quia
842 1762 939 1788 vidistis
955 1762 1037 1796 signa,

284 1809 328 1836 sed
342 1810 400 1844 quia
415 1808 585 1835 utanducastis
608 1816 639 1835 ea:
658 1808 780 1842 panibus,
804 1813 827 1834 et
851 1808 957 1834 saturati
970 1808 1037 1834 estis.

283 1858 328 1884 ΞΤ.
347 1857 492 1892 Operetnini
513 1864 564 1882 non
579 1855 660 1882 cibum
673 1856 715 1890 qui
727 1856 790 1890 perit
801 1877 807 1889 ,
822 1856 868 1882 εει(
880 1856 923 1890 qui
938 1863 1037 1891 perma—

284 1909 325 1930 net
340 1903 366 1930 in
380 1903 456 1929 vitam
471 1906 599 1929 arternam.

286 1950 311 1976 1.
326 1948 471 1976 Clementia
486 1951 513 1975 et
533 1947 628 1974 lenitas
650 1956 701 1974 ιιοιι
722 1948 817 1983 ubique
833 1948 905 1975 utilis
919 1953 976 1980 est,
991 1948 1038 1974 sed

250 1995 384 2024 interdum
399 1994 526 2029 magister
541 1986 643 2021 acriore
658 2002 724 2029 opus
735 1994 814 2022 habet
825 2003 958 2023 sermone.
973 1995 1038 2022 Nam

249 2050 309 2069 cum
335 2041 444 2076 ignavus
470 2040 636 2075 crassiorque
658 2045 698 2067 est
718 2040 881 2075 discipulus,
912 2042 1038 2070 utendum

249 2087 368 2118 stimulo,
382 2087 426 2121 qui
443 2090 540 2112 lautam
555 2085 683 2121 ignaviam
707 2091 814 2121 pungat.
830 2086 857 2114 ld
872 2087 914 2115 hic
927 2093 953 2115 et
977 2089 1038 2116 alibi

250 2141 321 2167 saepe
338 2132 398 2160 fecit
421 2132 502 2159 Filius
528 2132 584 2158 Dei.
607 2132 802 2160 Accedentibus
816 2134 886 2160 enim
900 2134 933 2161 ad
947 2134 1038 2161 Jesnm

250 2179 352 2210 turbis,
376 2178 543 2205 adulantibus
556 2199 563 2211 ,
582 2178 783 2213 dicentibusque
801 2188 807 2206 :
826 2180 923 2213 Iiabbi,
939 2182 1039 2216 quando

251 2227 299 2252 huc
313 2225 421 2252 venisti?
437 2229 465 2251 ut
477 2225 600 2252 ostendat
619 2232 649 2251 se
665 2225 782 2252 honores
800 2231 972 2254 contemnere
987 2227 1037 2254 ho-

250 2272 351 2299 minum
365 2292 371 2303 ,
387 2275 414 2298 et
435 2277 527 2298 eorum
551 2275 651 2297 tantum
669 2271 782 2297 salutem
804 2277 925 2306 spectare
936 2293 943 2305 ,
959 2280 1038 2307 aspe-

250 2317 305 2343 rius
321 2315 480 2350 respondet,
497 2323 549 2342 non
562 2320 591 2342 ut
604 2315 719 2350 corrigat
730 2316 824 2348 modo;
844 2317 890 2344 sed
906 2322 934 2344 ut
947 2325 1039 2345 eorum

250 2366 367 2388 mentem
379 2361 478 2388 revelet
494 2365 520 2387 et
533 2361 559 2387 in
574 2361 689 2387 medium
702 2361 808 2389 referat.
822 2362 889 2395 Quid
904 2371 974 2390 emm
987 2364 1039 2391 ait?

250 2407 328 2433 Αιιιιιη
339 2427 346 2438 ,
362 2415 435 2433 amen
446 2406 502 2433 dico
516 2406 594 2438 vobis,
611 2406 761 2434 deﬁnientis
774 2411 800 2435 et
813 2408 968 2436 aitirmantis
981 2417 1040 2437 mo~

250 2460 289 2483 re.
305 2452 416 2488 queritis
427 2460 480 2483 me,
496 2452 616 2487 nonquia
629 2451 726 2480 vidistis
746 2453 828 2489 signa,
843 2455 887 2481 sed
900 2455 959 2490 quia
973 2463 1041 2482 cont-

251 2498 337 2525 edistis
359 2498 389 2524 de
409 2497 533 2532 panibus,
554 2501 577 2524 et
602 2499 708 2525 saturati
729 2500 797 2526 estis.
822 2499 880 2527 Non
909 2500 945 2528 ita
962 2502 1041 2529 vehe-

251 2547 372 2575 menter,
388 2542 435 2569 sed
455 2550 516 2570 cum
540 2542 703 2578 indulgentia
717 2545 780 2579 agit.
797 2545 853 2572 Non
869 2546 940 2573 enim
953 2547 1040 2575 dixit:

251 2589 274 2616 Ο
288 2589 412 2615 lurcones
425 2608 431 2620 ,
448 2595 464 2614 0
479 2588 608 2616 voraces!
629 2593 668 2616 tot
689 2590 814 2618 miracula
828 2591 917 2625 edidi,
933 2600 982 2620 nec
997 2601 1041 2620 se-

252 2635 326 2670 quuti
342 2643 385 2662 me
397 2655 405 2667 ,
422 2642 471 2662 nec
490 2635 608 2670 prodigia
622 2635 744 2664 admirati
766 2638 845 2671 estis;
859 2639 906 2666 sed
920 2640 1041 2668 modera-

252 2681 306 2707 tius
320 2684 347 2707 et
368 2680 542 2713 clementius,
570 2682 688 2715 Quwritis
713 2691 770 2717 me,
794 2693 843 2712 non
861 2686 921 2720 quia
945 2687 1041 2714 vidistis

254 2726 338 2760 signa,
352 2725 396 2751 sed
408 2725 467 2760 quia
481 2727 623 2754 comedistis
634 2728 666 2754 de
679 2729 795 2762 panibus,
810 2734 832 2756 et
847 2731 953 2758 saturati
964 2733 1022 2759 estis
1031 2753 1039 2765 ,

254 2779 307 2798 ιιυιι
322 2771 355 2797 de
369 2772 510 2805 praeteritis
523 2773 619 2807 solum,
632 2773 678 2801 sed
690 2773 770 2802 etiam
784 2775 816 2802 de
828 2777 951 2810 prmsenti
965 2777 1042 2812 signo

255 2816 384 2852 loquens;
399 2825 430 2845 ac
444 2818 466 2845 si
480 2818 580 2847 diceret
595 2828 601 2846 :
617 2819 674 2848 Non
686 2828 733 2848 vos
746 2821 903 2849 miraculum
917 2822 1041 2857 perculit,

256 2862 303 2890 sed
318 2862 380 2899 quia
391 2865 501 2893 saturati
525 2866 589 2894 estis
601 2886 608 2901 ,
623 2867 758 2896 acceditis.
776 2868 852 2902 Quod
875 2874 963 2898 autem
978 2869 1042 2898 illud

1088 1724 1145 1749 non
1160 1725 1207 1752 per
1220 1719 1400 1754 conjecturam
1417 1723 1526 1759 diceret,
1539 1727 1627 1754 statim
1644 1729 1680 1756 illi
1696 1731 1880 1760 ostenderunt.

1092 1763 1157 1790 Nam
1179 1765 1239 1793 ideo
1254 1775 1357 1795 rursum
1372 1777 1560 1806 accesserunt,
1583 1778 1611 1800 ut
1624 1775 1718 1803 cedent
1735 1777 1884 1806 h-uercntur

1093 1809 1171 1836 bono.
1190 1811 1251 1838 ldco
1264 1821 1377 1849 namque
1395 1815 1519 1844 dicebant
1539 1826 1545 1844 :
1564 1817 1654 1847 Patres
1674 1823 1754 1848 nostri
1771 1826 1884 1851 cotitcde~

1092 1861 1149 1882 runt
1163 1859 1289 1885 "ianuam
1304 1859 1401 1887 deserto
1417 1861 1504 1895 (Joau.
1521 1864 1547 1891 G.
1559 1865 1614 1900 51).
1634 1866 1735 1895 Rursus
1750 1870 1882 1897 carnalem

1092 1902 1178 1929 cibum
1195 1910 1331 1939 expetunt,
1349 1911 1404 1935 rem
1422 1916 1486 1936 sane
1511 1912 1592 1939 multa
1615 1914 1826 1948 reprehensione
1841 1918 1884 1944 di-

1092 1956 1180 1982 gnam.
1193 1949 1289 1978 Verum
1302 1953 1346 1980 ille
1357 1962 1408 1981 non
1424 1955 1449 1982 ill
1462 1957 1671 1991 reprehensione
1682 1961 1751 1988 sistit
1761 1963 1882 1996 gradum,

1092 1994 1139 2021 sed
1155 1995 1302 2024 doctrinam
1317 1998 1408 2033 adjicit
1430 2000 1472 2028 his
1495 2003 1582 2030 verbis
1599 2011 1605 2028 ε
1624 1994 1773 2039 Operemini
1785 2017 1836 2035 non
1850 2011 1885 2036 ci-

1093 2041 1151 2067 bum
1175 2043 1218 2075 qui
1243 2044 1317 2077 perit,
1331 2045 1375 2071 sed
1392 2046 1436 2080 qui
1453 2054 1581 2081 permanet
1600 2050 1625 2076 iu
1648 2051 1723 2078 vitam
1745 2059 1882 2087 internum,

1092 2095 1166 2121 quem
1178 2087 1262 2115 Filius
1275 2089 1383 2117 ltaittiuis
1395 2093 1437 2118 ttat
1448 2094 1525 2120 vobis.
1541 2093 1617 2122 llum:
1630 2097 1695 2123 enim
1711 2097 1789 2125 Pater
1801 2101 1884 2135 signu-

1093 2133 1126 2158 vit
1142 2132 1219 2160 Deus.
1242 2134 1270 2161 Id
1285 2140 1326 2162 est
1337 2156 1344 2167 ,
1369 2136 1406 2164 Ne
1423 2138 1500 2165 talem
1523 2140 1632 2174 cibum,
1655 2143 1703 2170 sed
1719 2132 1882 2178 spiritualcm

1093 2179 1201 2206 curetis.
1225 2179 1322 2206 Verum
1338 2182 1397 2216 quia
1422 2185 1557 2217 nonnulli,
1575 2192 1602 2213 ut
1618 2188 1701 2215 otiose
1715 2190 1820 2223 vivant,
1836 2192 1885 2220 huc

1093 2231 1217 2252 sermone
1225 2226 1378 2261 abutuntur,
1390 2237 1421 2256 ac
1435 2230 1456 2257 si
1471 2231 1592 2260 Christus
1603 2242 1669 2268 opus
1683 2244 1809 2265 munitum
1824 2247 1884 2266 sus-

1095 2270 1185 2298 tulerit
1198 2280 1204 2298 :
1216 2278 1364 2307 opportune
1384 2276 1446 2310 ipsis
1466 2279 1674 2313 respondeatur;
1691 2286 1775 2310 tutum
1789 2285 1884 2320 quippe

1093 2316 1324 2346 Christianismum
1344 2321 1540 2349 ealtunniantur
1551 2344 1557 2355 ,
1575 2329 1602 2352 et
1617 2325 1642 2352 id
1658 2316 1884 2361 eiliciuntiutix

1094 2361 1194 2390 desidia
1218 2364 1378 2393 traducatur.
1402 2367 1454 2394 Sed
1479 2368 1564 2403 primo
1597 2371 1694 2399 Paulus
1725 2375 1884 2402 audiendus.

1094 2407 1162 2441 Quid
1178 2409 1223 2436 ille
1247 2411 1303 2437 ait?
1326 2412 1506 2441 Recordmnini
1520 2415 1625 2443 Domini
1639 2418 1755 2453 dicentis,
1783 2421 1887 2448 Bcatius

1094 2458 1128 2481 cst
1156 2455 1218 2482 dare
1236 2465 1310 2491 quant
1332 2460 1446 2494 accipere
1461 2461 1537 2496 (Act.
1559 2463 1603 2490 20.
1619 2465 1684 2500 55).
1716 2467 1796 2502 Atqui
1818 2469 1887 2496 unde

1094 2501 1140 2529 det
1153 2503 1198 2538 qui
1215 2503 1279 2530 nihil
1296 2505 1395 2533 habet?
1407 2507 1547 2540 Quomodo
1561 2517 1625 2545 ergo
1639 2511 1748 2540 Martha:
1760 2501 1830 2542 dicit
1843 2515 1888 2543 Jc‘

1095 2556 1140 2576 sus
1153 2557 1159 2575 :
1173 2549 1290 2577 Sollicita
1305 2560 1330 2578 es
1343 2557 1366 2579 et
1378 2555 1486 2581 turbaris
1496 2563 1555 2589 erga
1569 2557 1679 2590 plurium
1695 2566 1704 2585 :
1719 2567 1797 2594 porro
1811 2569 1887 2588 unum

1095 2600 1130 2622 est
1141 2597 1323 2629 necessarium;
1335 2597 1420 2625 Maria
1429 2601 1550 2634 optimam
1561 2607 1657 2635 portent
1667 2604 1741 2639 elegit
1753 2605 1829 2639 (Luc.
1846 2607 1887 2634 ιο.

1095 2641 1140 2667 il.
1156 2641 1229 2677 ων
1244 2647 1270 2670 et
1292 2651 1401 2676 rursus,
1425 2644 1514 2672 Nolite
1536 2647 1639 2674 solliciti
1661 2657 1714 2676 esse
1734 2651 1766 2676 de
1779 2653 1888 2678 crastino

1096 2686 1105 2723 (
1120 2687 1212 2715 Matth.
1231 2688 1257 2716 6.
1271 2689 1334 2725 '54)?
1348 2690 1443 2725 Opera:
1458 2693 1570 2726 pretium
1584 2693 1666 2722 fuerit
1679 2696 1711 2722 ad
1727 2697 1785 2724 ha:c
1800 2699 1888 2726 omnia

1095 2734 1268 2769 respondere,
1284 2743 1336 2763 non
1349 2737 1428 2765 modo
1443 2743 1470 2765 ut
1484 2740 1572 2774 pigros
1587 2742 1746 2776 excitemus,
1763 2744 1786 2771 si
1801 2748 1887 2772 tamen

1095 2779 1194 2812 velint;
1206 2781 1253 2808 sed
1266 2782 1346 2809 etiam
1360 2791 1394 2811 ne
1407 2784 1544 2820 Scriptura
1560 2786 1651 2814 divina
1664 2795 1757 2816 secum
1771 2797 1888 2826 pugnare

1096 2823 1227 2852 videatur.
1243 2826 1348 2855 Etenim
1363 2829 1426 2857 alibi
1438 2830 1476 2857 ait
1486 2833 1622 2866 apostolus
1635 2841 1643 2859 :
1658 2823 1791 2869 Rogamus
1805 2823 1888 2862 autem

1097 2879 1140 2899 vos
1156 2877 1183 2899 ut
1195 2873 1327 2902 abtmdetis
1336 2896 1344 2911 ,
1357 2880 1378 2903 et
1389 2884 1492 2912 operam
1506 2877 1570 2907 dctis
1589 2883 1615 2907 ut
1627 2880 1705 2916 quieti
1723 2880 1794 2914 sitis,
1810 2887 1835 2909 et
1846 2889 1888 2908 κιο
