2041 3113
120 193 172 224 ειθ

121 250 217 286 getiam
232 245 343 276 oestrum
358 245 456 282 agatis,
471 249 496 272 et
516 244 653 280 operamini
673 243 789 271 manibus
805 243 910 276 uestris,

122 300 150 323 ut
162 295 266 322 honeste
277 292 410 320 ambuletis
421 291 456 318 ad
469 298 510 318 eos
525 289 568 325 qui
583 291 645 325 fori:
659 294 717 317 sunt
732 289 770 325 (1.
782 288 869 317 Thess.
884 288 912 315 4.

122 340 166 368 10.
183 339 245 375 Η);
259 343 286 367 et
298 346 416 370 rursum,
435 337 483 370 Qui
498 336 630 372 furabalur
642 356 650 369 ,
663 337 719 371 jam
733 343 782 362 non
799 336 913 370 furetur:

119 387 202 423 magis
216 390 301 413 autem
316 385 413 412 laboret
423 383 553 419 operando
570 382 686 409 manibus
701 382 763 414 suis,
780 386 806 408 ut
822 381 912 408 habeat

122 432 190 459 unde
201 431 296 457 tribuat
308 430 477 457 necessitatem
498 428 603 463 patienti
615 428 624 462 (
637 427 730 462 Epltes.
743 427 769 454 4.
785 426 820 454 ‘28
831 426 851 462 ).
867 426 914 453 llic

121 478 220 507 Paulus
243 485 297 504 non
320 475 477 511 simpliciter
500 474 620 509 praecipit
639 473 761 508 operari,
782 472 829 500 sed
847 479 913 499 cum

115 529 196 552 xtanto
212 524 306 551 labore
316 543 323 556 ,
338 526 367 550 ut
380 521 553 550 subveniatur
565 519 702 555 indigenti.
726 519 760 546 Et
772 518 834 545 alibi
848 525 914 553 quo-

121 578 172 606 que
185 570 244 604 ait,
268 568 466 596 Necessitatibus
487 567 569 601 meis,
587 570 610 593 et
631 573 717 592 eorum
741 564 785 599 qui
813 572 912 591 mecum

120 622 195 650 sunt,
207 616 412 644 ministrauerunt
424 621 514 641 manus
529 613 585 640 ista:
599 611 666 648 (Act.
683 610 729 638 20.
744 610 800 646 δι).
817 610 848 637 Et
861 609 913 638 Co-

117 662 229 691 rinthiis
241 662 346 690 dicebat
362 669 368 687 :
386 660 450 693 Quae
462 663 497 687 est
509 667 568 695 ergo
581 666 675 686 merces
697 665 752 684 mea
762 657 775 684 .9
790 656 824 684 Ut
837 665 913 683 evan-

120 708 215 744 gelium
238 707 402 743 praedicans,
427 706 483 732 sine
505 707 608 739 sumptu
631 710 725 738 ponam
758 701 914 736 evangelium

121 754 170 790 (1.
185 753 246 781 Cor.
261 751 288 780 9.
303 751 360 788 18).
375 751 409 778 Et
423 750 449 778 in
461 750 595 777 civitatem
609 748 681 775 illam
696 747 816 779 veniens,
836 746 913 772 Man-

120 800 152 827 sit
167 798 238 834 apud
253 797 371 830 Aquilam
388 801 411 823 et
425 795 571 823 Priscillam
592 815 600 827 ,
617 799 641 820 et
657 793 817 829 operabatur.
832 792 915 819 Erant

120 845 188 871 enim
198 843 387 879 scenofacton'ae
403 841 465 868 artis
478 840 554 875 (Act.
570 839 614 868 18.
629 839 646 866 2
656 838 677 875 ).
693 839 755 866 11ωο
768 842 861 865 contra
875 837 916 864 di-

121 895 194 917 etum
218 888 284 916 illud
302 895 421 923 pugnare
444 886 560 913 maxime
580 884 704 912 videntur
720 893 727 910 :
739 883 795 919 jam
816 884 914 911 solutio

118 937 265 965 releratur.

160 981 338 1009 Laborandum
350 1000 357 1012 ,
376 979 421 1007 sed
445 979 499 1006 sine
520 977 700 1007 aoliicitadine.
713 976 826 1010 —Quid
850 983 914 1011 ergo

121 1026 364 1064 respondebimus?
376 1025 434 1053 Non
452 1033 516 1053 esse
535 1024 679 1052 sollicitum
695 1032 747 1051 non
762 1024 912 1058 signiﬁcat,

122 1080 137 1100 a
152 1073 244 1100 labore
258 1079 382 1104 cessare;
398 1071 444 1098 sed
454 1091 462 1104 ,
487 1070 566 1105 hujus
582 1070 673 1097 mundi
695 1069 775 1097 rebus
791 1077 842 1097 non
858 1069 915 1096 ha:-

122 1125 181 1146 rere
192 1138 199 1150 ,
214 1117 240 1144 id
253 1122 312 1150 est,
326 1124 380 1144 non
394 1123 455 1143 esse
470 1115 612 1142 sollicitum
632 1114 666 1142 de
685 1114 801 1142 crastina
814 1114 912 1149 quiete,

123 1164 169 1192 sed
193 1164 265 1191 illam
280 1170 371 1190 curam
397 1169 588 1196 supervacuam
608 1165 711 1195 putare.
738 1160 829 1187 Potest
842 1160 914 1188 enim

123 1211 167 1245 qui
181 1214 309 1245 operatur
327 1216 379 1236 non
401 1207 427 1235 in
447 1207 593 1235 crastinum
610 1206 791 1234 thesaurizare
807 1215 813 1232 :
828 1210 916 1240 potest

118 1257 166 1292 qui
183 1256 288 1284 laborat
302 1262 354 1283 non
381 1254 510 1281 sollicitus
525 1260 606 1280 esse:
631 1259 684 1279 non
706 1252 776 1279 enim
800 1251 915 1287 idipsum

123 1307 164 1330 est
189 1309 254 1330 cura
278 1305 306 1328 et
328 1299 458 1335 operatio.
482 1298 540 1326 Non
563 1302 592 1326 ut
607 1297 681 1333 operi
703 1297 841 1325 conﬁdens
856 1297 916 1331 quis

122 1351 260 1383 operetur,
276 1345 322 1373 sed
334 1350 362 1373 ut
375 1344 420 1372 det
432 1344 530 1379 egenti.
545 1343 621 1377 Quod
635 1347 722 1371 autem
735 1343 769 1370 ad
784 1342 915 1370 Martham

121 1394 235 1426 dicitur,
259 1400 312 1419 non
333 1391 453 1419 laborem
464 1394 491 1418 et
519 1389 701 1425 operationem
723 1388 853 1423 respicit:
868 1387 917 1415 sed

125 1446 230 1476 tempus
244 1437 466 1467 considerandum
480 1444 540 1464 esse
553 1436 661 1469 statuit,
679 1443 766 1471 neque
780 1434 917 1462 concionis

122 1491 229 1522 tempus
243 1486 313 1513 circa
326 1484 443 1512 carnalia
457 1482 661 1519 expendendum
679 1489 750 1509 esse.
764 1481 821 1509 Non
837 1481 917 1516 igitur

124 1533 182 1560 haec
194 1531 278 1565 dicit,
294 1535 322 1558 ut
336 1531 365 1558 in
384 1529 513 1557 desidiam
537 1528 611 1556 illam
626 1527 764 1562 conjiciat,
778 1526 826 1554 sed
842 1531 870 1553 ut
883 1525 916 1553 ad

124 1577 287 1606 audiendum
302 1579 449 1604 convertat.
465 1574 533 1602 Veni
544 1595 551 1607 ,
565 1573 666 1608 inquit,
686 1576 717 1599 ιιι
728 1580 777 1600 vos
793 1579 918 1599 necessa-

125 1626 161 1652 ria
176 1625 288 1652 doceam
301 1632 309 1656 ;
324 1627 352 1650 tu
373 1622 407 1651 de
421 1621 534 1657 prandio
548 1620 660 1648 sollicita
675 1619 725 1646 es?
737 1618 778 1646 Me
791 1620 832 1646 vis
846 1617 918 1645 exci-

123 1678 200 1707 pere,
216 1676 244 1698 et
259 1670 358 1697 lautam
374 1675 467 1704 parare
474 1666 616 1695 mensam?
629 1666 717 1693 Alium
732 1672 795 1700 para
810 1664 915 1696 cibum,

124 1717 193 1744 meis
205 1715 314 1743 attende
326 1714 512 1746 sermonibus,
529 1712 629 1740 sororis
647 1710 808 1739 desiderium
828 1710 917 1737 imita-

125 1770 164 1790 re.
188 1760 247 1789 Non
262 1767 327 1796 ergo
341 1759 520 1794 hospitalitate
534 1758 657 1789 cohibet;
681 1757 749 1784 absit
761 1777 768 1789 ,
788 1755 814 1783 id
828 1763 862 1783 ne
876 1755 917 1782 di-

123 1813 216 1841 catur;
237 1802 285 1835 sed
300 1807 379 1834 docet
400 1806 529 1834 doctrinm
549 1809 670 1839 tempore
685 1808 782 1831 caetera
801 1802 918 1830 curanda

126 1864 179 1884 non
195 1862 266 1883 esse.
279 1854 346 1882 Cum
362 1860 441 1888 porro
456 1852 538 1886 dicit,
556 1850 702 1886 Operemini
716 1858 768 1876 non
781 1849 862 1876 cibum
876 1849 919 1882 qui

126 1903 207 1938 perit,
222 1909 275 1929 non
295 1900 441 1935 signiﬁcat,
455 1900 482 1926 in
503 1897 605 1926 desidia
620 1904 680 1924 esse
695 1895 837 1923 vivendum
855 1905 861 1922 :
875 1895 920 1922 hic

126 1950 199 1976 cnim
222 1947 337 1975 maxime
357 1945 432 1973 cibus
444 1948 486 1972 est
509 1943 554 1978 qui
575 1943 661 1978 perit,
677 1942 687 1978 (
702 1941 808 1969 Omnem
822 1941 920 1976 quippe

128 1994 252 2021 malitiam
273 1992 358 2019 docuit
372 1990 469 2018 desidia
483 1985 577 2022 [Eccli.
592 1989 637 2016 55.
649 1986 695 2024 Ξθ]
706 1987 716 2023 )
728 1995 736 2020 ;
752 1986 799 2015 sed
822 1986 920 2014 iudicat

127 2039 293 2076 operandum
308 2041 335 2065 et
357 2035 520 2071 erogandum
535 2041 604 2061 esse.
618 2033 668 2061 Hic
680 2040 761 2068 porro
775 2032 851 2059 cibus
866 2039 919 2058 non

130 2087 209 2123 perit.
224 2087 252 2114 Si
265 2086 325 2121 quis
344 2092 425 2120 porro
439 2083 540 2111 otiosus
553 2082 641 2110 ventri
656 2085 683 2109 et
696 2080 799 2108 deliciis
814 2079 921 2106 deditus

130 2135 181 2164 sit.
195 2133 219 2160 is
237 2135 364 2167 operatur
377 2131 465 2158 cibum
480 2129 524 2165 qui
544 2129 630 2164 perit;
654 2132 746 2155 contra
768 2127 790 2153 si
814 2126 874 2161 quis
888 2133 921 2153 cx

132 2178 224 2206 labore
239 2185 289 2205 suo
310 2176 399 2203 cibum
410 2197 417 2209 ,
438 2179 529 2210 potum
539 2196 547 2208 ,
567 2179 668 2201 vestem
683 2172 789 2200 Christo
801 2171 919 2203 dederit,

132 2224 202 2251 hunc
217 2230 297 2250 nemo
310 2229 382 2249 sanae
402 2221 499 2248 mentis
513 2220 583 2248 dicat
597 2219 702 2255 operari
716 2219 805 2246 cibum
816 2217 861 2253 qui
875 2224 922 2252 pe-

132 2270 182 2301 rit,
197 2268 273 2302 cujus
284 2266 335 2294 cibi
350 2273 429 2293 causa
443 2265 607 2301 promittitur
619 2271 730 2299 regnum
742 2284 750 2296 ,
766 2262 923 2298 promittun-

132 2324 175 2346 tur
189 2319 234 2345 illa
255 2317 336 2345 bona.
351 2316 400 2343 llic
413 2315 488 2342 cibus
502 2319 632 2341 aeternum
653 2315 752 2339 manet.
765 2311 841 2338 Tunc
860 2310 923 2345 quia

132 2364 169 2392 illi
184 2363 283 2391 nullam
296 2361 356 2389 ﬁdei
371 2361 500 2388 rationem
516 2359 643 2392 habuere,
657 2365 743 2393 neque
754 2357 858 2384 discere
867 2362 924 2383 stu-

132 2410 248 2438 duerunt
258 2409 317 2444 quis
331 2407 388 2434 lucc
398 2406 513 2437 fecisset,
526 2412 577 2440 qua
592 2408 732 2439 potestate,
744 2402 790 2430 sed
805 2402 830 2429 id
843 2408 924 2428 unum

132 2456 262 2484 curabant
276 2458 305 2481 ut
318 2452 384 2480 nihil
399 2450 537 2486 operando
551 2454 672 2477 ventrem
695 2448 852 2482 implerent;
874 2447 923 2474 hoc

132 2501 290 2528 alimentum
314 2499 376 2533 jure
399 2497 503 2524 vocavit
524 2496 611 2523 cibum
635 2495 680 2530 qui
700 2494 778 2529 perit.
805 2493 924 2527 Corpora

133 2551 238 2578 vestra,
262 2544 366 2579 inquit,
388 2542 518 2574 enutrivi,
538 2545 569 2568 ut
592 2540 655 2567 hinc
676 2539 754 2567 aliam
770 2538 925 2574 quau-cretis

132 2601 222 2620 escam
237 2595 392 2618 manentem
404 2611 413 2623 ,
435 2596 494 2624 quae
514 2588 629 2615 animam
644 2590 761 2614 vestram
776 2585 905 2613 enutriret
918 2593 924 2611 :

132 2646 180 2667 vos
203 2643 294 2665 autem
317 2643 425 2664 rursum
447 2634 479 2661 ad
502 2639 634 2661 terrenam
649 2632 765 2659 curritis.
791 2630 852 2658 ideo
873 2637 925 2657 non

132 2686 279 2721 intelligitis
296 2692 338 2712 me
354 2691 408 2711 non
420 2682 452 2709 ad
467 2682 541 2709 illam
553 2688 601 2708 vos
614 2679 714 2707 ducere
729 2678 924 2714 imperfectam,

132 2732 179 2761 sed
193 2732 227 2759 ad
244 2731 318 2758 illam
333 2737 389 2757 non
402 2733 601 2763 temporaneam
611 2746 619 2759 ,
639 2733 699 2761 quae
713 2725 793 2752 vitam
809 2725 927 2760 prtebeat

132 2784 262 2807 aeternam
273 2798 280 2810 ,
295 2784 356 2812 qua;
367 2783 421 2803 non
432 2782 540 2810 corpus,
556 2773 604 2801 sed
617 2773 732 2799 animam
747 2771 810 2798 alat.
828 2769 927 2798 Deinde

131 2825 194 2861 quia
208 2822 352 2859 magniﬁce
365 2821 399 2848 de
413 2827 443 2848 se
457 2820 581 2855 loquutus
594 2818 679 2845 iuerat
688 2837 696 2849 ,
709 2824 770 2844 cum
784 2816 885 2843 diceret
897 2822 927 2843 se

130 2870 259 2899 dututum
272 2876 281 2902 ;
295 2875 330 2896 ne
343 2867 440 2895 iterum
454 2865 506 2894 hoc
520 2864 592 2893 dicto
604 2862 802 2892 oll‘cndercntur
811 2882 818 2896 ,
835 2866 864 2889 ut
877 2861 925 2897 ipsi

613 186 648 215 IN
665 185 821 215 JOANNE.“
840 185 955 214 llmllL.
976 185 1068 214 XLIV.
1087 187 1124 214 al.
1145 188 1236 217 Χιικ.

1704 195 1757 223 Ξίίῦ

961 242 1046 271 ﬁdem
1062 243 1165 272 faceret
1175 265 1183 277 ,
1203 245 1302 273 donum
1314 245 1347 274 ad
1359 246 1466 275 Patrem
1482 247 1574 276 refert.
1590 248 1657 277 Cum
1669 250 1755 278 dixis-

965 293 1007 317 set
1025 289 1095 317 enitn
1108 311 1115 324 ,
1129 290 1209 323 Quem
1224 291 1307 319 Filius
1320 293 1427 321 hominis
1441 294 1508 322 vobis
1522 294 1611 329 dabit;
1627 296 1754 331 subdidit,

962 334 1043 362 Hunc
1057 336 1123 362 enim
1135 335 1214 364 Pater
1234 338 1342 373 signavit
1356 338 1444 367 Deus:
1460 340 1509 367 hoc
1529 345 1586 374 est,
1610 341 1754 377 Propterea

967 381 1039 408 misit
1053 382 1097 417 qui
1112 381 1182 410 hunc
1194 383 1270 410 vobis
1282 383 1369 411 cibum
1383 384 1475 412 ferret.
1486 386 1561 420 Quod
1575 387 1653 414 aliter
1669 392 1754 422 potest

967 427 1105 461 explicari.
1121 427 1187 455 Nam
1202 428 1265 455 alibi
1281 437 1387 464 quoque
1401 430 1522 457 Christus
1535 431 1598 459 dicit
1613 441 1620 459 :
1639 433 1688 466 Qui
1708 442 1755 460 au-

960 472 1003 499 :dit
1023 482 1149 501 sermones
1169 483 1236 502 meos
1249 496 1256 508 ,
1277 475 1343 502 [tunc
1360 476 1467 511 signavit
1493 477 1589 510 Pater,
1604 479 1664 513 quia
1686 479 1754 507 Deus

965 526 1042 546 ueras:
1052 524 1088 546 est
1099 519 1108 554 (
1119 519 1197 546 Joan.
1214 521 1240 547 5.
1254 519 1299 555 55)
1311 529 1318 553 ;
1334 520 1385 548 hoc
1398 526 1437 548 est
1448 542 1454 553 ,
1470 521 1608 550 Manifeste
1622 524 1754 557 ostendit;

966 564 992 591 id
1002 565 1072 600 quod
1091 565 1155 592 mibi
1169 570 1196 592 et
1218 565 1262 593 hic
1274 566 1378 593 videtur
1398 566 1570 596 subindicari.
1592 567 1663 596 Nihil
1684 569 1755 596 enim

965 611 1036 639 aliud
1051 616 1109 644 est,
1130 611 1247 648 Signavit
1268 612 1357 646 Pater,
1372 621 1451 648 quam
1474 613 1610 647 ostendit,
1626 615 1756 642 revelavit

966 657 1118 685 testimonio
1131 665 1189 685 suo.
1205 657 1241 686 Se
1255 658 1325 686 enim
1341 659 1397 694 ipse
1408 659 1544 692 ostendit;
1560 659 1622 694 quia
1635 667 1699 687 vero
1709 660 1756 687 Ju-

963 703 1039 732 dteos
1055 704 1258 740 alloquebatur,
1275 705 1363 733 Patris
1385 706 1569 734 testimonium
1593 707 1619 733 in
1639 705 1756 733 medium

965 749 1087 777 adduxit.

1001 797 1029 824 2.
1058 796 1081 824 Α
1107 796 1160 824 Deo
1184 804 1243 832 qua
1270 801 1353 833 petere
1383 803 1578 824 consentaneum
1599 801 1647 830 est,
1673 801 1758 832 peten-

966 843 1036 869 dum.
1053 842 1222 870 Praesentia":
1250 851 1334 870 rerum
1352 844 1458 870 uanitas.
1484 842 1585 870 Futura
1604 844 1758 870 immortalia

965 893 1042 920 sunt,
1056 889 1107 915 sive
1127 889 1270 924 supplicia,
1286 888 1337 915 sive
1358 889 1472 924 prwmia.
1490 903 1527 908 —
1549 889 1687 916 Discamus
1710 889 1759 915 ita-

965 940 1019 968 que
1031 953 1039 966 ,
1053 933 1159 967 dilecti,
1175 933 1219 961 illa
1234 941 1249 961 a
1262 934 1319 961 Deo
1333 938 1425 969 petere
1442 942 1501 969 qua:
1514 934 1547 961 ab
1558 934 1602 961 illo
1614 939 1758 961 consenta-

967 987 1046 1007 neum
1073 983 1114 1006 est
1133 983 1237 1014 petere.
1261 979 1403 1006 Saecularia
1428 980 1520 1012 enim,
1545 987 1652 1014 quoquo
1676 979 1759 1007 modo

966 1024 1105 1058 accidant,
1122 1024 1189 1052 nihil
1210 1024 1326 1052 alierum
1348 1025 1512 1052 nocumenti.
1536 1024 1604 1056 Nam
1624 1025 1646 1052 si
1662 1025 1759 1052 ditabi-

966 1079 1043 1105 mur,
1059 1071 1102 1098 hic
1116 1075 1217 1099 tantum
1231 1071 1332 1099 deliciis
1348 1072 1465 1099 fruemur
1477 1080 1484 1099 :
1498 1072 1520 1099 si
1534 1072 1561 1099 in
1574 1077 1758 1107 paupertatem

966 1117 1139 1145 inciderimus
1149 1139 1156 1151 ,
1173 1118 1238 1145 nihil
1252 1119 1357 1146 molesti
1373 1119 1513 1153 patiemur.
1536 1119 1598 1147 Sive
1613 1127 1737 1155 prospera
1749 1140 1757 1152 ,

967 1164 1024 1191 sive
1037 1163 1120 1191 tristia
1140 1164 1278 1197 accidant,
1294 1164 1347 1191 vim
1370 1165 1468 1191 nullam
1484 1164 1517 1192 ad
1533 1165 1694 1200 voluptatem
1715 1166 1758 1193 vel

966 1210 1103 1237 tristitiam
1116 1210 1215 1238 habent
1225 1231 1232 1244 ,
1247 1210 1295 1238 sed
1309 1214 1419 1246 utraque
1432 1211 1626 1239 contemnenda
1637 1233 1644 1244 ,
1658 1217 1684 1238 ut
1699 1220 1759 1246 qua:

966 1263 1048 1291 quam
1061 1256 1201 1284 celerrime
1220 1260 1367 1284 transeant.
1383 1257 1445 1284 ideo
1459 1257 1516 1284 haec
1529 1257 1591 1292 jure
1604 1258 1645 1284 via
1660 1265 1759 1285 vocan-

966 1306 1021 1336 tur,
1036 1302 1105 1336 quod
1118 1307 1288 1337 praetereant,
1300 1310 1349 1330 nec
1359 1302 1404 1330 diu
1417 1307 1552 1330 maneant.
1568 1302 1666 1330 Futura
1678 1303 1759 1330 vero‘

968 1354 1080 1385 utraque
1094 1349 1253 1377 immortalia
1268 1353 1346 1382 sunt,
1364 1353 1418 1376 tam
1438 1349 1609 1384 supplicium,
1622 1356 1700 1383 quam
1713 1357 1760 1376 re-

968 1403 1060 1431 gnum.
1077 1395 1154 1422 Circa
1169 1395 1227 1422 haec
1251 1402 1373 1430 magnam
1394 1401 1517 1429 geramus
1536 1394 1758 1428 sollicitudinem,

969 1446 999 1468 ut
1013 1442 1056 1468 illa
1072 1441 1204 1476 fugiamus
1216 1462 1223 1474 ,
1240 1440 1298 1467 lucc
1319 1448 1503 1475 assequamur.
1518 1439 1587 1474 Quid
1603 1440 1674 1467 enim
1688 1440 1761 1467 utili-

970 1488 1031 1515 tatis
1045 1494 1078 1514 ex
1100 1486 1276 1522 praesentibus
1288 1486 1413 1514 deliciis?
1427 1486 1511 1513 llodie
1527 1490 1605 1517 sunt.
1622 1493 1683 1513 cras
1694 1493 1759 1513 avo-

970 1533 1063 1560 labunt
1079 1541 1085 1559 :
1099 1531 1178 1560 hodie
1193 1532 1243 1560 llos
1256 1537 1317 1559 sunt
1332 1532 1499 1568 splendidus,
1510 1540 1570 1559 cras
1583 1537 1660 1559 crunt
1673 1532 1760 1567 pulvis

969 1580 1105 1615 dispersus
1116 1589 1122 1606 ε
1136 1579 1214 1607 hodie
1227 1579 1294 1614 ignis
1305 1586 1443 1611 accensus,
1455 1586 1515 1606 cras
1525 1578 1592 1606 cinis
1603 1579 1759 1606 exstinctus.

970 1626 1123 1661 Spiritualia
1147 1633 1210 1653 vero
1231 1633 1284 1653 non
1310 1624 1461 1660 hujnsmodi
1480 1629 1559 1656 sunt;
1581 1624 1628 1651 sed
1653 1632 1761 1658 semper

970 1673 1040 1701 clara
1049 1677 1077 1700 et
1087 1672 1190 1706 ﬂorida,
1202 1672 1316 1706 atquein
1327 1672 1385 1699 dies
1395 1670 1574 1707 splendidiora
1583 1671 1708 1698 eradunt.
1722 1671 1760 1697 Di-

970 1720 1040 1747 vitiis
1050 1719 1102 1747 illa:
1113 1727 1255 1754 numquam
1265 1723 1385 1754 pereunt,
1396 1725 1538 1754 numquam
1551 1716 1757 1750 transferuntur,

970 1766 1012 1793 vel
1031 1770 1146 1799 cessant,
1157 1772 1300 1800 numquam
1312 1764 1528 1795 sollicitudinem,
1541 1763 1665 1790 invidiam
1677 1769 1704 1790 et
1716 1771 1761 1790 ca-

972 1811 1099 1838 lumniam
1116 1810 1250 1843 aﬁ‘crunt,
1272 1817 1326 1837 non
1339 1817 1436 1844 corpus
1455 1809 1576 1844 perdunt,
1586 1817 1638 1835 non
1646 1809 1762 1836 animam

971 1861 1157 1892 corrumpunt,
1168 1864 1219 1883 non
1230 1856 1341 1883 livorem
1352 1855 1391 1882 vel
1406 1854 1532 1882 invidiam
1543 1853 1689 1884 attrahunt;
1702 1861 1761 1888 qua:

972 1902 1063 1931 omnia
1078 1903 1104 1930 in
1120 1902 1193 1929 hisce
1208 1902 1377 1935 reperiuntur
1387 1900 1496 1927 divitiis.
1508 1899 1598 1927 Gloria
1613 1899 1657 1926 illa
1669 1906 1721 1925 nou
1735 1897 1762 1926 in

972 1950 1151 1985 arrogantiam
1167 1947 1288 1980 extollit,
1305 1955 1358 1974 non
1370 1951 1502 1974 tumorem
1516 1945 1602 1981 parit.
1617 1951 1761 1979 numquam

973 1999 1076 2027 cessat,
1091 1994 1136 2021 vel
1151 1994 1319 2021 obscuratur.
1335 1992 1415 2026 Quies
1430 1996 1508 2026 atque
1522 1990 1624 2017 delicize
1648 1989 1674 2016 in
1696 1989 1763 2016 caelo

973 2046 1109 2078 perpetuae
1130 2044 1256 2074 manent,
1281 2046 1388 2074 semper
1410 2038 1527 2065 immotae
1551 2041 1579 2064 et
1600 2036 1763 2064 immortales

973 2089 1031 2116 sine
1042 2088 1095 2115 ullo
1109 2087 1162 2114 ﬁne
1175 2086 1218 2113 vel
1230 2085 1354 2112 termino.
1370 2084 1444 2111 Hanc
1454 2104 1461 2116 ,
1476 2083 1588 2110 obsecro
1600 2103 1607 2114 ,
1620 2082 1700 2109 vitam
1718 2080 1765 2108 de-

973 2133 1132 2162 sideremus.
1147 2130 1174 2158 Si
1188 2130 1258 2157 enim
1270 2129 1354 2164 ipsam
1368 2128 1516 2163 cupiamus,
1533 2127 1631 2154 nullam
1643 2133 1765 2161 prmsen-

975 2172 1040 2206 tium
1056 2177 1185 2205 rationem
1209 2175 1366 2203 habebimus
1376 2195 1383 2207 ,
1409 2174 1457 2201 sed
1472 2174 1528 2201 hate
1542 2173 1631 2200 omnia
1653 2179 1764 2207 sperne-

975 2232 1034 2252 mus
1058 2228 1086 2252 ct
1108 2222 1300 2251 deridebimus.
1329 2220 1441 2248 Etiamsi
1456 2220 1516 2255 quis
1538 2227 1586 2247 nos
1612 2219 1639 2246 iu
1663 2219 1763 2254 regiam

975 2273 1079 2303 evocet,
1090 2276 1143 2304 quo
1157 2267 1222 2294 nihil
1234 2266 1337 2294 beatius
1348 2265 1523 2296 existimatur.
1538 2272 1590 2292 non
1604 2271 1765 2296 anuuemus,

976 2315 1022 2342 tali
1042 2321 1138 2349 nempe
1160 2312 1218 2340 fulti
1232 2319 1298 2347 spe;
1314 2319 1375 2338 nam
1391 2311 1439 2343 iis,
1454 2311 1498 2345 qui
1514 2310 1657 2337 cmlestium
1673 2317 1766 2336 amore

976 2360 1045 2396 capti
1069 2363 1150 2392 sunt,
1165 2358 1191 2385 id
1209 2357 1261 2384 vile
1274 2362 1302 2384 et
1314 2356 1414 2384 nullius
1427 2355 1503 2390 pretii
1526 2360 1673 2391 reputatur.
1685 2354 1766 2388 Quid-

976 2405 1040 2441 quid
1053 2405 1124 2433 enim
1147 2403 1227 2431 ﬁnem
1252 2402 1347 2435 habet,
1363 2409 1415 2429 non
1430 2401 1571 2429 admodum
1585 2401 1766 2436 expetendum

977 2455 1018 2479 est
1039 2459 1047 2478 :
1072 2449 1143 2485 quod
1167 2453 1272 2482 cessat,
1292 2453 1320 2475 et
1343 2447 1423 2475 hodie
1446 2451 1502 2480 est,
1521 2452 1548 2474 et
1569 2454 1629 2474 cras
1651 2446 1766 2479 desinit,

978 2496 1082 2525 etiamsi
1096 2495 1252 2527 maximum,
1268 2501 1393 2529 perquam
1408 2494 1545 2520 minimum
1559 2498 1585 2520 et
1595 2497 1768 2520 contemnen-

978 2543 1041 2570 dum
1056 2541 1172 2569 videtur.
1182 2540 1221 2568 Ne
1235 2540 1315 2575 igitur
1327 2547 1358 2567 ea
1371 2547 1431 2574 quae
1445 2539 1548 2574 fugiunt
1560 2543 1586 2565 et
1599 2538 1768 2569 dilabuntur,

979 2588 1028 2616 sed
1040 2595 1099 2623 qua:
1113 2587 1221 2614 itnmota
1235 2591 1345 2613 manent
1366 2589 1501 2612 sectemur
1513 2604 1521 2616 ,
1535 2588 1564 2610 ut
1579 2584 1624 2610 illa
1640 2583 1768 2617 consequi

979 2635 1113 2670 possimus
1125 2654 1133 2666 ,
1147 2633 1232 2668 gratia
1247 2637 1274 2659 et
1296 2631 1460 2666 benignitate
1483 2629 1587 2656 Domini
1607 2628 1690 2656 nostri
1705 2627 1769 2656 Jesu

979 2682 1094 2715 Christi,
1111 2689 1158 2716 pcr
1169 2688 1247 2716 quem
1261 2684 1288 2707 ct
1301 2686 1362 2707 cum
1374 2685 1427 2714 quo
1441 2677 1510 2704 Patri
1525 2676 1607 2712 gloria
1619 2697 1627 2710 ,
1638 2675 1769 2710 simulque

980 2729 1088 2765 Spiritui
1101 2732 1194 2756 sancto
1205 2747 1212 2759 ,
1229 2733 1299 2754 nunc
1313 2729 1340 2753 et
1351 2731 1475 2759 semper,
1492 2728 1519 2751 et
1532 2723 1558 2750 in
1573 2721 1670 2750 secula
1682 2728 1768 2749 saecu-

980 2775 1076 2803 lorum.
1095 2774 1191 2801 Amen.

1013 2843 1068 2868 IAlit
1077 2843 1168 2867 habent
1179 2848 1186 2866 ι
1201 2840 1257 2866 Ideo
1263 2840 1315 2865 lucc
1327 2846 1342 2864 τι
1354 2843 1401 2864 nco
1413 2837 1450 2862 ria
1462 2838 1586 2866 vocamur,
1598 2835 1635 2861 tia
1645 2834 1704 2864 lata,
1714 2833 1766 2859 ria-

980 2881 1026 2906 que
1037 2877 1137 2905 imqnsta
1146 2876 1169 2897 et
1180 2872 1306 2903 angoribus
1317 2869 1395 2902 plena.
1409 2872 1499 2894 nuura
1508 2873 1571 2893 vero.
