2041 3113
267 195 316 224 251

641 187 669 215 S.
683 183 822 214 JOANNIS
835 179 1069 210 CHRYSOSTOMI
1088 180 1246 207 ARCIIIEP.
1261 179 1524 209 CONSTANTINOP.
1848 184 1914 212 ρων

271 246 1907 267 ’,Μή-’.ασε-

960 284 1134 316 HOMILIA
1154 283 1251 314 XLV.

271 367 338 395 CAP.
362 366 387 393 6.
402 373 429 392 v.
451 363 496 392 98.
518 363 642 391 Dixerunt
664 369 722 396 ergo
740 359 773 386 ad
799 365 878 385 eum:
895 356 962 390 Quid
982 355 1061 391 facie-

308 421 363 438 mus
373 433 380 444 ,
398 416 425 437 ut
436 418 568 446 operemur
578 416 654 442 opera
670 406 734 433 Dei?
743 405 788 432 29.
802 403 834 431 Et
847 403 910 430 dixit
924 403 958 429 eis
969 399 1063 428 Iesus:

311 450 366 484 Hoc
380 461 415 483 est
429 464 493 490 opus
507 454 569 486 Dei,
583 458 609 480 ut
624 451 731 479 credatis
742 451 767 477 in
778 458 834 477 eum
845 456 918 482 quem
931 447 997 473 misit
1009 446 1062 473 ille.

311 504 355 531 50.
371 503 496 530 Dixerunt
512 509 570 535 ergo
586 499 607 526 ei
622 508 631 524 .'
649 497 723 531 Quod
731 504 790 531 ergo
802 500 827 521 tu
836 494 899 530 facis
911 493 1020 528 signum,
1037 495 1064 517 ut

310 551 439 577 rideamus
452 554 474 575 et
485 548 618 575 credamus
629 544 693 572 tibi?
703 543 765 578 quid
782 540 894 576 operaris
902 540 915 566 .’

311 598 336 624 ‘l.
353 594 426 623 Gtth
439 595 571 630 pernicies.
587 607 621 612 ——
634 590 705 618 Nihil
717 589 775 624 gula
789 587 917 619 deterius,
932 585 997 612 nihil
1010 588 1066 611 tur-

274 644 344 677 pius.
357 643 419 669 llatc
434 641 558 668 obtusum
570 643 597 666 et
609 643 726 665 crassum
738 633 883 669 ingenium,
898 631 953 658 haec
968 637 1065 677 carna-

275 676 326 717 lem
338 689 452 716 animam
469 686 566 719 reddit,
581 684 638 711 [nec
646 685 771 714 excaecat,
787 687 835 707 nec
845 678 908 705 sinit
921 676 1064 711 respicere.

275 734 465 763 Animadverte
486 730 620 767 quomodo
641 729 697 756 hmc
710 726 808 755 Judaeis
829 723 984 752 acciderim.
998 722 1064 749 Cum

275 781 346 808 enim
360 779 428 814 gulae
443 778 587 807 inhiantes,
604 773 742 802 smcularia
756 771 840 799 solum
854 769 972 803 nihilque
986 767 1066 814 spiri-

277 826 346 852 tuale
357 813 515 859 cogitarent,
532 820 623 848 multis
639 819 697 846 illos
717 817 839 844 Christus
849 814 937 842 verbis
951 813 1066 844 excitat,

275 870 420 898 acrimonia
434 874 460 897 et
475 866 636 902 indulgentia
650 864 748 900 plenis.
759 862 851 897 Neque
864 866 951 888 tamen
968 859 1006 886 sic
1019 867 1066 886 ex-

277 918 403 950 citantur,
425 915 471 942 sed
495 913 582 941 adhuc
605 910 678 938 humi
701 910 800 944 jaccnt.
816 907 940 934 Animum
954 904 1066 935 adhibe,

277 969 385 997 quaeso:
399 961 501 988 dixerat
521 959 560 986 eis
574 966 582 985 :
596 955 714 990 Qumritis
738 962 777 981 me
788 974 795 987 ,
810 961 861 979 non
885 952 944 986 quia
971 950 1068 977 vidistis

276 1008 359 1042 signa,
370 1007 413 1033 sed
424 1006 482 1040 quia
491 1002 661 1030 manducastis
674 1009 704 1027 ea:
716 998 830 1034 panibus,
844 1002 866 1024 et
878 996 985 1023 saturuti
999 996 1066 1022 estis.

277 1053 387 1080 Incessit
409 1052 468 1078 illos
489 1049 623 1084 arguendo
637 1057 642 1074 :
656 1045 773 1073 ostendit
800 1051 921 1079 qua‘nam
950 1042 984 1069 sit
1007 1048 1068 1068 esca

277 1097 430 1132 qumrenda,
446 1104 506 1123 cum
521 1095 568 1127 ait,
586 1092 738 1128 Opereniini,
763 1098 812 1116 non
827 1089 908 1116 cibum
922 1089 964 1123 qui
981 1087 1044 1122 perit
1060 1094 1069 1114 :

279 1144 352 1171 addit
371 1143 507 1177 prannium
521 1141 563 1168 his
578 1139 676 1171 verbis,
693 1138 745 1165 Sed
756 1137 798 1172 qui
813 1140 939 1172 permanet
954 1135 979 1162 in
994 1135 1070 1161 vitam

280 1195 399 1216 arternatn
416 1197 425 1214 :
437 1186 534 1215 deinde
546 1193 639 1213 eorum
655 1183 799 1219 objectioni
815 1182 938 1213 occurrit,
956 1180 1070 1208 dicendo

279 1243 307 1262 sc
321 1243 334 1261 a
349 1234 427 1261 Patre
439 1233 548 1260 missum
563 1238 622 1258 esse
633 1230 682 1264 (ιι).
699 1229 766 1263 Quid
780 1237 843 1264 ergo
859 1228 915 1255 illi?
930 1226 1009 1260 Quasi
1028 1227 1070 1253 ni-

281 1280 316 1307 hil
329 1279 476 1312 audissent,
493 1278 560 1310 Quid
575 1285 633 1312 ergo
654 1276 784 1310 faciemus,
797 1274 928 1310 inquiunt,
940 1277 966 1299 ut
982 1281 1070 1307 opere-

280 1334 337 1351 mur
351 1333 427 1359 opera
441 1324 507 1351 Dei?
521 1323 582 1350 Hice
594 1329 674 1357 porro
687 1321 820 1354 dicebant,
835 1328 887 1347 non
898 1325 925 1346 ut
937 1320 1072 1347 discerent

279 1375 307 1397 et
322 1370 449 1403 facerent,
464 1374 493 1396 ut
503 1368 639 1403 sequentia
655 1367 815 1399 ostendunt;
827 1366 873 1393 sed
890 1369 918 1392 nt
932 1372 1023 1392 rursus
1038 1364 1070 1391 ad

280 1417 367 1444 cibum
382 1414 551 1454 praebendum
561 1413 727 1445 inducerent,
741 1417 767 1439 et
779 1412 866 1439 denuo
877 1415 1069 1439 satur-urentur.

280 1462 347 1496 Quid
362 1469 424 1496 ergo
443 1459 585 1488 Christus?
600 1458 655 1485 Hoc
677 1463 711 1484 est
726 1466 789 1492 opus
804 1456 862 1489 Dei,
876 1461 902 1482 ut
914 1456 1023 1483 credatis
1045 1456 1071 1482 in

280 1516 338 1535 eum
352 1515 425 1542 quem
439 1506 506 1532 misit
519 1505 571 1532 ille.
591 1504 630 1531 Ad
648 1504 705 1530 haec
719 1503 754 1530 illi
771 1512 777 1529 :
794 1502 868 1535 Quod
881 1503 980 1537 signum
997 1503 1069 1537 facis,

281 1559 308 1581 ut
322 1554 448 1580 videamus
462 1557 485 1578 et
499 1551 629 1577 credamus
639 1550 650 1576 7
661 1550 705 1576 5t.
722 1548 813 1575 Patres
828 1548 906 1574 nostri
930 1548 1071 1574 manduca-

280 1604 366 1627 uerunt
378 1606 470 1624 manna
493 1598 520 1623 in
540 1597 646 1623 deserto.
662 1595 731 1622 Nihil
749 1595 789 1622 his
814 1594 991 1630 insipientins,
1006 1595 1071 1622 nihil

280 1646 396 1673 stultius.
408 1644 474 1672 Cum
490 1644 594 1678 signum
605 1642 691 1669 adhuc
704 1642 729 1668 in
744 1641 828 1668 oculis
839 1646 919 1673 esset,
933 1649 964 1669 ac
975 1642 996 1669 si
1012 1641 1072 1668 nul-

281 1692 336 1718 lum
349 1690 445 1717 factum
460 1692 540 1721 esset,
550 1687 682 1720 dicebant,
697 1686 771 1719 Quod
784 1687 885 1721 signum
894 1686 975 1722 facis?
986 1694 1072 1722 neque

285 1737 335 1771 ipsi
349 1736 484 1770 optionem
507 1733 574 1768 signi
588 1733 755 1767 relinquunt;
771 1732 818 1759 sed
833 1736 925 1766 putant
938 1739 967 1759 se
977 1732 1010 1759 ad
1025 1740 1073 1759 ne-

281 1785 431 1812 cessitatem
446 1782 520 1809 illum
536 1780 694 1808 reducturos
703 1787 772 1812 esse,
787 1783 814 1806 ut
827 1787 879 1806 non
887 1779 959 1806 aliud
969 1780 1072 1815 signum

282 1831 390 1863 faceret,
422 1836 500 1864 quam
526 1826 596 1862 quod
624 1826 756 1861 majorum
783 1833 892 1853 suorum
908 1826 1073 1861 temporibus

282 1878 380 1904 factum
392 1881 442 1903 cst.
457 1875 518 1902 Ideo
530 1874 621 1900 dicunt
635 1882 641 1899 :
656 1871 748 1898 Patres
770 1872 848 1899 nostri
861 1872 1074 1899 manducauerunt

283 1930 376 1948 munita
390 1922 413 1948 iu
425 1921 522 1947 deserto
532 1928 540 1950 ;
552 1919 602 1945 hoc
615 1918 693 1945 modo
707 1925 736 1944 se
751 1917 824 1944 illum
840 1917 1002 1944 excitaturus
1015 1926 1074 1945 esse

283 1972 416 2003 putantes,
441 1972 465 1994 ut
495 1964 646 2000 huiusmodi
672 1964 775 1999 signum
793 1963 901 1996 faceret,
926 1964 996 1998 quod
1017 1964 1075 1991 illos

282 2014 425 2041 carnaliter
448 2011 519 2039 alere
533 2015 634 2046 posset.
649 2010 702 2037 Cur
717 2010 788 2037 enim
804 2018 856 2037 non
873 2009 941 2037 aliud
954 2018 984 2037 ex
1001 2011 1074 2046 prio-

283 2060 356 2087 ribus
376 2058 458 2093 signis
478 2060 722 2084 commemorarunt
735 2066 740 2081 :
753 2055 802 2082 etsi
819 2056 899 2082 multa
923 2060 985 2083 tunc
1009 2058 1074 2083 facta

284 2106 394 2133 fuissent
413 2105 438 2130 in
453 2103 580 2138 Egypto,
597 2103 622 2128 in
639 2102 716 2134 mari,
732 2101 757 2128 in
773 2101 896 2133 deserto;
918 2101 963 2128 sed
988 2102 1074 2128 solum

284 2158 379 2177 manna
396 2148 554 2184 proferunt?
569 2155 656 2173 annon
670 2147 730 2181 quia
744 2145 844 2173 ventris
864 2146 1004 2182 tyrannide
1027 2146 1075 2173 ad-

284 2196 390 2223 modum
401 2193 577 2222 teuebantur?
589 2192 727 2226 Quomodo
741 2197 828 2219 autem
840 2200 887 2219 vos
903 2193 945 2227 qui
959 2193 1076 2227 prophe-

284 2248 337 2269 tam
352 2241 424 2268 illum
438 2240 562 2272 vocastis,
581 2239 624 2273 qui
641 2246 730 2273 regem
745 2238 830 2272 ipsum
854 2239 1018 2265 constituere
1030 2248 1076 2265 vo-

285 2289 380 2320 luistis,
392 2287 452 2321 quia
467 2286 570 2319 signum
585 2284 721 2317 videratis,
738 2292 809 2310 nunc
819 2291 850 2310 ac
864 2285 886 2311 si
901 2285 965 2311 nihil
979 2285 1075 2312 factum

284 2335 328 2364 sit.
344 2333 475 2368 ingratiet
491 2330 580 2365 perﬁdi
594 2330 667 2362 estis,
692 2334 718 2356 et
741 2330 844 2364 signum
859 2330 958 2363 petitis,
974 2331 1076 2364 parasi-

286 2384 372 2406 torum
384 2383 410 2404 ct
420 2385 514 2404 canum
529 2376 708 2402 l'ainclicorum
721 2383 812 2402 vocent
826 2375 997 2402 amittentes?
1008 2385 1077 2403 nunc

285 2425 361 2452 vobis
376 2431 471 2450 manna
485 2421 653 2448 admirationi
668 2425 718 2451 est,
731 2428 789 2447 cmn
800 2421 887 2447 anima
904 2426 989 2448 vestra
1008 2422 1075 2449 (lu-ﬁ-

286 2471 322 2497 cit
336 2470 362 2496 l?
381 2469 414 2496 Et
429 2468 537 2495 adverte
552 2467 673 2494 ironiam.
687 2466 744 2492 Non
759 2466 892 2498 dixerunt,
908 2466 1011 2502 Moyses
1028 2469 1078 2495 hoc

286 2517 346 2544 fecit
361 2517 476 2551 signum,
491 2518 518 2541 tu
534 2513 596 2548 quid
611 2513 692 2540 facis?
704 2521 736 2540 ne
752 2513 823 2539 illum
835 2513 1017 2546 concitarent;
1031 2515 1077 2541 sed

287 2563 431 2590 honoriﬁce
450 2559 593 2587 admodum
621 2559 793 2594 compellant,
815 2559 901 2586 cibum
923 2564 1078 2594 exspectan-

317 2629 354 2661 (ιι)
372 2627 562 2653 oﬂ'endebantur
573 2625 647 2662 .tudei
660 2625 727 2662 quod
738 2629 852 2662 putarent
864 2625 985 2662 Christum
997 2632 1029 2662 ex
1041 2633 1073 2650 se

286 2657 393 2691 motipso
406 2663 431 2683 et
450 2665 480 2682 ex
491 2658 743 2691 auctoritatgpropria
755 2657 819 2686 loqui
835 2657 914 2691 Lquod
929 2657 1024 2681 etiamsi
1039 2664 1079 2691 ve-

288 2699 339 2715 ιιιιιι
351 2687 427 2717 esset,
439 2693 465 2713 nt
476 2694 543 2718 saepe
554 2688 612 2712 dicit
624 2687 821 2718 Chrysostomus,
835 2687 944 2712 Christus
958 2691 1039 2712 tamen
1051 2688 1080 2712 11-

287 2724 364 2746 lorum
376 2719 539 2744 imbecillitati
552 2725 579 2743 se
594 2722 772 2750 attetnperans,
786 2725 839 2742 cum
859 2718 963 2742 nondum
984 2722 1079 2750 tempus

286 2755 355 2776 eset
377 2751 527 2775 divinitatea:
546 2756 613 2773 suam
636 2749 814 2776 manifeslandi.
827 2755 856 2773 se
875 2756 888 2773 a
908 2753 958 2773 Deo
971 2753 996 2773 et
1009 2753 1078 2774 t‘atre

288 2789 386 2806 nussum
398 2781 494 2805 diccbat
503 2799 509 2811 ,
522 2780 585 2812 quod
598 2780 696 2812 quidem
709 2780 859 2812 verissimum
874 2784 943 2810 erat;
956 2780 999 2804 sed
1014 2784 1080 2804 lace-

287 2813 327 2837 lutt
341 2811 406 2841 illud,
419 2819 448 2835 sc
457 2818 503 2835 non
522 2811 597 2835 Patris
608 2811 687 2842 modo,
704 2811 748 2834 sed
761 2818 803 2836 sua
816 2817 914 2842 quoque
931 2812 1078 2835 auctoritate

287 2844 392 2877 opinari.
411 2842 463 2868 Hoc
484 2843 561 2874 ipsum
577 2849 623 2866 non
641 2841 710 2871 facit,
731 2849 786 2866 cum
806 2848 834 2866 se
851 2841 955 2866 a’t‘atre
979 2842 1079 2866 missum

288 2875 353 2899 ditat.

321 2907 328 2920 ι
347 2905 416 2929 savii.
431 2903 500 2935 legit.
513 2910 575 2928 nunc
587 2903 650 2930 rubis
667 2910 753 2929 intuma
773 2903 927 2929 admirationi
943 2907 977 2929 est
993 2903 1005 2928 ?
1017 2903 1073 2935 jam

284 2940 333 2961 non
344 2935 426 2961 anima
436 2939 512 2961 vestra
523 2935 612 2968 tte/icit.

1117 359 1165 381 tes.
1182 354 1273 389 Neque
1286 355 1365 382 etiam
1392 356 1526 391 dixerunt,
1543 358 1612 386 Deus
1627 358 1678 386 hoc
1706 360 1766 388 fecit
1795 365 1821 388 tu
1844 370 1909 390 rem

1115 399 1178 434 quid
1206 401 1291 428 iacis?
1319 410 1352 428 ne
1376 402 1530 430 viderentur
1559 404 1632 431 illum
1662 405 1715 433 Deo
1748 415 1908 442 exaequare;

1117 453 1203 481 neque
1216 445 1333 482 Moysem
1347 453 1507 482 memorant,
1530 457 1563 477 ne
1584 450 1726 478 videantur
1739 452 1909 481 humiliorem

1117 491 1221 525 facere;
1234 492 1280 520 sed
1296 494 1323 520 in
1335 495 1423 521 medio
1436 493 1462 521 id
1481 501 1637 529 posuerunt,
1662 497 1800 526 dicentes:
1819 499 1910 528 Patres

1116 539 1197 565 nostri
1211 540 1424 567 manducare-runt
1443 549 1535 568 manna
1548 542 1574 569 in
1585 542 1692 570 deserto.
1716 544 1824 572 Poterat
1846 555 1910 574 vero

1117 583 1239 611 Christus
1252 584 1353 618 dicere,
1365 586 1449 621 Maius
1470 595 1540 614 nunc
1554 587 1709 616 miraculum
1733 590 1815 624 edidi,
1830 600 1910 627 quam

1118 629 1232 665 Moyses,
1248 639 1296 658 nec
1313 632 1385 667 virga
1396 653 1403 666 ,
1420 640 1470 660 nec
1494 635 1648 668 precatione
1666 644 1733 671 opus
1749 638 1844 672 habeo,
1864 639 1910 667 sed

1118 676 1205 703 omnia
1220 685 1233 703 a
1245 677 1347 712 meipso
1364 677 1412 705 feci
1429 688 1436 705 :
1450 678 1520 713 quod
1537 680 1559 707 si
1573 689 1668 708 manna
1683 686 1912 719 commemoratis,

1119 730 1181 750 ecce
1197 730 1291 757 panem
1315 725 1389 751 vobis
1405 725 1514 759 prmbni.
1531 725 1628 754 Verum
1647 736 1699 755 non
1716 734 1780 757 tunc
1807 735 1913 765 tempus

1118 774 1176 796 crat
1198 769 1232 796 ita
1248 770 1384 804 loquendi,
1400 771 1446 798 sed
1462 780 1542 799 unum
1561 775 1681 808 curabat,
1698 780 1726 802 ut
1740 777 1800 803 illos
1814 777 1847 804 ad
1860 779 1914 812 Spi-

1119 814 1241 841 ritualem
1261 816 1348 842 cibum
1369 816 1522 844 deduceret.
1551 818 1583 845 Et
1606 819 1666 848 vide
1687 829 1765 855 quam
1782 822 1912 850 immensa

1119 867 1177 886 cum
1193 861 1330 895 prudentia
1347 863 1503 896 respondeat
1520 873 1526 890 :
1542 864 1588 892 32.
1605 865 1665 892 Non
1678 866 1777 902 Magios
1790 868 1860 895 dedit
1869 877 1913 896 vo—

1120 906 1156 932 bis
1167 915 1257 940 panem
1271 907 1301 934 de
1313 909 1384 940 (telo,
1408 909 1452 935 sed
1463 909 1542 936 Pater
1560 919 1629 937 meus
1645 911 1688 938 dat
1700 912 1768 939 vobis
1782 922 1873 948 panem
1884 915 1914 941 de

1120 953 1182 979 ctelo
1202 961 1296 979 verum.
1316 953 1368 981 Cur
1385 963 1436 981 non
1451 955 1527 989 dixit,
1551 956 1608 983 Non
1635 957 1738 993 Moyses
1764 959 1849 993 dedit,
1867 960 1913 987 sed

1121 1006 1170 1033 ego
1182 1007 1188 1031 ;
1201 999 1247 1026 sed
1262 1007 1309 1034 pro
1323 1000 1411 1035 Moyse
1425 1001 1517 1033 Deum,
1539 1010 1588 1036 pro
1612 1011 1706 1030 manna
1723 1005 1841 1039 seipsum
1867 1013 1915 1040 pn-

1121 1045 1189 1072 5uit?
1202 1046 1268 1078 Quia
1284 1047 1364 1073 multa
1379 1052 1437 1074 erat
1457 1048 1607 1075 auditorum
1631 1050 1816 1085 imbecillitas,
1841 1058 1868 1079 ut
1882 1061 1914 1079 cx

1121 1091 1294 1126 sequentibus
1310 1093 1399 1127 liquet.
1425 1093 1529 1121 Etenim
1545 1103 1595 1121 non
1610 1096 1670 1124 illos
1685 1096 1726 1124 his
1743 1098 1832 1125 verbis
1842 1099 1916 1125 cohi-

1121 1136 1187 1169 buit,
1201 1138 1305 1164 tametsi
1329 1138 1404 1165 initio
1418 1138 1530 1171 dixerat,
1549 1140 1668 1173 Quteritis
1679 1150 1727 1174 me,
1743 1151 1793 1169 non
1807 1144 1866 1177 quia
1880 1145 1915 1170 ui-

1122 1183 1194 1210 distis
1204 1183 1285 1219 signa,
1300 1184 1344 1210 sed
1354 1185 1414 1217 quia
1424 1186 1566 1213 comedistis
1576 1195 1607 1214 ea;
1621 1188 1728 1222 panibus
1748 1194 1792 1215 :et
1807 1191 1915 1216 suturuti

1122 1230 1190 1256 estis.
1205 1230 1269 1263 Quia
1284 1237 1347 1257 vero
1361 1230 1386 1258 id
1400 1231 1567 1266 quaerebant,
1583 1232 1609 1260 in
1620 1235 1794 1268 sequentibus
1809 1243 1916 1271 quoque

1123 1275 1196 1310 ipsos
1207 1277 1332 1310 correxit,
1349 1284 1434 1312 neque
1455 1282 1543 1305 tamen
1566 1279 1604 1306 illi
1631 1279 1800 1308 destiterunt.
1818 1282 1915 1311 Verum

1123 1330 1181 1350 cum
1196 1322 1368 1350 Samaritana:
1383 1331 1413 1350 se
1425 1331 1521 1358 aquam
1535 1324 1657 1354 daturum
1673 1327 1851 1362 polliceretur,
1865 1329 1915 1357 Pa-

1123 1374 1189 1397 trem
1204 1378 1256 1396 non
1270 1371 1437 1403 memoravit,
1449 1371 1496 1398 scd
1512 1372 1547 1398 ita
1568 1373 1694 1408 loquutus
1708 1379 1750 1401 est
1762 1383 1768 1402 :
1782 1375 1813 1403 Si
1841 1378 1916 1406 scires

1123 1416 1177 1451 quis
1188 1421 1223 1443 est
1235 1417 1278 1450 qui
1289 1416 1348 1443 dicit
1360 1417 1413 1449 tibi,
1429 1417 1470 1444 Da
1483 1418 1545 1445 mihi
1554 1418 1646 1453 bibere,
1658 1425 1685 1446 tu
1696 1420 1803 1454 forsitan
1812 1424 1915 1457 petisses

1123 1463 1154 1489 ab
1167 1471 1208 1494 eo,
1222 1468 1244 1489 et
1259 1463 1367 1490 dedisset
1379 1463 1422 1490 tibi
1442 1473 1534 1500 aquam
1549 1465 1629 1492 vivam
1642 1474 1650 1498 ;
1670 1471 1698 1494 et
1723 1475 1827 1500 rursus,
1845 1469 1916 1504 Aqua

1123 1516 1198 1543 quam
1220 1517 1264 1543 ego
1279 1508 1362 1540 dabo;
1381 1516 1431 1536 nec
1454 1510 1565 1537 remittit
1591 1511 1624 1538 ad
1648 1511 1766 1540 Patrem.
1792 1513 1840 1541 llic
1855 1523 1916 1542 vero

1123 1555 1228 1582 Patrem
1243 1561 1381 1588 memorat,
1405 1561 1434 1583 ut
1451 1556 1538 1585 discas
1551 1564 1649 1593 quanta
1660 1564 1732 1587 esset
1745 1561 1916 1589 Samaritanus:

1125 1600 1207 1633 ﬁdes,
1224 1606 1322 1636 quanta
1348 1601 1501 1630 Judzcorum
1526 1603 1703 1632 imbecillitas.
1717 1605 1775 1633 Non
1797 1615 1862 1641 ergo
1885 1607 1917 1635 de

1124 1647 1189 1674 cado
1214 1655 1309 1673 manna
1338 1653 1394 1674 crat
1409 1657 1416 1674 :
1431 1649 1568 1683 quomodo
1593 1650 1672 1684 igitur
1696 1651 1730 1678 de
1744 1652 1808 1678 cmln
1824 1653 1918 1680 dicitur

1124 1692 1201 1719 esse?
1218 1691 1447 1725 Quemadmodum
1468 1693 1588 1722 Votucres
1602 1696 1658 1722 casti
1672 1696 1762 1731 (Psal.
1774 1697 1801 1724 8.
1816 1698 1864 1731 9),
1879 1698 1919 1729 di-

1124 1738 1160 1764 cit
1170 1738 1323 1772 Scriptura;
1338 1746 1370 1766 ac
1382 1747 1500 1773 rursum,
1514 1739 1548 1767 Et
1560 1741 1669 1769 intonuit
1689 1743 1720 1769 de
1745 1743 1807 1770 caelo
1827 1743 1918 1771 Domi-

1125 1792 1172 1810 nus
1186 1782 1276 1819 (Psut.
1291 1784 1334 1811 Π.
1348 1785 1412 1819 14).
1425 1785 1523 1812 Panem
1535 1790 1624 1814 autem
1637 1795 1729 1815 verum
1743 1794 1822 1816 vocat
1835 1790 1918 1821 illum.

1127 1837 1179 1857 non
1194 1830 1263 1865 quod
1275 1829 1370 1858 falsum
1380 1836 1451 1858 esset
1462 1832 1619 1860 miraculum
1629 1834 1662 1861 de
1673 1843 1780 1869 manna,
1790 1836 1837 1863 sed
1853 1844 1920 1872 quo-

1127 1877 1197 1903 niam
1221 1879 1271 1904 hoc
1300 1882 1377 1912 typus
1398 1883 1465 1910 erat,
1490 1886 1541 1905 non
1570 1879 1626 1914 ipsa
1648 1881 1756 1908 veritas.
1777 1881 1844 1908 Cum
1859 1891 1922 1909 vero

1126 1923 1223 1958 Moysis
1234 1923 1408 1955 meminisset,
1422 1932 1474 1951 non
1487 1932 1514 1951 se
1528 1925 1564 1952 illi
1575 1926 1690 1959 praetulit
1702 1935 1708 1958 ;
1722 1927 1839 1954 tmndum
1851 1928 1921 1955 enim

1128 1969 1212 2002 ipsum
1231 1969 1313 2004 Moysi
1328 1969 1521 2003 antelorcbanl,
1539 1971 1592 1997 imo
1605 1971 1721 2006 Moyscm
1736 1972 1824 2000 adhuc
1840 1973 1923 2008 majo-

1127 2022 1182 2041 rem
1199 2014 1334 2048 pulubant.
1351 2015 1412 2042 ldco
1427 2023 1486 2042 cum
1501 2016 1621 2048 dixisset,
1642 2016 1703 2044 Non
1727 2017 1830 2053 Moyses
1843 2019 1922 2051 dedit,

1128 2068 1180 2088 non
1196 2061 1304 2095 adjecit,
1320 2062 1374 2096 Ego
1385 2061 1429 2094 do,
1443 2062 1488 2089 scd
1502 2063 1605 2090 Patrem
1618 2063 1684 2091 dare
1698 2064 1772 2091 dicit.
1790 2065 1858 2092 Tum
1872 2066 1921 2096 illi.

1128 2106 1168 2133 Da
1183 2107 1254 2133 nobis
1262 2116 1351 2142 parieti:
1367 2108 1432 2134 hunc
1447 2108 1480 2134 ad
1491 2108 1705 2136 manducandum.
1732 2111 1830 2138 Adhuc
1852 2112 1922 2138 enim

1128 2160 1184 2179 rem
1199 2159 1259 2180 csso
1272 2153 1397 2180 scusilcm
1411 2154 1547 2188 putabant,
1563 2155 1650 2182 adhuc
1665 2161 1786 2182 ventrem
1812 2158 1923 2191 implere

1127 2198 1317 2232 exspectabant
1333 2208 1340 2226 :
1356 2199 1454 2226 idcirco
1467 2201 1544 2227 citius
1555 2207 1739 2229 accurrerunt.
1765 2203 1835 2235 Quid
1860 2212 1924 2238 (ιιςιι

1128 2243 1272 2271 Christus?
1286 2243 1347 2271 Illos
1363 2245 1488 2279 paulatim
1500 2246 1607 2281 erigens
1624 2247 1716 2282 adjicit
1742 2257 1749 2274 :
1771 2247 1818 2275 55.
1846 2247 1925 2274 Panis

1129 2289 1178 2316 Dei
1190 2295 1226 2316 est
1237 2290 1279 2325 qui
1295 2291 1424 2318 descendit
1436 2291 1467 2318 de
1481 2292 1553 2325 ctelo,
1566 2297 1589 2318 et
1602 2292 1645 2319 dat
1658 2293 1733 2319 ritum
1747 2293 1843 2320 mundo
1853 2301 1863 2325 ;
1873 2301 1924 2320 non

1129 2335 1229 2362 JtldtL‘iS
1244 2341 1356 2370 tantum,
1372 2337 1419 2364 sed
1432 2338 1556 2364 universo
1569 2338 1638 2370 orbi,
1653 2338 1746 2373 inquit.
1762 2339 1856 2374 Neque
1868 2339 1926 2366 sint-

1130 2381 1233 2415 pliciter
1247 2383 1346 2416 cibum,
1364 2383 1409 2410 sed
1425 2383 1505 2410 vitam
1517 2383 1703 2411 dicitalteram
1727 2388 1755 2412 ct
1779 2385 1925 2414 diversam.

1131 2427 1216 2454 Vitam
1240 2432 1328 2455 autem
1344 2428 1417 2460 dicit,
1447 2429 1508 2463 quia
1533 2436 1626 2456 omnes
1651 2431 1748 2458 mortui
1774 2437 1863 2458 erant.
1887 2431 1924 2458 illi

1129 2481 1193 2500 vero
1204 2473 1290 2500 adhuc
1305 2478 1383 2501 terra:
1407 2474 1546 2502 adhaerent
1560 2482 1590 2503 ac
1605 2476 1715 2503 dicunt:
1728 2477 1772 2504 51.
1787 2476 1829 2504 Da
1856 2477 1926 2503 nobis

1130 2519 1196 2545 hunc
1208 2528 1308 2553 panem.
1322 2520 1415 2554 Arguit
1427 2526 1516 2548 autem
1528 2522 1587 2549 illos
1600 2523 1670 2557 quod
1683 2522 1810 2557 quamdiu
1834 2523 1905 2550 sensi
1914 2537 1922 2542 -

1131 2564 1183 2592 lem
1206 2565 1408 2599 suspicabantur
1429 2574 1489 2594 esse
1514 2568 1838 2600 mcnsam,accurrerint;
1868 2576 1926 2595 cum

1130 2613 1217 2634 autem
1234 2607 1384 2635 didicerunt
1397 2616 1517 2636 mensam
1533 2617 1593 2636 esse
1603 2610 1782 2644 spiritualcm,
1804 2610 1860 2644 jam
1877 2617 1926 2636 non

1130 2654 1273 2686 accedant;
1286 2654 1403 2689 dicitque
1416 2663 1422 2681 ι
1434 2655 1478 2682 55.
1489 2655 1546 2690 Ego
1560 2664 1616 2682 sunt
1629 2656 1703 2690 panis
1716 2657 1773 2683 vita:
1786 2664 1796 2683 :
1809 2657 1854 2691 qui
1864 2657 1928 2682 venit

1131 2701 1164 2726 od
1178 2708 1226 2732 me,
1241 2708 1291 2726 non
1302 2701 1411 2732 esuriet;
1427 2705 1449 2727 et
1462 2701 1505 2736 qui
1521 2702 1599 2728 credit
1614 2703 1639 2727 in
1654 2710 1710 2733 me,
1727 2710 1777 2728 non
1793 2702 1861 2728 sitiet
1871 2710 1927 2728 uui-

1130 2754 1216 2779 quam.
1232 2745 1275 2772 56.
1294 2745 1347 2772 Sed
1361 2746 1416 2773 dixi
1429 2747 1577 2782 vobis,quia
1597 2752 1621 2774 et
1641 2748 1738 2774 vidistis
1762 2756 1818 2780 me,
1844 2753 1868 2774 et
1880 2755 1928 2774 non

1130 2792 1229 2819 creditis
1251 2792 1321 2818 ini/ii.

1166 2838 1183 2864 '2
1212 2838 1268 2870 Qua
1282 2843 1363 2865 mente
1374 2838 1489 2866 Christus
1510 2847 1584 2866 suum
1602 2840 1770 2866 testimonium
1793 2848 1810 2866 a
1827 2839 1925 2866 neruine

1131 2884 1211 2918 accipi
1233 2883 1332 2911 ludatis
1351 2885 1451 2912 diceret.
1466 2884 1545 2912 Panis
1556 2885 1615 2912 vita:
1633 2885 1694 2921 quid
1716 2887 1758 2912 sit.
1770 2901 1807 2907 —
1822 2885 1878 2913 lloc
1901 2890 1928 2912 et.

1131 2930 1247 2958 Joannes
1261 2930 1384 2965 superius
1398 2930 1488 2959 dicere
1510 2935 1685 2966 prtcverterat
1697 2941 1704 2959 ι
1720 2931 1797 2965 Quod
1811 2932 1878 2960 nouit
1888 2931 1926 2959 to-
