2041 3113
139 172 192 201 253

139 230 234 264 quitur,
247 233 270 256 et
287 228 356 264 quod
374 227 436 255 vidit
458 226 620 261 testiﬁcatur,
643 232 666 254 et
687 227 856 254 testimonium
879 227 933 262 ejus

140 282 210 301 nemo
221 275 323 308 accipit.
336 274 368 301 Et
385 280 477 301 rursus
490 272 612 300 Christus
628 280 636 299 :
654 271 729 305 Quod
745 272 837 299 scimus
851 271 933 306 loqui-

139 328 203 352 mur,
221 324 244 346 et
254 319 322 354 quod
331 318 439 345 uidimus
454 323 586 350 testamur,
601 321 624 344 et
639 317 808 344 testimonium
821 322 934 343 nostrum

138 373 188 392 non
201 365 317 400 accipitis
329 365 346 391 ¹.
361 363 482 398 Illudque
500 363 564 397 agit,
592 367 621 390 ut
644 367 808 397 prtemoneat
820 363 891 392 illos.
906 367 934 390 et

138 410 273 443 ostendat,
285 418 316 438 se
329 417 382 437 non
396 410 440 436 illa
452 417 481 436 re
496 408 609 441 turbari,
631 416 718 444 neque
732 409 842 444 gloriam
858 416 932 444 quae-

139 465 210 488 rere,
225 457 266 484 vel
289 457 412 491 ignorare
437 460 541 482 secreta
557 455 652 482 mentis
672 462 780 488 eorum,
798 455 853 482 sive
867 463 934 489 pra:-

136 503 234 534 scntia,
248 503 304 529 sive
320 502 417 528 futura.
433 499 490 535 Ego
503 501 642 535 sumpturis
657 501 723 527 vitm.
739 500 798 527 Jam
822 501 848 527 in
874 509 933 536 my-

136 549 280 576 steriorum
309 545 478 574 traditionem
507 550 636 573 venturus
664 551 714 573 est.
743 546 777 573 Et
791 547 876 581 primo
898 547 932 574 de

137 594 277 620 divinitate
291 600 338 620 sua
352 592 584 627 disputatdicens,
610 591 665 627 Ego
688 600 744 618 sunt
768 592 841 626 panis
864 593 930 619 eine.

136 639 228 674 Neque
243 639 315 666 enim
328 638 378 665 hoc
392 638 427 666 de
448 645 561 672 c0rpore
582 637 683 665 dictum
706 642 747 665 est
782 638 833 673 (de
846 639 891 665 illo
905 639 930 666 in

138 684 190 711 line
206 684 324 719 loquitur
339 691 346 709 :
361 683 393 709 Et
400 683 473 717 panis
486 690 560 717 quem
573 691 619 714 eqo
632 682 707 715 dabo,
723 691 782 709 caro
792 691 846 709 mea
860 683 912 718 est)
923 691 931 717 ;

138 729 185 757 sed
200 729 288 756 adhuc
310 728 344 756 de
364 728 503 755 divinitate
526 728 591 763 agit.
620 727 725 755 Etenim
752 728 798 755 ille
824 733 933 763 propter

138 775 220 802 Deum
236 774 350 802 Verbum
365 774 440 807 panis
454 777 505 806 est,
531 773 755 808 quemadmodum
768 773 812 801 hic
825 778 933 808 propter

136 821 325 848 advenientem
349 819 477 853 Spiritum
502 819 577 853 panis
599 818 714 845 cmlestis
737 818 861 847 efficitur.
883 819 932 847 llic

138 874 217 902 porro
238 874 291 893 non
308 865 391 893 utitur
405 865 516 892 testibus
526 885 533 897 ,
549 868 579 891 ut
592 864 618 891 in
637 864 764 899 superiori
780 866 908 893 concione
922 874 930 893 :

137 920 169 940 eo
185 912 256 947 quod
270 912 381 939 haberet
394 915 403 938 t
422 910 575 939 stimonium
590 917 700 944 panum,
713 915 740 937 ct
752 910 789 938 illi
801 911 888 938 adhuc
901 919 931 940 se

136 958 246 985 credere
258 958 430 984 simularent.
446 955 503 983 IIIic
516 963 580 983 vero
593 955 812 984 contradicehant
823 977 831 990 ,
847 961 874 984 et
887 965 931 984 ar-

135 1003 251 1038 guebant
263 1012 270 1035 ;
282 1002 397 1037 ideoque
409 1001 452 1029 hic
465 1000 622 1028 sententiam
633 1000 744 1035 profert.
762 1001 801 1028 Illi
813 1009 861 1036 spe
870 1009 931 1029 car-

136 1049 204 1076 nalis
215 1049 266 1076 cibi
282 1051 401 1081 manent,
413 1055 500 1082 neque
512 1046 652 1073 turbantur
662 1066 669 1079 ,
682 1046 766 1074 donec
779 1051 870 1082 postea
884 1055 931 1082 spe

135 1095 201 1130 lapsi
212 1099 284 1122 sunt.
295 1094 395 1122 Verum
409 1100 495 1128 neque
507 1093 544 1120 sic
554 1092 634 1119 etiam
645 1091 766 1119 Christus
780 1093 869 1127 tacuit,
883 1093 931 1120 sed

135 1141 271 1175 redarguit
283 1145 310 1168 et
325 1140 455 1174 increpat.
470 1139 511 1165 Illi
527 1145 589 1165 vero
601 1138 656 1173 qui,
671 1138 734 1165 dum
746 1139 929 1173 comederent,

134 1188 293 1222 prophetam
329 1186 403 1213 illum
423 1188 558 1218 vocarent,
576 1184 617 1211 hic
638 1184 693 1218 jam
704 1184 888 1218 oll‘enduutur,
903 1189 931 1212 ct

133 1232 200 1260 fabri
216 1233 301 1260 ﬁlium
316 1235 421 1258 vocant.
435 1230 493 1257 Non
506 1229 545 1257 sic
568 1237 633 1257 vero
647 1237 707 1257 cum
723 1237 804 1264 panes
819 1229 932 1257 mandu-

132 1283 236 1311 carcnt,
258 1277 305 1305 sed
319 1276 453 1309 dicebant,
466 1275 516 1301 Ilic
527 1279 562 1302 est
581 1275 625 1302 ille
648 1275 779 1310 propheta,
791 1275 930 1310 ipsumque

132 1332 225 1359 regem
247 1323 410 1350 constituere
435 1321 571 1349 volebant.
596 1320 727 1355 Indignari
758 1328 837 1355 porro
852 1321 913 1349 vide

132 1369 240 1402 bantur,
256 1376 315 1395 cum
332 1368 433 1395 diceret
445 1373 475 1394 se
488 1366 521 1393 de
535 1366 601 1393 cailo
612 1365 783 1393 descendisse
797 1373 804 1398 ;
816 1366 863 1394 sed
876 1374 930 1395 non

133 1415 190 1442 haec
204 1421 266 1441 vera
281 1417 340 1441 erat
354 1411 544 1447 indignationis
557 1418 648 1444 causa,
669 1411 717 1438 sed
730 1411 800 1445 quod
823 1419 875 1439 non
890 1412 931 1439 ul-

133 1465 172 1488 tra
187 1463 328 1495 sperarent
347 1466 377 1485 se
389 1464 481 1485 mensa
496 1463 624 1490 corporea
638 1456 765 1484 fruituros
779 1463 849 1485 esse.
862 1457 929 1485 Nam

132 1507 154 1534 si
169 1514 234 1534 vere
247 1505 461 1540 indignabantur,
478 1502 652 1538 querendum
663 1508 721 1530 erat
735 1503 869 1538 quomodo
883 1511 930 1538 pa-

132 1554 175 1581 nis
190 1553 252 1580 vitae
267 1556 349 1585 esset,
364 1550 498 1586 quomodo
512 1549 545 1577 de
557 1549 623 1576 caelo
637 1548 822 1576 descendisset
838 1558 844 1576 :
859 1557 929 1577 nunc

133 1607 214 1635 porro
234 1607 287 1626 non
309 1598 335 1625 id
360 1598 467 1630 faciunt,
492 1596 539 1623 sed
554 1600 731 1623 murmurant.
746 1596 821 1629 Quod
835 1601 925 1624 autem

133 1654 187 1672 non
204 1646 247 1672 illa
260 1645 294 1672 de
306 1650 384 1671 causa
401 1642 610 1673 od‘enderentur,
621 1640 682 1667 hinc
695 1641 780 1676 palam
792 1646 843 1674 est,
857 1641 927 1676 quod

133 1691 239 1718 dicente
251 1690 325 1723 Jesu,
353 1688 431 1715 Pater
447 1695 515 1714 meus
533 1688 576 1713 dat
591 1686 658 1713 vobis
671 1695 771 1720 panem,
787 1694 839 1714 non
855 1687 929 1714 dixe.

134 1740 198 1770 rint,
214 1738 298 1772 Roga,
312 1739 341 1763 ut
354 1735 418 1767 det;
433 1734 480 1761 sed
494 1733 576 1769 quid?
589 1732 630 1758 Da
641 1732 711 1759 nobis
725 1740 825 1766 panem.
849 1733 928 1768 Atqui

135 1792 187 1811 non
203 1783 317 1815 dixerat,
334 1782 390 1816 Ego
415 1780 467 1812 do;
484 1779 542 1812 sed,
557 1778 635 1805 Pater
650 1786 718 1804 meus
735 1778 788 1804 dat.
811 1777 850 1805 llli
865 1785 928 1806 vero

134 1836 166 1855 ex
187 1828 238 1855 cibi
255 1826 410 1861 cupiditate,
426 1825 502 1852 illum
518 1823 582 1851 dare
603 1823 692 1850 cibum
714 1830 792 1857 posse
816 1822 929 1850 arbitra-

134 1875 243 1903 bantur.
256 1874 306 1908 Qui
321 1880 385 1901 vero
413 1872 449 1899 ita
475 1870 630 1902 credebant,
647 1877 699 1904 quo
723 1874 802 1904 pacto
830 1869 928 1897 olI'endi

134 1921 294 1951 debuerunt,
311 1926 370 1946 eum
385 1917 518 1945 dicentem
531 1916 662 1948 audirent,
683 1915 788 1942 Patrem
803 1922 862 1943 esse
882 1916 928 1950 qui

135 1965 228 1993 daret?
243 1965 308 1998 Quae
324 1964 403 1999 igitur
413 1969 492 1990 causa
508 1961 567 1988 est?
578 1961 645 1988 Cum
659 1960 782 1988 audirent
792 1968 844 1987 non
859 1961 928 1988 ultra

135 2011 332 2039 comedendum
343 2017 415 2042 esse,
429 2009 484 2043 jam
499 2015 551 2034 non
565 2007 686 2038 credunt,
699 2011 725 2034 et
737 2006 928 2035 incredulitatis

135 2064 243 2085 causam
253 2054 411 2088 obtendunt,
426 2053 496 2089 quod
507 2053 660 2080 sublimiora
671 2052 834 2086 IOqueretur.
849 2051 928 2079 Ideo-

136 2111 187 2138 que
202 2104 249 2134 ait,
262 2102 296 2128 Et
310 2100 405 2127 vidistis
417 2108 464 2133 me,
479 2103 502 2125 et
516 2106 565 2125 non
575 2097 674 2125 creditis
684 2106 694 2130 ;
705 2102 758 2124 tum
771 2097 855 2132 signa,
873 2103 928 2125 tum

137 2150 333 2184 Scripturarum
343 2146 522 2174 testimonium
532 2143 713 2172 subindicans.
721 2143 849 2171 illwenim
857 2148 926 2178 sunt,

137 2196 233 2229 inquit,
247 2201 304 2228 quia
329 2191 497 2219 testimonium
520 2189 649 2225 perhibent
672 2189 703 2215 de
721 2196 779 2220 me;
793 2193 837 2220 et,
854 2189 928 2222 Quod

137 2241 191 2266 terti
215 2240 242 2266 in
264 2238 364 2265 nomine
383 2236 468 2263 Patris
489 2235 551 2268 mei,
574 2239 597 2261 et
618 2242 668 2261 non
690 2234 803 2268 accipitis
818 2242 857 2260 me
864 2242 874 2266 ;
889 2238 926 2268 et,

139 2285 270 2319 Quomodo
282 2283 383 2318 potestis
398 2282 508 2312 credere,
520 2281 563 2316 qui
577 2280 607 2306 ab
622 2280 727 2306 inuicem
741 2278 848 2314 gloriam
859 2279 928 2306 acci-

136 2333 214 2368 pitis?
227 2332 272 2359 37.
289 2330 369 2357 Omne
381 2328 449 2364 quod
463 2327 506 2354 dat
522 2326 582 2353 mihi
597 2325 683 2358 Pater,
700 2325 733 2351 ad
749 2333 788 2352 me
799 2325 887 2358 veniet,
905 2329 928 2352 ct

136 2387 190 2405 eum
201 2378 245 2413 qui
261 2376 326 2403 venit
336 2375 369 2402 ad
384 2383 432 2405 me,
447 2381 497 2400 non
508 2373 607 2407 ejiciam
621 2373 699 2408 foras.
716 2371 781 2398 Vide
794 2371 928 2405 quomodo

136 2424 201 2450 nihil
219 2431 272 2450 non
286 2425 347 2456 agat
358 2420 391 2448 ad
404 2419 540 2448 hominum
552 2413 682 2445 salutem”!
698 2417 759 2444 Ideo
774 2424 861 2444 autem
878 2417 929 2444 hoc

135 2469 247 2499 addidit.
264 2475 297 2494 ne
321 2466 452 2494 curiosius
464 2472 553 2500 agere,
570 2468 596 2491 et
611 2468 712 2490 temere
731 2463 803 2497 loqui
824 2462 929 2490 videre-

136 2520 187 2542 tur.
203 2513 273 2548 Quid
287 2518 376 2540 autem
391 2511 475 2539 dicit?
493 2509 573 2538 Omne
586 2510 654 2544 quod
665 2510 708 2535 dot
719 2508 780 2534 mihi
794 2507 878 2539 Pater,
894 2508 929 2534 ad

135 2568 174 2586 me
186 2559 279 2591 veniet,
293 2562 316 2585 et
330 2557 482 2584 resuscitubo
496 2563 553 2582 eum
565 2555 592 2581 in
611 2553 744 2581 novissimo
758 2553 808 2580 die.
824 2553 875 2580 Cur
886 2560 928 2580 re-

135 2605 342 2636 surrectionem,
360 2602 437 2637 cujus
460 2605 488 2629 et
512 2601 585 2636 impii
601 2604 739 2628 consortes
750 2603 838 2632 erunt,
853 2607 928 2626 com-

134 2657 269 2680 memorat
295 2655 324 2678 ut
352 2650 451 2677 donum
466 2647 637 2676 credentibus
661 2647 686 2673 in
700 2653 728 2673 se
745 2653 902 2673 concessum
916 2645 927 2673 ἵν

134 2698 200 2731 Quia
213 2705 268 2724 non
281 2695 506 2723 resurrectionem
521 2693 688 2727 simpliciter,
704 2691 750 2719 sed
765 2691 834 2718 hanc
848 2698 927 2742 pecu-

133 2743 237 2771 liariter
265 2740 489 2769 resurrectionem
518 2738 658 2773 intelligit;
681 2745 741 2764 nam
770 2745 831 2764 cum
855 2738 928 2772 prius

133 2789 257 2821 dixisset,
284 2787 347 2814 Non
374 2786 473 2820 ejiciam
493 2793 560 2817 eum,
578 2788 615 2817 et,
641 2783 702 2811 Non
725 2784 829 2819 perdam
842 2784 872 2811 de
887 2791 926 2817 eo,

166 2858 174 2872 ι
192 2855 266 2880 savil.
277 2854 393 2878 habet....
406 2855 528 2887 testamur,
539 2854 561 2876 et
573 2857 619 2876 non
628 2851 726 2887 creditis
738 2851 804 2879 mihi.
818 2851 926 2878 Aliicum

130 2886 218 2912 Morel.
233 2889 260 2911 et
272 2892 328 2910 cum
341 2885 470 2914 Evangelio
482 2889 540 2908 cuso
551 2885 714 2908 consentiunt.

318 2927 452 2958 ΡΔτιιοι.
470 2930 527 2960 Gn.
549 2931 627 2962 LIX.

653 168 686 197 IN
704 168 860 197 JOANNEM
879 168 993 198 HOMIL.
1015 169 1094 198 XLV.
1113 171 1148 199 al.
1170 171 1260 200 XLIV.

1721 180 1773 208 25$

987 231 1051 254 tunc
1064 227 1153 256 subdit
1163 231 1396 260 resurrectionem.
1405 233 1470 261 Nam
1486 234 1512 262 In
1524 236 1719 266 resurrectione
1729 238 1774 267 alii

985 272 1141 307 ejiciuntur,
1161 279 1190 301 ιιι
1202 276 1239 302 ait
1255 285 1262 303 :
1278 277 1370 306 Tollite
1385 288 1452 313 eum,
1467 287 1491 308 et
1517 283 1607 310 mittite
1619 284 1646 310 in
1660 285 1774 312 tenebras

984 319 1118 346 exteriores
1133 319 1246 355 (Matth.
1260 322 1303 349 22.
1320 324 1371 359 l5)
1389 326 1452 352 :aIii
1463 333 1583 361 pereunt,
1600 332 1627 356 ut
1638 329 1679 357 his
1691 330 1773 365 signi-

985 364 1088 397 ﬁcatur,
1103 365 1198 393 Timete
1210 368 1293 402 potius
1306 377 1371 402 eum,
1385 373 1429 405 qui
1442 378 1521 407 potest
1534 379 1555 400 et
1566 375 1676 402 animant
1687 381 1772 403 eteor-

985 417 1032 444 pus
1046 411 1150 444 perdere
1164 412 1190 438 in
1205 412 1344 446 gehennam
1362 414 1371 449 (
1381 415 1444 442 Luc.
1460 417 1502 444 l2.
1519 419 1535 445 5
1546 419 1565 450 ).
1582 419 1672 455 Itaque
1691 421 1772 452 illud,

990 454 1073 482 Vitam
1085 461 1204 483 wternam
1217 457 1261 491 do,
1283 458 1334 486 hoc
1347 460 1478 495 signiﬁcat
1494 471 1500 489 :
1520 463 1596 491 Ibunt
1607 454 1688 500 iirqut‘
1704 467 1773 493 mala

984 501 1096 534 fecerunt
1109 502 1135 528 in
1147 503 1352 531 resurrectionem
1360 506 1454 539 judicii
1461 516 1472 540 ;
1481 509 1524 542 qui
1538 514 1620 536 autem
1636 510 1700 538 bona
1713 520 1773 547 ege-

984 551 1053 580 runt,
1073 547 1099 573 in
1118 549 1323 576 resurrectionem
1338 551 1395 578 vitw
1415 552 1507 587 (Joan.
1521 554 1548 581 5.
1563 555 1627 591 29).
1643 556 1716 584 Hanc
1731 566 1774 586 re-

984 595 1175 623 surrectionem
1184 596 1340 632 hicindicat,
1350 607 1408 634 qua:
1416 605 1457 627 est
1465 600 1605 628 bonorum.
1617 602 1685 635 Quid
1695 611 1773 637 porro

984 639 1034 667 sibi
1050 641 1105 667 vult
1118 649 1177 670 cum
1192 643 1229 670 ait
1243 652 1251 675 ;
1267 643 1348 671 Omne
1362 645 1429 680 quod
1445 646 1487 673 dat
1499 647 1561 673 mihi
1578 646 1668 681 Pater,
1689 649 1721 675 ad
1735 657 1774 676 me

984 685 1081 712 ueniet?
1105 686 1214 716 Illorum
1237 689 1448 718 incredulitatem
1465 693 1628 728 perstringit,
1645 694 1775 721 ostendit-

983 739 1035 766 que
1049 739 1110 760 eum
1123 734 1168 768 qui
1181 742 1233 762 non
1250 736 1335 764 credit
1348 737 1374 764 in
1389 738 1486 772 ipsum,
1509 739 1596 766 Patris
1609 740 1772 768 voluntatem

984 778 1143 813 transgredi.
1166 780 1242 814 Quod
1268 787 1355 810 tamen
1379 783 1424 811 ille
1444 792 1496 812 non
1518 790 1610 819 aperte
1629 785 1703 818 dicit,
1727 786 1774 813 sed

984 821 1238 860 subindicat:quod
1263 826 1361 862 ubique
1386 828 1473 856 facere
1497 829 1721 864 deprehenditur,
1746 836 1775 858 ιιι

983 868 1105 897 ostendat
1116 877 1168 897 non
1184 879 1213 899 se
1223 873 1321 907 solum,
1332 874 1378 902 sed
1392 874 1497 902 Patrem
1512 876 1590 903 etiam
1602 884 1678 904 suum
1691 877 1775 905 offen-

983 910 1048 942 dere
1062 923 1109 943 eos
1122 917 1167 951 qui
1182 925 1235 945 non
1249 919 1372 947 credunt.
1389 920 1454 947 Nam
1465 921 1487 948 si
1503 922 1560 949 haec
1580 922 1637 957 ejus
1651 924 1774 951 voluntas

983 965 1035 994 est,
1062 963 1125 989 etsi
1139 963 1200 991 ideo
1213 966 1286 992 venit
1304 966 1330 993 in
1352 967 1490 1001 mundum,
1506 974 1534 996 ut
1557 970 1659 997 salvum
1674 970 1775 999 faceret

982 1007 1136 1035 universum
1150 1009 1240 1037 orbem
1257 1011 1276 1044 ι,
1292 1012 1336 1046 qui
1360 1020 1413 1039 non
1436 1014 1558 1047 credunt,
1573 1015 1631 1050 ejus
1648 1016 1772 1045 volunta-

984 1057 1036 1079 tem
1048 1055 1288 1088 transgrediuntur.
1303 1057 1369 1084 Cum
1381 1066 1444 1094 ergo
1457 1059 1535 1088 Pater
1547 1061 1661 1096 aliquem
1672 1062 1772 1098 dirigit,

982 1096 1076 1132 inquit,
1094 1098 1158 1126 nihil
1169 1100 1292 1134 prohibet
1304 1110 1364 1130 eum
1377 1103 1409 1131 ad
1421 1112 1463 1132 me
1476 1106 1577 1133 venire.
1594 1107 1694 1135 Deinde
1709 1096 1772 1143 per;

981 1143 1028 1176 git,
1044 1143 1127 1171 Nemo
1139 1150 1218 1180 potest
1235 1148 1318 1175 venire
1331 1149 1365 1175 ad
1374 1158 1421 1183 me,
1439 1151 1486 1178 nisi
1500 1152 1577 1179 Pater
1586 1155 1690 1182 traxerit
1704 1163 1770 1183 eum.

981 1189 1078 1217 Paulus
1094 1198 1158 1218 vero
1172 1192 1247 1228 dixit,
1265 1193 1324 1228 Ipse
1348 1195 1427 1223 tradit
1449 1205 1494 1225 eos
1515 1197 1586 1226 Patri
1601 1208 1607 1226 :
1622 1199 1684 1227 Cum
1706 1202 1773 1229 enim

982 1235 1113 1262 tradiderit
1120 1245 1224 1272 regnum
1234 1238 1287 1265 Deo
1297 1243 1321 1266 et
1330 1239 1403 1267 Patri
1415 1244 1422 1275 (
1435 1242 1459 1269 1.
1471 1242 1528 1270 Cor.
1543 1245 1584 1271 l5.
1601 1244 1635 1272 24
1643 1246 1664 1280 ).
1674 1245 1772 1278 Quem-

985 1279 1127 1308 admodum
1140 1289 1203 1317 ergo
1216 1283 1294 1311 Pater
1307 1292 1367 1313 cum
1379 1286 1432 1319 dat,
1449 1295 1501 1315 non
1515 1297 1544 1316 se
1558 1279 1646 1324 privat
1655 1299 1687 1319 eo
1701 1293 1772 1327 quod

981 1324 1027 1352 dat
1041 1335 1048 1352 :
1060 1326 1132 1354 sicet
1146 1327 1228 1355 Filius
1242 1337 1302 1357 cum
1323 1331 1447 1366 tradidit,
1462 1334 1534 1362 nullo
1553 1342 1611 1362 sese
1629 1324 1770 1365 fraudavit.

981 1369 1083 1398 Dicitur
1107 1377 1195 1400 autem
1219 1374 1333 1409 tradere,
1348 1377 1408 1412 quia
1431 1385 1480 1412 per
1493 1386 1555 1406 eum
1569 1387 1707 1409 accessum
1721 1382 1770 1411 ba-

980 1414 1104 1444 buimus.‘

1016 1463 1042 1490 5.
1069 1463 1146 1491 Fides
1169 1465 1196 1492 in
1223 1466 1349 1496 Christum
1374 1470 1457 1505 gratia
1475 1479 1539 1506 opus
1561 1473 1645 1501 habet.
1659 1475 1768 1504 —Illud

980 1516 1054 1541 vero,
1068 1509 1119 1537 Per
1129 1519 1213 1545 quem,
1228 1513 1260 1540 de
1269 1511 1347 1542 Patre
1359 1523 1463 1551 quoque
1474 1517 1582 1552 dicitur,
1595 1525 1622 1546 ut
1636 1520 1685 1547 hoc
1695 1521 1767 1554 loco,

982 1554 1034 1582 Per
1044 1564 1117 1590 quem
1140 1559 1221 1585 vocati
1243 1560 1301 1587 estis
1320 1561 1346 1587 in
1360 1564 1609 1592 communicationem
1630 1566 1693 1593 Filii
1713 1568 1769 1602 ejus

981 1601 1019 1635 (l.
1040 1601 1099 1628 (ζον.
1122 1603 1147 1629 1.
1164 1603 1212 1638 9);
1235 1604 1260 1631 id
1276 1610 1333 1638 est,
1355 1614 1403 1641 per
1426 1608 1588 1637 voluntatem
1611 1601 1771 1645 Patrisaac

980 1656 1084 1676 rursum
1097 1669 1105 1683 ,
1122 1649 1215 1677 Beatus
1228 1659 1253 1677 es
1265 1672 1272 1684 ,
1287 1651 1376 1679 Simon
1399 1653 1452 1680 Bar
1470 1654 1538 1682 Iona
1550 1676 1558 1688 ,
1581 1657 1640 1690 quia
1664 1666 1723 1686 caro
1746 1664 1770 1686 et

980 1695 1081 1730 sanguis
1095 1704 1145 1722 non
1169 1697 1286 1724 reuelauit
1311 1699 1355 1725 tibi
1375 1699 1478 1735 (Matth.
1495 1701 1537 1728 I6.
1555 1702 1611 1737 I7).
1631 1703 1687 1731 Hoc
1709 1705 1770 1732 loco

979 1740 1036 1768 haec
1050 1740 1106 1768 fere
1120 1741 1271 1769 subindicat
1286 1751 1292 1770 :
1307 1743 1386 1772 Fides
1397 1745 1424 1772 in
1438 1754 1481 1773 me
1492 1754 1544 1774 non
1559 1756 1639 1782 parva
1654 1756 1697 1776 res
1710 1754 1750 1777 est
1760 1771 1769 1783 ,

979 1785 1027 1813 sed
1040 1793 1154 1820 superna
1164 1787 1249 1822 gratia
1262 1795 1329 1823 opus
1340 1788 1430 1817 habet.
1445 1790 1477 1817 Et
1491 1791 1541 1819 hoc
1555 1793 1650 1828 ubique
1665 1796 1767 1829 statuit,

979 1832 1125 1859 ostendens
1136 1839 1294 1867 generosam
1305 1834 1430 1868 animam,
1446 1844 1461 1862 a
1472 1837 1526 1864 Deo
1538 1842 1688 1871 attractam,
1701 1847 1769 1875 opus

980 1877 1078 1905 habere
1101 1878 1162 1905 ﬁde.
1182 1878 1234 1906 Sed
1249 1879 1321 1907 dicet
1335 1880 1447 1909 fortasse
1461 1883 1591 1918 quispiam
1608 1893 1615 1911 :
1636 1885 1662 1912 Si
1689 1893 1770 1914 omne

979 1923 1051 1957 quod
1064 1923 1109 1950 dat
1128 1923 1216 1957 Pater,
1240 1926 1311 1952 venit
1330 1926 1362 1953 ad
1389 1931 1431 1960 te,
1455 1928 1477 1954 si
1493 1928 1529 1955 illi
1553 1929 1615 1961 item
1635 1938 1702 1965 quos
1724 1932 1770 1961 ille

980 1969 1070 2003 trahit,
1085 1975 1111 1997 et
1126 1970 1147 1997 si
1162 1978 1240 1998 nemo
1253 1975 1340 2006 potest
1352 1973 1384 1999 ad
1401 1977 1426 2000 te
1437 1975 1537 2007 venire,
1552 1976 1601 2004 nisi
1613 1977 1662 2011 ipsi
1677 1977 1769 2006 datum

980 2016 1061 2044 luerit
1079 2016 1213 2052 desuper;
1240 2017 1256 2043 ii
1271 2017 1367 2052 quibus
1390 2026 1442 2045 non
1463 2019 1488 2047 id
1513 2020 1559 2048 dat
1584 2022 1672 2055 Pater,
1695 2025 1769 2052 omni

979 2066 1042 2089 sunt
1064 2062 1176 2089 crimine
1198 2062 1285 2090 liberi.
1310 2062 1372 2090 Ilaec
1397 2065 1476 2091 verba
1500 2070 1561 2104 sunt
1583 2072 1610 2094 et
1632 2069 1768 2097 obtentus.

979 2108 1044 2136 Nam
1072 2113 1162 2136 nostra
1189 2116 1295 2143 quoque
1323 2117 1390 2144 opus
1421 2115 1462 2137 est
1486 2112 1622 2140 voluntate
1646 2123 1652 2141 :
1676 2115 1769 2143 doceri

979 2155 1078 2189 quippe
1091 2158 1118 2181 ct
1139 2154 1250 2181 credere
1271 2162 1303 2181 ex
1326 2155 1461 2183 voluntate
1484 2160 1534 2184 est.
1552 2157 1599 2185 Hic
1616 2167 1680 2187 vero
1702 2161 1769 2189 nihil

980 2199 1051 2227 aliud
1065 2199 1182 2227 declarat
1197 2199 1238 2226 his
1251 2199 1348 2232 verbis,
1362 2200 1435 2232 Quod
1445 2201 1488 2228 dat
1501 2203 1562 2229 mihi
1575 2202 1663 2237 Pater,
1677 2213 1766 2240 quam,

979 2247 1037 2274 Non
1051 2246 1166 2281 vulgaris
1185 2253 1228 2274 res
1242 2251 1283 2274 est
1295 2246 1321 2274 in
1335 2255 1377 2274 me
1390 2247 1511 2281 credere,
1526 2257 1612 2285 neque
1629 2250 1654 2277 id
1669 2259 1701 2278 ex
1718 2252 1768 2280 hu-

980 2299 1058 2320 mano
1083 2292 1221 2319 ratiocinio
1245 2291 1359 2326 pendet,
1383 2293 1430 2320 sed
1443 2301 1510 2328 opus
1525 2299 1566 2322 est
1589 2303 1704 2331 superna
1727 2306 1770 2327 re-

979 2339 1129 2371 velatione,
1152 2343 1180 2365 et
1214 2337 1256 2373 pia
1280 2338 1368 2365 anima
1395 2346 1455 2373 qua:
1481 2340 1670 2369 revelationem
1699 2345 1769 2371 reci-

980 2385 1043 2420 piat.
1066 2384 1100 2412 Et.
1125 2383 1208 2416 illud,
1231 2383 1280 2416 Qui
1307 2384 1371 2410 venit
1400 2384 1435 2410 ad
1454 2393 1493 2411 me
1524 2387 1608 2414 saluus
1625 2388 1690 2420 erit,
1719 2389 1770 2417 hoc

981 2430 1030 2458 sibi
1045 2430 1103 2456 vult
1123 2440 1129 2456 :
1151 2429 1244 2463 Magna
1258 2428 1360 2456 fruetur
1375 2429 1549 2463 providentia.
1567 2431 1619 2458 Pro
1641 2432 1683 2460 his
1695 2435 1769 2461 enim

980 2477 1057 2509 veni,
1085 2481 1112 2502 et
1137 2482 1244 2502 carnem
1273 2475 1395 2510 servique
1419 2474 1529 2502 formam
1553 2478 1654 2512 accepi.
1668 2479 1769 2507 Deinde

980 2522 1086 2555 subdit,
1116 2521 1160 2549 58.
1194 2521 1336 2554 Descendi,
1366 2529 1417 2547 non
1444 2525 1471 2547 ut
1497 2521 1591 2555 faciant
1616 2523 1769 2551 voluntatem

979 2577 1076 2601 meam,
1105 2567 1149 2594 sed
1162 2566 1314 2594 uoluntatem
1340 2567 1394 2601 ejus
1415 2567 1459 2602 qui
1479 2568 1547 2594 misit
1568 2576 1615 2595 me.
1640 2569 1708 2602 Quid
1723 2571 1765 2597 di-

979 2615 1036 2642 cis?
1059 2614 1147 2641 aliane
1169 2617 1210 2640 est
1235 2617 1277 2639 tua
1291 2633 1298 2645 ,
1329 2612 1379 2639 alia
1404 2612 1496 2639 illius?
1517 2613 1556 2640 Ne
1569 2615 1628 2648 quis
1646 2623 1710 2650 ergo
1739 2617 1765 2644 id

980 2661 1139 2695 suspicetur,
1153 2659 1222 2686 hanc
1232 2659 1328 2686 deinde
1339 2663 1445 2686 amovet
1454 2660 1642 2694 suspicionem,
1655 2662 1747 2690 dicens
1760 2672 1766 2690 :

979 2706 1024 2734 40.
1041 2705 1103 2733 Htec
1113 2710 1150 2732 ut
1163 2709 1246 2731 autem
1266 2705 1380 2731 voluntas
1393 2706 1447 2738 ejus
1465 2705 1508 2739 qui
1521 2705 1589 2732 misit
1603 2713 1657 2740 me,
1672 2711 1699 2733 ut
1712 2716 1768 2734 om-

980 2753 1020 2779 nis
1039 2752 1082 2787 qui
1102 2751 1167 2778 videt
1181 2749 1292 2782 Filium,
1316 2754 1339 2776 et
1360 2750 1438 2776 credit
1453 2750 1478 2776 in
1493 2759 1566 2782 eum,
1587 2751 1677 2779 habeat
1690 2755 1767 2781 vitam

980 2804 1108 2828 cateruam.
1121 2798 1217 2825 Annon
1233 2795 1289 2823 hanc
1303 2800 1344 2823 est
1357 2797 1478 2824 voluntas
1493 2798 1555 2824 tua?
1568 2805 1615 2826 cur
1629 2806 1692 2835 ergo
1704 2801 1768 2830 alibi

1012 2882 1021 2897 ι
1039 2880 1109 2907 saw“.
1123 2885 1175 2911 pro,
1184 2874 1321 2903 “mersum
1328 2873 1417 2906 orbem,
1436 2873 1506 2906 legit,
1519 2881 1613 2900 omnem
1623 2875 1750 2903 hominem.

1581 2926 1612 2954 16
