2031 3118
223 136 276 163 ⁸255

224 194 302 226 dicis,
317 192 406 228 Ignem
420 190 475 218 seni
488 189 583 216 mittere
597 189 623 215 in
636 193 740 219 terram,
753 191 776 213 et
789 185 850 220 quid
865 185 920 213 volo
931 205 939 219 ,
965 183 1014 210 nisi

224 245 252 265 ut
268 239 420 266 accendatur
435 235 510 269 (Luc.
527 233 571 262 l2.
584 233 649 269 69)?
663 232 738 266 Quod
751 231 773 259 si
788 236 815 258 tu
830 230 881 258 boc
893 230 934 257 vis
944 250 952 264 ,
968 236 1015 264 pa-

226 284 277 310 lam
300 287 341 309 est
366 288 444 308 unam
465 286 525 308 esse
541 279 704 306 voluntatem
723 286 729 304 :
746 284 807 304 nam
830 275 893 303 alibi
911 281 1016 310 quoque

218 331 287 357 dicit
301 339 307 356 ε
323 329 394 356 Sicut
408 327 487 354 Pater
508 328 614 353 suscitat
637 329 748 352 mortuos
761 329 784 351 et
798 323 921 356 uiviﬁcat,
941 322 978 349 sic
991 325 1016 348 et

225 373 308 401 Filius
322 380 385 409 quos
399 373 451 399 vult
471 371 591 406 uiviﬁcat.
606 371 671 405 Quae
683 373 724 397 est
740 376 803 404 ergo
823 368 945 395 voluntas
967 366 1017 394 Pa-

224 418 290 447 tris?
301 425 392 446 annon
405 422 435 445 ut
448 424 481 444 ne
495 421 587 452 pereat
599 423 634 443 ex
646 415 686 443 eis
700 413 859 449 quisquam?
874 412 929 440 Hoc
942 416 968 440 et
988 416 1015 439 tu

223 465 275 494 vis.
291 463 350 493 Non
361 468 403 491 est
417 470 481 498 ergo
494 463 545 489 alia
558 461 635 495 haec,
652 461 704 488 alia
716 460 761 487 illa
780 459 917 488 voluntas.
931 457 975 485 Sic
989 461 1017 484 et

223 511 286 541 alibi
300 517 406 545 quoque
427 509 604 544 aequalitatem
619 514 680 535 cum
694 507 772 534 Patre
791 505 894 532 ﬁrmius
906 503 1014 536 statuit,

223 565 284 584 cum
299 556 379 584 dicit:
392 555 448 591 Ego
459 561 482 583 et
496 553 575 581 Pater
587 553 712 581 veniemus
721 572 728 584 ,
743 556 765 578 et
777 550 931 578 mansionem
944 548 1014 584 apud

224 611 281 630 eum
301 603 422 638 faciemus
447 601 537 637 (Joan.
561 601 607 628 14.
630 599 688 635 23).
704 598 760 626 lioc
785 601 827 625 est
842 605 849 624 :
865 596 923 623 Non
945 594 1017 623 aliud

226 649 344 676 facturus
369 647 444 678 veni.
472 654 551 682 quam
577 645 641 673 illud
661 644 732 680 quod
761 643 840 671 Pater
865 641 939 674 vult;
967 648 1017 668 nec

225 694 304 721 aliam
329 701 408 728 quam
423 693 509 720 Patris
524 691 686 719 voluntatem
708 689 805 716 habeo.
826 687 922 716 Omnia
945 687 1017 714 enim

225 746 284 773 qum
300 738 385 765 Patris
397 741 471 770 sunt,
486 744 544 764 mea
558 740 637 769 sunt,
661 739 689 762 et
702 742 760 770 quze
774 740 832 761 mea
848 737 928 765 sunt,
947 731 1018 759 illius

225 788 286 811 sunt
298 783 376 819 (Ibid.
394 783 436 810 l7.
452 782 507 817 i0).
523 782 550 809 Si
565 781 643 816 igitur
657 780 742 808 Patris
755 785 782 807 et
796 779 855 807 Filii
865 777 1018 806 communia

225 830 327 862 omnia,
354 829 413 864 jure
429 829 484 856 ait:
513 828 574 855 Non
598 832 625 854 ut
650 828 743 863 faciam
758 826 912 853 voluntatem
925 832 1017 852 meam.

230 876 328 903 Verum
345 875 387 902 hic
402 883 455 902 non
479 875 513 901 ita
537 873 662 909 loquitur,
684 873 731 900 sed
748 872 809 900 illud
825 872 858 900 ad
875 871 954 899 ﬁnem
976 878 1020 899 re-

226 922 317 948 mittit.
331 921 398 948 Nam
411 921 534 948 sublimia
546 940 553 953 ,
569 925 599 947 ut
619 920 683 952 disi,
697 919 784 946 adhuc
803 919 891 951 celat,
902 922 929 946 et
943 918 1018 946 velut

226 966 275 994 sub
287 966 380 993 umbra
397 966 481 1001 tegit,
498 970 526 992 ut
539 965 680 997 ostendat,
693 964 763 999 quod
779 964 802 991 si
811 964 941 997 dixisset,
956 963 1020 992 limo

226 1017 268 1039 est
287 1011 411 1038 voluntas
426 1018 484 1038 mea
496 1031 504 1043 ,
526 1010 753 1045 contempsissent
776 1009 823 1036 illi.
840 1008 886 1036 Ait
907 1015 972 1043 ergo
990 1016 1020 1036 se

227 1056 300 1083 illius
312 1055 442 1082 voluntati
456 1055 607 1089 cooperari,
624 1059 653 1082 ut
665 1054 749 1089 magis
760 1053 820 1081 illos
831 1057 942 1086 terreat,
956 1060 988 1080 ac
997 1053 1020 1081 si

226 1100 327 1128 diceret
339 1109 345 1127 :
360 1100 428 1133 Quid
443 1100 562 1134 putatis?
575 1107 610 1126 an
622 1099 692 1134 quod
705 1107 758 1126 non
773 1098 909 1127 credendo
924 1106 967 1126 me
980 1099 1019 1126 ir-

226 1145 332 1172 ritetis?
358 1145 463 1172 Patrem
496 1152 584 1172 meum
616 1144 649 1172 ad
683 1144 846 1171 iracundiam
867 1144 1017 1172 concitatis.

230 1189 294 1217 lltec
307 1195 343 1218 est
354 1191 420 1217 enim
433 1191 547 1217 uoluntas
557 1191 611 1225 ejus
623 1190 667 1226 qui
682 1190 749 1216 misit
762 1198 816 1224 me,
832 1194 859 1217 ut
872 1197 946 1217 omne
955 1191 1021 1225 quod

230 1236 298 1263 dedit
311 1235 373 1262 mihi
386 1256 393 1268 ,
408 1243 458 1263 non
472 1237 576 1270 perdant
591 1243 623 1262 ea;
645 1243 684 1262 eo.
709 1235 758 1262 llic
779 1234 896 1263 ostendit
915 1242 945 1262 se
967 1242 1021 1262 non

232 1289 325 1308 eorum
347 1281 419 1308 cultu
442 1281 582 1316 indigere,
607 1288 695 1315 neque
709 1280 740 1308 ad
755 1287 821 1307 usus
844 1281 886 1308 vel
905 1280 1022 1308 honores

227 1333 308 1358 suos,
322 1325 368 1353 sed
385 1325 418 1353 ad
430 1326 535 1353 illorum
553 1326 664 1352 salutem
679 1325 802 1357 venisse;
819 1324 890 1360 quod
903 1325 982 1352 etiam
994 1324 1021 1352 in

227 1371 367 1406 superiore
381 1372 511 1399 concione
524 1372 610 1405 dixit,
627 1370 740 1398 Gloriam
761 1371 791 1397 ab
807 1371 949 1398 hominibus
971 1379 1022 1398 non

228 1417 343 1450 accipio,-
357 1421 385 1444 et
397 1417 493 1444 iterum
505 1437 513 1449 ,
529 1416 592 1444 Ηιεε
604 1417 660 1443 dico
673 1437 680 1449 ,
694 1421 721 1443 ut
735 1425 778 1443 vos
788 1416 851 1443 salvi
865 1417 930 1444 sitis.
945 1416 1024 1444 Sem-

229 1470 278 1497 per
289 1462 360 1489 enim
376 1467 402 1490 et
418 1463 514 1497 ultique
530 1463 580 1489 hoc
590 1461 732 1490 ostendere
744 1463 857 1497 satagit,
873 1470 903 1490 se
915 1462 1021 1490 illorum

229 1507 324 1534 salutis
343 1514 424 1534 causa
438 1509 552 1535 venisse.
579 1508 646 1535 Dicit
660 1513 749 1535 autem
768 1515 797 1535 se
816 1508 887 1535 Patri
907 1508 1021 1543 gloriam

230 1561 340 1588 parare,
355 1557 384 1580 ut
400 1553 465 1580 nulli
480 1553 515 1580 sit
528 1553 672 1588 suspicioni
687 1553 827 1581 obnoxius.
844 1553 920 1586 Quod
933 1558 1022 1581 autem

230 1599 290 1626 ideo
310 1598 348 1626 sic
362 1599 486 1634 loquutus
502 1599 551 1632 sit,
574 1600 601 1626 in
619 1599 792 1634 sequentibus
806 1599 923 1627 ostendit
940 1609 947 1627 :
972 1599 1022 1634 Qui

229 1645 381 1672 uoluntatem
402 1654 473 1672 suam
497 1645 606 1679 quierit,
631 1645 737 1680 inquit,
765 1645 872 1680 gloriam
893 1646 1022 1681 propriam

230 1691 334 1725 quaerit;
343 1692 385 1726 qui
399 1696 481 1717 autent
495 1691 585 1726 quierit
608 1691 716 1726 gloriam
728 1692 783 1726 ejus
804 1691 847 1726 qui
861 1692 930 1718 misit
950 1691 1023 1718 illum

235 1737 275 1764 hic
290 1744 366 1763 uerax
375 1740 421 1769 est,
438 1741 460 1763 et
474 1737 598 1771 injustitia
621 1737 648 1763 in
663 1736 708 1764 illo
722 1744 772 1763 non
787 1741 834 1764 est.
850 1736 913 1764 Hice
927 1742 962 1764 est
973 1745 1021 1764 au-

231 1788 279 1810 tem
291 1782 404 1809 voluntas
417 1781 511 1816 Patris,
525 1787 551 1809 ut
560 1783 640 1810 omnis
651 1783 695 1817 qui
706 1783 771 1809 videt
782 1782 806 1809 F
806 1783 888 1816 ilium,
910 1788 932 1810 et
944 1783 1023 1810 credit

231 1830 257 1856 in
270 1838 337 1862 eum,
354 1829 442 1856 habeat
457 1829 532 1856 vitam
545 1833 666 1856 teternam
677 1849 683 1861 ,
698 1833 721 1856 et
744 1837 789 1864 ego
801 1829 953 1856 resuscitabo
967 1837 1024 1856 eum

231 1876 257 1902 in
272 1875 405 1902 novissimo
420 1874 461 1902 die
487 1874 577 1910 (Joan.
592 1875 618 1902 7.
645 1874 701 1909 18).
717 1873 771 1902 Cur
796 1878 848 1902 tam
871 1874 1024 1910 frequenter

232 1920 455 1947 resurrectionem
469 1920 624 1947 memorat?
648 1919 687 1947 Ne
702 1920 877 1955 prmsentibus
889 1921 975 1948 solum
996 1920 1023 1948 in

233 1965 312 1993 rebus
324 1965 371 1992 Dei
386 1958 579 1999 providentiam
592 1969 710 1992 statuant
722 1973 729 1991 :
744 1969 774 1992 ut
785 1965 809 1992 si
825 1966 866 1992 Itic
878 1965 955 1993 bonis
969 1973 1022 1994 non

232 2012 363 2043 fruantur,
380 2018 413 2037 ne
428 2009 488 2037 ideo
503 2010 640 2045 segniores
655 2011 719 2043 sint,
735 2010 782 2038 sed
793 2009 880 2037 futura
892 2015 1020 2045 sperent;

233 2062 259 2084 et
270 2057 292 2084 si
303 2056 329 2083 in
341 2056 464 2091 prtcsenti
475 2063 527 2083 non
538 2056 688 2090 puniantur,
701 2064 735 2083 ne
745 2056 830 2091 ipsum
839 2061 1021 2090 contemnant,

232 2103 279 2131 sed
300 2103 378 2130 aliam
398 2107 552 2137 exspectent
566 2102 659 2130 vitam.

267 2152 294 2179 4.
310 2149 408 2178 Verum
420 2151 443 2177 si
456 2148 495 2177 illi
511 2150 576 2177 nihil
590 2149 684 2177 lucrati
696 2153 768 2182 sunt,
783 2156 832 2177 nos
845 2149 942 2177 lucrari
965 2154 1023 2178 stu-

232 2197 363 2230 deamus,
388 2196 423 2224 de
448 2195 648 2222 resurrectione
664 2201 735 2229 saepe
758 2195 908 2229 loquentes.
933 2195 961 2223 Si
983 2195 1022 2222 di-

232 2242 352 2271 tcscendi
363 2263 369 2275 ,
385 2241 515 2277 rapiendi,
532 2245 578 2268 aut
593 2248 705 2276 pravum
720 2241 784 2275 quid
798 2240 911 2268 faciendi
928 2241 1025 2268 volun-

234 2294 275 2316 tas
287 2288 400 2320 subeat,
418 2287 506 2314 statim
522 2287 592 2313 diem
613 2286 685 2314 illam
701 2286 859 2322 cogitemus,
872 2290 898 2313 et
911 2286 1026 2313 tribunal

233 2334 298 2362 illud
312 2334 388 2361 nobis
401 2333 603 2366 describamus;
619 2332 730 2367 haecque
743 2332 867 2367 cogitatio
880 2331 1024 2366 efﬁcacius,

233 2372 313 2415 quam
328 2379 430 2407 frenum
444 2379 590 2414 quodlibet,
606 2379 687 2405 animi
703 2378 790 2406 nostri
804 2378 932 2413 impetum
948 2386 1026 2406 coer-

233 2426 314 2454 cebit.
330 2425 363 2453 Et
379 2425 439 2452 aliis
453 2429 480 2456 et
494 2425 571 2452 nobis
582 2432 688 2460 semper
701 2424 820 2452 dicamus
835 2433 842 2452 :
857 2424 1027 2453 Resurrectio

234 2477 291 2505 est,
315 2477 342 2499 et
365 2472 482 2500 terribile
496 2471 610 2499 tribunal
636 2479 686 2499 nos
702 2475 802 2498 manet.
824 2470 853 2498 Si
876 2471 1026 2506 quempiam

234 2518 324 2545 hctum
339 2523 365 2545 et
377 2518 410 2545 de
424 2518 598 2552 prmsentibus
611 2517 688 2545 bonis
703 2521 850 2545 tumentem
869 2517 1006 2545 videamus
1018 2539 1026 2552 ,

235 2564 349 2600 idipsum
364 2565 483 2592 dicamus
495 2585 502 2597 ,
526 2564 692 2592 dcclarantes
706 2563 794 2590 omnia
807 2563 850 2591 hic
871 2571 930 2591 esse
952 2572 1027 2591 man-

236 2617 316 2642 sura;
333 2611 373 2637 sin
389 2610 471 2636 alium
495 2609 631 2637 dolentem
647 2608 825 2644 arrumnisque
845 2616 965 2644 pressum
989 2609 1027 2636 vi-

236 2655 366 2689 deamus,
383 2656 496 2689 idipsum
521 2656 559 2683 illi
582 2659 824 2690 repraesentemus,
851 2663 946 2690 nempe
972 2655 1028 2683 haec

238 2702 323 2729 tristia
340 2701 418 2729 ﬁnem
435 2701 556 2729 habitura
569 2708 645 2734 esse;
662 2701 702 2728 sin
718 2701 841 2736 supinum
855 2705 882 2728 et
895 2701 1007 2729 effusum
1019 2722 1027 2734 ,

239 2747 352 2781 idipsum
371 2747 408 2774 illi
423 2747 574 2775 accinamus
586 2767 593 2780 ,
617 2747 704 2782 ipsum
718 2754 814 2781 nempe
836 2746 959 2782 segnitiei
974 2754 1029 2774 suae

240 2801 332 2828 pinnas
353 2793 486 2821 daturum.
517 2794 572 2821 lloc
592 2793 690 2821 dictum
713 2793 771 2827 plus
796 2800 875 2828 quam
901 2793 1029 2821 medicina

240 2840 342 2874 qumvis
356 2840 472 2868 animam
486 2845 604 2868 nostram
618 2839 730 2867 curabit.
749 2838 795 2867 Est
808 2838 879 2866 enim
895 2845 1029 2867 resurrec-

577 131 604 157 S.
626 129 682 157 10A
687 128 761 156 NNlS
779 125 1017 155 ειῐιιῖεοετωιι

1074 125 1193 155 lClllEP.
1214 127 1479 159 CONSTANTINOP.
1563 128 1581 138 ⁸

1798 135 1857 163 ’250

1070 184 1107 211 tio
1117 205 1124 216 .
1140 189 1168 212 et
1181 185 1344 213 resurrectio
1357 186 1385 214 in
1403 186 1492 222 Januis
1505 192 1557 221 est,
1572 195 1625 215 non
1647 188 1737 222 procul
1760 191 1856 224 posita.

1069 230 1157 257 Adhuc
1169 231 1236 258 enim
1249 232 1373 259 modicum
1385 253 1394 266 ,
1410 233 1495 268 inquit
1509 233 1618 266 Paulus,
1635 236 1677 269 qui
1691 241 1808 262 venturus
1823 241 1858 263 est

1069 277 1163 309 veniet,
1180 283 1204 304 et
1218 286 1268 305 non
1291 279 1401 305 tardabit
1414 278 1505 314 (Hebr.
1529 280 1574 308 10.
1596 281 1661 316 57);
1678 287 1706 309 et
1730 289 1835 309 rursum
1851 304 1858 313 ,

1070 321 1164 349 Omnes
1182 328 1279 358 oportet
1302 332 1348 351 nos
1371 325 1529 360 manifestari
1556 331 1615 352 ante
1635 326 1745 353 tribunal
1767 327 1859 354 Christi

1069 368 1108 402 (Ξ.
1131 367 1191 395 Cor.
1206 369 1232 396 5.
1249 368 1304 404 to);
1320 369 1346 396 id
1363 374 1403 396 est
1415 390 1423 402 ,
1437 375 1465 396 et
1478 370 1563 397 malos
1577 375 1604 398 et
1618 370 1722 404 bonos;
1738 371 1797 399 illos
1808 393 1816 403 ,
1831 377 1860 398 ut

1068 421 1159 441 coram
1173 415 1295 442 omnibus
1305 415 1454 450 ignominia
1470 415 1637 449 afﬁciantur;
1654 417 1713 450 hos,
1728 422 1757 444 ut
1769 425 1859 445 coram

1068 461 1193 488 omnibus
1203 460 1398 495 splendidiores
1410 461 1533 490 evadant.
1545 462 1774 495 Quemadmodum
1788 463 1859 491 enim

1067 505 1172 540 judices
1187 506 1230 533 hic
1243 506 1329 533 malos
1348 507 1434 540 palam
1450 507 1582 541 puniunt,
1606 507 1690 535 bonos
1704 507 1809 543 publice
1821 509 1861 535 at-

1069 551 1162 579 liciunt
1184 552 1304 579 honore:
1326 553 1366 580 sle
1376 557 1406 580 et
1420 552 1475 580 illic
1499 552 1564 585 ﬁet;
1587 553 1624 580 ita
1648 557 1677 580 ut
1701 553 1753 581 illis
1775 553 1862 589 pudor

1070 597 1165 632 major,
1182 597 1224 624 his
1236 597 1321 633 gloria
1337 597 1469 625 illustrior
1482 602 1621 632 appareat.
1638 597 1701 626 Haec
1714 599 1804 634 itaque
1814 607 1862 626 no—

1070 642 1111 670 bis
1134 642 1245 678 singulis
1267 643 1361 671 diebus
1376 644 1592 677 praescribamus.
1615 643 1681 671 illeo
1705 644 1728 671 si
1754 652 1862 680 semper

1068 695 1216 721 versemus,
1230 688 1302 716 nulla
1321 695 1411 718 rerum
1427 688 1596 723 praesentium
1606 693 1636 716 et
1649 689 1780 717 llusarum
1791 691 1800 706 ¹
1814 698 1862 717 nos

1070 741 1202 768 occupare
1225 734 1333 768 poterit.
1348 733 1413 761 Nam
1435 741 1496 769 quae
1519 734 1644 762 videntur
1672 740 1860 770 temporanea.

1070 787 1131 815 quae
1143 787 1197 808 non
1211 779 1337 807 videntur
1350 784 1450 808 :eterna
1464 785 1536 807 sunt.
1551 781 1615 808 llaec
1631 788 1695 816 ergo
1706 781 1863 817 frequenter

1071 826 1150 853 nobis
1165 826 1229 861 ipsis
1241 831 1267 853 et
1284 831 1376 853 mutuo
1398 825 1519 853 dicamus
1535 835 1541 853 :
1565 826 1736 854 Resurrectio
1756 831 1815 859 est,
1837 833 1863 854 et

1068 872 1216 906 judicium;
1231 876 1258 899 et
1273 878 1384 906 cperunt
1404 871 1540 898 reddenda
1553 872 1632 899 ratio.
1650 871 1790 907 Quotquot
1813 880 1861 907 pu-

1072 922 1128 945 tant
1140 924 1199 945 esse
1210 916 1304 951 fatum,
1320 917 1370 944 hoc
1381 916 1481 950 dicant,
1496 921 1523 944 et
1537 925 1597 944 mox
1613 917 1692 952 hujus
1704 918 1790 945 morbi
1803 919 1863 945 tabe

1070 966 1267 993 liberabuntur.
1283 964 1348 992 Nam
1373 965 1394 992 si
1419 965 1579 992 resurrectio
1600 968 1642 992 est
1666 969 1693 992 et
1715 965 1862 1000 judicium,

1072 1019 1125 1039 non
1139 1016 1180 1039 est
1193 1010 1276 1038 fatum
1289 1032 1296 1043 ,
1312 1011 1482 1046 quantumvis
1504 1010 1553 1045 ipsi
1578 1011 1750 1038 contendant.
1769 1011 1863 1038 Verum
1879 1007 1883 1012 ’

1073 1057 1154 1092 pudet
1166 1064 1209 1084 me
1230 1056 1399 1084 Christianos
1414 1055 1512 1084 docere
1536 1056 1773 1084 resurrectionem.
1798 1056 1864 1084 Nam

1072 1103 1117 1138 qui
1131 1103 1266 1131 docendus
1280 1108 1322 1130 est
1345 1110 1405 1130 esse
1425 1102 1666 1135 resurrectionem,
1684 1109 1734 1130 nec
1755 1110 1865 1138 perstra-

1073 1157 1132 1177 sum
1146 1149 1226 1177 habet
1239 1149 1338 1176 nullam
1349 1155 1408 1176 esse
1420 1148 1605 1176 necessitatem
1617 1169 1626 1182 ,
1641 1156 1691 1176 nec
1701 1156 1747 1176 res
1760 1157 1824 1177 casu
1835 1157 1865 1176 ac

1073 1201 1174 1224 temere
1197 1195 1278 1228 ferri,
1304 1195 1327 1223 is
1350 1199 1425 1223 certe
1439 1202 1492 1222 non
1517 1199 1559 1222 est
1581 1195 1760 1223 Christianus.
1785 1196 1866 1230 ideo,

1073 1250 1164 1278 quaeso
1178 1247 1205 1269 et
1219 1243 1331 1269 obsecro
1344 1262 1350 1274 ,
1366 1241 1400 1268 ab
1413 1240 1537 1268 omnibus
1553 1247 1602 1267 nos
1614 1240 1691 1267 malis
1705 1249 1866 1276 purgemus,

1074 1288 1193 1322 nihilque
1210 1295 1262 1314 non
1276 1295 1387 1322 agamus
1403 1291 1434 1314 ut
1447 1294 1644 1321 consequamur
1656 1287 1762 1315 veniam
1784 1295 1867 1315 excu-

1074 1334 1260 1368 sationemque
1282 1334 1308 1360 in
1324 1332 1372 1359 illo
1385 1332 1439 1359 die.
1461 1332 1514 1359 Sed
1537 1331 1606 1359 forte
1619 1332 1692 1360 dicet
1711 1333 1843 1368 quispiam
1859 1342 1865 1359 ε

1074 1378 1248 1414 Qtrandonam
1269 1378 1477 1412 consummatio,
1500 1378 1607 1412 quando
1619 1378 1780 1406 resurrectio
1795 1379 1867 1406 erit?

1074 1429 1202 1460 quantum
1217 1423 1345 1458 temporis
1357 1421 1460 1451 ellluxit
1470 1444 1477 1457 ,
1496 1427 1524 1451 et
1545 1423 1612 1450 nihil
1625 1423 1720 1451 horum
1734 1424 1866 1460 contigit?

1077 1469 1130 1497 Sed
1143 1469 1205 1500 erit,
1224 1468 1337 1496 credite.
1351 1467 1416 1496 Nam
1432 1472 1494 1496 ante
1506 1467 1636 1496 diluvium
1658 1469 1709 1497 hoc
1727 1469 1866 1502 dicebant,

1073 1521 1101 1544 et
1114 1516 1271 1544 deridebant
1285 1515 1359 1544 Noe:
1384 1515 1431 1543 sed
1444 1515 1516 1543 venit
1530 1515 1660 1543 diluvium
1670 1535 1679 1549 ,
1695 1520 1722 1544 et
1743 1515 1792 1544 hos
1805 1523 1866 1544 om-

1075 1570 1123 1590 nes
1138 1569 1190 1590 non
1204 1561 1345 1590 credentes
1355 1561 1510 1594 absorbuit,
1524 1561 1569 1589 ille
1588 1561 1661 1589 solus
1675 1561 1789 1590 credens
1805 1569 1863 1590 ser-

1075 1613 1152 1635 vattts
1161 1611 1212 1635 est.
1229 1607 1262 1635 Et
1278 1611 1398 1642 tempore
1411 1607 1469 1634 Loti
1491 1606 1618 1634 divinitus
1634 1607 1780 1635 immissam
1796 1607 1866 1634 illam

1079 1654 1184 1689 plagam
1197 1661 1251 1681 non
1275 1652 1484 1688 exspectabant,
1505 1651 1590 1680 donec
1613 1652 1689 1687 ignes
1701 1657 1729 1680 et
1748 1652 1866 1680 immiSsa

1075 1701 1185 1728 fulmina
1200 1707 1294 1727 omnes
1317 1703 1550 1734 consumpserunt.
1567 1698 1658 1733 Neque
1676 1702 1738 1726 tunc
1760 1704 1867 1732 autem,

1077 1753 1164 1781 neque
1177 1750 1297 1780 tempore
1309 1744 1366 1773 Noe
1380 1745 1427 1772 luit
1438 1744 1533 1779 aliquis
1547 1743 1696 1771 futurorum
1708 1744 1786 1772 inde:
1801 1753 1868 1779 prtu-

1075 1793 1151 1824 vius;
1167 1791 1214 1819 sed
1227 1791 1350 1818 omnibus
1369 1789 1581 1821 convivantibus,
1591 1789 1715 1817 ebrietati
1730 1789 1867 1824 indulgen-

1077 1838 1157 1870 tibns,
1168 1835 1344 1864 intolerabilia
1360 1835 1406 1863 illa
1415 1835 1484 1862 mala
1500 1835 1646 1862 irrucrunl.
1661 1834 1706 1862 Sic
1716 1835 1768 1862 erit
1780 1842 1868 1862 resur-

1076 1883 1190 1910 rectio:
1218 1882 1283 1909 nihil
1309 1889 1367 1909 eam
1396 1879 1605 1916 prsenuntiabit,
1637 1880 1684 1907 sed
1718 1880 1868 1908 hominibus

1078 1928 1229 1956 laatantibus
1249 1931 1277 1955 et
1290 1927 1370 1954 rebus
1386 1926 1539 1962 prosperis,
1554 1926 1734 1961 superveniet.
1759 1925 1820 1953 Ideo
1834 1927 1870 1953 ait

1079 1975 1177 2003 Paulus
1192 1983 1198 2001 :
1213 1973 1276 2002 Cum
1289 1973 1355 2000 enim
1368 1973 1451 2000 dicent
1471 1980 1558 2008 pacem
1578 1977 1600 1999 et
1619 1972 1777 1999 securitatem
1787 1993 1793 2004 ,
1812 1977 1869 1998 tunc

1076 2021 1223 2055 repentinus
1236 2019 1298 2054 ipsis
1312 2019 1467 2054 superueniet
1482 2018 1598 2045 interitus
1612 2025 1622 2044 :
1635 2019 1700 2045 sicut
1713 2023 1736 2045 et
1758 2018 1831 2045 dolor
1844 2019 1868 2044 in

1077 2072 1147 2094 utero
1163 2067 1262 2093 habenti
1274 2086 1281 2098 ,
1299 2070 1322 2092 et
1335 2073 1384 2092 non
1405 2064 1524 2100 effugient
1541 2065 1579 2100 (l.
1600 2063 1689 2091 Thess.
1705 2064 1733 2092 5.
1749 2064 1776 2099 3)
1805 2064 1868 2091 Illud

1077 2117 1166 2139 attlem
1181 2111 1241 2139 ideo
1255 2112 1289 2138 ita
1307 2110 1423 2146 providit
1436 2109 1519 2143 Deus,
1533 2114 1562 2136 ut
1576 2116 1681 2143 semper
1694 2109 1777 2136 simus
1791 2117 1869 2144 expe-

1077 2159 1124 2185 diti
1140 2158 1173 2184 ad
1186 2157 1333 2185 cavendum
1359 2155 1452 2188 nobis,
1469 2163 1518 2183 nec
1540 2155 1581 2182 vel
1605 2155 1632 2182 in
1649 2155 1704 2190 ipsa
1729 2155 1869 2182 securitate

1080 2203 1203 2230 ﬁdamus.

1115 2248 1243 2275 Probatur
1263 2253 1287 2275 et
1302 2248 1508 2274 resurrectionem
1527 2251 1550 2273 et
1559 2245 1688 2281 judicium
1700 2253 1754 2273 esse
1775 2247 1868 2281 futura.

1078 2309 1114 2315 —
1123 2294 1191 2328 Quid
1204 2294 1292 2321 dicis?
1306 2300 1359 2321 non
1373 2297 1513 2327 exspectas
1525 2292 1752 2320 resurrectionem
1763 2296 1792 2319 et
1802 2291 1871 2326 judi-

1079 2341 1170 2369 cium'!
1185 2340 1241 2368 haec
1253 2339 1389 2374 daemones
1403 2338 1576 2370 conﬁtentur,
1588 2342 1616 2365 et
1635 2342 1664 2365 tu
1682 2344 1734 2364 non
1759 2338 1869 2365 conﬁte-

1080 2387 1118 2414 ris
1128 2387 1160 2413 ’ἲ
1182 2385 1275 2413 Venisti
1289 2385 1348 2416 huc.
1366 2384 1506 2419 inquiunt,
1522 2387 1580 2410 ante
1592 2387 1690 2417 tempus
1701 2387 1816 2417 torquere
1829 2391 1871 2409 nos

1081 2432 1186 2468 (Matth.
1201 2432 1227 2459 8.
1244 2431 1300 2466 ΞΟ).
1316 2431 1365 2465 Qui
1386 2438 1450 2457 vero
1463 2429 1608 2456 cruciatum
1632 2430 1749 2456 futurum
1765 2428 1867 2460 dicunt,

1081 2478 1117 2506 illi
1132 2483 1159 2505 et
1176 2477 1303 2512 judicium
1316 2498 1323 2511 ,
1339 2480 1365 2503 et
1379 2475 1497 2503 rationes
1510 2474 1659 2502 reddendas
1669 2495 1677 2508 ,
1698 2478 1725 2501 et
1745 2473 1870 2508 supplicia

1081 2528 1186 2552 norunt.
1208 2523 1246 2551 Ne
1270 2523 1358 2557 itaque
1381 2521 1464 2548 Deum
1487 2527 1677 2555 provocemus,
1704 2519 1766 2546 dum
1793 2519 1871 2546 stulta

1081 2570 1220 2602 audemus,
1236 2573 1262 2596 et
1276 2567 1463 2596 resurrectioni
1481 2575 1535 2594 non
1550 2566 1694 2594 credimus.
1714 2565 1790 2594 Sicut
1803 2566 1871 2593 enim

1082 2617 1108 2643 in
1122 2616 1180 2642 aliis
1197 2614 1273 2642 nobis
1289 2613 1446 2648 principium
1461 2611 1512 2639 fuit
1524 2611 1645 2639 Christus
1658 2632 1665 2643 ,
1690 2611 1725 2638 ita
1738 2615 1766 2638 et
1782 2611 1808 2637 in
1825 2611 1872 2637 hoc

1083 2672 1198 2700 quoque.
1214 2663 1280 2690 Nam
1296 2662 1356 2689 idco
1381 2660 1576 2696 primogenitus
1590 2664 1758 2686 mortuorum
1778 2657 1873 2685 dicitur

1083 2711 1149 2745 (Col.
1167 2711 1191 2738 l.
1207 2710 1263 2744 18).
1279 2708 1354 2742 Quod
1369 2708 1391 2735 si
1405 2706 1566 2735 resurrectio
1577 2713 1630 2732 non
1644 2709 1725 2737 esset,
1741 2703 1874 2739 quomodo

1116 2780 1122 2795 ¹
1139 2778 1178 2813 ¹[ιιι
1192 2777 1273 2802 Morel.
1294 2776 1321 2801 In
1334 2774 1404 2801 savii.
1418 2777 1499 2799 autem
1521 2773 1621 2804 legitur,
1633 2771 1699 2798 nulla
1716 2777 1799 2796 rerum
1811 2775 1873 2802 prox

1083 2814 1184 2836 srnttum
1195 2814 1263 2832 cura.
1496 2834 1500 2838 ι
1551 2834 1555 2838 _

1116 2843 1124 2857 ¹
1142 2840 1211 2865 δίη-ιι.
1225 2839 1308 2869 habet,
1320 2841 1341 2862 et
1354 2840 1378 2862 tu
1391 2843 1436 2861 tum
1449 2834 1568 2861 erubescis
1582 2834 1594 2859 3‘
