2031 3118
145 151 197 180 257

145 208 340 245 primogenitus
356 207 459 234 iuturus
473 209 566 239 esset,
583 205 657 232 nullo
669 212 702 233 ex
726 204 837 232 mortuis
852 204 939 239 ipsum

145 255 294 290 sequente?
317 253 344 281 Si
360 252 522 281 resurrectio
547 259 599 278 non
614 256 664 283 est,
682 249 816 286 quomodo
836 249 938 284 justitia

145 301 190 328 Dei
205 300 372 332 servabitur,
392 306 452 326 cum
473 302 514 325 tot
535 297 649 332 improbi
676 298 708 324 in.
730 297 881 331 prosperis,
899 299 938 322 tot

144 347 220 383 probi
249 347 275 374 in
302 345 428 373 aerumnis
452 344 533 371 vitam
556 343 681 377 exigant?
704 342 817 370 Ubinam
842 341 938 367 horum

142 393 239 428 singuli
255 392 402 420 secundum
415 391 508 418 merita
529 390 677 424 accipient,
691 388 713 416 si
728 396 780 416 non
794 388 828 415 sit
848 395 938 414 resur-

142 439 248 468 rectio?
271 439 356 466 Nemo
371 442 443 465 recte
468 436 613 465 viventium
638 435 861 463 resurrectionem
885 441 938 460 non

142 485 248 517 credit;
274 484 321 512 sed
344 484 418 518 probi
434 482 551 518 quotidie
564 481 633 509 diem
651 481 722 508 illam
747 483 860 514 optant,
876 485 939 505 san-

143 537 212 558 ctam
230 531 301 559 illam
316 537 408 557 vocem
422 529 599 564 prolercntes,
611 527 735 554 Adveniet
751 534 855 561 regnum
869 529 939 552 tuum

144 577 250 611 (Matth.
274 577 301 603 6.
319 575 376 610 10).
392 574 504 607 Quinam
521 581 585 609 ergo
608 579 670 600 sunt
690 572 735 607 qui
762 570 939 599 resurrectio-

144 631 204 650 nem
222 630 275 650 non
291 621 422 649 credunt?
443 621 492 654 Qui
509 620 535 647 in
559 620 609 647 viis
625 618 768 653 inquinatis
783 617 937 649 ambulant,

144 674 170 697 et
183 669 314 703 impuram
326 667 405 694 vitam
419 667 530 697 ducunt,
545 671 573 694 ut
585 666 621 692 ait
634 664 763 700 propheta
775 673 782 691 :
796 663 940 698 [nquinatae

144 719 202 741 sunt
216 715 264 741 vita
277 714 346 741 illius
360 715 386 740 in
398 714 466 740 omni
479 718 590 747 tempore
602 720 612 739 :
625 713 777 746 auferuntur
786 709 883 743 iudicia
896 713 939 735 tua

144 768 160 786 a
173 759 238 795 faeie
247 760 303 795 ejus
319 758 394 795 (Psat
421 759 448 786 9.
464 758 520 794 ‘26).
535 757 592 785 Non
608 761 649 785 est
663 757 752 788 enim,
767 763 819 782 non
833 759 872 782 est
886 753 939 781 uti-

662 148 695 175 ΙΝ
715 147 872 175 JOANNEM
892 146 1007 175 IIOMIL.
1030 147 1120 175 XLVI.
1143 149 1177 176 al.
1200 148 1279 176 XLV.

1735 155 1787 182 258

992 212 1044 239 que
1058 204 1139 232 homo
1151 207 1233 232 vitam
1248 206 1347 234 ducens
1361 214 1453 242 piiram
1465 229 1472 240 ,
1497 209 1540 244 qni
1557 217 1609 237 non
1624 211 1716 239 credat
1738 217 1783 238 re-

991 250 1171 277 surrectioni:
1196 259 1228 278 ac
1242 252 1286 286 qui
1303 253 1400 281 nullius
1423 254 1473 282 sibi
1496 257 1596 283 conscii
1616 263 1678 285 sunt
1701 260 1781 289 ntali.

991 295 1098 328 dicunt,
1121 301 1247 330 sperant,
1263 302 1290 325 et
1309 299 1419 326 credunt
1432 320 1439 333 ,
1463 301 1667 330 retributionem
1682 311 1711 331 se
1725 312 1785 332 esse

991 346 1161 377 accepturos.
1174 343 1213 370 Ne
1227 344 1316 378 itaque
1330 345 1412 372 Deum
1427 346 1572 382 irritemus,
1587 349 1633 376 sed
1645 350 1785 379 audiamus

991 395 1052 414 eum
1067 388 1199 415 dicentem
1213 408 1224 421 ν
1248 389 1344 417 Timete
1367 399 1423 418 eum
1437 393 1480 427 qui
1502 399 1581 428 potest
1594 401 1617 422 et
1630 404 1743 425 animam
1757 404 1783 426 et

991 440 1084 466 corpus
1097 433 1201 468 perdere
1211 434 1237 461 in
1250 435 1389 470 gehennam
1402 437 1506 467 (Matth.
1524 440 1567 467 10.
1582 440 1648 476 28);
1665 448 1693 470 ιιι
1711 448 1785 472 metu

992 478 1118 506 meliores
1144 479 1206 506 iacti
1217 499 1224 512 ,
1238 484 1266 507 et
1279 481 1329 508 hac
1342 482 1459 516 pernicie
1482 484 1585 512 liberati
1608 494 1690 522 regno
1704 489 1785 517 caelo-

992 532 1050 551 rum
1062 524 1133 560 digni
1149 525 1295 554 habeamur
1310 535 1317 553 :
1332 528 1402 562 quod
1417 529 1516 557 utinam
1529 539 1622 560 omnes
1636 541 1783 570 consequa-

992 578 1063 604 mur,
1075 571 1159 605 gratia
1170 577 1196 599 et
1212 571 1373 608 benignitate
1386 575 1489 603 Domini
1503 578 1586 604 nostri
1599 578 1662 606 .lcsu
1674 580 1783 615 Christi,

994 624 1042 652 per
1055 625 1134 652 quem
1151 622 1178 645 et
1192 626 1251 645 cum
1279 628 1332 654 quo
1347 620 1418 648 Patri
1441 622 1525 656 gloria
1540 630 1601 650 cum
1627 625 1763 654 adorando
1775 649 1784 660 ,

993 665 1162 691 sanctissimo
1177 671 1203 692 et
1218 666 1322 694 virilico
1336 668 1394 702 ejus
1407 668 1518 703 Spiritu,
1536 677 1606 697 nunc
1619 676 1647 698 et
1664 679 1780 707 semper,

995 714 1022 738 et
1037 711 1064 738 in
1080 711 1181 738 infinita
1195 712 1292 740 srceula
1305 714 1473 742 satculorum.
1489 715 1586 743 Amen.

143 819 1783 835 m—

815 856 990 889 HOMILIA
1012 857 1110 888 XLVI
1115 880 1131 887 ..

146 937 209 965 CAP.
225 936 252 964 6.
279 944 305 963 ν.
326 936 370 963 41.
387 934 582 962 Murmurabaul
597 941 655 969 ergo
668 932 754 959 Judu'i
769 931 799 958 de
813 931 866 962 illo,
876 930 943 966 quod

182 983 296 1013 dixisset,
314 981 367 1017 Ego
377 989 436 1008 sunt
448 981 521 1015 panis
536 1001 544 1012 ,
557 980 600 1015 qui
610 979 640 1006 de
653 979 714 1006 uelo
729 977 855 1005 descendit
870 997 877 1010 ,
894 976 941 1003 42.

182 1033 205 1054 et
217 1028 334 1054 dicebant
351 1035 360 1054 :
373 1026 466 1054 Nonne
477 1026 517 1053 hic
526 1030 562 1053 est
574 1025 652 1052 Jesus
665 1025 735 1059 ﬁlius
746 1023 852 1058 Joseph,
868 1022 941 1056 cujus

181 1082 228 1100 nos
243 1073 416 1109 cognoscimus
429 1077 527 1106 patrem
545 1077 569 1098 et
589 1070 717 1098 matrem?
732 1069 864 1104 Quatuodo
881 1076 939 1103 ego

182 1119 243 1145 dicit
256 1127 282 1145 se
301 1127 314 1144 e
326 1118 388 1145 eaJIo
401 1118 559 1144 descendisse
572 1117 585 1143 2

183 1165 209 1191 Ι.
226 1164 339 1196 Quorum
354 1164 422 1191 Deus
436 1169 519 1190 uenter
537 1167 573 1190 est
588 1183 595 1195 ,
611 1167 633 1190 et
655 1162 736 1197 gloria
756 1162 782 1188 in
799 1160 940 1196 ignominia

148 1211 372 1246 eormn(l’hilipp.
384 1211 410 1239 5.
422 1210 477 1245 19),
488 1210 572 1245 inquit
589 1211 624 1238 de
643 1209 798 1244 quihusdam
813 1208 939 1240 Paulus‘,

148 1257 365 1292 Philippensibus
376 1257 503 1284 scribens.
517 1257 593 1290 Quod
604 1261 692 1284 autem
708 1255 734 1282 hi
746 1255 831 1283 Judaei
840 1258 939 1287 essent,

148 1305 235 1339 palam
251 1308 292 1331 est
305 1312 319 1330 a
332 1303 552 1339 praecedentibus,
570 1302 655 1337 palam
670 1302 733 1329 item
746 1305 786 1328 cst
797 1300 870 1328 abiis
880 1307 940 1334 qua:

147 1349 287 1378 Christum
303 1349 432 1376 adeuntes
451 1348 584 1376 dicebant.
601 1347 666 1374 Nam
680 1354 740 1374 cum
760 1353 857 1382 panem
877 1345 941 1380 ipsis

147 1396 241 1427 dedit,
259 1396 431 1431 ipsorumque
442 1399 548 1422 ventres
562 1394 681 1429 implevit
694 1413 702 1426 ,
718 1393 875 1428 prophetam
891 1398 940 1419 vo-

151 1442 249 1469 cabant
260 1462 275 1474 ,.
289 1446 316 1468 et
330 1449 419 1476 regem
433 1441 596 1468 constituere
609 1440 733 1467 volebant
748 1448 755 1472 ;
769 1446 830 1466 cum
850 1441 939 1465 autem

147 1487 412 1522 spiritualemcibum
425 1492 452 1514 et
464 1487 545 1514 vitam
557 1491 684 1514 mternam
698 1485 798 1518 docuit,
810 1492 869 1511 cum
881 1484 941 1512 illos

147 1541 161 1560 a
176 1534 322 1561 sensilibus
335 1533 443 1560 abduxit
456 1553 463 1566 ,
480 1540 540 1560 cum
556 1532 589 1560 de
604 1531 800 1559 resurrectione
816 1530 940 1564 loquutus

147 1585 207 1612 est,
231 1580 403 1614 ipsorumque
424 1583 540 1606 tuentem
561 1578 668 1609 erexit;
694 1584 754 1604 cum
780 1576 939 1611 oportuisset

148 1625 223 1652 illum
239 1626 356 1652 maxime
379 1625 485 1657 mirari,
502 1629 564 1651 tunc
585 1627 748 1650 murmurant
765 1627 790 1649 et
804 1622 938 1649 resiliunt.

147 1671 228 1706 Atqui
244 1671 265 1698 si
278 1671 321 1698 hic
336 1675 392 1697 crat
406 1670 534 1705 propheta
552 1690 559 1702 ,
575 1674 604 1696 ut
622 1670 694 1704 prius
707 1669 829 1696 dixerant
843 1669 852 1683 '
866 1676 872 1694 :
892 1667 940 1694 llic

148 1723 184 1745 est
199 1718 266 1744 enim
279 1717 310 1744 de
319 1725 368 1751 quo
379 1717 443 1744 dixit
459 1716 571 1751 Moyses,
586 1716 742 1751 Prop/telam
754 1715 822 1742 vobis
829 1715 939 1742 suscita-

147 1763 181 1790 bit
198 1762 320 1789 Dominus
340 1761 409 1789 Deus
423 1763 454 1789 de
473 1762 594 1796 fratribus
612 1763 700 1789 vestris
711 1782 719 1794 ,
732 1766 858 1795 tamquam
882 1768 940 1787 nte:

147 1810 231 1844 ipsum
244 1809 330 1835 audite
345 1808 355 1845 (
371 1808 448 1835 Deut.
465 1808 509 1835 18.
525 1808 559 1835 15
572 1807 581 1843 )
594 1817 600 1840 ;
614 1807 731 1842 oportuit
744 1807 830 1842 ipsum
845 1806 939 1833 audire

147 1855 292 1887 dicentem,
309 1853 348 1881 De
367 1854 428 1881 uelo
441 1854 568 1881 descendi.
587 1853 686 1880 Verum
702 1861 753 1880 non
772 1852 915 1880 audiebant
929 1872 937 1884 ,

147 1899 194 1928 sed
216 1899 430 1927 murmurabant.
448 1898 542 1926 Adhuc
556 1898 627 1926 enim
644 1898 729 1932 ipsum
749 1897 940 1925 reverebantur

148 1947 182 1973 ob
204 1953 300 1973 recens
326 1953 423 1980 panum
447 1945 614 1972 miraculum.
641 1945 703 1971 Ideo
723 1951 775 1971 non
800 1943 940 1971 manifeste

148 1993 381 2025 sontradicebant;
397 1992 588 2019 murmurando
616 1996 704 2019 tamen
732 1991 939 2026 indignationem

149 2047 202 2074 przu
224 2047 254 2066 se
268 2039 406 2071 terebant,
435 2039 496 2073 quia
522 2046 574 2065 non
594 2037 699 2072 qualem
725 2037 850 2064 volebant
876 2037 939 2071 ipsis

148 2093 271 2126 mensam
293 2084 412 2119 parabat.
434 2084 467 2111 Et
487 2087 683 2111 murmurantes
695 2082 830 2113 dicebant.
847 2082 940 2109 Nonne

147 2131 186 2157 hic
202 2136 237 2157 est
251 2131 321 2164 ﬁlius
335 2129 456 2165 Ioseph?
474 2129 547 2157 Unde
559 2129 647 2164 palam
654 2133 696 2156 est
706 2129 779 2164 ipsos
789 2127 939 2155 mirabilem

146 2178 203 2211 ejus
231 2177 431 2211 generationem
453 2176 570 2202 nondum
594 2175 711 2203 novisse.
737 2173 837 2201 Idcirco
852 2173 939 2201 adhuc

145 2231 204 2251 eum
216 2222 326 2256 Iosephi
341 2222 422 2249 ﬁlium
438 2222 538 2249 dicunt.
548 2221 640 2256 Neque
654 2226 742 2248 tamen
755 2220 865 2254 corripit
880 2227 937 2253 eos,

145 2276 231 2304 neque
252 2268 339 2301 dicit,
351 2268 408 2295 Non
426 2275 485 2295 sum
502 2267 573 2294 [ilius
592 2266 702 2301 Iosephi
716 2276 722 2293 :
739 2274 791 2293 non
807 2265 877 2300 quod
891 2265 938 2292 Jo-

144 2314 218 2348 sephi
236 2313 306 2340 illius
319 2317 394 2340 esset
410 2333 417 2346 ,
434 2312 481 2340 sed
502 2312 571 2347 quod
594 2311 710 2339 nondum
732 2316 841 2346 possent
854 2310 939 2338 admi-

143 2362 257 2389 nubilem
273 2361 347 2388 illum
371 2365 475 2395 partum
494 2359 598 2386 audire.
617 2358 693 2392 Quod
706 2358 729 2386 si
745 2362 849 2392 partum
863 2358 938 2385 illum

144 2407 293 2435 secuudum
316 2414 423 2434 carnem
446 2405 563 2433 nondum
579 2409 702 2440 poterant
723 2404 815 2431 audire
829 2424 836 2436 ,
854 2404 938 2431 multo

143 2454 231 2480 minus
261 2452 420 2480 ineffabilem
450 2451 523 2478 illum
559 2456 586 2478 et
621 2458 775 2485 supernum.
803 2450 832 2478 Si
867 2450 936 2485 quod

146 2499 275 2527 humilius
304 2502 362 2525 erat
395 2506 447 2525 non
476 2497 626 2530 revelavit,
653 2497 737 2524 multo
772 2497 860 2524 minus
892 2496 937 2522 illa

144 2545 251 2573 dixerit.
281 2545 360 2579 Atqui
391 2545 442 2572 hoc
473 2544 544 2579 ipsOs
577 2543 729 2571 otl'endebat
759 2542 829 2577 quod
867 2545 938 2569 esset

142 2599 174 2618 ex
211 2591 256 2617 vili
286 2595 361 2625 patre
391 2594 490 2617 natus:
507 2594 623 2616 attamen
649 2596 701 2616 non
725 2587 853 2615 revelarit
869 2608 886 2620 ,,
903 2595 937 2614 ne

143 2635 217 2663 aliud
234 2635 331 2662 tollens
345 2635 533 2662 oll'endiculum
549 2654 556 2666 ,
579 2634 650 2661 aliud
672 2634 791 2660 inferret.
807 2633 858 2660 Sed
872 2633 936 2667 quid

144 2681 196 2708 illis
209 2680 439 2708 murmur-antibus
461 2679 627 2714 respondet?
640 2679 684 2706 44.
703 2678 784 2705 Nemo
797 2683 877 2714 potest
893 2686 935 2705 ve-

144 2728 197 2754 nire
207 2727 240 2753 ad
256 2735 305 2759 me,
317 2726 366 2753 nisi
379 2725 465 2759 Pater,
478 2726 521 2761 qui
532 2726 598 2752 misit
615 2734 653 2752 me
666 2746 673 2758 ,
690 2725 793 2752 traxerit
804 2733 870 2752 eum.
887 2725 934 2752 llic

143 2773 287 2809 insurgunt
299 2772 437 2800 Manichari
450 2773 580 2806 dicentes,
596 2772 660 2799 nihil
672 2778 721 2799 nos
736 2779 769 2799 ex
784 2772 861 2799 nobis
872 2772 935 2807 ipsis

172 2849 182 2865 ¹
195 2850 212 2874 Ᾱ
217 2848 243 2875 lii
257 2849 357 2880 habent,
369 2849 453 2880 inquit,
466 2849 496 2874 de
507 2847 600 2873 .Ituta’is
612 2848 708 2879 loquens
721 2847 818 2874 Paulus.

173 2883 185 2898 '
195 2881 242 2908 Alii
254 2881 351 2913 legunt,
364 2880 490 2912 dixeratis,
503 2887 555 2913 pro,
567 2880 687 2905 diremta.

995 931 1162 980 possezquia
1179 931 1204 959 id
1224 934 1339 962 maxime
1357 936 1471 970 probat,
1488 938 1650 968 voluntatem
1667 947 1785 969 nostram

995 983 1020 1002 ιιι
1035 982 1124 1004 nostra
1140 985 1199 1005 esse
1215 985 1356 1013 potestate.
1372 981 1424 1009 Sed
1438 983 1460 1010 si
1476 984 1536 1018 quis
1558 986 1627 1012 venit
1641 986 1674 1013 ad
1690 987 1762 1014 illiilli
1776 1009 1783 1021 ,

994 1021 1092 1057 inquit,
1105 1023 1166 1058 quid
1184 1032 1252 1059 opus
1263 1026 1341 1054 habet
1355 1032 1385 1054 ut
1404 1029 1525 1057 trahatur
1538 1031 1549 1057 ‘t
1562 1031 1658 1059 Verum
1674 1033 1725 1061 hoc
1738 1042 1786 1061 no-

993 1071 1143 1096 strumnun
1165 1069 1233 1097 tollit
1251 1071 1390 1100 arbitrium
1408 1094 1416 1106 ,
1431 1073 1478 1101 sed
1494 1076 1582 1109 potius
1604 1076 1721 1105 declarat
1736 1086 1785 1107 nos

995 1113 1095 1141 auxilio
1105 1121 1171 1149 opus
1188 1115 1296 1144 habere.
1310 1117 1357 1144 llic
1370 1122 1459 1146 autem
1472 1127 1524 1147 non
1537 1121 1624 1156 agitur
1642 1122 1675 1150 de
1690 1124 1785 1158 quovis

996 1157 1103 1187 homine
1118 1161 1264 1190 accedente
1278 1183 1286 1195 ,
1302 1163 1349 1190 sed
1366 1163 1399 1191 de
1411 1165 1458 1192 illo
1471 1166 1516 1200 qui
1530 1167 1614 1194 multo
1627 1157 1723 1196 fruitur
1735 1178 1784 1197 au-

995 1204 1069 1231 xilio.
1087 1205 1190 1234 Deinde
1214 1208 1321 1236 modum
1345 1210 1463 1238 ostendit
1484 1219 1537 1246 quo
1553 1213 1643 1241 trahit.
1660 1214 1699 1243 Ne
1713 1216 1785 1244 enim

994 1252 1120 1280 sensibile
1131 1253 1265 1289 quidpiam
1280 1256 1314 1283 de
1327 1255 1381 1284 Deo
1392 1259 1592 1292 suspicarentur
1603 1281 1610 1292 ,
1625 1261 1761 1297 subiunxit
1776 1272 1784 1291 :

994 1297 1038 1326 46.
1054 1298 1115 1326 Non
1130 1301 1189 1335 quia
1200 1300 1283 1329 Deum
1297 1303 1358 1330 vidit
1370 1305 1512 1339 quisquam,
1525 1306 1573 1333 nisi
1585 1307 1628 1341 qui
1641 1313 1677 1335 est
1691 1317 1706 1335 a
1721 1308 1784 1343 Deo,

994 1343 1035 1371 hic
1054 1344 1243 1373 vidit-Patrem.
1266 1348 1406 1380 Quomodo
1430 1350 1532 1378 trahit?
1553 1351 1641 1387 inquit
1655 1353 1710 1381 ille.
1728 1354 1784 1383 lloc

995 1390 1123 1425 propheta
1143 1391 1198 1426 jam
1218 1393 1281 1420 olim
1293 1393 1441 1422 declaravit
1456 1395 1503 1423 his.
1519 1396 1628 1431 verbis,
1645 1399 1689 1426 45.
1703 1399 1788 1427 Erunt

995 1443 1080 1462 omnes
1093 1436 1211 1464 docibiles
1224 1437 1279 1464 Dei.
1296 1438 1417 1467 Vidistin‘
1429 1440 1490 1468 ﬁdei
1502 1441 1668 1477 dignitatem,
1684 1449 1710 1472 et
1721 1453 1787 1480 quo-

995 1482 1074 1509 modo
1089 1491 1141 1510 non
1154 1483 1188 1511 ab
1202 1484 1354 1513 hominibus
1365 1506 1373 1519 ,
1388 1495 1438 1515 nec
1453 1495 1499 1522 per
1510 1488 1646 1518 hominem
1674 1492 1720 1519 sed
1739 1500 1787 1527 per

995 1527 1077 1555 Deum
1094 1528 1180 1563 ipsum
1194 1530 1258 1558 illud
1273 1531 1400 1559 edocendi
1417 1533 1471 1561 sint
1484 1534 1495 1560 ξ’
1511 1534 1625 1570 [deoque
1640 1541 1669 1563 ut
1682 1545 1787 1566 sermo-

995 1573 1021 1600 ni
1035 1581 1089 1601 suo.
1099 1574 1198 1602 faceret
1213 1575 1291 1603 ﬁdem
1304 1597 1311 1610 ,
1328 1577 1361 1604 ad
1385 1579 1527 1613 prophetas
1542 1580 1613 1615 ipsos
1626 1582 1737 1610 remisit.
1751 1583 1787 1611 Et

994 1619 1018 1646 si
1031 1619 1129 1646 dictum
1142 1625 1183 1648 est
1195 1641 1201 1653 ,
1216 1622 1312 1656 inquit,
1329 1623 1401 1658 ipsos
1424 1623 1482 1652 fore
1497 1625 1628 1654 docibiles
1642 1627 1689 1655 Dei
1706 1648 1714 1661 ,
1738 1636 1786 1657 cur

994 1665 1074 1701 aliqui
1097 1674 1150 1693 non
1178 1669 1389 1702 credunt?Quia
1406 1670 1472 1697 illud
1493 1671 1527 1698 de
1541 1671 1662 1706 pluribus
1683 1674 1783 1702 dictum

993 1715 1044 1738 est.
1060 1711 1184 1747 Alioquin
1200 1718 1288 1741 autem
1304 1722 1355 1742 non
1371 1723 1464 1743 omnes
1477 1724 1587 1751 prorsus
1598 1739 1606 1750 ,
1631 1719 1678 1746 sed
1691 1726 1785 1748 omnes

993 1757 1036 1792 qui
1053 1758 1202 1791 voluerint,
1217 1767 1265 1794 per
1279 1761 1436 1796 prophetam
1449 1762 1642 1798 significantur.
1661 1765 1786 1801 Magister

993 1805 1065 1831 enim
1078 1805 1203 1833 erunibus
1218 1809 1384 1843 proponitur,
1402 1814 1509 1844 paratus
1522 1810 1555 1837 ad
1570 1818 1617 1838 sua
1634 1812 1762 1840 tradenda
1778 1834 1784 1846 ,

993 1850 1037 1884 qui
1050 1850 1199 1879 doctrinam
1215 1859 1290 1880 suam
1302 1853 1426 1881 omnibus
1436 1854 1556 1883 elfundit.
1576 1855 1608 1883 Et
1622 1865 1667 1893 ego
1677 1860 1786 1886 resusci-

994 1896 1051 1922 tubo
1064 1904 1118 1923 eum
1134 1897 1160 1924 in
1175 1898 1310 1925 novissimo
1322 1899 1372 1926 die.
1389 1899 1447 1927 Non
1462 1908 1542 1935 parva
1558 1901 1610 1929 hoc
1627 1903 1654 1930 in
1667 1903 1725 1931 loco
1741 1904 1786 1932 Fi-

993 1942 1020 1969 lii
1034 1942 1149 1977 dignitas
1165 1952 1171 1970 :
1188 1945 1318 1979 siquidem
1334 1945 1412 1974 Pater
1424 1946 1521 1979 trahit,
1538 1951 1564 1975 et
1578 1947 1621 1975 hic
1631 1951 1787 1984 resuscitat,

993 1997 1045 2016 non
1061 1989 1184 2018 dividens
1195 1990 1280 2018 Patris
1293 1995 1320 2019 et
1335 1992 1394 2020 Filii
1427 2001 1510 2029 opera
1531 2006 1537 2023 :
1562 1995 1696 2029 quomodo
1713 1997 1786 2024 enim

992 2041 1083 2071 posset
1093 2036 1104 2063 ?
1113 2036 1158 2064 sed
1167 2037 1312 2065 ostendens
1320 2039 1460 2074 potestatis
1467 2040 1657 2075 aequalitatem.
1674 2042 1739 2071 Nam
1755 2050 1784 2072 ut

993 2082 1037 2110 illo
1045 2083 1152 2115 loco,Et
1159 2084 1202 2118 qui
1210 2084 1277 2111 misit
1284 2093 1323 2112 me
1337 2085 1423 2120 Pater,
1438 2087 1734 2123 testimoniumperhibet
1752 2091 1784 2118 de

992 2137 1041 2161 me,
1059 2128 1155 2157 deinde
1165 2137 1200 2157 ne
1213 2130 1318 2165 quidam
1330 2131 1363 2158 de
1372 2139 1436 2160 voce
1450 2133 1582 2161 curiosius
1593 2134 1760 2169 inquirerent
1775 2157 1783 2169 ,

992 2176 1094 2202 remist
1115 2175 1174 2203 illos
1187 2176 1219 2203 ad
1233 2177 1384 2212 Scripturas
1398 2185 1406 2205 :
1421 2178 1456 2206 ila
1468 2184 1494 2206 et
1508 2179 1553 2207 hic
1565 2181 1678 2209 remittit
1691 2190 1738 2209 eos
1749 2183 1783 2209 ad

992 2221 1147 2256 prophetas,
1155 2221 1204 2250 hos
1217 2222 1330 2251 subinde
1347 2223 1493 2257 adducens,
1510 2229 1538 2252 ut
1553 2226 1677 2254 ostendat
1687 2235 1716 2255 se
1729 2236 1782 2256 non

991 2275 1051 2295 esse
1066 2268 1136 2295 Patri
1149 2269 1323 2297 contrarium.
1340 2270 1384 2303 At,
1398 2271 1513 2306 inquies,
1524 2273 1587 2307 quid
1599 2274 1713 2302 antehac
1726 2275 1783 2303 fue-

992 2315 1070 2341 runt't
1083 2321 1170 2341 annon
1182 2314 1366 2343 docibilesDei
1375 2316 1470 2343 erant?
1480 2317 1542 2352 quid
1555 2317 1605 2345 hoc
1619 2319 1715 2347 inloco
1728 2321 1785 2348 exi-

991 2360 1074 2388 mium
1087 2361 1149 2387 est?
1163 2360 1238 2394 Quod
1253 2366 1316 2389 tunc
1326 2369 1374 2396 per
1387 2362 1509 2390 homines
1524 2371 1568 2392 res
1581 2364 1683 2392 divinas
1697 2366 1784 2394 disce-

991 2411 1068 2439 rent;
1087 2414 1158 2435 nuuc
1171 2414 1259 2435 autem
1275 2415 1323 2442 per
1335 2409 1496 2444 unigenitum
1512 2409 1609 2437 Filium
1627 2411 1672 2438 Dei
1696 2417 1721 2439 et
1738 2420 1784 2447 per

990 2452 1117 2487 Spiritum
1136 2458 1270 2482 sanetum.
1289 2455 1391 2482 Deinde
1416 2455 1495 2482 infert
1510 2465 1516 2483 :
1530 2456 1668 2491 Nonquod
1682 2458 1784 2485 Patrem

990 2499 1079 2525 viderit
1095 2499 1226 2535 quitquam
1237 2521 1244 2533 ,
1259 2500 1308 2526 nisi
1322 2500 1344 2527 is
1354 2500 1397 2535 qui
1407 2509 1422 2527 a
1438 2500 1490 2527 Deo
1500 2506 1545 2529 est.
1559 2501 1618 2529 Non
1634 2503 1780 2531 secundum

992 2552 1079 2573 causa:
1094 2546 1225 2573 rationem
1243 2545 1286 2573 hic
1303 2546 1420 2582 loquitur
1432 2567 1439 2579 ,
1454 2547 1500 2574 sed
1511 2548 1657 2575 secundum
1672 2549 1780 2576 modum

990 2591 1155 2619 substantia}.
1171 2591 1237 2619 Nam
1250 2592 1273 2619 si
1286 2591 1433 2619 secundum
1449 2599 1537 2619 causa:
1558 2592 1688 2620 rationem
1702 2593 1778 2622 dice-

989 2643 1030 2666 ret
1047 2659 1055 2673 ,
1070 2647 1163 2666 omnes
1178 2647 1194 2666 a
1209 2639 1264 2665 Deo
1277 2647 1370 2666 sumus
1383 2647 1390 2671 ;
1406 2639 1431 2665 in
1458 2647 1511 2673 quo
1533 2644 1574 2666 est
1588 2640 1740 2674 prtestantia
1757 2645 1783 2668 et

989 2684 1137 2712 diil‘erentia
1153 2684 1212 2711 Filii
1227 2684 1238 2710 ?
1255 2684 1288 2711 Et
1302 2691 1350 2712 cur
1364 2705 1371 2716 ,
1386 2684 1488 2719 inquies
1505 2705 1513 2717 ,
1536 2692 1589 2711 non
1605 2684 1669 2711 illud
1683 2685 1782 2713 clarius

989 2732 1121 2766 expressit
1135 2731 1146 2758 ’Ξ
1161 2730 1201 2758 01)
1216 2730 1321 2757 illorum
1338 2730 1530 2757 inﬁrmitatem.
1545 2729 1611 2757 Nam
1628 2730 1651 2758 si
1666 2737 1725 2758 cum
1740 2731 1780 2760 di-

988 2778 1027 2806 xit
1041 2799 1048 2811 ,
1065 2778 1102 2804 De
1114 2776 1175 2804 uelo
1189 2776 1316 2809 descendi,
1332 2776 1366 2803 ita
1387 2775 1558 2803 scandalizati
1572 2781 1649 2809 sntit;
1661 2776 1724 2812 quid
1740 2776 1781 2804 fu-

990 2829 1076 2852 turum
1090 2827 1148 2851 erat
1162 2843 1171 2857 ,
1195 2823 1218 2850 si
1240 2822 1304 2850 illud
1320 2821 1490 2849 addidisset?
1503 2821 1602 2850 Panem
1615 2827 1704 2849 autem
1721 2827 1781 2850 vum

989 2872 1107 2907 Scipsum
1125 2874 1211 2905 vocat,
1226 2869 1287 2906 quia
1301 2868 1381 2897 vitam
1398 2867 1474 2897 nobis
1494 2868 1563 2903 parit
1575 2872 1602 2896 et
1613 2867 1686 2896 hanc.
1697 2872 1723 2895 et
1739 2868 1780 2896 ru-
