2031 3118
270 139 324 169 1‘39

270 205 358 227 turam
373 207 380 225 :
396 197 456 224 ideo
470 194 579 229 adiicit:
594 192 622 219 Si
635 191 692 226 quis
707 191 894 219 "tundatuth
906 198 938 217 et
952 190 998 216 hoc
1013 196 1058 223 po-

274 253 313 277 ne,
328 245 392 272 eiut
405 246 431 270 in
443 247 575 270 uernum.
589 239 689 267 Panem
701 246 765 266 vero
779 238 823 266 hic
837 237 902 265 dicit
912 236 1061 264 doctrinam

269 290 414 318 salutarem
429 308 437 320 ,
450 287 528 314 ﬁdem
545 286 571 313 in
584 293 624 318 se,
636 285 692 312 sive
702 288 800 319 corpus
810 291 900 311 suum.
912 283 1061 317 Utrumque

269 337 341 363 enim
352 334 467 362 animam
479 332 597 359 roborat.
610 331 689 365 Atqui
703 330 764 357 alibi
780 330 856 360 dixit.
872 329 902 357 Si
923 329 980 364 quis
1001 337 1057 356 scr-

268 388 368 408 utonent
380 386 464 406 meum
477 377 604 410 audierit,
620 385 671 404 non
688 375 796 412 gustabit
809 379 913 402 mortem
928 373 1017 410 (Joan.
1031 373 1058 400 8.

268 425 313 461 5‘3)
326 446 334 458 ,
349 429 376 453 et
388 423 559 452 scandalizati
582 427 645 450 sunt
660 431 666 449 :
683 423 727 449 hic
739 429 804 449 vero
816 429 870 447 non
887 420 952 448 item
967 427 975 452 ;
990 419 1059 446 forte

268 471 328 507 quia
334 470 421 498 adhuc
428 469 619 497 reverebantur
629 475 690 496 eum
697 467 732 495 ob
739 466 954 494 subministratos
965 471 1058 500 panes.

301 517 329 544 2.
346 516 496 550 υἰπιι-εηιία
510 516 576 542 inter
583 523 677 542 manus
691 519 714 542 et
725 522 815 549 panem
826 521 911 540 verum
926 517 950 539 et
963 512 1055 539 rivum.

274 561 490 590 —Animadverte
505 565 593 589 autem
607 568 686 596 quam
701 564 783 595 ponat
796 560 865 588 inter
880 559 950 586 hunc
962 565 1057 593 panem

265 613 293 636 et
312 615 407 636 manna
430 607 608 635 diﬂ‘erentiam
626 614 681 638 ,ει
707 606 846 640 utriusque
869 611 965 639 nempe
992 604 1056 631 line.

265 654 342 689 Qtiod
352 654 423 682 enim
439 653 484 681 ille
496 653 571 681 cibus
586 652 652 680 nihil
664 659 762 679 novum
774 651 893 679 intulerit
907 671 916 684 ,
940 649 1032 685 adjicit
1047 659 1055 677 :

263 702 309 730 ιι),
326 701 416 728 Patres
430 701 504 728 vestri
518 699 733 726 manducaverunt
746 706 840 725 manna
854 697 880 724 in
899 697 1000 724 deserto
1010 717 1018 729 ,
1032 700 1056 723 et

264 748 358 775 mortui
370 751 438 774 sunt.
451 746 551 773 Deinde
568 745 593 772 id
609 745 741 780 pra'cipue
755 745 810 780 agit
820 748 848 771 ut
862 743 914 771 illis
925 742 1035 770 suadeat
1046 762 1055 775 ,

263 803 294 822 se
307 794 392 822 multo
409 792 557 828 majoribus
569 792 694 827 dignatos
705 799 766 819 esse
779 791 857 818 bonis
870 798 950 825 quam
966 793 1055 824 patres

263 842 381 874 ipsorum
395 860 403 872 ,
423 839 457 866 dc
478 839 569 874 Moyse
591 838 758 865 subobscure
780 837 892 872 loquens
904 835 977 863 etde
991 835 1055 862 viris

263 886 315 914 illis
344 884 521 913 mirabilibus.
546 884 607 911 Ideo
631 891 691 911 cum
707 883 819 910 dixisset
833 890 880 910 eos
898 882 941 916 qui
956 887 1053 908 manna

261 932 436 959 comederunt
449 935 570 958 mortuos
582 937 658 963 esse,
680 929 771 956 intulit
784 938 789 955 :
809 928 859 962 Qui
872 927 1007 954 mmtducat
1020 934 1053 953 ea

261 979 309 1005 hoc
319 985 401 1013 pane,
417 977 480 1004 vivet
502 977 528 1003 in
543 981 674 1003 tetanum.
693 974 760 1002 Illud
780 982 844 1002 vero
857 995 863 1006 ,
878 973 911 1000 In
930 974 1028 1000 deserto
1043 993 1051 1005 ,

262 1033 314 1052 non
328 1025 385 1052 sine
399 1030 477 1051 causa
492 1023 582 1059 posuit
598 1043 604 1054 ,
619 1022 666 1050 sed
693 1021 813 1049 indicans
828 1041 835 1053 ,
857 1019 922 1047 illud
939 1027 991 1047 non
1006 1019 1052 1047 diu

259 1070 371 1098 durasse
384 1091 391 1102 ,
408 1077 494 1104 neque
513 1069 540 1096 in
556 1073 653 1096 terram
668 1067 850 1103 promissionis
869 1066 985 1093 venisse.
1003 1065 1052 1094 Hic

258 1121 347 1145 autem
369 1117 445 1152 panis
460 1123 512 1143 non
526 1119 568 1143 est
583 1114 744 1149 hujusmodi.
767 1113 811 1141 5‘2.
832 1112 866 1140 Et
889 1113 962 1148 panis
976 1120 1051 1148 quem

258 1171 303 1198 ego
314 1163 389 1195 dabo,
402 1170 462 1189 caro
476 1170 531 1189 mea
542 1166 588 1194 est,
598 1169 674 1196 quant
687 1168 732 1196 ego
745 1159 819 1192 dabo,
833 1167 878 1195 pro
891 1159 979 1185 mundi
989 1159 1048 1186 vita.

257 1209 353 1237 Merito
365 1208 424 1244 quis
444 1207 566 1235 dubitans
578 1207 621 1234 hic
633 1205 770 1241 qumsierit
784 1225 791 1238 ,
805 1205 912 1232 curhoc
927 1209 1049 1240 tempore

257 1257 317 1283 lucc
327 1255 451 1289 loquutus
464 1254 510 1287 sit,
526 1261 585 1289 qua:
598 1253 663 1280 nihil
677 1252 846 1289 proﬁcerent.
856 1251 922 1279 nihil
932 1251 1048 1279 :cdilica-

257 1303 326 1333 rent,
338 1300 391 1327 imo
403 1299 490 1334 potius
503 1299 640 1327 :cdilicatis
655 1303 784 1326 nocerent
798 1299 818 1325 λ.
832 1297 874 1326 Ea:
882 1297 940 1331 hoc,
953 1297 1047 1332 inquit,

256 1345 329 1372 mulli
347 1353 379 1372 ex
391 1345 523 1381 discipulis
536 1346 591 1380 ejus
612 1349 678 1372 retro
690 1344 805 1371 obierunt
819 1343 928 1370 dicentes
939 1362 946 1376 ,
962 1343 1048 1370 Durus

255 1396 292 1418 ert
305 1390 345 1417 hic
358 1399 448 1422 sermo,
464 1391 519 1425 quis
532 1395 611 1425 potest
625 1398 682 1417 eum
694 1390 783 1417 audire
793 1390 806 1416 .9
815 1389 898 1417 Erant
908 1389 978 1416 enim
990 1388 1047 1416 lucc

255 1437 320 1465 solis
345 1437 483 1471 discipulis
509 1436 730 1464 communicanda
747 1457 754 1469 ,
771 1441 800 1463 ut
823 1435 964 1463 Mattiacas
985 1435 1045 1468 ait,

255 1483 366 1510 Seorsim
381 1483 528 1517 loquebatur
541 1483 577 1509 eis
591 1481 686 1518 (Mure.
700 1482 728 1510 4.
741 1481 796 1516 54).
812 1481 881 1516 Quid
894 1481 927 1508 ad
942 1481 992 1508 hoc
1002 1480 1045 1508 dio

253 1536 346 1556 cemus
361 1529 372 1556 ?
384 1535 506 1564 quaenam
521 1527 615 1555 horum
638 1528 738 1555 utilitas
752 1529 764 1555 '!
783 1527 875 1562 Magna
889 1531 962 1555 certe
976 1527 1045 1554 utili-

253 1580 294 1602 tas
304 1579 331 1601 et
344 1575 499 1602 necessitas.
511 1573 577 1608 Quia
586 1574 656 1601 enim
669 1573 802 1601 instabant
812 1573 900 1601 cibum
912 1576 1042 1608 petentes,

253 1620 300 1648 sed
320 1627 479 1655 corporeum
495 1641 503 1652 ,
519 1624 547 1647 et
561 1619 708 1654 majoribus
725 1620 780 1646 suis
802 1619 940 1655 praebitam
954 1627 1043 1646 escam

253 1671 432 1694 memorantes
445 1687 452 1699 ,
467 1673 565 1693 manna
588 1674 712 1701 magnum
734 1665 870 1701 quidpiam
885 1673 946 1693 esse
967 1665 1043 1693 dice-

253 1712 328 1744 bant,
341 1711 486 1739 ostendens
502 1711 544 1738 illa
558 1712 646 1739 omnia
662 1712 771 1747 ﬁgurata
783 1717 810 1740 et
825 1712 944 1739 umbram
959 1719 1020 1739 esse
1033 1732 1042 1745 ,

255 1758 326 1786 hunc
339 1765 402 1785 vero
414 1758 502 1785 cibum
514 1758 553 1785 rei
566 1758 705 1785 veritatem
714 1778 722 1790 ,
736 1765 825 1785 escam
841 1762 973 1785 memorat
987 1759 1042 1793 spi-

251 1804 385 1831 ritualem.
403 1804 437 1830 At
451 1823 458 1836 ,
476 1803 596 1837 inquies,
613 1802 755 1830 dicendum
771 1808 846 1836 erat,
861 1802 954 1831 Patres
962 1803 1042 1830 vestri

253 1849 483 1876 mamlumvcruut
497 1856 594 1876 manna
621 1849 646 1876 in
669 1848 793 1879 deserto.
809 1857 859 1884 ego
870 1857 933 1877 vero
946 1857 1041 1885 panem

251 1896 311 1923 dedi
327 1895 414 1923 vobis.
437 1895 489 1923 Sed
512 1903 636 1929 maguum
652 1901 709 1923 erat
724 1896 868 1925 discrimen
881 1906 887 1924 τ
900 1897 952 1924 hoc
965 1897 1041 1926 vidc-

250 1942 328 1969 batur
348 1941 436 1969 minus
449 1949 508 1969 esse
521 1962 528 1974 ,
542 1942 612 1978 quod
629 1941 693 1969 illud
705 1941 739 1970 dc
753 1943 819 1970 callo
845 1943 974 1975 venisset,
989 1945 1040 1971 hoc

249 1994 339 2016 autem
355 1995 452 2023 panum
466 1988 623 2016 miraculum
640 1987 665 2015 in
680 1993 750 2016 terra
771 1989 869 2016 factum
881 1994 961 2017 esset.
973 1990 1040 2023 Quia

249 2041 313 2068 ergo
332 2033 488 2068 quaerebant
507 2033 596 2060 cibum
611 2033 644 2061 de
658 2034 724 2061 caelo
737 2034 855 2062 delatum
871 2056 878 2068 ,
893 2034 954 2062 idco
967 2043 1041 2070 smpe

248 2078 354 2106 diccbat
367 2098 374 2111 ,
393 2078 431 2105 De
444 2078 507 2106 ctelo
521 2078 649 2105 descendi.
664 2079 692 2106 Si
704 2079 764 2114 quis
783 2087 846 2107 vero
866 2081 1017 2108 sciscitclur
1030 2101 1037 2113 ,

248 2134 296 2153 cur
305 2126 339 2154 de
351 2125 485 2162 mysteriis
499 2126 623 2160 IOquutus
632 2125 676 2159 sit,
691 2127 922 2161 respondebimus,
935 2132 1040 2163 tempus

247 2177 427 2207 opportunum
448 2172 530 2199 luisse
544 2171 601 2199 lucc
618 2171 737 2200 dicendi.
754 2173 820 2200 Nam
834 2173 977 2201 verborum
992 2174 1040 2202 ob-

247 2219 362 2245 scuritas
381 2218 529 2246 auditorem
549 2226 656 2254 semper
676 2219 774 2247 excitat
791 2240 798 2254 ,
821 2224 848 2247 et
867 2219 1038 2246 attentiorcm

251 2265 342 2292 el‘lieit.
359 2264 416 2291 Non
431 2272 495 2299 ergo
508 2264 605 2292 oll'cndi
619 2265 746 2300 oportuit,
761 2266 807 2292 scd
824 2265 910 2299 potius
926 2265 1039 2292 interro-

249 2317 323 2343 gare.
335 2309 412 2336 Nunc
423 2314 511 2336 autem
526 2310 563 2337 illi
576 2310 684 2337 abeunt.
706 2310 772 2338 Nam
785 2310 807 2337 si
824 2310 981 2345 prophetam
997 2309 1037 2344 ip-

249 2363 307 2382 sum
321 2363 381 2383 esse
398 2355 543 2382 credebant
558 2376 565 2387 ,
580 2355 658 2383 dictis
670 2355 781 2383 credere
799 2356 928 2391 oportuit.
948 2355 1039 2390 Itaque

247 2402 319 2435 quod
334 2401 427 2428 olTeusi
441 2401 503 2433 sint,
523 2401 548 2428 id
564 2409 597 2429 ex
612 2409 705 2428 corum
721 2402 872 2436 insipientia
884 2402 966 2433 venit,
984 2409 1036 2428 non

247 2455 279 2474 ex
294 2447 456 2474 obscuritate
476 2447 618 2474 sermonis.
641 2447 680 2475 Tu
703 2455 768 2475 vero
789 2447 944 2475 consideres
959 2448 1036 2475 velim

247 2492 382 2526 quomodo
393 2492 540 2528 discipulos
554 2500 617 2520 suos
631 2493 757 2528 paulatim
774 2494 872 2521 alliciat
887 2502 894 2526 ;
912 2494 936 2521 hi
964 2495 1035 2522 enim

245 2543 306 2566 sitat
316 2539 360 2573 qui
374 2539 474 2569 dicunt,
484 2538 563 2566 Verba
575 2540 631 2566 vita
640 2540 715 2567 [tabes
728 2549 793 2574 :quo
805 2541 895 2568 ibimus
908 2541 994 2577 (Joan.
1009 2543 1035 2570 6.

245 2584 303 2620 iis)?
316 2584 448 2612 Caeterum
458 2584 499 2612 hic
513 2592 542 2613 se
555 2585 676 2613 datorem
690 2585 764 2618 dicit,
779 2595 831 2614 non
844 2587 948 2615 Patrem
962 2597 968 2614 ε
983 2587 1036 2615 Pa-

245 2632 283 2657 nis
292 2632 301 2646 ’
311 2639 383 2665 quem
397 2639 442 2666 ego
458 2631 530 2663 dabo,
541 2639 600 2658 caro
610 2640 665 2659 mea
672 2637 708 2659 est
720 2641 766 2668 pro
776 2634 863 2661 mundi
873 2634 1034 2662 ri!a.Verum
1053 2670 1063 2682 ‘

302 2691 373 2722 gusta
385 2685 466 2722 Morel.
481 2686 614 2722 legendum
623 2692 728 2722 esset....
750 2689 906 2716 Ila'clocutus
918 2691 948 2716 sit
962 2709 967 2720 ,
981 2698 1036 2722 qua:

246 2718 362 2743 norninant
373 2718 789 2752 (edi/itareth_1mniniprodcsseut,
802 2722 849 2746 imo
860 2722 937 2752 potius
953 2718 1034 2748 ἠώιο-

245 2752 326 2782 ςυζσηι
337 2749 379 2779 qui
393 2753 463 2782 ante“
479 2749 594 2782 aztliﬁcuti
604 2749 681 2776 erant.

278 2781 287 2790 ·
299 2780 462 2817 invasos-ill”
476 2780 532 2816 post
547 2781 613 2817 illud,
625 2789 680 2807 suos
695 2782 811 2817 paulatim
822 2783 913 2809 alliciat
925 2804 931 2810 .
949 2785 1034 2817 lugen-

244 2811 301 2867 21in"
310 2816 389 2867 elssct:
404 2812 447 2837 m'c
458 2812 520 2838 enim
530 2819 554 2838 se
564 2813 661 2838 dantem
671 2811 772 2843 unum,
786 2821 832 2840 non
845 2820 939 2841 Patrem
950 2825 958 2842 :
973 2811 1033 2844 ἵνα.

271 2849 291 2867 ε.
307 2850 321 2867 e
333 2850 354 2866 ο.
368 2851 379 2866 ο

246 2848 291 2872 ’τισι
307 2848 354 2867 etc.
368 2851 379 2866 ο

640 135 660 162 S
690 132 826 162 JO.\NNIS
844 127 1080 161 ςιιιιιεοετοιιι
1101 129 1258 162 ARCHIEP.
1279 136 1545 167 CONSTANTINOP.

1852 140 1904 169 950

1116 197 1168 217 non
1179 191 1218 218 sic
1233 192 1317 220 turba:
1328 214 1337 228 ,
1350 195 1397 222 sed
1411 201 1504 224 contra
1515 217 1523 231 ,
1542 196 1630 224 Durus
1644 203 1679 224 est
1692 198 1733 225 hic
1745 206 1826 226 sermo
1838 219 1846 232 ,
1863 208 1903 227 m-

1111 236 1218 270 quiunt.
1236 237 1351 275 ideoque
1365 241 1505 270 recedunt.
1516 243 1597 278 Atqui
1613 251 1665 271 non
1681 252 1749 271 nova
1763 250 1840 278 erat,
1854 253 1901 274 no-

1112 290 1166 317 que
1190 285 1309 313 variabat
1333 286 1454 315 doctrina
1476 297 1484 315 :
1505 295 1566 316 nam
1590 289 1707 318 Joannes
1722 290 1786 318 illud
1800 291 1809 308 ⁶
1824 299 1902 326 supra

1113 327 1409 364 subindicavcrat,cum
1419 330 1526 368 Agnum
1538 334 1624 369 ipsum
1640 336 1753 363 vocavit.
1767 336 1822 364 Sed
1840 357 1848 369 ,
1864 337 1904 364 in-

1112 374 1199 407 quies,
1218 375 1266 410 ipsi
1280 384 1333 404 non
1346 377 1545 407 intellexerant.
1559 380 1615 408 Hoc
1637 386 1665 409 et
1684 389 1734 417 ego
1753 383 1815 410 novi
1831 391 1840 412 :
1855 383 1901 411 sed

1111 427 1200 456 neque
1216 422 1340 458 discipuli
1361 425 1386 452 id
1402 426 1532 454 sciebant.
1547 427 1613 455 Nam
1633 428 1655 455 si
1677 430 1900 457 resurrectionem

1112 467 1230 495 nondum
1242 469 1307 497 satis
1319 470 1393 498 clare
1410 471 1604 507 intelligebant,
1619 474 1732 510 ideoque
1743 475 1902 510 ignorabant

1110 512 1173 546 quid
1189 513 1253 541 illud
1269 520 1350 548 esset,
1365 516 1461 544 Solvite
1475 519 1596 554 (etapium
1608 520 1664 552 hoc,
1680 525 1702 547 et
1715 521 1741 547 in
1752 520 1833 548 nibus
1845 521 1900 548 die-

1112 557 1158 585 bus
1167 559 1281 587 excitabo
1294 561 1361 588 illud
1373 561 1383 598 (
1398 561 1477 590 Joan.
1489 564 1518 591 2.
1532 564 1566 591 19
1580 567 1589 599 )
1601 573 1608 597 ;
1624 565 1710 592 multo
1720 565 1808 594 minus
1819 574 1899 601 supra

1109 604 1179 632 dieta
1201 608 1342 640 capiebant
1357 629 1365 640 ,
1380 617 1439 643 qua:
1456 611 1610 638 obscuriora
1623 616 1710 639 erant.
1727 612 1805 646 Quod
1825 613 1897 641 enim

1109 651 1245 687 propheta:
1260 655 1485 691 surrexissent(a)
1499 677 1506 689 ,
1523 661 1628 690 norant,
1642 657 1705 685 licet
1718 658 1743 685 id
1753 658 1899 693 Scriptum

1109 706 1161 726 non
1176 700 1249 728 clare
1264 701 1354 729 dicant
1370 710 1377 728 ε
1392 702 1463 737 quod
1479 710 1542 730 vero
1557 710 1666 731 carnem
1683 705 1743 739 quis
1755 705 1899 733 manduca-

1108 746 1173 772 verit
1187 766 1194 778 ,
1209 754 1289 774 nemo
1304 755 1396 775 eorum
1410 748 1522 776 dixeral.
1540 750 1665 776 Attamen
1679 750 1898 786 obtemperabant

1106 792 1329 827 etsequebantur,
1344 798 1424 828 atque
1433 795 1725 831 contitebanturipsum
1740 797 1822 824 verba
1838 798 1897 825 vitze

1107 840 1215 864 acterna:
1235 838 1344 866 habere.
1371 839 1434 867 Illud
1455 841 1527 867 enim
1547 841 1668 876 discipuli
1691 846 1732 870 est
1747 863 1754 875 ,
1778 843 1896 878 magistri

1107 882 1186 910 verba
1201 891 1253 910 non
1263 885 1394 912 curiasius
1409 886 1554 921 inquirere,
1570 886 1618 914 sed
1633 887 1726 915 audire
1737 892 1765 915 et
1774 888 1895 924 obsequi,

1106 935 1137 956 ac.
1160 933 1266 964 tempus
1286 930 1318 958 ad
1341 932 1502 959 solutionem
1525 937 1706 968 opportunum
1729 940 1894 970 exspectare.

1104 974 1158 1001 Cur
1171 982 1236 1010 ergo
1254 977 1418 1004 contrarium
1431 998 1438 1010 ,
1459 978 1574 1011 accidit,
1599 979 1719 1013 inquient
1732 999 1740 1012 ,
1753 985 1780 1007 et
1794 985 1895 1008 retror-

1104 1027 1163 1047 sum
1178 1021 1322 1049 abierunt?
1336 1023 1363 1050 Id
1377 1031 1409 1050 ex
1424 1024 1528 1051 illorum
1542 1024 1692 1060 insipientia
1701 1026 1798 1053 evenit.
1808 1026 1895 1060 Quan-

1103 1066 1222 1094 dt'enim
1238 1068 1309 1096 subit
1320 1069 1439 1096 animum
1455 1069 1498 1097 illa
1517 1071 1648 1104 quaestio,
1665 1070 1816 1104 Quomodo,
1832 1076 1894 1099 tunc

1104 1119 1155 1139 una
1168 1112 1315 1147 ingreditur
1330 1114 1514 1142 incredulitas.
1530 1115 1574 1143 Sic
1586 1120 1614 1143 et
1625 1115 1786 1144 Nicodemus
1804 1116 1894 1144 turba-

1102 1157 1180 1185 batur
1191 1159 1300 1186 dicens:
1316 1159 1448 1193 Quomodo
1457 1165 1536 1195 potest
1547 1161 1622 1188 homo
1636 1161 1732 1188 intrare
1742 1161 1769 1188 in
1781 1166 1890 1189 ventrem

1101 1204 1188 1230 matria
1202 1204 1280 1232 sum!
1301 1205 1340 1233 sic
1361 1210 1388 1233 et
1412 1206 1438 1233 hi
1456 1214 1526 1234 nunc
1540 1206 1681 1234 turbantur
1691 1207 1811 1235 dicentes
1826 1217 1832 1234 :
1847 1209 1890 1236 52.

1102 1249 1234 1282 Quomodo
1249 1255 1329 1285 potest
1347 1251 1389 1278 hic
1410 1253 1481 1279 nobis
1494 1261 1595 1279 carnem
1609 1261 1680 1280 suam
1695 1253 1757 1280 dare
1770 1254 1805 1280 ad
1818 1263 1890 1281 mau-

1099 1296 1245 1323 ducandum
1255 1297 1269 1324 2
1282 1296 1348 1324 Nam
1364 1297 1387 1325 si
1402 1298 1477 1331 illud,
1489 1298 1636 1332 Quomodo,
1649 1299 1760 1334 inquiris
1772 1321 1781 1333 ,
1797 1308 1845 1327 cur
1857 1300 1890 1328 de

1100 1342 1214 1377 panibus
1229 1350 1282 1370 non
1297 1343 1365 1371 dicis
1376 1365 1383 1377 ,
1410 1344 1551 1378 Quomodo
1571 1345 1689 1380 quinque
1712 1353 1796 1380 panes
1811 1346 1837 1373 in
1854 1351 1890 1374 tot

1099 1388 1166 1416 alios
1178 1389 1363 1424 mnltiplicavit
1376 1389 1388 1416 ’ἰ
1401 1389 1468 1417 Nam
1488 1394 1551 1417 tunc
1565 1391 1679 1418 saturari
1700 1391 1831 1419 curabant
1843 1399 1888 1420 so-

1098 1433 1236 1462 lummodo
1248 1455 1255 1468 ,
1281 1442 1332 1463 nec
1343 1435 1550 1463 considerabant
1563 1436 1731 1464 miraculum.
1743 1437 1797 1465 Sed
1809 1445 1888 1472 expe-

1097 1480 1203 1512 rientia,
1219 1480 1332 1516 inquies,
1349 1485 1410 1508 tunc
1423 1481 1521 1509 docuit.
1537 1481 1607 1516 Ergo
1618 1481 1654 1509 ob
1663 1481 1736 1509 illam
1749 1483 1888 1517 experiem

1098 1526 1161 1553 tiam
1176 1525 1234 1554 haec
1247 1526 1352 1554 facilius
1364 1526 1437 1554 credi
1450 1527 1578 1562 oportuit.
1599 1526 1662 1555 ideo
1678 1535 1793 1563 namque
1808 1529 1881 1564 prius

1097 1572 1163 1599 illud
1183 1577 1235 1600 tam
1250 1573 1371 1600 mirabile
1382 1573 1514 1608 patravit,
1526 1577 1555 1601 ut
1568 1573 1614 1601 illo
1627 1573 1714 1602 edocti
1728 1594 1736 1607 ,
1750 1581 1803 1601 non
1819 1574 1887 1602 ultra

1096 1619 1175 1647 dictis
1186 1619 1264 1647 iidem
1278 1623 1417 1654 negarent.
1429 1619 1468 1646 Illi
1484 1619 1591 1654 quidem
1605 1624 1668 1647 tunc
1679 1620 1808 1654 temporis
1822 1619 1885 1647 nihil

1096 1666 1218 1693 utilitatis
1240 1673 1272 1694 ex
1296 1665 1373 1693 dictis
1388 1666 1559 1699 retulerunt,
1574 1673 1624 1693 nos
1644 1665 1730 1701 reipsa
1755 1665 1886 1693 beneﬁcio

1097 1711 1219 1738 fruimur.
1235 1711 1403 1748 Quapropter
1423 1711 1579 1739 discendum
1600 1711 1664 1747 quid
1678 1711 1713 1739 sit
1726 1711 1884 1739 miraculum

1096 1758 1284 1793 mysteriorum
1300 1779 1307 1791 ,
1323 1766 1371 1786 cur
1386 1758 1447 1786 data
1463 1759 1516 1786 sint
1530 1779 1538 1793 ,
1560 1766 1620 1794 quae
1641 1758 1748 1786 illorum
1773 1758 1883 1785 utilitas.

1097 1803 1181 1832 Unum
1198 1813 1290 1839 corpus
1300 1813 1395 1837 sumus,
1409 1804 1507 1839 inquit,
1521 1809 1545 1831 et
1559 1804 1670 1831 ntemer
1681 1812 1714 1832 ex
1723 1812 1800 1830 carne
1811 1809 1836 1830 et
1849 1812 1886 1830 oa-

1093 1850 1161 1877 sibus
1172 1850 1226 1885 ejus
1240 1850 1350 1886 (Ephcs.
1363 1850 1390 1878 5.
1404 1851 1438 1878 50
1486 1850 1582 1878 Initiati
1601 1850 1679 1878 dictis
1691 1850 1883 1886 obsequantur.

1132 1896 1158 1923 5.
1182 1895 1215 1923 Ut
1229 1903 1293 1931 ergo
1306 1904 1357 1923 non
1374 1897 1460 1924 solum
1484 1904 1533 1931 per
1545 1896 1713 1924 dilectionem
1722 1917 1730 1929 ,
1742 1896 1790 1923 sed
1804 1897 1882 1923 etiam

1094 1941 1191 1976 reipsa,
1205 1948 1266 1968 etim
1282 1941 1326 1969 illa
1339 1949 1420 1969 carne
1439 1941 1680 1970 commisceamur:
1702 1941 1727 1968 id
1740 1941 1812 1976 quod
1827 1941 1884 1968 elli-

1092 1987 1162 2014 eitur
1183 1994 1231 2022 per
1243 1987 1331 2014 cibum
1347 1995 1426 2022 quem
1453 1987 1498 2015 ille
1522 1987 1605 2020 dedit,
1622 1991 1650 2014 ut
1671 1987 1796 2014 ostendat
1809 1987 1883 2014 nobis

1093 2037 1193 2067 quanto
1207 2040 1269 2068 erga
1283 2040 1333 2060 uos
1347 2033 1446 2061 ferveat
1459 2040 1559 2060 amore.
1577 2033 1639 2060 Ideo
1661 2040 1691 2060 se
1711 2032 1790 2060 nobis
1811 2040 1882 2060 com-

1093 2079 1209 2110 miscuit,
1221 2083 1248 2106 et
1261 2079 1287 2106 in
1303 2086 1385 2106 unum
1397 2085 1496 2114 corpus
1508 2082 1591 2106 totum
1604 2077 1751 2110 constituit,
1764 2082 1792 2105 ut
1802 2086 1881 2105 unum

1092 2123 1187 2157 simus,
1202 2124 1278 2158 quasi
1294 2131 1392 2159 corpus
1415 2124 1537 2159 junctum
1561 2123 1652 2159 capiti.
1675 2123 1742 2151 Nam
1765 2122 1882 2151 ardentis

1092 2170 1192 2197 amoris
1217 2170 1268 2198 hoe
1288 2175 1330 2198 est
1355 2170 1493 2198 indicium.
1508 2170 1565 2198 Hoc
1577 2170 1749 2197 subindicans
1764 2169 1827 2202 Job,
1849 2169 1881 2197 de

1092 2216 1178 2243 servis
1202 2216 1258 2244 suis
1272 2216 1389 2250 dicebat,
1403 2225 1418 2244 a
1433 2217 1529 2252 quibus
1553 2217 1592 2244 sic
1612 2216 1762 2249 amabatur,
1777 2221 1807 2244 ut
1826 2216 1881 2250 ejus

1091 2261 1217 2288 carnibus
1238 2261 1380 2289 admisceri
1403 2266 1575 2297 peroptarent
1589 2270 1596 2288 :
1610 2266 1640 2289 ut
1657 2261 1728 2289 enim
1744 2262 1879 2289 ardentem

1091 2315 1210 2335 amorem
1230 2307 1422 2342 ostenderent,
1446 2307 1590 2335 dicebant:
1607 2307 1670 2341 Qui:
1695 2307 1737 2334 det
1762 2308 1833 2334 nobis
1851 2308 1881 2334 de

1090 2354 1207 2382 carnibus
1229 2355 1290 2387 suis,
1307 2360 1334 2381 ut
1353 2359 1496 2381 saturentur
1510 2354 1571 2390 (Job
1593 2354 1637 2381 51.
1665 2354 1734 2389 3|)?
1754 2353 1830 2388 Quod
1852 2359 1878 2381 et

1089 2401 1213 2429 Christus
1229 2401 1302 2435 fecit,
1317 2401 1351 2429 ad
1365 2401 1494 2436 majorem
1515 2408 1564 2428 nos
1581 2400 1724 2428 amicitiam
1741 2400 1879 2433 inducens,

1090 2452 1117 2475 et
1132 2455 1209 2474 suum
1223 2447 1299 2474 nobis
1310 2446 1498 2474 demonstrans
1513 2453 1650 2478 amorem;
1670 2453 1757 2480 neque
1771 2452 1801 2472 se
1816 2452 1879 2472 con-

1089 2492 1287 2528 cupiscentibus
1302 2492 1446 2520 videndum
1464 2491 1544 2520 modo
1558 2491 1690 2527 praebuit;
1704 2490 1752 2518 sed
1768 2495 1879 2526 tangen-

1089 2540 1164 2572 dum,
1177 2539 1382 2572 comedendum,
1396 2539 1522 2566 dentibus
1542 2537 1692 2570 terendum,
1704 2537 1879 2565 commiscen-

1089 2583 1153 2612 dum
1176 2593 1183 2617 ;
1240 2585 1456 2621 desideriumque
1469 2585 1588 2620 implevit
1599 2584 1801 2612 omne.Abilla
1815 2591 1878 2620 ergo

1120 2664 1128 2679 ι
1147 2663 1174 2687 In
1183 2662 1252 2688 savii.
1265 2661 1397 2694 legitur....
1410 2668 1455 2694 pro
1466 2661 1550 2694 mundi
1567 2662 1622 2687 vita.
1638 2666 1726 2686 Verum
1738 2668 1819 2694 ,Anova
1829 2661 1879 2687 Iure

1089 2694 1198 2726 doctrina
1206 2697 1249 2722 est.
1257 2692 1375 2726 inquiunt,
1383 2692 1525 2719 et'inuudita
1532 2700 1540 2717 :
1547 2697 1650 2726 {amnes
1663 2697 1742 2717 tamen
1748 2692 1821 2721 illud,
1831 2696 1878 2717 etc.

1088 2725 1178 2749 atorelli
1192 2724 1542 2756 lcctlonémsequitnur,quam
1553 2724 1615 2756 item
1627 2727 1749 2755 sequutus
1762 2727 1801 2748 est
1811 2728 1878 2756 Fran-

1087 2757 1165 2780 ciscus
1173 2757 1292 2780 Aretiuus.
1308 2754 1400 2780 Verum
1410 2754 1490 2780 ambae
1503 2754 1629 2786 lectiones,
1642 2754 1730 2786 siquis
1738 2759 1835 2781 attente
1845 2754 1878 2779 le-

1085 2791 1138 2816 gat,
1152 2787 1239 2811 eodem
1250 2787 1365 2811 redeunt.

1118 2818 1155 2848 (ιι)
1171 2819 1207 2841 sic
1219 2818 1309 2842 habent
1321 2817 1400 2842 omnia
1411 2816 1568 2848 exemplaria.
1581 2816 1626 2842 Sed
1637 2816 1714 2842 fateor
1726 2822 1775 2842 non
1788 2821 1877 2847 capere

1087 2856 1126 2874 me
1138 2849 1196 2880 quid
1205 2849 1243 2874 hic
1253 2850 1298 2874 sibi
1317 2848 1376 2874 velit
1386 2848 1577 2881 Chrysostomus.
