2031 3118
145 124 194 152 261

145 179 236 201 mensa
253 171 419 202 recedamus,
438 175 573 204 tamquam
586 169 676 196 Ieuttcs
691 169 777 202 ignem
793 167 934 201 spirantes,

145 217 252 246 diabolo
264 217 411 248 terribiles,
423 217 570 250 cogitantes
584 214 654 249 quod
670 214 793 248 sitcaput
805 216 935 244 nostrum,

145 269 171 291 ct
186 267 314 298 quantatn
331 262 407 289 nobis
430 261 599 288 dilectionem
624 259 784 287 exhibuerit.
809 259 937 286 Parentes

146 317 216 344 sa-pe
229 309 328 335 liberos
338 315 400 335 Suos
409 307 520 342 aliisque
529 307 639 333 alcndos
650 306 772 338 tradunt;
786 312 834 339 ego
844 308 937 332 centra

146 355 271 383 carnibus
286 355 345 381 illos
359 354 425 381 meis
440 353 492 384 alo,
509 353 639 387 meipsum
653 359 768 388 appono,
783 359 830 378 vos
844 358 937 378 omnes

145 401 249 429 nobiles
262 408 322 427 esse
335 400 404 432 volo,
418 403 444 427 et
471 399 568 426 bonam
590 398 622 425 de
639 398 732 425 tuturis
745 405 819 432 spem
833 397 935 425 adiero.

146 446 210 474 Nam
224 446 268 481 qni
292 446 318 472 in
335 445 385 472 hac
399 445 452 472 vita
470 451 499 471 se
513 444 589 471 vobis
611 443 732 474 tradidit.
750 443 832 470 multo
854 442 938 477 magis

146 495 171 520 in
197 493 284 520 l‘ntura
309 493 415 519 favebit.
432 491 526 518 Frater
545 498 606 518 esse
629 494 718 517 vester
731 489 811 522 volui,
829 492 939 523 propter

147 548 192 566 vos
205 547 376 567 contnntnem
391 538 468 565 habui
481 545 588 564 caruetn
601 541 628 564 et
640 536 795 571 sanguinem
807 544 813 561 :
831 542 936 562 rursum

148 587 221 613 vobis
234 593 345 613 carnem
366 590 393 612 et
407 585 564 620 sanguinem
577 583 653 610 trado
669 587 716 618 per
731 589 789 617 qua:
805 588 939 617 congcner

147 632 220 659 vobis
235 632 321 658 factus
338 638 407 658 sum.

181 678 321 714 Sanguinis
341 677 433 704 Christi
447 677 570 703 encmnia.
582 691 617 696 —
632 675 679 702 llic
692 675 800 709 sanguis
820 674 845 701 in
861 673 938 701 nobis

146 724 256 759 regiam.
272 723 446 757 lioridamque
466 722 575 750 exhibet
589 722 743 756 imaginem,
760 719 936 755 pulchritudi-

146 778 206 797 nem
223 770 292 804 parit
316 769 510 800 incredibilem,
525 769 621 795 anima:
643 768 807 796 nobilitatem
833 775 936 794 marce-

146 825 221 843 scere
243 824 295 843 non
318 817 392 849 sinit,
412 815 475 842 dum
502 815 655 850 frequenter
677 815 767 849 irrigat
791 819 818 841 et.
843 814 935 841 nutrit.

146 861 261 896 Sanguis
283 862 354 888 enirn
379 869 430 887 non
446 861 535 888 statim
562 861 587 887 iu
613 861 689 888 nobis
708 861 735 887 lit
750 868 782 887 ex
806 860 876 893 cibo,
891 860 937 887 sed

146 909 217 935 aliud
232 908 366 943 quidpiam
384 918 390 935 :
409 908 451 935 hic
472 915 536 937 vero
558 909 665 942 sanguis
685 907 824 934 confestim
846 907 938 942 irrigat

146 954 277 984 animant,
294 958 321 980 et
343 961 464 988 magnam
486 954 537 980 vim
559 954 634 980 indit.
651 953 699 980 llic
721 953 843 987 sanguisl
859 953 938 988 digne

146 1003 272 1033 acceptus
292 1000 427 1026 dmmonas
441 1000 531 1034 procul
546 999 629 1033 pellit,
646 1000 754 1034 angelos
769 999 801 1025 ad
819 1006 867 1025 nos
889 999 936 1026 ad-

148 1050 245 1078 vocat,
277 1046 416 1080 ipsumquc
440 1046 595 1081 angelorum
621 1046 771 1072 Dominum.
798 1046 938 1073 Darii-ones

146 1093 244 1127 quippe
261 1092 378 1127 fugiunt,
396 1092 439 1120 tibi
463 1093 552 1120 vident
574 1093 730 1128 sanguinem
752 1092 937 1125 Dominicum;

146 1143 291 1166 accurrunt
312 1143 400 1166 autem
425 1139 522 1175 angeli.
537 1139 586 1166 llic
603 1139 710 1174 sanguis
733 1139 834 1166 ell'nsus
855 1143 938 1166 lotttm

147 1184 239 1211 orbem
255 1184 368 1211 abluit‘.
387 1185 463 1212 Multa
479 1185 513 1211 de
528 1184 578 1212 hoc
591 1185 719 1220 sanguine
735 1184 827 1212 beatus
842 1184 939 1211 Paulus

147 1230 172 1257 iu
195 1230 316 1264 Epistola
331 1231 364 1257 ad
388 1230 515 1258 Hebraeos
540 1230 725 1266 philosophice
751 1230 870 1257 tradidit.
891 1230 940 1258 Hic

147 1278 256 1312 sanguis
270 1275 348 1313 a'dyta
363 1282 389 1305 et
403 1282 494 1304 sancta
509 1282 661 1304 sanctorum
677 1277 809 1312 purgavit.
826 1276 901 1310 Quod
917 1277 939 1304 si

147 1323 204 1357 ejus
229 1323 311 1358 ﬁgura
334 1328 434 1350 tantam
451 1323 503 1349 vim
520 1323 611 1350 habuit
627 1322 653 1350 in
676 1323 848 1349 IIehrmorum
871 1327 938 1349 lem-

147 1369 201 1402 pio,
224 1369 249 1394 in
269 1368 355 1395 media
380 1368 505 1404 Egypto,
532 1367 669 1395 hminibus
695 1375 831 1403 aspersus,
857 1367 940 1394 multo

147 1415 277 1449 majorem
294 1415 348 1449 ipsa
361 1415 457 1442 veritas
469 1414 559 1441 habet.
570 1414 618 1441 llic
629 1414 736 1449 sanguis
745 1422 817 1440 aram
831 1421 939 1441 auream

148 1460 266 1487 sacravit
280 1470 286 1487 ;
303 1460 361 1487 sine
376 1460 428 1487 hoc
443 1468 493 1487 non
507 1460 619 1486 audebat
632 1460 756 1494 princeps
770 1459 940 1486 sacerdotum

148 1507 174 1534 in
187 1506 265 1542 adyta
281 1506 392 1541 ingredi.
417 1507 465 1533 Hie
487 1507 595 1541 sanguis
610 1506 764 1533 sacerdotes
789 1506 940 1539 ordinabat,

149 1553 192 1580 hic
213 1553 238 1580 in
255 1553 346 1587 ﬁguris
360 1557 466 1588 peccata
490 1552 624 1579 abluebat.
638 1553 665 1579 Si
688 1552 717 1579 in
733 1552 824 1587 tiguris
840 1557 941 1578 tantam

149 1600 201 1627 vim
215 1599 320 1630 habuit,
335 1600 356 1627 si
375 1600 494 1626 umbram
516 1599 551 1625 ita
567 1606 640 1626 mors
654 1599 774 1632 horruit;
789 1599 940 1629 veritatem,

149 1654 252 1681 quaeso,
266 1651 392 1681 quantum
408 1645 582 1673 formidabit?
608 1645 655 1672 llic
669 1646 777 1679 sanguis
791 1645 862 1672 salus
878 1645 943 1671 alti-

150 1700 254 1719 marum
281 1697 430 1718 nostrarunt
452 1696 515 1718 est:
542 1692 592 1718 ltoc
611 1691 744 1718 abluitura
766 1692 870 1723 anima,
893 1690 942 1718 hoc

150 1743 276 1772 ornatur,
303 1738 354 1766 hoc
381 1738 530 1765 incenditur
555 1747 561 1765 :
589 1737 632 1765 hic
650 1738 709 1772 igne
734 1737 942 1772 splendidiorem

151 1790 268 1813 mentem
283 1789 402 1813 nostram
417 1785 505 1813 reddit
522 1792 529 1812 :
552 1784 595 1812 ltic
610 1785 720 1820 sanguis
732 1784 832 1811 cﬂ'usus
847 1783 941 1810 etrlum

152 1832 270 1866 pervium
289 1831 360 1858 fecit.

185 1878 212 1904 4.
233 1877 383 1904 Tremenda
401 1885 465 1905 vere
477 1877 602 1911 mysteria
616 1876 761 1907 Ecclesim;
779 1875 941 1903 horrendum

152 1931 215 1951 vere
229 1924 324 1951 altare.
339 1923 377 1951 Ex
392 1923 514 1958 paradiso
530 1923 589 1950 fons
603 1923 724 1950 scaturiit
737 1922 851 1949 sensiles
866 1922 941 1949 emit-

153 1972 212 1997 tens
240 1969 355 1997 lluvios:
371 1977 403 1997 ex
431 1969 481 1997 hac
507 1977 599 1997 tnensa
628 1969 687 1996 fons
714 1968 825 1996 scaturit
848 1968 943 1995 ﬂuvios

153 2016 278 2043 cmittens
294 2015 455 2051 spirituales.
470 2015 510 2043 Ad
525 2016 594 2043 hunc
609 2015 708 2043 fontem
728 2015 868 2049 eriguntur
891 2022 943 2040 non

154 2061 251 2088 salices
279 2062 466 2093 inlructuosae,
482 2061 529 2089 sed
553 2062 663 2089 arbores
688 2061 722 2088 ad
749 2061 834 2095 ipsum
850 2060 943 2087 caelum

156 2108 347 2142 pertingeutes,
366 2116 425 2143 qua:
444 2107 545 2135 fructus
559 2115 665 2142 semper
678 2106 829 2142 producunt
844 2111 945 2140 tempe-

157 2154 251 2185 stivos,
268 2153 312 2187 qui
336 2161 480 2188 numquam
503 2157 682 2181 marcescunt.
703 2152 731 2180 Si
755 2153 814 2187 quis
837 2156 944 2183 arstuat,

156 2198 227 2226 hunc
237 2198 315 2226 adeat
331 2198 441 2232 fontem,
450 2203 476 2226 et
488 2198 611 2226 ardorem
623 2201 763 2233 temperet.
773 2197 839 2225 Nam
851 2201 945 2225 aestuat

157 2244 238 2279 fugat,
253 2249 280 2270 et
295 2244 388 2271 adusta
402 2245 490 2271 omnia
506 2246 646 2278 refrigerat
662 2254 668 2271 :
687 2253 739 2271 non
760 2253 818 2278 qtae
835 2251 867 2270 cx
881 2243 946 2269 solis

157 2290 254 2317 atdore
269 2296 393 2324 :estuant,
408 2291 453 2318 sed
468 2299 526 2325 qum
543 2291 626 2324 igneis
650 2291 752 2324 sagittis
767 2295 859 2317 exusta
873 2295 943 2316 sunt.

158 2337 308 2372 Supernum
322 2337 394 2365 enim
415 2338 492 2365 habet
513 2338 672 2373 principium
686 2342 714 2365 et
733 2337 861 2369 radicem,
877 2337 947 2364 unde

189 2416 196 2430 '
215 2414 261 2440 Alii
270 2415 364 2446 leg-unt,
378 2414 417 2441 hic
427 2415 524 2446 sanguis
532 2414 654 2447 mysticus.

185 2447 194 2462 '
211 2450 282 2471 Juxta
295 2447 376 2471 Morel.
389 2447 530 2478 legendum,
543 2446 640 2478 eripuit,
654 2453 711 2478 pro,
725 2446 809 2472 abluit.

188 2478 198 2492 ³
217 2478 283 2501 ἰαί-ιιι
298 2478 368 2509 It'gil,
381 2476 526 2508 ludiﬁcatur,
537 2476 587 2508 pro}
599 2476 714 2502 uoluitur.

631 117 663 146 IN
682 113 838 144 JOANNEM
860 111 975 140 IIOMIL.
997 111 1100 142 XLV".
1119 116 1154 143 al.
1176 117 1268 146 XLVI.

1728 120 1781 151 E6?

991 167 1018 190 et
1032 163 1165 198 irrigatur.
1183 165 1219 191 Ex
1243 164 1292 191 hoc
1314 164 1387 193 fonte
1410 165 1484 193 multi
1508 166 1557 193 rivi
1579 174 1698 201 manant,
1713 179 1780 204 quos

991 209 1257 241 emittiti‘araeletus,
1267 211 1365 246 Filinsq
1371 220 1401 238 m-
1410 213 1540 240 mediator
1547 218 1602 240 est:
1612 222 1663 241 non
1674 215 1782 244 bidente

990 255 1060 281 viam
1085 260 1170 287 parat,
1185 255 1229 282 sed
1255 255 1376 283 allectum
1393 263 1513 284 nostrum
1530 259 1624 292 aperit.
1650 259 1698 287 llic
1722 260 1782 288 fons

992 299 1058 326 lucis
1073 305 1124 332 est,
1141 302 1260 328 veritatis
1275 303 1362 329 radios
1378 303 1536 331 diffundens.
1554 305 1618 332 Huic
1638 306 1718 332 etiam
1735 307 1781 334 ad-

991 349 1062 371 stant
1090 340 1219 379 supernm
1236 347 1366 380 virtutes,
1393 349 1528 376 alveorum
1555 351 1779 384 pulchritudinem

993 391 1127 418 intuentes
1145 400 1150 416 ι
1168 392 1227 424 quia
1243 392 1340 419 clarius
1364 395 1506 427 proposita:
1528 396 1568 422 rei
1580 397 1642 427 vim,
1659 402 1685 424 et
1709 397 1780 424 inac-

990 445 1082 464 cessus
1105 438 1194 464 radios
1216 439 1388 472 perspiciunt.
1405 439 1438 466 Ut
1451 440 1521 466 enim
1538 441 1559 467 si
1577 442 1636 475 quis
1653 443 1677 469 in
1695 443 1779 477 liquev

991 484 1087 512 factum
1102 493 1196 512 aurum
1213 493 1319 512 tnanttnt
1341 487 1381 513 vel
1405 488 1518 520 linguam
1534 489 1641 522 injiciat,
1655 492 1675 516 si
1693 496 1779 519 tamen

991 529 1016 556 id
1030 531 1085 556 lieri
1105 531 1198 564 possit,
1213 533 1301 558 statim
1318 532 1463 558 inauratam
1479 533 1583 565 reddit;
1599 535 1623 560 id
1647 539 1778 570 proposita

991 577 1115 612 mysteria
1133 577 1210 611 longe
1223 578 1316 604 melius
1331 578 1426 604 animm
1441 584 1573 612 praestant,
1593 580 1699 607 Flurius
1709 584 1779 609 enim

992 622 1050 656 igne
1071 624 1216 650 ferventius
1234 623 1343 656 ebullit;
1369 629 1394 650 at
1410 632 1461 650 non
1486 625 1546 657 urit,
1562 626 1608 652 sed
1626 627 1705 653 abluit
1722 633 1780 654 tan-

992 673 1057 695 lllltl.
1079 668 1154 696 Hunc
1173 669 1327 703 sanguinem
1340 670 1403 696 olim
1427 671 1630 704 prmligurabant
1644 672 1668 697 in
1689 672 1781 699 altari-

991 714 1050 746 bus,
1064 715 1089 741 in
1105 715 1228 749 legitimis
1239 715 1373 742 CTtIibtls:
1388 715 1436 742 hoc
1451 721 1492 742 est
1505 717 1577 743 orbis
1591 717 1714 750 pretium,
1733 718 1783 744 hoc

991 765 1032 787 est
1045 768 1097 794 quo
1111 761 1233 787 Christus
1258 761 1402 788 Ecclesium
1427 762 1506 792 emit,
1530 763 1579 789 hoc
1605 763 1676 788 illaut
1700 767 1781 789 totam

991 806 1105 832 ornavit.
1123 806 1154 833 Ut
1167 807 1238 832 enim
1254 807 1298 840 qui
1313 814 1405 834 servos
1418 808 1490 838 emit,
1506 815 1598 834 aurum
1615 808 1669 837 dat.
1685 812 1712 835 et
1725 808 1782 834 illos

991 851 1013 876 si
1030 858 1126 877 ornare
1146 851 1219 884 velit,
1236 859 1301 878 auro
1315 856 1391 878 ornat
1405 861 1411 879 :
1427 851 1460 878 ita
1476 857 1503 878 ct
1516 852 1636 878 Christus
1657 860 1705 879 nrs
1719 860 1781 879 san-

991 897 1069 930 guine
1082 903 1130 922 suo
1145 902 1171 923 et
1182 897 1404 923 emitetornaiit.
1414 897 1462 931 Qui
1480 897 1558 931 hujus
1572 898 1708 932 sanguinis
1722 906 1783 933 par-

992 943 1084 976 ticipes
1098 948 1169 975 sunt,
1184 950 1243 969 cum
1258 943 1358 977 angelis
1381 948 1452 969 stant
1467 948 1493 969 et
1508 943 1676 977 archangelis
1690 948 1717 972 et
1737 952 1783 971 su-

991 988 1081 1022 peruis
1097 989 1281 1021 potestatibus,
1294 989 1364 1022 regia
1376 988 1473 1015 Christi
1487 990 1553 1016 stola
1569 990 1651 1017 induti
1664 995 1691 1017 et
1703 991 1783 1017 armis

992 1033 1173 1067 Spiritualibus
1192 1033 1323 1060 instructi.
1341 1034 1394 1060 Sed
1420 1035 1483 1060 nihil
1509 1042 1631 1068 magnum
1656 1035 1784 1064 hactenus

991 1079 1045 1106 dixi
1063 1087 1069 1105 :
1087 1088 1145 1106 naut
1165 1079 1221 1114 ipso
1238 1084 1300 1106 sunt
1323 1079 1407 1106 induti
1432 1088 1504 1114 rege.
1520 1080 1571 1106 Sed
1596 1081 1664 1107 sicut
1685 1089 1728 1108 res
1743 1086 1783 1108 est

992 1133 1086 1160 magna
1109 1129 1136 1152 et
1158 1126 1304 1152 mirabilis:
1320 1125 1353 1152 ita
1375 1126 1398 1152 si
1418 1134 1476 1152 cuin
1491 1126 1606 1160 puritate
1627 1127 1782 1159 accesseris,

992 1171 1024 1197 ad
1051 1170 1164 1198 salutem
1189 1171 1339 1203 accessisti;
1355 1171 1376 1198 si
1392 1179 1451 1198 cum
1473 1171 1539 1197 mala
1558 1171 1734 1202 ecuscientia.
1751 1171 1783 1198 ad

993 1216 1150 1250 supplicium
1165 1221 1192 1243 et
1212 1216 1348 1242 ultionem.
1372 1215 1420 1249 Qui
1439 1216 1505 1242 enim
1526 1216 1672 1248 manducal,
1688 1217 1782 1251 inquit,

993 1267 1015 1288 et
1036 1262 1095 1288 bibit
1116 1262 1217 1296 indigne
1242 1261 1365 1293 Domino,
1383 1261 1509 1297 judicium
1534 1262 1579 1288 sibi
1603 1262 1738 1288 nutnducat
1763 1267 1784 1288 et

994 1307 1054 1334 bibit
1071 1308 1109 1343 (Ι.
1122 1307 1180 1334 Cor.
1198 1308 1241 1334 11.
1260 1306 1316 1341 29).
1331 1307 1357 1334 Si
1374 1308 1461 1342 itaque
1477 1307 1493 1334 ii
1507 1307 1550 1341 qui
1568 1307 1665 1340 regiam
1683 1314 1782 1341 purpu-

994 1361 1049 1380 ram
1073 1354 1221 1388 inquinant,
1238 1360 1268 1380 ac
1290 1354 1311 1380 si
1335 1353 1526 1385 discinderent,
1543 1353 1705 1387 puniuntur:
1722 1353 1784 1386 quid

994 1399 1089 1426 mirum
1105 1400 1125 1426 si
1138 1399 1154 1426 ii
1166 1400 1210 1434 qui
1222 1399 1358 1426 immutqu
1369 1399 1458 1425 animo
1472 1398 1522 1425 ltoc
1530 1406 1627 1431 corpus
1641 1398 1781 1432 accipiunt,

994 1445 1064 1472 idem
1085 1446 1196 1472 subeant
1218 1444 1387 1478 supplicium,
1403 1443 1474 1478 quod
1498 1444 1514 1470 ii
1536 1443 1581 1476 qui
1605 1443 1667 1469 illud
1688 1451 1788 1476 corpus

994 1491 1079 1519 clavis
1107 1490 1321 1518 transtixeruut?
1345 1489 1409 1517 Vide
1432 1497 1510 1524 quam
1539 1489 1657 1516 terribile
1689 1490 1785 1516 Paulus

995 1538 1119 1565 exhibeat
1127 1538 1284 1571 supplicium
1295 1546 1301 1564 :
1315 1537 1419 1563 Irritam
1428 1537 1483 1570 quis
1493 1536 1587 1569 faciens
1599 1535 1676 1571 legem
1689 1534 1783 1570 Moysi,

995 1585 1049 1611 sine
1063 1583 1116 1610 ulla
1129 1583 1289 1610 miseratione
1301 1582 1397 1609 duobus
1407 1582 1445 1609 vel
1455 1581 1533 1608 tribus
1544 1581 1646 1608 testibus
1663 1581 1784 1608 moritur:

995 1636 1088 1667 quanto
1107 1630 1187 1665 magis
1215 1630 1309 1664 putatis
1333 1628 1457 1655 deteriora
1477 1628 1568 1654 mereri
1591 1627 1726 1662 supplicia,
1742 1627 1784 1662 qui

996 1677 1020 1704 F
1022 1678 1092 1704 ilium
1106 1676 1155 1703 Dei
1172 1675 1365 1707 conculcaverit,
1378 1678 1400 1700 et
1414 1674 1561 1708 sanguinem
1575 1678 1715 1700 lettltntlenlt
1730 1673 1786 1707 pot-

996 1722 1077 1749 Iulum
1098 1722 1212 1752 duxerit,
1229 1721 1255 1747 in
1273 1728 1321 1755 quo
1333 1719 1504 1753 sanctiﬁcata:
1524 1723 1559 1745 est
1575 1717 1666 1754 (Hebr.
1683 1718 1725 1744 10.
1739 1718 1784 1745 28.

995 1769 1060 1804 29)"!
1074 1768 1248 1795 Attendamus
1261 1767 1339 1801 igitur
1351 1765 1430 1792 nobis
1443 1764 1626 1799 ipsis,dilecti,
1635 1771 1694 1790 cum
1707 1764 1786 1790 tantis

995 1815 1114 1843 fruamur
1138 1814 1231 1845 bonis;
1248 1818 1274 1840 et
1297 1820 1358 1839 cmn
1372 1817 1449 1846 turpe
1462 1810 1596 1845 quidpiam
1620 1810 1692 1845 Ithm
1715 1810 1786 1837 subit

996 1862 1124 1893 animum,
1140 1860 1180 1886 vel
1204 1858 1310 1894 quando
1326 1859 1374 1890 ira,
1390 1858 1430 1884 vcl
1455 1863 1536 1892 pravo
1552 1856 1675 1891 quopiam
1691 1855 1786 1882 :tﬂ'eetu

996 1915 1045 1935 nos
1071 1906 1168 1940 corripi
1195 1905 1339 1936 cernimus,
1357 1903 1494 1930 nobiscum
1516 1907 1670 1936 reputetnns
1692 1901 1787 1936 quibus

995 1953 1096 1989 dignati
1111 1953 1194 1979 simus
1210 1950 1354 1980 beneﬂciis,
1364 1956 1442 1983 quem
1454 1948 1581 1982 Spiritum
1595 1946 1787 1981 aecoperituus.

997 2000 1059 2028 “me
1069 1998 1193 2033 cogitatio
1208 2001 1313 2023 nostros
1325 1994 1498 2028 temperabit‘
1514 1993 1633 2020 affectus.
1645 1992 1788 2026 Quousque

996 2047 1067 2074 enim
1093 2045 1172 2071 rebus
1185 2041 1360 2078 pratsentibus
1375 2040 1554 2067 hmrebimus?
1577 2047 1715 2074 quousrpie
1736 2047 1787 2064 non

997 2090 1194 2118 excitabimur?
1211 2094 1350 2123 quousque
1366 2086 1463 2113 nnllatu
1478 2084 1570 2112 salutis
1585 2089 1682 2111 nostrai:
1697 2091 1787 2110 curam

998 2135 1174 2164 habebimus?
1189 2133 1341 2168 Cogitemus
1354 2131 1511 2165 quibusnam
1527 2138 1574 2156 nos
1588 2130 1656 2156 Deus
1667 2129 1790 2163 dignatus

999 2183 1043 2214 sit,
1064 2181 1163 2216 gratias
1186 2185 1306 2214 agamus,
1327 2177 1436 2212 gIttrlntll
1454 2175 1610 2204 referamus.
1636 2182 1688 2201 non
1711 2174 1789 2201 modo

1000 2236 1048 2264 per
1059 2227 1148 2257 ﬁdem,
1163 2225 1208 2252 sed
1225 2225 1303 2251 etiam
1321 2231 1366 2257 per
1379 2230 1458 2256 opera
1471 2230 1477 2247 :
1499 2226 1528 2248 ut
1544 2221 1631 2247 futura
1645 2227 1790 2254 consequa-

1001 2282 1060 2301 Iltltl'
1076 2273 1155 2302 bona,
1171 2269 1252 2305 gratia
1269 2273 1295 2296 et
1315 2267 1478 2302 benignitate
1501 2266 1603 2292 Ilomiui
1624 2265 1706 2292 nostri
1729 2265 1791 2292 .lrsu

1000 2318 1110 2349 Christi,
1121 2317 1227 2352 qtticutn
1245 2314 1314 2342 I’atri
1330 2313 1424 2348 gloria,
1435 2320 1486 2338 una
1500 2319 1559 2338 cum
1575 2315 1666 2337 sancto
1679 2310 1790 2343 Spiritu,

1001 2372 1073 2393 nunc
1084 2370 1110 2391 et
1122 2369 1229 2397 semper
1242 2366 1268 2388 et
1283 2361 1309 2387 in
1324 2359 1423 2386 saecula
1436 2357 1609 2385 saeculorum.
1626 2357 1721 2383 Amen.

1036 2465 1044 2482 ί
1063 2462 1110 2488 Alii
1122 2461 1223 2489 habent,
1238 2459 1361 2489 temperet.

721 2502 1796 2525 Ἀ

831 2547 933 2577 ΗΟΜΙ
940 2548 1005 2577 LIA
1036 2543 1152 2577 XLVII.

159 2599 220 2626 Car.
242 2598 268 2629 6,
297 2606 321 2624 v.
342 2598 385 2625 55.
409 2597 478 2625 Dixit
500 2606 559 2633 ergo
579 2598 614 2624 eis
636 2597 711 2624 Iesus
730 2605 739 2624 :
760 2597 856 2628 Amen,
880 2605 953 2623 amen

195 2645 251 2671 dico
265 2643 344 2675 vobis,
358 2644 406 2670 nisi
425 2643 635 2670 mttttducaveritis
653 2651 754 2669 carnem
771 2642 832 2669 Filii
845 2642 953 2668 Itominis

195 2696 216 2716 et
228 2689 340 2716 bvberitis
351 2690 405 2724 ejus
423 2689 580 2724 sanguinem,
596 2697 645 2714 non
657 2688 777 2715 habebitis
789 2689 865 2714 vitam
879 2693 953 2714 (Βίεν-

196 2744 255 2762 nam
280 2736 305 2762 in
329 2735 407 2761 vobis.
423 2735 467 2763 54.
485 2735 535 2767 Qui
556 2740 639 2761 autem
654 2734 788 2760 manducet
804 2741 884 2759 meum
898 2742 954 2759 rur-

197 2791 271 2814 netn,
295 2787 318 2808 et
343 2781 402 2808 bibit
428 2789 510 2808 meum
535 2781 703 2816 sanguinem,
735 2779 807 2806 liabet
829 2780 906 2806 vitam
928 2779 954 2804 in

197 2834 272 2855 semel
276 2829 340 2862 ipso.

202 2875 224 2902 l.
244 2875 312 2903 Cum
328 2875 361 2904 de
386 2874 466 2903 rebus
489 2873 670 2910 spiritttalibns
693 2873 864 2906 disserimus,
887 2870 951 2899 nihil

1005 2594 1133 2623 smeulare
1156 2591 1191 2618 sit
1210 2590 1236 2617 iu
1258 2587 1354 2616 animis
1377 2585 1486 2615 nostris,
1505 2583 1568 2610 nihil
1590 2587 1733 2614 terrenum,
1749 2581 1794 2608 sed

1007 2641 1048 2668 bis
1062 2637 1184 2666 omnibus
1198 2634 1327 2662 abdicatis
1340 2639 1370 2658 ac
1383 2628 1616 2664 (IcpltISIS,tIIVitlIS
1630 2627 1796 2654 scrmmiibus

1007 2687 1054 2714 toti
1068 2685 1229 2711 horreamus.
1243 2681 1308 2707 Nam
1334 2678 1355 2705 si
1371 2684 1432 2711 rege
1447 2677 1473 2702 in
1495 2675 1585 2701 urbem
1607 2673 1738 2702 veniente.
1758 2677 1796 2698 tu-

1005 2732 1105 2760 multus
1129 2728 1216 2756 omnis
1235 2725 1392 2760 depellitur;
1414 2721 1497 2748 multo
1521 2719 1603 2753 magis
1625 2718 1723 2752 Spiritu
1749 2725 1796 2744 nos

1007 2778 1170 2811 alloquente,
1194 2779 1254 2799 cum
1277 2769 1359 2797 multa
1382 2767 1481 2802 quiete,
1505 2772 1565 2792 cuin
1587 2764 1670 2790 multo
1696 2768 1797 2790 terrore

1007 2809 1099 2851 audire
1123 2829 1172 2848 nos
1197 2827 1244 2854 par
1269 2821 1319 2844 est.
1338 2815 1455 2843 Horrore
1473 2818 1588 2846 namque
1613 2810 1692 2845 digna
1720 2809 1798 2837 hodie

1010 2870 1076 2898 lecta
1092 2872 1164 2895 sunt.
1180 2865 1244 2894 Audi
1267 2863 1348 2891 euitn.
1374 2860 1452 2886 Amen
1471 2858 1527 2884 dico
1542 2855 1619 2889 vobis,
1636 2855 1729 2891 inquit,
1746 2854 1796 2881 uiti
