2031 3118
248 149 300 178 265

249 206 304 239 quia
319 201 505 230 manducauerit
518 205 618 226 carnem
639 206 733 230 meum,
747 203 769 224 et
788 195 875 223 biberit
889 193 1036 229 sanguinem

249 256 399 277 nmtmmort
410 245 507 273 habebit
517 244 594 271 vitant
605 244 630 270 in
640 243 797 277 scntctipso‘.
805 240 870 275 Quia
883 240 954 275 prius
962 238 1038 265 dixe-

250 299 310 322 rant
333 293 358 320 id
374 289 538 326 impossibile
553 297 623 320 esse,
640 288 758 316 ostendit
782 287 807 314 id
823 294 875 313 non
891 284 971 312 modo
985 291 1039 310 non

251 337 433 373 impossibile,
467 337 515 364 sed
541 336 621 363 etiam
652 334 730 361 valde
758 331 937 360 necessarium
969 336 1038 356 esse.

249 383 428 416 Quamobrem
445 382 533 411 subdit
548 390 554 408 :
572 381 621 414 Qui
642 379 778 406 mandunt
800 385 880 404 meum
892 383 1004 406 carnem,
1016 379 1040 401 et

250 431 310 457 bibit
325 437 407 458 meum
420 429 577 464 sanguinem.
589 425 662 454 habet
675 426 752 452 vitam
764 429 894 456 dict-nam,
908 426 932 449 et
945 429 990 456 ego
1001 428 1040 447 re-

251 475 380 504 attscitabo
388 483 443 502 eum
463 475 490 501 in
510 473 643 501 novissimo
655 472 705 498 die.
718 470 784 505 Quia
799 470 869 497 enim
882 468 994 497 dixerat,
1010 466 1041 494 Si

251 522 307 556 quis
322 520 511 548 manducauerit
522 527 554 546 ea:
566 518 613 545 Itoc
635 525 710 552 pane,
727 525 778 543 non
791 515 909 542 ntorictrtr
921 513 947 540 in
969 518 1042 540 ater-

253 574 335 598 nnm;
356 564 555 600 verisimileque
572 568 629 592 erat
648 563 709 590 hinc
723 561 783 589 illos
801 561 917 587 offensos
931 558 997 590 fore,
1013 562 1043 585 ut

254 615 326 648 prius
345 620 405 641 cum
425 612 556 642 dicerent,
583 609 711 637 Abraham
732 612 846 634 mortuus
866 610 913 638 est,
935 609 958 632 at
980 612 1041 639 pro-

254 660 335 694 pheta:
352 658 445 686 mortui
458 662 526 688 sunt,
543 661 566 683 et
579 654 704 690 quomodo
729 659 757 680 tu
778 653 852 683 dicit,
869 660 918 679 non
933 650 1043 686 qut/abit

255 704 384 731 ntartem.’
408 702 628 731 resurrectionem
650 700 723 734 ponit
736 699 843 727 solvens
855 697 1042 732 qumslioncm,

254 755 281 777 et
301 749 444 777 ostendens
459 756 513 775 non
528 747 684 774 moriturum
708 752 769 772 eSSe
793 751 876 778 usque
902 743 927 769 in
949 741 1039 768 litium.

256 796 422 830 Frequenter
441 799 530 822 autem
546 793 571 820 iu
587 791 721 827 mysteriis
736 794 870 822 versatur,
880 792 909 815 ut
921 786 1045 814 ostendat

254 848 332 875 quam
347 840 495 868 necessaria
511 847 556 866 res
571 839 616 871 sit,
631 842 658 866 et
671 837 741 872 quod
760 836 870 863 omnino
887 834 944 861 fieri
964 841 1044 868 opor-

256 891 318 913 teat.
331 885 396 912 Nam
410 885 454 912 55.
468 884 532 912 Caro
546 892 600 910 mea
611 891 667 910 vero
677 888 711 910 cu
724 883 803 913 cibus,
816 886 838 907 ct
851 881 954 915 sanguis
974 887 1045 906 meus

255 938 310 957 vere
323 935 360 958 est
379 935 463 965 potus.
477 929 544 962 Quid
557 929 607 956 sibi
622 928 677 955 vult
697 927 781 954 illud?
805 927 859 954 Aut
872 926 928 953 vult
942 925 1044 960 signifi-

254 984 326 1007 care,
343 976 413 1002 hunc
437 982 497 1002 esse
512 982 601 1001 verum
618 974 722 1005 cibum,
738 972 781 1007 qui
802 972 917 999 animam
938 975 1042 1002 servet;

255 1027 300 1048 aut
316 1022 371 1049 vult
385 1021 464 1048 dictis
486 1021 544 1048 suis
567 1020 645 1047 fidem
669 1019 766 1051 facere,
782 1026 815 1045 ne
829 1022 921 1053 putent
935 1017 959 1044 id
973 1016 1043 1051 quod

255 1069 356 1095 dictum
371 1067 429 1098 fuit,
445 1067 556 1101 a-uigma
572 1066 612 1094 vel
628 1065 779 1101 parabolam
793 1072 853 1092 esse
863 1084 871 1096 ,
891 1063 938 1091 sed
960 1063 1045 1090 sciant

255 1118 379 1148 oportere
406 1112 514 1139 omnino
537 1119 634 1145 corpus
658 1110 810 1138 comedere.
824 1109 924 1136 Deinde
936 1108 984 1141 ait,
998 1108 1042 1136 56.

257 1159 307 1191 Qui
321 1157 457 1185 manducat
477 1165 558 1184 meam
577 1164 688 1189 carnem,
709 1157 735 1182 in
750 1164 789 1183 me
813 1159 908 1188 manet,
923 1159 952 1181 ut
963 1154 1047 1189 signi-

257 1205 318 1232 ticet
338 1203 409 1239 quod
432 1211 461 1231 se
475 1211 535 1231 cum
552 1203 609 1237 ipso
624 1202 779 1230 admisceat.
797 1201 872 1235 Quod
887 1206 974 1228 autem
1000 1208 1045 1229 se-

256 1250 355 1284 quitur,
368 1256 420 1276 non
431 1247 567 1276 cohaerere
584 1248 700 1279 videtur,
717 1247 767 1274 nisi
781 1246 958 1274 attendamus.
968 1246 1045 1280 Quas,

256 1296 352 1330 inquit,
369 1299 410 1322 est
423 1294 622 1327 Consequentia,
635 1292 898 1328 postquamdixerat,
913 1293 963 1327 Qui
973 1301 1046 1319 man-

256 1342 331 1368 ducat
353 1349 433 1368 meam
459 1349 570 1371 carnem,
586 1341 612 1367 in
637 1349 676 1368 me
697 1345 790 1372 manet,
813 1339 983 1374 subjungere,
998 1339 1045 1367 57.

257 1388 330 1415 Sicut
349 1387 415 1413 misit
434 1395 474 1414 me
494 1387 576 1413 vivens
591 1385 679 1418 Pater,
696 1386 732 1412 ita
753 1390 776 1413 et
798 1393 843 1421 ego
867 1385 921 1412 vivo
945 1390 1046 1420 propter

258 1433 385 1461 Patrem?
408 1433 463 1460 ltno
490 1433 547 1459 lucc
562 1439 682 1466 magnam
712 1431 811 1459 habent
833 1431 1045 1458 consonantiam.

257 1479 323 1507 Nam
338 1486 398 1506 cum
413 1479 493 1506 vitam
508 1482 636 1505 arternam
652 1485 722 1512 saepe
737 1477 856 1509 dixisset,
871 1477 903 1504 ad
930 1476 956 1504 id
980 1484 1046 1504 con-

257 1524 416 1551 firmandum
440 1523 522 1555 addit,
546 1522 578 1550 In
591 1531 630 1550 me
643 1527 734 1550 manet.
753 1523 780 1550 Si
800 1523 870 1549 enim
887 1523 913 1549 in
931 1529 976 1550 me
988 1529 1046 1549 ma-

258 1575 312 1601 ucl.
335 1573 362 1597 et
375 1577 424 1604 ego
439 1569 509 1601 vivo,
526 1568 612 1603 palam
629 1574 669 1596 est
691 1573 717 1595 et
740 1568 813 1595 illum
829 1575 888 1596 esse
903 1568 1044 1595 victurum.

258 1615 359 1642 Deinde
373 1615 433 1642 ait:
457 1615 528 1642 Sicut
550 1614 617 1641 misit
641 1622 681 1641 me
705 1615 787 1642 vivens
810 1613 898 1641 Pater.
923 1614 985 1641 Haec
1006 1618 1048 1641 est

258 1660 422 1695 camparatio
435 1664 460 1687 et
474 1660 631 1690 similitudo,
641 1668 672 1687 ac
685 1661 707 1686 si
718 1660 828 1692 diceret,
838 1660 905 1686 Vivo
918 1667 968 1693 ego
980 1660 1048 1687 sicut

258 1711 282 1733 et
308 1706 396 1732 Pater.
420 1705 452 1732 Et
472 1713 504 1732 ne
521 1705 665 1739 ingenitum
691 1710 808 1740 putares,
822 1705 911 1731 statim
935 1704 1046 1736 addidit,

261 1751 369 1784 Propter
394 1749 508 1783 Patrem,
525 1757 577 1776 non
602 1749 672 1784 quod
695 1750 849 1784 operatione
875 1749 988 1783 quadam
1015 1748 1048 1776 ad

259 1795 400 1822 vivendum
416 1802 484 1830 opua
500 1794 605 1822 habeat.
616 1793 744 1828 Superius
755 1794 827 1821 enim
841 1796 909 1821 hanc
922 1801 1048 1821 amovens

261 1840 440 1874 suspicionem
465 1840 571 1867 diccbat
598 1848 605 1866 :
631 1839 706 1867 Sicut
729 1838 806 1866 Pater
833 1839 906 1866 habet
925 1839 1001 1865 vitam
1022 1840 1049 1866 in

260 1886 399 1920 semetipso,
416 1893 452 1913 ut:
468 1885 538 1912 dedit
552 1890 574 1912 et
588 1884 656 1912 Filio
673 1885 748 1911 vitam
762 1885 852 1912 habere
867 1885 892 1911 in
905 1885 1046 1918 semetipso.

260 1930 336 1964 Quod
351 1931 372 1958 si
384 1934 460 1965 egeat
473 1930 640 1966 operatione,
655 1934 781 1964 sequetur
802 1935 848 1956 aut
869 1929 974 1956 Patrem
996 1937 1048 1957 non

260 1976 412 2008 dcdisse,et
422 1976 447 2002 id
463 1975 554 2002 lalsqu
566 1979 625 2002 esse
635 1983 642 2007 ;
653 1975 702 2007 ,vel
713 1975 734 2001 si
748 1974 861 2006 dederit,
872 1975 945 2002 ιιιιΙΙο
957 1980 1049 2009 postea

260 2022 406 2056 opitulante
434 2028 501 2055 opus
528 2020 678 2047 habiturum
705 2027 774 2047 esse.
805 2019 874 2053 Quid
899 2020 950 2047 sibi
977 2020 1048 2053 Vult,

261 2067 370 2102 Propter
383 2066 508 2093 Patrem?
531 2066 643 2094 Causam
665 2065 751 2092 solum
773 2065 882 2094 indicat.
899 2065 955 2093 [loc
970 2074 1050 2100 porro

261 2113 316 2140 vult
330 2112 501 2148 signiﬁcare:
523 2112 598 2140 Sicut
618 2112 681 2139 vivit
706 2112 793 2143 Pater,
807 2116 833 2138 et
847 2119 897 2147 ego
919 2113 989 2140 vivo.
1016 2113 1050 2140 Et

259 2160 302 2195 qui
325 2159 460 2186 manducet
484 2167 531 2189 me,
548 2163 570 2185 et
585 2158 628 2185 ille
640 2159 701 2185 vivet
716 2163 818 2192 propter
840 2166 888 2186 me.
905 2158 990 2186 Vitam
1006 2158 1050 2186 hic

260 2205 324 2232 dicit
342 2212 394 2232 nun
407 2204 636 2238 qualemcumque,
651 2203 697 2230 sed
717 2203 898 2237 conspicuam.
914 2203 989 2236 Quod
1002 2212 1051 2231 au-

261 2255 313 2276 tvm
334 2249 359 2276 id
376 2256 427 2275 non
443 2248 476 2275 de
490 2247 602 2282 simplici
613 2248 665 2274 vita
686 2247 767 2278 dicat.
779 2248 824 2275 sed
838 2248 872 2275 de
886 2249 1001 2283 gloriosa
1023 2254 1051 2277 et

261 2294 387 2322 ineffabili
407 2292 541 2324 illa,~hiue
559 2292 644 2326 palam
657 2297 708 2325 est,
725 2292 795 2328 quod
810 2301 903 2320 omnes
929 2293 1050 2322 infideles

261 2345 288 2367 ct
313 2348 365 2367 non
391 2339 484 2366 initiati
506 2339 606 2370 vivant,
621 2338 683 2366 licet
694 2338 727 2365 de
742 2338 800 2372 ejus
814 2346 894 2366 carne
907 2347 960 2367 non
975 2348 1051 2367 man-

260 2387 369 2413 ducent.
385 2384 479 2411 Viden‘
499 2383 568 2419 quod
584 2391 635 2411 non
658 2384 691 2411 de
714 2384 763 2411 hac
776 2385 828 2412 vita
842 2392 931 2413 sermo
945 2386 989 2416 sit.
1002 2386 1050 2413 sed

261 2431 295 2458 de
311 2430 374 2457 illa?
389 2429 464 2464 Quod
480 2434 566 2457 autem
581 2429 654 2461 dicit,
672 2429 822 2464 hujusmodi
845 2435 895 2459 est.
908 2431 957 2465 Qui
976 2439 1051 2458 mau-

260 2477 340 2504 ducat
365 2484 450 2503 uncam
477 2483 595 2509 carnem,
611 2476 749 2503 moriendo
764 2484 816 2504 non
841 2477 946 2512 peribit,
964 2486 1050 2513 neque

264 2522 396 2555 puuictur.
413 2520 468 2548 lmo
484 2528 535 2548 non
549 2521 582 2548 de
604 2522 738 2549 communi
754 2523 948 2550 resurrectione
964 2523 1049 2559 loqui-

264 2571 323 2598 tur;
350 2573 444 2594 omnes
467 2566 564 2601 quippe
591 2572 747 2602 resurgcut;
772 2567 820 2595 sed
844 2568 877 2596 de
900 2568 996 2596 eximia
1023 2574 1051 2597 et

261 2613 376 2646 gloriosa
402 2612 607 2643 resurrectione,
623 2619 700 2646 quam
726 2620 829 2641 merces
854 2619 988 2648 sequetur.
1003 2614 1048 2642 59.

264 2656 312 2684 llic
325 2663 361 2684 est
374 2658 447 2692 panis
460 2657 503 2691 qui
515 2661 546 2685 de
566 2657 626 2684 ιωιο
637 2657 765 2685 descendit
775 2668 785 2686 .'
800 2668 850 2686 non
864 2660 928 2686 sicut
940 2661 1049 2687 mundu-

261 2708 378 2730 rnvcrunt
392 2708 475 2737 patres
485 2704 558 2730 vestri
569 2711 671 2734 manna,
685 2709 708 2731 et
721 2705 814 2731 mortui
832 2710 900 2732 sunt.
918 2705 968 2739 Qui
979 2714 1049 2733 utun-

261 2749 337 2775 ducut
359 2748 425 2774 hunc
446 2757 546 2783 panem,
563 2751 623 2776 vivet
641 2750 667 2776 in
688 2754 818 2778 teternum.
845 2750 1010 2786 Frequenter
1025 2751 1049 2779 ivl

262 2793 365 2827 l't-pelii,
379 2797 405 2820 ut
419 2794 445 2820 in
460 2800 575 2821 mentem
585 2795 736 2822 auditorum
750 2795 841 2832 infigat
857 2796 966 2830 (ultima
977 2795 1048 2824 enim

293 2850 299 2863 '
321 2848 385 2874 Alias
395 2848 492 2881 legitur,
503 2857 548 2876 non
561 2852 629 2877 Itubct
642 2855 711 2877 rttmn
725 2855 775 2877 a’tc:
784 2858 845 2878 nam.

615 141 642 168 s.
661 139 803 169 JOANNiS
819 131 1054 165 CHRYSOSTOMI
1076 130 1234 160 ARCHIEP.
1255 129 1516 160 coxsnsn-xor.

1829 131 1881 160 2M

1093 189 1150 217 hme
1168 194 1225 217 erat
1240 187 1391 224 doctrina),
1413 193 1439 217 et
1461 189 1495 217 dc
1519 189 1725 222 resurrectione,
1741 195 1767 217 et
1782 190 1816 218 de
1830 192 1881 218 vita

1091 240 1190 263 aztcrua
1205 235 1272 262 fides
1286 234 1500 262 confirmaretur.
1525 234 1638 268 Ideoque
1659 235 1882 262 resurrectionem

1093 281 1182 313 addit;
1195 285 1249 307 tum
1259 280 1318 314 quia
1333 279 1409 312 dixit,
1422 279 1505 306 Vitam
1517 284 1646 311 cateruam,
1656 285 1709 306 tum
1723 284 1751 306 ut
1761 280 1887 307 ostendat

1093 327 1164 354 illam
1181 327 1260 354 vitam
1275 334 1328 354 non
1343 334 1412 353 nunc
1426 333 1494 358 esse.
1512 325 1558 352 sed
1576 330 1635 359 post
1648 325 1883 353 resurrectionem.

1093 371 1126 401 Et
1141 373 1286 405 undcnam,
1302 372 1414 407 inquies,
1432 371 1482 399 hoc
1496 371 1643 406 probatur?
1663 371 1702 398 Ex
1727 370 1883 405 Scripturis.

1093 419 1160 447 Nam
1173 419 1269 454 ubique
1284 418 1344 446 illos
1358 425 1391 445 eo
1404 418 1496 450 mittit,
1506 421 1534 445 ut
1547 417 1608 444 inde
1621 416 1736 444 discant.
1744 417 1811 444 Cum
1824 424 1886 444 vero

1093 467 1169 497 dixit,
1187 466 1235 499 Qui
1248 466 1293 493 dat
1306 466 1381 493 vitam
1396 465 1501 496 mundo,
1514 465 1539 492 in
1555 464 1752 491 azmulationom
1767 463 1885 494 deducit.

1094 517 1123 540 ut
1136 513 1203 539 alios
1214 511 1285 539 dono
1299 515 1371 538 tanto
1386 511 1436 538 frui
1448 511 1580 543 videntes,
1595 517 1646 537 non
1663 505 1736 537 extra
1749 514 1884 536 maneant:

1095 558 1261 592 Frequenter
1274 561 1363 584 autem
1375 564 1471 584 manna
1484 559 1688 587 commemorat,
1698 559 1755 582 tum
1770 560 1798 582 ut
1811 554 1886 581 diffe-

1094 603 1207 631 rentiam
1220 602 1328 635 iudicet,
1346 606 1401 629 tum
1416 607 1443 628 ut
1459 602 1519 629 illos
1532 601 1564 628 ad
1581 600 1658 628 iidem
1680 601 1797 628 inducat.
1821 601 1886 628 Nam

1094 649 1117 676 si
1130 649 1215 684 potuit
1231 648 1301 675 Deus
1313 648 1371 675 sine
1395 646 1565 679 messe,.sine
1578 646 1722 676 frumento.
1737 651 1765 674 et
1785 646 1888 680 reliquo

1094 698 1221 730 apparatur
1238 693 1298 721 illos
1317 701 1363 728 per
1380 693 1555 728 quadraginta
1579 700 1663 719 annos
1686 693 1777 724 alere;
1804 692 1888 719 multo

1095 741 1179 776 magis
1194 748 1276 774 nunc,
1293 745 1433 776 postquam
1456 740 1488 766 ad
1504 740 1605 775 majora
1621 740 1748 774 patranda
1766 740 1848 771 venit,
1861 740 1886 766 id

1095 787 1203 822 poterit.
1220 787 1344 821 Alioquin
1360 787 1381 812 si
1401 785 1446 813 illa
1466 785 1556 820 figura:
1572 790 1658 818 erant»,
1674 790 1700 813 et
1718 787 1778 813 sine
1791 786 1889 814 sudore

1096 831 1239 866 laboreque
1252 831 1413 866 colligebant
1425 838 1513 858 escam
1525 838 1533 862 ;
1558 830 1642 857 multo
1657 831 1741 865 magis
1755 838 1824 858 nunc
1840 831 1888 858 hoc

1095 878 1157 909 erit.
1173 877 1218 904 ubi
1234 881 1305 903 tanta
1320 876 1481 910 differentia,
1501 876 1544 904 ubi
1567 876 1647 904 nulla.
1663 884 1726 904 vere
1744 884 1828 909 mors,
1845 877 1888 904 ubi

1097 924 1150 951 vita
1167 932 1227 952 vera
1240 924 1363 951 fruimur.

1132 970 1184 997 Cur
1200 970 1315 997 Christus
1337 977 1404 1005 saepe
1425 969 1500 996 vitam
1524 974 1656 996 memorat.
1672 983 1707 989 ——
1720 969 1739 996 E
1755 977 1784 996 re
1799 973 1888 996 autem

1096 1017 1156 1042 vita:
1171 1024 1242 1050 sa‘pe
1256 1015 1387 1048 meminit,
1403 1015 1462 1050 quia
1476 1014 1538 1042 illud
1553 1014 1622 1049 apud
1638 1013 1760 1041 homines
1775 1015 1800 1040 iu
1815 1019 1890 1047 opta-

1097 1061 1130 1087 tis
1153 1065 1211 1092 est;
1238 1060 1355 1095 nihilque
1378 1060 1496 1093 suavius,
1519 1067 1598 1094 quam
1614 1067 1667 1087 non
1689 1059 1766 1086 muri.
1782 1059 1848 1086 Nam
1863 1060 1888 1087 in

1097 1105 1185 1133 Veteri
1206 1106 1378 1133 Testamento
1399 1105 1559 1132 diuturnitas
1583 1105 1645 1132 vita:
1669 1105 1888 1140 promittebatur;

1097 1152 1143 1180 sed
1159 1159 1233 1179 nunc
1253 1159 1304 1178 non
1325 1151 1486 1178 diuturnitas
1508 1150 1598 1183 modo,
1619 1150 1665 1178 sed
1690 1150 1743 1177 vita
1763 1150 1821 1178 sine
1838 1151 1890 1179 fine

1096 1198 1268 1233 promittitur.
1290 1196 1375 1225 Simul
1395 1197 1475 1224 etiam
1500 1196 1556 1223 vult
1570 1196 1727 1229 ostendere,
1744 1204 1773 1223 se
1786 1196 1889 1230 suppli-

1096 1243 1166 1270 cium
1180 1251 1194 1269 a
1215 1247 1323 1277 peccato
1338 1242 1473 1269 inductum
1488 1249 1558 1269 nunc
1579 1249 1714 1274 revocare,
1730 1242 1889 1270 sententiam

1097 1288 1170 1315 illam
1179 1288 1272 1315 mortis
1279 1288 1419 1321 solvendo,
1429 1287 1491 1315 dum
1501 1288 1581 1315 vitam
1593 1295 1646 1314 non
1656 1287 1888 1323 qualemcumque,

1098 1333 1144 1360 sed
1168 1338 1309 1366 attentam,
1329 1337 1422 1360 contra
1445 1340 1525 1367 quam
1549 1333 1621 1367 prius
1643 1336 1770 1359 statutum
1794 1332 1890 1366 fuerat,

1098 1377 1244 1405 induceret.
1260 1377 1303 1405 59.
1317 1377 1380 1404 Iltec
1393 1377 1456 1404 dixit
1468 1377 1494 1404 in
1509 1385 1638 1413 synagoga
1649 1377 1740 1404 ducena
1753 1378 1779 1404 in
1795 1378 1892 1412 Caper-

1098 1432 1184 1455 naum,
1207 1423 1251 1450 ubi
1275 1423 1357 1450 multa
1380 1423 1510 1450 mirabilia
1527 1428 1758 1458 patraret;quare
1773 1424 1894 1452 maxime

1097 1469 1247 1496 audiendus
1256 1473 1324 1496 erat.

1133 1514 1160 1541 2.
1181 1515 1234 1542 Cur
1250 1522 1329 1549 porro
1344 1515 1370 1541 in
1383 1521 1515 1550 synagoga
1530 1514 1653 1547 docebat,
1677 1519 1705 1541 et
1728 1515 1759 1542 in-
1775 1515 1874 1550 templo
1882 1515 1898 1541 '."

1098 1559 1167 1587 Tum
1182 1564 1211 1586 ut
1223 1560 1418 1587 multitudinem
1434 1560 1561 1593 traheret,
1577 1565 1631 1587 tum
1647 1564 1676 1586 ut
1695 1560 1850 1588 ostenderet
1864 1568 1894 1588 se

1099 1613 1152 1632 non
1166 1605 1328 1632 contrarium
1342 1613 1402 1633 esse
1417 1605 1499 1632 Patri.
1514 1606 1557 1633 60.
1575 1605 1652 1632 Multi
1672 1611 1755 1632 autem
1769 1615 1801 1633 ex
1815 1606 1893 1634 disci-

1100 1651 1166 1685 pulis
1179 1652 1306 1678 audientes
1321 1650 1443 1682 dicebant,
1460 1650 1546 1677 ουν-ιιι
1556 1655 1592 1678 est
1603 1651 1644 1677 ltic
1654 1659 1745 1678 sermo.
1758 1651 1828 1684 Quid
1843 1651 1899 1678 sibi

1099 1696 1155 1723 vult
1169 1696 1229 1728 hoc,
1247 1696 1333 1724 Durus
1345 1697 1401 1723 est?
1416 1696 1442 1723 Id
1458 1701 1509 1727 est,
1525 1704 1614 1731 asper,
1639 1696 1798 1724 laboriosus.
1815 1698 1894 1732 Atqui

1100 1743 1165 1770 nihil
1181 1743 1232 1770 tale
1245 1743 1370 1770 dicebat:
1388 1750 1473 1777 neque
1493 1743 1565 1770 enim
1581 1742 1615 1770 de
1638 1743 1699 1769 vitte
1718 1742 1841 1769 instituto
1856 1743 1900 1769 in.

1100 1789 1239 1823 qucbatur,
1269 1789 1316 1816 sed
1343 1788 1377 1816 de
1403 1788 1536 1820 doctrina,
1566 1788 1710 1815 identidem
1739 1787 1773 1815 de
1796 1789 1849 1816 fide
1869 1789 1894 1815 iu

1099 1835 1234 1863 Christum
1249 1835 1369 1862 habenda
1385 1835 1504 1869 loquens.
1524 1834 1577 1861 Cur
1591 1842 1655 1870 ergo
1675 1834 1757 1861 durus
1785 1839 1827 1862 est
1839 1843 1895 1862 ser-

1100 1881 1160 1908 mo?
1175 1882 1214 1908 An
1227 1881 1296 1915 quod
1311 1882 1390 1908 vitam
1407 1881 1543 1915 promittat
1566 1884 1592 1907 et
1605 1881 1848 1908 resurrectionem?
1863 1890 1902 1908 ιιι

1100 1927 1172 1961 quod
1185 1926 1256 1953 dicat
1272 1934 1301 1954 se
1315 1934 1348 1953 ex
1365 1926 1431 1953 caelo
1452 1925 1642 1953 descendisse?
1663 1933 1696 1952 an
1721 1926 1791 1959 quod
1816 1934 1899 1954 nemo

1101 1973 1190 1999 salvus
1204 1980 1265 2000 esse
1279 1973 1373 2007 possit,
1389 1973 1439 1999 nisi
1451 1979 1557 1999 carnem
1572 1971 1629 2006 ejus
1642 1971 1804 1998 manducet?
1819 1971 1894 1998 lla-c-

1100 2018 1170 2049 cine,
1186 2025 1287 2054 qumso,
1303 2018 1366 2045 dura
1380 2024 1441 2045 sunt
1451 2018 1462 2044 '.'
1474 2018 1540 2050 Quis
1562 2017 1613 2045 hoc
1627 2018 1743 2045 dixerit?
1755 2018 1823 2052 Quid
1845 2018 1898 2046 sibi

1101 2064 1156 2090 vult
1169 2071 1234 2098 ergo
1255 2063 1328 2096 illud,
1343 2063 1451 2090 Durus?
1469 2063 1552 2098 Capto
1574 2063 1701 2096 difficilis,
1714 2063 1894 2090 infirmitatem

1102 2110 1205 2137 illorum
1217 2117 1357 2144 superans,
1367 2114 1468 2137 terrore
1474 2110 1578 2144 plenus.
1589 2109 1719 2137 Putabant
1728 2110 1798 2137 enim
1810 2111 1894 2145 ipsum

1101 2164 1131 2183 ca
1145 2156 1215 2191 loqui
1232 2164 1291 2191 qua:
1313 2155 1371 2190 ejus
1393 2156 1547 2191 dignitatem
1561 2162 1585 2183 et
1600 2155 1710 2191 gradum
1725 2161 1893 2192 superarent.

1102 2203 1164 2230 ideo
1186 2203 1319 2235 dicebant,
1339 2203 1400 2236 Quia
1426 2207 1505 2238 potest
1530 2211 1587 2230 eum
1609 2203 1719 2230 audire!
1733 2203 1815 2238 idque
1829 2203 1894 2230 forte

1102 2248 1134 2275 ad
1157 2248 1197 2275 sui
1223 2250 1432 2281 excusationem,
1449 2249 1519 2284 quod
1547 2254 1637 2276 essent
1663 2250 1820 2277 discessuri.
1849 2250 1891 2277 6i.

1103 2294 1192 2321 Sciens
1216 2299 1299 2322 autent
1317 2294 1393 2322 .Icsus
1413 2295 1482 2328 apud
1499 2295 1658 2330 temetipsum
1670 2315 1678 2327 ,
1697 2295 1759 2330 quia
1781 2304 1897 2322 murmu-

1101 2339 1191 2366 rabant
1217 2340 1248 2366 de
1266 2340 1314 2366 Itoc
1336 2339 1453 2375 discipuli
1474 2340 1528 2374 ejus
1552 2339 1623 2375 (hoe
1647 2340 1718 2367 enim
1745 2340 1895 2368 divinitatis

1102 2384 1171 2412 illius
1184 2388 1250 2416 erat,
1266 2389 1368 2412 secreta
1383 2385 1409 2412 in
1423 2385 1539 2412 medium
1555 2384 1686 2420 proferre)
1700 2385 1798 2412 deinde
1808 2385 1888 2413 dicit:

1104 2430 1160 2458 Hoc
1172 2439 1214 2458 vos
1226 2431 1401 2458 scandalizat?
1419 2431 1463 2458 62.
1480 2431 1511 2458 Si
1530 2439 1589 2466 ergo
1608 2431 1720 2458 videritis
1732 2430 1831 2457 Filium
1845 2431 1890 2457 Ιίο-

1102 2476 1176 2503 minis
1194 2477 1376 2509 ascendentem,
1403 2477 1445 2504 ubi
1468 2482 1520 2504 crat
1537 2478 1616 2512 prius.
1640 2476 1711 2504 Idem
1739 2476 1893 2504 Nathauaeli

1101 2522 1168 2549 dixit
1182 2531 1188 2549 :
1207 2523 1272 2556 Quia
1287 2523 1340 2550 dixi
1354 2524 1408 2556 tibi,
1426 2523 1485 2550 Vidi
1507 2529 1530 2551 te
1545 2525 1590 2551 sub
1603 2524 1663 2558 ﬁcu,
1678 2524 1781 2551 credit?
1798 2525 1894 2557 mnium

1102 2569 1140 2594 Itis
1152 2569 1244 2596 ridebit
1259 2569 1356 2602 (Joan.
1372 2569 1394 2595 i.
1407 2569 1463 2604 50);
1478 2574 1505 2597 et
1517 2569 1673 2602 Nicodemo,
1691 2568 1774 2596 Nemo
1782 2569 1894 2596 ascendit

1101 2615 1128 2641 in
1143 2615 1241 2648 ctutum,
1257 2615 1306 2643 nisi
1321 2615 1404 2643 Filius
1416 2617 1534 2649 hominis,
1551 2616 1594 2651 qui
1607 2621 1643 2642 cst
1654 2616 1680 2642 in
1695 2615 1757 2642 mlo
1768 2615 1859 2650 (Joan.
1868 2615 1892 2642 3.

1103 2661 1157 2694 ib).
1182 2660 1249 2694 Quid
1273 2661 1371 2695 igitur?
1392 2661 1562 2688 difficultates
1583 2660 1786 2688 difficultatibus
1805 2659 1893 2687 addit?

1101 2707 1217 2738 Minime,
1242 2706 1329 2740 absit;
1354 2707 1400 2734 sed
1423 2707 1552 2735 doctrina:
1575 2706 1758 2742 magnitudine
1777 2710 1806 2733 et
1819 2706 1894 2740 copia

1102 2751 1174 2786 ipsos
1198 2752 1306 2781 allicere
1326 2757 1448 2780 conatur.
1474 2752 1541 2780 Nam
1565 2753 1610 2787 qui
1637 2752 1750 2784 dixerat,
1774 2751 1812 2778 De
1834 2750 1893 2778 ιωιο

1102 2798 1236 2830 descendi,
1252 2799 1273 2826 si
1297 2799 1361 2826 nihil
1384 2799 1496 2827 ulterius
1507 2798 1664 2832 addidisset,
1681 2798 1767 2833 majus
1782 2796 1891 2824 offendi-

1103 2845 1192 2872 eulum
1205 2845 1362 2873 obtulisset:
1376 2853 1436 2872 cum
1457 2852 1520 2873 vero
1535 2844 1607 2878 ditit,
1624 2844 1722 2878 Corpus
1743 2851 1825 2871 meum
1846 2848 1891 2869 11m
