2031 3118
143 156 195 185 ἓ65

142 219 178 242 est
192 212 300 243 mundi;
313 214 350 246 ct,
365 211 437 239 Sicut
451 211 517 237 misit
531 218 571 238 me
581 210 662 237 vivens
676 210 763 244 Pater,
781 213 806 237 et
819 217 863 243 ego
877 208 930 234 vivo

144 264 245 294 propter
261 257 384 289 Patrem;
405 260 442 289 et,
459 257 490 283 de
511 257 572 283 uelo
587 256 713 287 descendi,
730 255 773 283 ille
788 254 930 282 difﬁculta-

143 309 194 332 tem
208 304 298 331 solvil.
315 303 364 337 Qui
379 303 448 330 enim
464 302 563 337 aliquid
577 309 701 337 magnum
714 301 748 328 de
759 308 787 328 se
802 300 929 334 loquitur,

142 354 282 385 Suspectus
305 349 356 376 erit
371 347 501 376 mendacii
515 355 522 380 ;
537 347 582 382 qui
603 354 668 375 vero
683 347 743 373 talia
757 345 853 373 deinde
866 344 930 372 sub-

142 396 189 428 dit,
215 402 323 422 omnem
345 394 414 421 tollit
435 391 708 431 suspicionem..Niliil
731 399 794 418 vero
807 399 858 418 non
878 390 933 425 agit

142 449 172 469 ac
187 442 262 474 dicit,
278 449 311 468 tte
326 444 418 476 putent
431 447 490 466 eum
504 446 563 465 esse
571 438 681 472 Joseplti
696 437 788 464 ﬁlium.
800 436 857 463 Non
868 443 932 470 ergo

142 488 199 516 haec
225 488 300 521 dixit,
331 491 360 513 ιιι
387 485 540 513 scandalum
566 488 684 519 angeret,
707 483 752 510 sed
768 487 795 510 ut
817 483 929 509 tolleret.

142 533 266 568 Quisquis
279 532 350 559 enitn
366 539 426 559 eum
441 530 523 557 tilium
535 529 644 565 .losephi
656 533 783 564 putasset,
795 528 864 555 dicta
877 535 932 555 non

142 579 290 614 accepisset
307 587 314 604 :
329 578 374 613 qui
396 584 460 604 vero
475 583 618 611 persuasus
630 580 702 603 esset
720 575 805 608 ipsum
819 573 852 601 de
866 573 931 600 cado

141 624 324 657 descendisse,
339 628 365 650 et
376 630 409 650 eo
421 629 594 649 aseensurum
605 627 664 648 esse
675 621 777 647 facilius
790 619 930 646 libentius-

141 679 193 707 que
218 670 296 698 dictis
318 667 497 696 attendisset..
507 666 562 694 Sub
577 666 634 694 haec
646 666 724 693 aliam
738 665 848 692 adduxit
859 664 931 691 solu-

143 718 242 744 tionem
258 725 264 743 :
281 715 327 743 65.
343 715 458 750 Spiritus
467 718 511 746 est,
525 713 618 747 inquit,
630 713 673 748 qui
682 713 799 746 viviﬁcat,
813 719 872 739 caro
882 720 932 738 non

142 763 244 798 prodest
267 762 426 797 quidquam.-
441 760 491 787 hoc
517 764 568 792 est,
592 758 657 792 Quae
681 758 714 786 de
739 766 781 785 me
796 758 930 790 dicuntur,

141 808 315 843 Spiritnaliter
326 811 387 834 sunt
401 805 553 841 accipienda
566 814 572 830 :
589 813 650 832 natu
666 805 710 839 qui
725 804 867 831 carnaliter
884 811 933 830 au-

141 855 189 886 dit,
204 853 270 880 nihil
285 853 410 884 lucratur,
436 851 500 878 nillil
515 850 629 886 proﬁcit.
646 849 759 876 Carnale
782 853 841 877 erat
853 849 931 876 dubi-

143 906 198 928 tare
212 898 346 934 quomodo
359 898 392 925 de
405 897 470 924 caelo
481 896 671 928 descendisset,
686 900 832 930 putarequ
846 895 931 929 ipsutn

141 954 201 974 esse
224 945 306 972 ﬁlium
331 944 456 978 Joseplti;
480 950 584 970 necnon
609 942 682 974 illud,
707 941 838 974 Quomodo
852 945 932 975 potest

142 992 214 1019 nobis
223 998 326 1018 carnem
338 997 409 1016 suam
420 989 481 1015 dore
490 989 523 1015 ad
535 987 738 1014 manducandum
748 987 760 1013 .7
771 986 833 1013 Ηωο
843 986 932 1013 omnia

142 1037 277 1070 carnalia;
293 1043 351 1070 qua:
364 1034 505 1070 oportebat
526 1034 637 1069 mystice
659 1038 686 1060 et
703 1033 876 1067 spiritualiter
890 1032 929 1059 in-

143 1084 273 1119 telligere.
291 1082 326 1110 Et
349 1081 484 1117 quomodo
500 1085 633 1115 poterant,
646 1079 759 1114 inquies,
784 1079 933 1113 intelligere

143 1129 204 1164 quid
218 1132 291 1156 esset
303 1135 410 1155 carnem
421 1126 582 1154 comedere?
595 1125 741 1160 Oportebat
751 1129 824 1152 certe
836 1132 934 1159 oppor-

143 1180 235 1202 tunum
252 1178 356 1207 tempus
380 1176 534 1206 exspectare
548 1175 575 1198 et
602 1171 779 1205 interrogare.
796 1177 845 1196 nec
863 1169 934 1196 desi-

143 1225 223 1248 stere.
243 1219 326 1246 Verba
350 1226 406 1253 qua:
428 1226 473 1253 ego
495 1217 611 1252 loquutus
625 1224 680 1243 sum
702 1216 779 1248 vobis,
795 1215 898 1250 spiritus
911 1219 934 1242 et

144 1267 193 1294 vita
205 1270 283 1298 sunt;
297 1264 322 1292 id
339 1269 389 1297 est,
405 1264 493 1291 divina
509 1269 535 1290 et
547 1262 693 1297 spiritualia
709 1266 782 1293 suttt,
806 1260 871 1288 nihil
885 1261 934 1288 ha-

143 1312 206 1340 bent
230 1311 347 1344 carnale,
376 1317 424 1337 nec
451 1309 599 1336 naturalem
627 1307 863 1342 consequentiam;
887 1307 933 1334 sed

144 1359 215 1386 omni
241 1357 393 1393 hujusmodi
415 1357 583 1388 necessitate.
609 1360 636 1383 et
658 1355 735 1390 hujus
758 1355 818 1381 vitm
834 1354 935 1388 legibus

144 1404 229 1432 libera
244 1407 316 1435 sunt,
333 1403 466 1437 aliumque
491 1407 518 1429 et
542 1401 675 1429 diversutu
698 1407 805 1428 sensum
825 1399 934 1426 habent.

144 1449 220 1476 Sicut
233 1456 297 1483 ergo
311 1448 361 1475 ltoc
374 1448 433 1475 loco
455 1447 576 1482 spiritum
596 1454 645 1482 pro
663 1446 845 1481 spiritualibus
857 1445 934 1478 dixit,

145 1496 182 1522 sic
197 1502 257 1522 cum
270 1501 375 1521 carnem
390 1493 463 1526 dicit,
475 1501 525 1520 non
539 1493 653 1520 carnalia
670 1492 806 1527 intelligit;
819 1491 864 1519 sed
877 1499 935 1518 car-

145 1541 241 1568 naliter
261 1547 307 1567 eos
329 1539 420 1566 audire
444 1539 605 1572 subindicat,
629 1539 673 1573 qui
697 1545 803 1572 semper
818 1537 935 1564 carnalia

145 1586 299 1621 cupiebant,
320 1592 380 1612 cum
405 1584 567 1619 oportuisset
588 1584 734 1618 spiritualia
756 1587 892 1618 appetere.
908 1583 935 1610 Si

146 1632 203 1666 quis
217 1631 289 1658 euitn
302 1631 351 1658 hoc
366 1630 507 1657 carnaliter
519 1630 640 1664 accipiat,
653 1630 718 1657 nihil
730 1630 856 1657 lneratur.
867 1628 936 1662 Quid

145 1677 226 1711 ergo?
241 1684 274 1702 an
288 1683 351 1703 caro
366 1675 422 1710 ejus
436 1683 487 1703 non
501 1679 541 1702 est
551 1675 632 1702 caro?
647 1675 692 1702 Est
703 1679 785 1702 certe.
798 1674 936 1708 Quomodo

146 1730 210 1757 ergo
225 1723 301 1754 dixit,
316 1721 380 1749 Caro
396 1730 445 1748 non
459 1721 560 1756 prodest
573 1720 732 1756 quidquam?
745 1720 802 1747 Non
815 1720 848 1747 de
856 1727 936 1747 carne

145 1775 193 1796 sua
208 1768 342 1803 intelligit,
368 1767 455 1799 absit;
478 1767 525 1795 sed
546 1767 580 1794 de
593 1767 624 1794 iis
638 1768 682 1802 qui
704 1767 773 1794 dicta
795 1766 937 1794 carnaliter

147 1816 310 1849 acciperent.
337 1814 404 1848 Quid
427 1819 467 1841 est
490 1819 580 1841 autem
604 1814 749 1841 carnaliter
768 1813 937 1849 intelligere?

146 1861 285 1895 Propoaita
312 1859 467 1894 simpliciter
482 1860 639 1895 intelligere,
657 1868 741 1894 neque
768 1860 836 1887 ultra
858 1860 936 1894 quid-

147 1909 218 1942 piam
244 1907 407 1941 excogitare.
434 1907 488 1934 Hoc
513 1911 554 1934 cst
581 1906 723 1934 carnaliter
748 1906 848 1933 videre.
878 1906 936 1933 Non

147 1958 252 1988 oportet
265 1959 354 1980 autem
366 1952 398 1980 de
415 1953 446 1979 iis
461 1960 520 1987 qua:
534 1952 656 1980 videntur
671 1953 706 1979 ita
716 1952 843 1986 judicium
855 1951 936 1985 ferre,

147 1999 194 2026 sed
219 1999 308 2026 omnia
334 1999 460 2034 mysteria
481 1998 653 2026 interioribus
667 1998 752 2025 oculis
773 1998 936 2033 perspicere,

147 2044 173 2071 id
188 2048 240 2076 est,
255 2044 438 2078 spiritualiter.
454 2044 493 2070 Au
508 2044 530 2071 is
545 2044 588 2078 qui
602 2051 655 2071 non
670 2043 812 2071 manducat
828 2051 936 2071 carnem

147 2091 216 2125 ejus,
232 2097 281 2117 nec
295 2090 361 2117 bibit
382 2090 440 2125 ejus
461 2091 626 2125 sanguinem,
643 2099 695 2118 non
711 2090 793 2118 habet
814 2091 894 2118 vitam
911 2091 936 2117 in

147 2136 293 2171 semetipso
307 2145 314 2163 :
329 2135 462 2171 quomodo
487 2144 550 2171 ergo
574 2144 636 2164 caro
662 2144 714 2164 non
731 2137 838 2171 prodest
859 2136 936 2171 quid-

147 2189 238 2216 quam,
253 2182 310 2208 sine
323 2189 373 2216 qua
386 2189 438 2208 non
455 2189 594 2216 possumus
609 2181 717 2209 virere?
733 2182 789 2209 Non
804 2182 836 2209 de
856 2189 938 2209 carne

149 2227 231 2261 ipsius
246 2228 296 2254 hoc
307 2227 406 2254 dictum
419 2235 478 2255 esse
494 2228 577 2261 vides,
591 2228 637 2254 sed
653 2228 686 2254 de
699 2227 798 2254 carnali
813 2227 937 2255 audiendi

148 2273 238 2299 modo.
255 2274 298 2300 64.
316 2273 368 2300 Sed
379 2279 437 2300 sunt
450 2273 552 2308 quidam
572 2282 602 2299 ea:
615 2273 681 2300 nobis
695 2274 738 2308 qui
753 2281 802 2299 non
821 2273 935 2299 credunt.

149 2319 263 2344 ltnrsum
289 2326 336 2352 pro
357 2325 431 2345 tnore
444 2325 492 2345 suo
507 2318 661 2353 dignitatem
677 2318 763 2344 verbis
776 2318 875 2352 adjicit,
895 2317 937 2344 [κιο

149 2368 259 2397 turaque
271 2361 390 2396 prtedicit
404 2368 432 2390 et
444 2363 569 2396 ostendit,
586 2370 615 2390 se
628 2370 680 2389 noti
703 2366 731 2388 ut
743 2362 855 2397 gloriam
868 2362 937 2397 apud

145 2406 208 2434 Illos
226 2411 357 2440 captaret,
378 2406 424 2434 sed
447 2407 517 2441 quod
541 2414 632 2434 eorum
655 2407 734 2435 saluti
762 2410 938 2443 prospiceret,

146 2450 197 2479 huc
208 2451 310 2478 dicere.
322 2453 388 2478 Cum
400 2451 466 2478 dicit
476 2457 577 2484 autem,
589 2451 710 2483 Quidam,
724 2453 869 2485 discipulus
880 2452 938 2477 Sub-

146 2497 231 2523 duxit.
247 2497 326 2524 Initio
350 2505 464 2531 namque
487 2497 604 2530 dixerat,
623 2496 655 2522 Et
670 2497 767 2524 vidistis
782 2504 832 2528 me,
844 2502 866 2523 et
888 2504 939 2523 non

144 2542 288 2569 credidistis
302 2542 381 2574 mihi;
397 2542 439 2569 hic
465 2549 536 2574 vero,
555 2542 622 2569 Sunt
636 2542 741 2576 quidam
755 2550 786 2568 ea:
809 2542 877 2569 nobis
896 2542 940 2576 qui

144 2596 195 2614 non
210 2590 327 2614 credunt.
344 2587 446 2615 Sciebat
458 2588 525 2614 enim
538 2588 569 2614 ab
584 2588 668 2620 initio,
682 2588 785 2621 quinam
800 2593 881 2614 essent
895 2589 938 2622 qui

144 2644 194 2662 non
210 2635 350 2667 crederent,
364 2640 387 2661 et
401 2636 458 2670 quis
471 2635 612 2662 traditurus
624 2640 686 2661 esset
700 2643 766 2661 cum.
783 2635 827 2661 (ιὸ.
845 2633 878 2660 Ει
896 2635 936 2660 di-

143 2682 224 2714 cebat,
241 2681 306 2708 Ideo
326 2682 380 2708 dixi
395 2681 476 2714 vobis,
491 2681 574 2708 Nemo
590 2687 670 2715 potest
685 2682 769 2708 uertite
779 2681 814 2707 ad
828 2689 874 2710 nte,
887 2681 936 2707 nisi

144 2730 220 2762 jucrit
243 2729 266 2755 ei
286 2728 377 2754 datum
403 2729 510 2762 deutper
530 2736 545 2754 a
566 2728 644 2755 Patre
667 2736 731 2755 meo.
756 2729 935 2762 Spontaneam

141 2775 200 2808 ejus
214 2774 395 2802 (nconomiam
411 2774 453 2801 hic
467 2773 628 2807 evangelista
645 2774 794 2800 subindicat
804 2793 811 2805 ,
824 2773 936 2808 ejusque

143 2821 308 2855 patientiam.
326 2820 458 2855 ll'udque,
475 2821 510 2847 Ab
532 2821 615 2854 initio,
633 2828 686 2848 non
711 2820 768 2847 sine
792 2827 871 2847 cau-a
894 2819 937 2846 hic

140 2868 264 2902 ponitur;
286 2867 335 2895 sed
353 2872 380 2895 ut
395 2867 453 2902 ejus
477 2867 672 2903 przcscieutiam
696 2867 840 2903 intelligas,
858 2871 937 2901 atque

615 154 650 182 ἸΝ
669 154 825 184 ὔΟᾹΝΝΕΜ
845 152 960 181 IIOIIIL.

982 152 1085 180 XLVII.
1108 153 1142 180 al.
1165 153 1255 181 XLVI.
1719 156 1773 185 266

986 207 1071 241 ipsum
1086 213 1148 236 ante
1161 208 1219 236 haec
1236 210 1327 243 verba,
1349 218 1436 246 neque
1459 217 1597 248 postquam
1620 213 1656 241 illi
1678 215 1772 244 offensi

985 259 1228 287 murtnuraverant,
1252 256 1414 289 proditorem
1429 258 1551 291 novisse;
1575 259 1600 286 id
1621 260 1691 294 quod
1705 261 1774 288 divi-

984 298 1074 324 uitatis
1089 303 1155 325 erat.
1171 299 1270 326 Deinde
1282 301 1381 335 adjicit,
1398 301 1456 328 Νἰεὶ
1470 304 1544 338 fuerit
1558 305 1580 331 ei
1594 305 1683 332 datum
1696 307 1770 333 desu-

985 352 1029 378 per
1043 352 1058 369 α
1076 342 1153 371 Patre
1166 353 1230 377 meo,
1246 346 1361 373 suadens
1375 348 1413 375 eis
1428 354 1454 374 ut
1477 349 1580 377 Patrem
1597 359 1674 378 suum
1695 359 1773 387 pitta-

984 393 1044 416 rent
1067 390 1160 423 Deum,
1181 398 1232 417 non
1256 391 1412 426 Josephum,
1436 399 1461 420 et
1485 397 1628 423 ostendens
1643 406 1699 424 rem
1720 407 1771 425 non

984 430 1043 461 esse
1067 435 1212 469 vulgarem,
1236 435 1262 462 in
1283 444 1344 464 eum
1359 438 1469 466 credere
1485 449 1492 467 :
1509 448 1540 467 ac
1553 442 1574 468 si
1587 442 1697 474 diceret,
1716 445 1772 471 Non

985 479 1102 512 turbant,
1118 487 1170 507 non
1186 481 1400 516 obstupefaciunt
1420 491 1471 516 nte,
1495 486 1538 519 qui
1562 494 1614 513 non
1636 489 1770 518 credunt:

985 524 1037 552 hoc
1047 525 1102 560 jam
1117 525 1180 553 olim
1195 527 1255 554 novi
1266 532 1408 563 antequam
1424 529 1500 556 fieret
1514 539 1521 556 :
1537 531 1596 558 novi
1614 533 1771 566 quibusnam

984 570 1063 598 Pater
1075 570 1188 598 dederit.

1019 615 1046 643 5.
1066 615 1132 643 Cum
1154 617 1215 644 illud
1231 618 1316 652 audis,
1336 619 1418 652 [)rdit,
1439 628 1473 647 ne
1497 625 1574 655 putes
1590 629 1649 650 esse
1673 629 1771 652 sortem

985 663 1144 697 quamdam;
1159 664 1203 690 sed
1218 665 1297 692 crede
1311 673 1372 693 eum
1385 667 1429 701 qui
1448 675 1478 694 se
1491 667 1598 702 dignum
1620 669 1773 703 przcbuerit,

985 707 1010 734 id
1025 709 1155 743 accipere.
1169 710 1212 737 66.
1231 710 1270 737 Ea:
1284 711 1329 738 Itoc
1343 713 1415 738 multi
1434 713 1617 746 discipulorum
1631 716 1686 750 ejus
1705 716 1775 743 abie-

984 758 1043 779 runt
1066 759 1142 786 retro,
1169 759 1192 781 et
1209 755 1266 789 jam
1289 765 1338 782 non
1360 765 1416 784 cum
1441 758 1486 784 illo
1504 759 1675 787 ambulabant.
1695 760 1776 788 liccte

984 800 1145 834 evangelista
1160 809 1211 827 non
1227 802 1303 835 di\it,
1318 802 1505 835 Recessernttt,
1526 805 1582 836 sed,
1599 805 1719 832 Abierant
1733 815 1774 833 re-

984 849 1033 878 tro,
1056 846 1200 873 ostendens
1222 855 1236 874 a
1260 849 1366 875 virtutis
1390 849 1508 883 profectu
1531 851 1645 885 excisos,
1670 857 1696 880 et
1716 860 1775 880 eam

985 898 1063 926 quain
1088 892 1150 919 olim
1177 893 1324 921 habuerant
1347 895 1425 922 fidem
1451 897 1609 930 perdidisse,
1632 906 1692 926 cum
1716 907 1776 926 sese

985 936 1182 964 abscinderent.
1198 938 1295 966 Verum
1318 939 1458 967 duodecim
1482 941 1518 968 illi
1541 950 1593 969 non
1615 943 1687 970 item.
1704 945 1774 978 Qua~

987 988 1095 1016 propter
1109 983 1174 1010 dixit
1201 984 1262 1016 illis,
1288 986 1330 1012 67.
1347 985 1478 1020 Numquid
1489 993 1513 1014 et
1527 995 1570 1014 vos
1593 989 1667 1016 vallis
1687 991 1777 1018 abire?

984 1028 1137 1055 ostendens
1153 1037 1182 1056 se
1207 1030 1310 1057 illorttm
1324 1032 1472 1059 ministerio
1487 1037 1513 1060 et
1535 1034 1605 1061 cultu
1620 1042 1671 1062 non
1685 1043 1775 1070 egere,

985 1081 1072 1108 neque
1095 1074 1154 1101 ideo
1176 1074 1236 1102 illos
1259 1077 1468 1104 circumducere.
1485 1078 1622 1111 Quomodo
1641 1081 1710 1107 enim
1726 1082 1777 1108 ills

986 1127 1053 1154 opus
1068 1119 1167 1147 habere
1182 1121 1266 1154 potuit
1281 1122 1324 1156 qtti
1345 1122 1402 1149 ha-c
1424 1123 1508 1150 dixit?
1523 1124 1575 1150 Cur
1587 1132 1634 1152 cos
1655 1134 1706 1152 non
1721 1127 1778 1153 lau-

986 1164 1073 1192 davit?
1088 1173 1135 1192 cur
1150 1174 1202 1193 non
1220 1168 1392 1201 pnedicdvit?
1406 1169 1505 1202 I'rimo,
1519 1174 1546 1196 ut
1561 1171 1678 1205 magistri
1692 1173 1777 1207 digni-

987 1215 1067 1238 tatem
1080 1217 1210 1246 servaret,
1235 1219 1313 1247 atque
1337 1218 1364 1240 ut
1386 1215 1549 1248 ostenderet,
1566 1216 1605 1243 sic
1628 1217 1689 1243 illos
1709 1218 1776 1245 trahi

986 1258 1147 1292 oportuisse.
1162 1258 1227 1285 Nam
1242 1260 1263 1285 si
1280 1259 1423 1292 laudasset,
1441 1266 1562 1294 putantes
1575 1269 1604 1289 se
1615 1264 1725 1297 gratiam
1740 1264 1776 1291 illi

988 1303 1153 1337 praestitisse,
1177 1305 1277 1338 aliquid
1300 1305 1443 1333 humanum
1468 1308 1538 1341 passi
1565 1307 1700 1336 fuissent:
1716 1317 1776 1337 cum

987 1354 1075 1377 autem
1091 1350 1205 1377 ostendit
1220 1358 1249 1378 se
1260 1351 1365 1378 illorum
1381 1360 1433 1378 non
1447 1360 1527 1387 egere
1541 1355 1678 1385 comitatu,
1695 1356 1778 1389 magis

987 1402 1034 1422 eos
1055 1395 1196 1422 continuit.
1223 1397 1253 1423 Et
1276 1397 1459 1425 animadverte
1480 1407 1558 1433 quam
1585 1400 1779 1434 prndenterlo-

987 1445 1092 1476 quatur.
1110 1442 1168 1469 Non
1179 1442 1254 1475 dixit,
1271 1443 1367 1471 Abite:
1384 1444 1409 1471 id
1425 1445 1495 1472 enim
1508 1446 1661 1480 repellentis
1675 1447 1777 1480 fui-sel;

987 1488 1034 1515 sed
1049 1488 1203 1524 interrogat,
1219 1490 1288 1516 Num
1302 1496 1324 1517 et
1338 1499 1380 1518 vos
1394 1492 1467 1518 vultis
1479 1492 1568 1519 abire?
1581 1493 1656 1527 Quod
1671 1501 1777 1522 omnem

987 1535 1124 1564 auferebat
1139 1538 1189 1564 vim
1205 1542 1232 1565 et
1246 1539 1444 1571 necessitatem,
1460 1547 1493 1566 ne
1507 1539 1608 1574 pudore
1626 1540 1777 1568 detineren-

989 1585 1040 1612 tur,
1057 1581 1103 1608 sed
1119 1586 1145 1608 et
1166 1583 1277 1617 gratiam
1297 1583 1435 1610 baberent.
1461 1584 1527 1610 Cum
1543 1589 1630 1612 autem
1651 1585 1710 1612 illos
1725 1595 1778 1614 non

989 1627 1076 1662 palam
1091 1629 1235 1659 accusavit,
1251 1629 1297 1656 sed
1322 1629 1443 1657 tnodeste
1466 1630 1562 1664 tetigit,
1584 1631 1699 1657 ostendit
1713 1640 1778 1666 quo-

988 1674 1069 1701 modo
1083 1679 1205 1709 oporteat.
1219 1675 1244 1702 iu
1259 1675 1389 1702 similibus
1412 1675 1604 1710 philosophari.
1625 1677 1678 1704 Nos
1688 1682 1777 1705 autem

986 1721 1046 1756 jure
1057 1723 1189 1748 contraria
1205 1722 1329 1756 patimur,
1346 1722 1406 1756 quia
1416 1724 1505 1749 omnia
1513 1723 1606 1756 gloria:
1619 1730 1698 1750 causa
1714 1723 1778 1751 faci—

988 1773 1057 1799 mus,
1082 1766 1194 1801 ideoqne
1217 1775 1249 1794 ex
1274 1767 1432 1794 famulorum
1461 1776 1568 1796 recessu
1593 1774 1682 1796 nostra
1697 1771 1778 1798 minui

990 1817 1122 1847 putamus.
1149 1813 1192 1840 Sic
1221 1822 1301 1848 porro
1325 1821 1374 1841 nec
1396 1814 1518 1842 adulatus
1539 1820 1589 1847 est,
1607 1824 1657 1843 nec
1670 1817 1776 1851 repulit,

989 1857 1036 1885 sed
1059 1858 1242 1893 interrogavit.
1256 1859 1314 1886 Non
1336 1867 1399 1894 ergo
1413 1861 1563 1894 spernentis
1586 1861 1635 1888 hoc
1649 1867 1715 1894 erat,
1732 1863 1778 1890 scd

989 1903 1104 1931 nolentis
1117 1911 1164 1931 eos
1183 1905 1208 1931 vi
1220 1909 1247 1931 et
1259 1905 1418 1933 necessitate
1434 1906 1572 1938 detinere;
1590 1916 1649 1934 nam
1671 1909 1705 1936 ita
1721 1918 1779 1937 ina-

989 1957 1064 1982 ncre,
1089 1950 1159 1978 idem
1185 1951 1279 1978 fuisset
1302 1956 1382 1985 atque
1395 1953 1478 1980 abire.
1503 1953 1571 1986 Quid
1590 1961 1653 1988 ergo
1667 1955 1780 1984 Petrus?

989 1995 1034 2023 68.
1051 1996 1091 2022 Ad
1104 2005 1176 2031 quem
1198 1997 1308 2023 ibimus?
1339 1997 1417 2024 Verba
1442 1999 1498 2024 vita:
1519 2004 1619 2025 (eterna:
1632 2000 1716 2027 habes.
1733 2002 1779 2029 (J9.

989 2042 1022 2068 Et
1044 2050 1090 2069 nos
1112 2043 1263 2069 credidimus
1287 2048 1310 2069 et
1330 2043 1500 2078 cognovinms,
1516 2044 1575 2078 quia
1586 2049 1611 2070 tu
1626 2053 1652 2071 es
1667 2045 1780 2074 Christus

989 2086 1074 2114 Filius
1089 2087 1136 2114 Dei
1161 2089 1216 2114 vivi.
1235 2087 1327 2115 Viden’
1340 2096 1393 2115 non
1407 2089 1485 2115 verba
1507 2089 1680 2117 offensionem
1697 2099 1779 2126 pepe-

988 2133 1067 2166 risse,
1080 2133 1126 2160 sed
1138 2133 1298 2166 socordiam,
1321 2133 1461 2166 desidiam,
1478 2140 1505 2161 et
1523 2135 1719 2169 improbitatem
1731 2145 1779 2164 au-

989 2178 1123 2205 ditorum?
1134 2178 1198 2205 Nam
1213 2178 1316 2205 etiamsi
1335 2178 1384 2205 hoc
1398 2186 1449 2205 non
1470 2179 1591 2212 dixisset,
1607 2180 1779 2209 nihilominus

989 2224 1082 2252 offensi
1097 2224 1218 2256 fuissent,
1227 2232 1275 2250 nec
1289 2224 1462 2257 destitissent,
1471 2224 1558 2251 cibum
1567 2232 1674 2259 semper
1684 2234 1780 2261 corpus

989 2278 1064 2297 reum
1078 2275 1211 2302 curantes,
1225 2277 1256 2296 ac
1271 2274 1348 2296 terrae
1361 2269 1443 2296 afﬁxi.
1458 2270 1678 2304 Alioquiuautem
1691 2271 1716 2298 hi
1728 2279 1778 2299 una

989 2323 1049 2343 cum
1064 2315 1114 2342 illis
1125 2316 1276 2346 audierunt,
1289 2314 1335 2341 sed
1350 2315 1485 2342 contrario
1497 2314 1582 2342 ali'ecti
1606 2315 1685 2343 tuodo
1702 2316 1764 2343 dixe
1774 2333 1780 2337 -

990 2366 1062 2394 runt,
1077 2361 1116 2387 Ad
1129 2369 1201 2396 quem
1215 2360 1329 2388 ibimus?
1341 2360 1458 2389 Verbum
1479 2361 1567 2395 magni
1582 2361 1693 2389 aﬁ‘ectus
1712 2363 1782 2390 iridi-

992 2405 1074 2432 cium.
1091 2405 1231 2439 Signiﬁcat
1245 2415 1316 2432 enim
1339 2407 1492 2442 Magistratu
1513 2409 1562 2435 sibi
1587 2410 1710 2436 omntbus
1725 2417 1785 2437 esse

992 2450 1137 2483 cariorem,
1160 2453 1290 2485 patribus,
1317 2453 1456 2486 matribus,
1482 2455 1661 2487 facultatibus,
1682 2464 1783 2490 eosquu

993 2496 1038 2529 qui
1053 2496 1087 2523 ab
1103 2497 1161 2531 ipso
1176 2497 1328 2530 discedunt,
1345 2506 1396 2525 non
1418 2499 1517 2527 habere
1530 2508 1582 2533 quo
1598 2508 1627 2527 se
1642 2501 1782 2536 recipiant.

993 2540 1094 2569 lleiude
1119 2549 1153 2569 ne
1179 2543 1312 2571 videretur
1336 2544 1418 2577 illud,
1440 2545 1479 2572 Ad
1503 2553 1575 2580 quem
1597 2546 1709 2573 ibimus?
1724 2547 1783 2573 ideo

993 2587 1103 2620 dixisse,
1118 2589 1188 2623 quod
1201 2597 1253 2617 non
1269 2595 1360 2617 essent
1374 2591 1419 2626 qui
1435 2591 1507 2626 ipsos
1520 2592 1680 2625 reciperent,
1692 2597 1745 2619 stat
1757 2600 1782 2619 ut

988 2634 1090 2668 adjicit,
1105 2635 1187 2663 Verba
1201 2637 1258 2664 vita
1270 2642 1370 2665 ateriae
1383 2639 1470 2666 habet.
1483 2638 1533 2666 Alii
1547 2639 1617 2666 enim
1636 2639 1779 2666 carnaliter

989 2686 1016 2708 et
1031 2681 1144 2709 humana
1162 2687 1251 2710 mente
1265 2685 1424 2716 audiebant;
1442 2685 1467 2711 hi
1482 2692 1544 2711 vero
1558 2684 1742 2719 spiritualiter,
1754 2690 1781 2713 et

990 2727 1049 2753 ﬁdei
1061 2732 1143 2754 totum
1153 2730 1362 2757 committentes.
1370 2731 1431 2757 ldeo
1438 2730 1558 2758 Christus
1565 2731 1670 2758 dicebat
1681 2740 1687 2758 :
1698 2731 1781 2758 Verba

990 2783 1047 2809 qua?
1061 2775 1178 2810 loquutus
1193 2784 1249 2803 sum
1263 2777 1349 2811 vobis,
1365 2779 1469 2814 spiritus
1483 2783 1561 2809 sunt;
1576 2778 1601 2806 id
1617 2783 1668 2811 est,
1684 2778 1721 2805 Ne
1736 2786 1781 2805 sn-

990 2821 1102 2855 spiceris
1123 2821 1271 2849 doctrinam
1295 2831 1394 2858 meam,
1416 2831 1504 2850 rerum
1528 2823 1727 2859 consequentia:
1749 2831 1781 2851 ac

990 2865 1143 2895 necessitati
1154 2866 1303 2903 subjacere.
1316 2869 1374 2899 Non
1389 2869 1540 2906 hujusmodi
1553 2875 1616 2899 sunt
1630 2870 1781 2905 spiritualla
