2031 3118
236 166 286 194 (εδ-7
604 160 632 187 S.
653 158 791 187 JOANNIS
804 153 1041 186 CllRYSOSTOMl
1068 154 1223 185 ARCHIEP.
1243 158 1509 188 CONSTANTINOP.
1821 167 1870 198 (ms

239 231 286 251 nec
299 222 413 249 terrenis
429 219 530 252 legibus
543 217 619 244 subdi
640 218 786 251 patiuntur.
802 217 828 244 Id
843 216 941 243 Paulus
957 222 1022 250 quo-

234 277 287 305 que
301 267 417 295 declarat
432 265 473 292 his
489 263 577 291 verbis
592 273 599 291 :
616 263 656 290 Ne
671 264 741 296 diras
762 264 788 289 in
801 262 877 289 corde
894 268 944 293 tuo,
963 261 1026 293 Quis

235 313 352 341 ascendet
376 312 402 337 in
424 309 534 336 caelum?
557 309 606 335 hoc
619 313 665 341 est,
679 307 807 334 Christum
827 306 966 339 deducere;
982 310 1025 332 aut

235 359 290 393 quis
304 356 435 383 descendet
447 355 474 381 in
488 354 624 389 abyssum?
645 354 692 380 hoc
706 357 752 385 est,
770 352 898 378 Christum
911 360 943 378 ea:
955 359 1025 378 utor-

236 403 284 429 tuis
295 409 411 428 reuocare
422 399 508 435 (Rom.
521 399 562 427 i0.
581 399 608 426 6.
618 399 658 433 Ἰ).
674 397 753 425 νει-ιω
766 398 929 424 vitctrterme
939 397 1023 424 habes.

234 448 293 475 .lam
319 447 345 474 bi
370 446 594 474 resurrectionem
609 449 784 479 acceperant,
806 447 833 470 et
853 447 936 469 totam
953 442 1025 469 illam

234 499 346 520 sortem.
369 492 444 524 Vide,
470 499 572 526 (μείρεο,
600 491 709 517 fratrum
724 493 868 519 amantem.
891 488 1026 523 quomodo

236 539 316 566 totius
329 544 414 566 cuius
425 544 532 564 causam
547 541 609 571 agat
622 545 629 564 :
645 543 697 563 non
710 535 777 563 dixit
797 535 879 566 enim,
894 534 1024 569 Cognovi,

235 585 293 618 sed,
308 584 475 618 Cognovimus
487 592 496 610 :
512 583 564 610 imo
587 583 675 617 potius
697 581 880 608 animadverte
891 580 1026 616 quomodo

235 631 268 657 ad
283 631 338 666 ipsa
352 629 467 663 Magistri
483 629 562 655 verba
576 627 694 660 accedat,
707 635 759 653 non
770 626 862 654 eadem
872 634 931 661 quae
941 625 1026 653 luctui

237 675 357 710 loquens.
374 674 413 701 Illi
425 675 495 701 enim
509 673 643 704 dicebant,
657 671 707 699 Hic
722 677 756 699 est
772 672 840 706 ﬁlius
854 671 968 706 Ioseph;
982 671 1026 699 hic

235 726 334 752 autent,
349 720 388 747 Tu
403 729 430 747 es
440 721 554 747 Christus
568 718 591 745 F
593 719 642 746 lius
657 718 706 745 Dei
725 719 791 749 viui;
806 722 843 750 et,
872 717 953 744 Verba
969 718 1027 746 vita!

236 774 337 795 mei-me
358 768 443 794 habes.
467 765 547 793 Forte
568 766 630 800 quia
644 772 716 799 saepe
732 764 818 799 ipsum
833 764 965 792 dicentem
979 772 1026 791 au-

235 816 321 842 dierat
335 823 342 842 :
358 814 408 846 Qui
421 814 500 840 credit
511 814 537 839 in
548 820 595 844 me,
608 812 681 839 habet
690 812 766 838 vitam
775 816 905 838 aeternam.
916 811 1027 838 Demon-

235 865 301 887 strat
314 860 386 887 enim
407 867 437 886 se
458 859 527 886 dicta
541 859 630 885 ontnia
653 858 778 889 retinere.
796 865 855 884 cum
872 858 927 892 ipsa
945 858 1025 884 verba

236 911 354 941 usurpat.
369 905 436 939 Quid
451 912 515 939 ergo
525 903 646 931 Christus
657 903 666 930 2
679 902 737 930 Non
752 898 878 936 laudavit,
892 911 941 930 nec
956 903 1027 930 ccle-

236 953 322 979 bravit
335 951 452 983 Petrum,
464 949 534 984 quod
546 954 634 976 tamen
646 949 707 976 alibi
723 948 793 975 fecit.
806 947 859 976 Sed
870 948 932 983 quid
943 948 1028 975 dicit?

237 997 280 1024 70.
308 997 400 1024 Nonne
422 1004 466 1030 ego
490 1003 532 1022 vos
547 995 678 1021 duodecim
694 995 767 1028 elegi,
791 999 814 1021 et
835 1001 900 1020 unus
913 1002 945 1020 ea:
959 993 1028 1020 vobis

235 1044 350 1071 diabolus
363 1043 420 1070 est?
441 1043 507 1076 Quia
527 1042 598 1069 enim
615 1041 660 1069 ille
677 1041 793 1072 dixrrat,
809 1041 842 1067 Et
856 1049 902 1067 nos
916 1041 1026 1068 credidi-

236 1098 300 1120 mus.
316 1089 414 1123 excipit
434 1097 468 1116 ex
483 1095 594 1115 numero
615 1087 722 1115 ludam.
739 1088 807 1115 Alibi
823 1088 894 1115 enim
914 1088 978 1115 nihil
993 1088 1028 1116 de

235 1135 373 1169 discipulis
386 1134 453 1161 dixit
466 1143 472 1160 :
487 1134 533 1161 sed
546 1141 606 1161 cum
616 1133 738 1161 Christus
748 1133 870 1166 dixisset,
886 1132 936 1160 Vos
946 1138 1029 1160 autem

235 1189 308 1215 quem
323 1189 362 1207 nte
383 1189 436 1207 esse
447 1179 549 1206 dicitis?
563 1179 711 1214 respondit,
725 1179 764 1206 Tu
776 1187 801 1206 es
817 1179 932 1206 Christus
946 1178 1028 1206 Filius

236 1227 283 1253 Dei
296 1226 418 1259 uioentis(
433 1225 527 1252 Matth.
542 1225 586 1252 i6.
600 1225 635 1252 15
645 1224 668 1260 ).
690 1225 738 1252 Hic
752 1232 816 1252 vero
838 1225 898 1259 quia
912 1225 1027 1258 dixerat,

237 1272 270 1299 Et
284 1281 330 1299 nos
344 1272 507 1304 credidimus,
522 1271 618 1298 merito
628 1270 723 1298 ludam
732 1270 824 1297 eximit
835 1278 866 1298 ex
877 1271 923 1297 illo
933 1270 1027 1303 choro;

237 1318 262 1345 id
276 1325 339 1345 vero
353 1317 424 1349 facit,
439 1318 493 1351 jam
508 1316 553 1343 diu
567 1321 630 1344 ante
651 1316 794 1350 proditoris
816 1315 952 1350 perﬁdiam
968 1323 1030 1350 pro-

237 1364 356 1398 pulsans.
371 1362 479 1390 Guarus
499 1369 528 1390 se
552 1361 618 1388 nihil
634 1361 775 1396 prolicere,
800 1360 910 1396 quodin
930 1367 960 1388 se
972 1365 1030 1388 erat

237 1410 287 1438 ieci
292 1415 310 1438 ι.

274 1457 302 1484 4.
323 1456 356 1484 Et
370 1456 474 1492 intuere
495 1454 652 1489 sapientiam
669 1461 741 1482 :non
764 1453 838 1482 illum
860 1453 1029 1482 manifestum

241 1502 367 1535 reddidit,
383 1509 470 1537 neque
490 1501 573 1528 latere
588 1503 697 1528 omnino
712 1501 848 1536 permisit;
866 1505 921 1527 tum
935 1507 968 1526 ne
980 1500 1029 1527 im-

237 1547 378 1584 pudentior
400 1546 617 1582 pervicaciorque
638 1546 733 1578 ﬁeret;
761 1551 816 1573 tum
837 1553 871 1573 ne
895 1552 924 1573 se
946 1546 1030 1573 latere

237 1599 343 1628 putans,
366 1592 492 1620 audacius
507 1592 572 1620 illud
597 1593 700 1619 facinus
711 1592 806 1619 adiret.
821 1591 922 1631 idcirco
936 1591 962 1618 in
984 1598 1029 1618 se-

236 1639 379 1675 quentibus
392 1639 510 1674 apertius
531 1638 605 1665 illum
625 1639 754 1673 coarguit.
772 1638 849 1665 Prius
861 1641 935 1665 certe
954 1637 1028 1664 illum

236 1693 298 1713 cum
310 1685 371 1712 aliis
383 1685 597 1718 connumeravit,
611 1692 672 1712 cum
694 1684 777 1717 dixit,
802 1683 869 1712 Sunt
882 1684 984 1719 quidam
998 1692 1030 1711 ex

237 1731 305 1757 vobis
318 1731 360 1765 qui
374 1738 424 1757 non
436 1730 542 1757 credunt
552 1751 559 1764 ,
574 1731 600 1757 id
613 1730 685 1764 quod
706 1730 825 1758 declarat
845 1730 1006 1766 evangelista
1020 1739 1026 1757 :

238 1777 339 1804 Sciebat
362 1777 428 1804 enim
441 1776 473 1803 ab
484 1777 556 1803 initio
571 1777 613 1809 qui
625 1781 705 1803 essent
717 1784 769 1803 non
782 1777 919 1808 credentes,
937 1780 959 1803 et
972 1777 1028 1811 quis

238 1825 377 1851 traditurus
387 1828 448 1850 esset
456 1823 550 1858 ipsum.
557 1822 624 1856 Quia
636 1830 699 1849 vero
712 1822 755 1850 ille
765 1822 934 1857 persistebat,
941 1822 1028 1849 acrius

237 1870 337 1904 arguit,
354 1868 425 1896 Unus
449 1877 479 1895 ea:
499 1868 567 1895 vobis
592 1868 706 1895 diabolus
731 1873 787 1901 est,
807 1875 1029 1902 communemque

237 1915 361 1944 omnibus
377 1919 475 1942 metum
489 1915 599 1947 incutit,
615 1920 642 1942 ut
663 1914 735 1941 illum
749 1914 894 1949 obtegeret.
909 1914 957 1942 ilic
968 1914 1029 1949 jure

237 1967 392 1997 quieratur:
407 1960 461 1988 Cur
475 1961 539 1987 nihil
559 1961 681 1995 discipuli
701 1967 771 1987 nunc
789 1960 891 1992 dicunt,
908 1960 956 1987 sub
972 1960 1029 1987 [nec

238 2013 326 2034 autem
337 2006 460 2034 dubitant
472 2026 479 2039 ,
498 2006 610 2039 timent,
626 2013 655 2032 se
669 2010 761 2032 mutuo
774 2006 919 2040 respiciunt
934 2012 1029 2040 rogan-

239 2059 288 2086 tes,
303 2052 433 2087 Numquid
455 2060 499 2087 ego
521 2060 586 2084 sunt,
603 2051 709 2078 Domine
725 2050 838 2087 (Matth.
853 2051 898 2078 26.
910 2050 945 2078 22
956 2051 982 2086 )?
996 2050 1030 2078 Et.

237 2099 332 2127 Joanui
349 2099 442 2126 Petrus
462 2098 558 2130 innuit,
571 2103 598 2125 ut
612 2097 765 2132 Magistrum
785 2102 957 2132 percontetur
970 2097 1030 2132 quis

237 2145 273 2172 sit
286 2145 414 2179 proditor.
428 2144 486 2178 Qua
509 2151 573 2179 ergo
595 2143 629 2171 de
649 2151 728 2171 causa
740 2144 751 2170 ’Ξ
765 2143 888 2171 Nondum
910 2144 1030 2171 audierat

238 2192 344 2224 Petrus,
365 2191 435 2218 Vade
456 2196 512 2226 post
531 2199 589 2223 me,
605 2195 705 2217 satana.
731 2190 793 2218 Ideo
818 2197 870 2217 non
895 2190 1028 2217 timebat:

239 2243 378 2273 postquam
392 2242 479 2264 autem
495 2238 646 2272 increpatus
658 2242 709 2269 est,
725 2241 752 2263 et
765 2236 849 2263 multo
861 2244 920 2263 eum
934 2235 1029 2263 alit-ctu

239 2285 364 2320 loquutus
377 2305 384 2316 ,
400 2292 452 2311 non
467 2283 589 2311 laudatus
603 2289 643 2311 est
657 2304 664 2316 ,
680 2283 728 2311 sed
749 2288 775 2310 et
789 2289 895 2310 satanas
907 2283 1007 2310 audivit
1021 2292 1029 2317 ;

240 2330 290 2358 hac
305 2334 427 2365 percepta
442 2337 518 2362 voce,
534 2329 605 2357 Unus
624 2337 656 2356 ea:
669 2329 737 2355 vobis
758 2329 839 2356 tradet
853 2337 892 2355 me
904 2349 910 2359 .
925 2328 985 2364 jure
999 2330 1032 2356 ti-

239 2376 317 2403 muit.
332 2375 456 2410 Alioquin
467 2396 475 2407 ,
492 2382 543 2402 non
559 2374 622 2401 dicit
636 2382 706 2401 nunc
716 2395 722 2406 ,
744 2374 816 2401 Unus
828 2382 859 2401 ex
869 2374 937 2401 vobis
950 2375 1030 2402 tradet

239 2430 296 2453 me;
311 2420 370 2454 sed,
387 2420 458 2448 Unus
470 2429 501 2447 es:
513 2420 583 2447 nobis
593 2424 629 2446 est
644 2419 768 2446 diabolus.
785 2419 872 2452 Quare
885 2427 937 2447 non
954 2420 1032 2447 intel-

240 2467 358 2502 ligebant
369 2466 431 2500 quid
445 2466 578 2493 diceretur
590 2486 597 2496 .
612 2465 658 2492 sed
673 2465 798 2492 malitiam
821 2469 921 2493 tantum
938 2474 1030 2500 repre-

240 2513 320 2541 hendi
335 2513 472 2547 putabant.
486 2512 540 2539 Cur
555 2515 643 2538 autem
656 2510 736 2544 dixit,
753 2510 845 2538 Nonne
859 2520 903 2547 ego
915 2520 958 2539 vos
968 2511 1031 2538 duo-

239 2560 319 2587 decim
333 2559 406 2593 elegi,
424 2563 446 2585 ιι
461 2566 525 2584 unus
544 2565 576 2584 ea:
587 2557 655 2584 vobis
675 2557 790 2584 diabolus
810 2558 866 2584 est?
880 2558 1029 2585 Doctrinam

240 2613 315 2631 suam
330 2603 403 2630 omni
426 2604 577 2630 adulatione
600 2610 709 2630 vacuam
733 2604 861 2630 indicans.
877 2603 943 2631 Cum
959 2605 1029 2631 enim

240 2649 444 2678 abscedentibus
453 2649 596 2681 omnibus,
613 2649 661 2683 ipsi
677 2649 726 2676 soli
740 2655 877 2677 manerent
888 2671 895 2682 ,
911 2655 938 2677 et
960 2650 1030 2678 Petri

241 2704 287 2724 ore
298 2696 433 2723 Christmn
451 2695 660 2726 contl'creutur;
675 2703 709 2722 ne
722 2700 842 2728 putarent
853 2703 882 2723 se
894 2696 952 2723 ideo
967 2696 1031 2731 ipsis

242 2741 411 2769 adulatorum
436 2748 496 2768 eSse
508 2761 516 2774 ,
534 2741 601 2767 hanc
626 2745 733 2768 amovet
755 2741 950 2776 suspicionem;
965 2750 995 2769 ac
1010 2743 1030 2769 si

242 2788 343 2815 diceret
357 2796 363 2814 :
375 2786 445 2814 Nihil
460 2794 502 2814 me
523 2785 629 2813 cohibet
643 2786 785 2821 quominus
800 2786 884 2814 malos
898 2794 1007 2822 arguam
1023 2796 1029 2813 :

243 2842 277 2861 ne.
287 2833 384 2869 putetis
397 2840 441 2860 me
454 2832 540 2866 vobis,
554 2832 614 2868 quia
629 2832 754 2865 manetis,
769 2832 937 2860 adulaturum
951 2840 1009 2860 esse
1022 2841 1029 2866 ;

243 2885 287 2908 aut
301 2881 360 2916 quia
383 2889 425 2909 me
449 2881 608 2916 sequimini,
623 2880 759 2917 improbos
779 2887 832 2907 non
850 2879 1030 2916 reprehensu-

1082 223 1150 243 rum.
1165 215 1230 244 Nam
1244 217 1315 252 quod
1331 219 1414 254 magis
1429 225 1518 254 posset
1536 220 1691 256 Magistrum
1705 224 1829 259 ﬂectere,
1845 228 1870 255 id

1080 269 1133 288 non
1148 269 1191 289 me
1206 262 1297 291 ﬂectit.
1313 263 1363 297 Qui
1379 270 1468 293 manet
1479 285 1486 296 .
1498 267 1597 295 amoris
1614 268 1656 296 sui
1670 269 1715 297 dat
1732 271 1868 302 indicimn.

1079 306 1129 341 Qui
1142 308 1243 336 electus
1262 314 1301 336 est
1316 317 1331 337 a
1345 310 1480 345 Magistro,
1493 312 1527 339 ab
1542 313 1739 350 insipientibus,
1753 325 1784 345 ac
1796 319 1817 346 si
1833 320 1870 347 in-

1079 353 1164 381 saniat
1176 374 1184 387 ,
1200 355 1354 390 repelletur.
1370 357 1493 385 Attamen
1519 366 1604 394 neque
1624 360 1675 388 hoc
1694 369 1737 390 me
1751 371 1765 389 a
1780 372 1870 399 repre-

1080 399 1222 427 hendendo
1247 401 1364 429 abducit.
1381 402 1434 430 Hac
1455 403 1490 431 de
1513 412 1542 431 re
1567 405 1738 436 etiam‘nunc
1757 410 1871 443 gentiles

1078 445 1214 473 Christum
1238 454 1381 480 accusant,
1395 449 1443 476 sed
1465 449 1559 485 frigide
1577 455 1604 478 et
1622 453 1711 481 stulte.
1728 454 1785 482 Non
1800 456 1871 484 enim

1079 492 1238 520 necessitate
1261 498 1306 520 aut
1331 494 1355 521 vi
1380 494 1450 522 Deus
1472 495 1557 523 bonos
1571 497 1659 526 facere
1683 500 1769 533 solet,
1784 509 1872 536 neque

1078 538 1174 566 electio
1189 539 1247 574 ejus
1261 544 1302 567 est
1315 540 1431 568 violenta
1443 562 1451 576 ,
1472 543 1519 570 sed
1539 551 1555 571 a
1576 544 1700 573 suasione
1724 547 1869 582 perﬁcitur.

1079 584 1114 612 Ut
1135 590 1224 613 autem
1251 586 1338 613 discas
1353 588 1520 616 vocationem
1538 597 1592 617 non
1612 591 1664 618 vim
1679 592 1795 627 inferre,
1812 602 1872 629 per-

1079 631 1166 665 pende
1188 637 1252 667 quot
1267 633 1352 660 vocati
1368 634 1506 668 perierint.
1523 635 1598 664 Unde
1613 638 1699 672 palam
1712 644 1764 673 est,
1780 640 1806 667 in
1823 649 1871 668 no-

1078 681 1134 704 stro
1157 677 1235 705 sitam
1257 686 1316 707 esse
1333 680 1444 709 arbitrio
1466 681 1507 709 vel
1522 683 1647 718 salutctn,
1662 685 1703 712 vel
1726 688 1871 722 perniciem

1078 727 1208 751 nostram.

1113 770 1140 797 5.
1161 770 1224 798 H:ec
1246 771 1335 806 itaque
1355 773 1493 801 audientes
1505 796 1513 806 .
1527 775 1698 804 instituamur
1717 777 1750 805 ad
1770 786 1870 807 caven-

1078 815 1141 842 dum
1155 816 1369 852 vigilandumque
1382 826 1497 854 semper.
1506 820 1571 847 Nam
1587 822 1609 849 si
1624 822 1669 850 ille
1683 824 1727 858 qui
1741 824 1766 851 in
1779 831 1871 852 sancto

1079 861 1125 889 illo
1139 861 1221 889 choro
1236 864 1395 892 censebatur
1406 885 1413 898 ,
1429 866 1473 900 qui
1500 871 1600 894 tantum
1619 875 1800 904 consequutus
1813 877 1871 899 eral.

1078 906 1188 942 donum,
1206 909 1249 943 qui
1263 910 1339 945 signa
1356 910 1454 938 fecerat
1469 912 1478 946 (
1493 913 1592 940 etenim
1618 921 1677 942 cum
1697 916 1755 943 aliis
1775 917 1872 946 missus

1078 953 1164 980 fuerat
1181 954 1214 982 ad
1235 960 1356 983 mortuos
1371 958 1539 986 suscitandas
1554 959 1728 996 leprososque
1742 963 1873 991 mundan-

1078 997 1149 1034 dos),
1162 999 1222 1034 quia
1237 1001 1394 1034 gravissimo
1407 1003 1525 1030 avaritiae
1540 1005 1634 1032 morbo
1649 1011 1741 1041 captus
1753 1013 1804 1040 est,
1819 1009 1872 1036 Do-

1079 1044 1180 1071 minum
1202 1053 1278 1072 suum
1303 1046 1428 1081 prodidit,
1449 1049 1568 1084 nihilque
1583 1050 1620 1078 illi
1636 1053 1758 1086 profuere
1771 1053 1872 1082 beneﬁ-

1079 1089 1119 1116 cia
1131 1110 1139 1122 ,
1153 1090 1220 1117 dona
1232 1111 1240 1124 ,
1264 1099 1317 1119 non
1341 1094 1522 1127 consuetudo,
1536 1103 1588 1123 non
1605 1096 1669 1123 lotio
1682 1097 1779 1133 pedum
1789 1119 1797 1132 ,
1819 1108 1871 1127 non

1080 1143 1178 1163 mensa:
1194 1137 1318 1171 societas,
1334 1146 1387 1166 non
1401 1139 1548 1168 loculorum
1571 1142 1714 1175 custodia;
1739 1144 1793 1172 imo
1816 1145 1872 1172 litae

1080 1181 1116 1208 illi
1131 1182 1218 1209 aditus
1228 1183 1261 1210 ad
1273 1184 1430 1219 supplicium
1447 1185 1523 1214 fuere
1537 1195 1544 1213 :
1561 1188 1701 1215 timeamus
1715 1193 1743 1216 et
1757 1197 1807 1216 nos
1818 1210 1826 1223 ,
1839 1199 1873 1219 ne

1079 1228 1186 1262 quando
1196 1229 1289 1256 .ludam
1302 1237 1349 1265 per
1362 1231 1501 1259 avaritiam
1514 1232 1659 1261 imitemur.
1672 1234 1807 1262 Christum
1819 1243 1873 1264 non

1081 1274 1188 1308 prodis?
1200 1274 1252 1302 Sed
1265 1276 1371 1311 quando
1387 1284 1528 1312 pauperem
1540 1278 1609 1305 fame
1621 1279 1812 1315 tabescentem,
1829 1288 1875 1310 aut

1080 1319 1178 1355 frigore
1203 1326 1326 1349 enectum
1360 1324 1531 1357 contemnis,
1559 1323 1647 1352 eidem
1678 1326 1811 1354 obnoxius
1844 1335 1874 1355 es

1079 1365 1254 1395 damnationi.
1273 1367 1304 1395 Et
1318 1375 1378 1395 cum
1396 1368 1502 1404 indigne
1524 1371 1650 1405 mysteria
1664 1372 1854 1407 participamus
1865 1394 1873 1405 .

1080 1412 1200 1440 eamdem
1215 1413 1241 1440 in
1253 1414 1397 1449 perniciem
1414 1415 1493 1449 imus,
1506 1424 1584 1451 quam
1598 1417 1642 1452 qui
1654 1417 1789 1446 Christum
1803 1421 1874 1447 occi-

1080 1458 1188 1487 deruut.
1205 1458 1270 1487 Cum
1284 1461 1411 1496 rapinius,
1427 1470 1487 1489 cum
1502 1470 1600 1497 egenos
1613 1464 1801 1499 opprimimus,
1814 1474 1872 1493 ma-

1080 1505 1178 1532 ximam
1204 1506 1279 1533 nobis
1303 1507 1430 1534 ultionem
1452 1508 1624 1542 attrahimus;
1641 1517 1672 1538 ac
1688 1510 1750 1546 jure
1764 1511 1871 1539 merito.

1081 1549 1223 1586 Usquequo
1235 1552 1307 1579 enim
1320 1560 1408 1581 rerum
1421 1555 1591 1588 pra-sontium
1605 1563 1690 1589 amor,
1702 1557 1834 1586 inutilium
1847 1564 1874 1586 et

1080 1605 1303 1632 supervacuarum
1325 1607 1374 1627 nos
1387 1601 1546 1635 occupabit?
1559 1601 1661 1629 Divitiae
1675 1610 1790 1639 namque
1804 1605 1873 1632 inter

1080 1643 1212 1678 superﬂua
1229 1649 1256 1672 et
1277 1645 1379 1673 inutilia
1393 1652 1576 1675 numerantur.
1594 1647 1738 1685 Usquequo
1750 1650 1873 1678 inanibus

1079 1689 1158 1717 rebus
1171 1690 1243 1717 afﬁxi
1264 1692 1382 1719 erimus?
1397 1700 1536 1728 usquequo
1558 1701 1610 1722 non
1631 1696 1806 1731 respiciemus
1819 1705 1872 1725 cm-

1080 1735 1141 1763 los?
1156 1744 1207 1764 non
1222 1738 1399 1773 vigilabimus,
1414 1747 1466 1767 non
1483 1740 1508 1767 in
1524 1740 1658 1769 fastidium
1672 1741 1803 1770 ﬂuxarum
1820 1749 1873 1771 tcr-

1079 1790 1255 1819 renarmnque
1279 1792 1367 1812 rerum
1393 1786 1549 1814 veniemus?
1575 1795 1663 1815 annon
1688 1791 1871 1822 experimento

1080 1828 1182 1856 illarum
1197 1830 1325 1858 vilitatem
1340 1831 1503 1859 ediscimus?
1527 1831 1680 1868 Cogitemus
1694 1833 1792 1861 divites
1814 1835 1872 1862 illus

1079 1875 1123 1909 qui
1139 1881 1202 1903 ante
1224 1885 1272 1904 nos
1296 1877 1413 1905 fuerunt.
1430 1880 1525 1907 Annon
1541 1879 1598 1907 hinc
1620 1876 1711 1908 omnia
1737 1882 1871 1909 somnium

1079 1921 1161 1947 sunt?
1181 1928 1270 1949 annon
1294 1923 1385 1950 umbra
1411 1928 1438 1951 et
1464 1924 1533 1952 ﬂos?
1552 1932 1640 1952 annon
1666 1926 1735 1953 unda
1761 1932 1871 1961 praeter-

1080 1966 1286 1995 ﬂuens?annon
1303 1969 1382 1996 verba
1406 1975 1432 1996 et
1454 1970 1571 1997 fabulas?
1586 1969 1631 1998 Ille
1644 1970 1719 1998 dives
1740 1971 1809 2005 iuit;
1825 1973 1870 2000 sed

1079 2020 1134 2047 quo
1147 2013 1269 2041 abierunt
1282 2015 1403 2042 divitiae?
1417 2016 1566 2050 Perierunt,
1581 2023 1714 2052 corrupta
1726 2023 1790 2046 sunt
1803 2027 1812 2050 ;
1826 2019 1870 2046 δραι

1081 2064 1186 2093 peccata
1202 2067 1249 2094 per
1261 2060 1366 2088 divitias
1380 2067 1454 2095 parta
1470 2067 1589 2096 manent,
1605 2067 1632 2089 et
1642 2067 1751 2097 propter
1765 2070 1870 2098 peccata

1080 2105 1249 2140 supplicium.
1267 2106 1322 2134 Imo
1337 2115 1400 2134 vero
1418 2108 1466 2135 etsi
1484 2116 1532 2136 nec
1545 2108 1703 2144 Supplicium
1718 2113 1800 2142 esset,
1824 2117 1872 2136 nec

1081 2159 1202 2186 regnum,
1219 2153 1393 2187 contribules,
1408 2161 1571 2189 congeneres
1592 2159 1620 2181 et
1641 2159 1781 2182 consortes
1796 2162 1872 2182 reve‘

1081 2199 1133 2225 reri
1149 2203 1295 2233 oporteret.
1310 2200 1345 2227 At
1369 2208 1439 2227 nunc
1460 2208 1542 2228 canes
1563 2201 1676 2233 alimus;
1692 2201 1767 2228 multi
1793 2201 1871 2229 etiam

1081 2252 1207 2280 Onagros,
1222 2253 1306 2278 ursos,
1322 2247 1461 2281 variasque
1478 2246 1548 2275 feras
1562 2247 1600 2282 (a)
1613 2255 1620 2273 :
1633 2247 1769 2274 hominem
1784 2252 1871 2274 autem

1082 2292 1152 2319 fame
1164 2292 1314 2320 conlectum
1336 2294 1504 2329 negligimus,
1517 2301 1549 2321 ac
1564 2293 1647 2328 pluris
1669 2293 1781 2321 facimus
1806 2293 1871 2320 alie-

1082 2345 1144 2365 num
1159 2345 1242 2372 genus
1254 2359 1262 2371 ,
1276 2346 1355 2373 quam
1369 2345 1500 2366 nostrum.
1518 2340 1612 2366 Annon
1626 2338 1738 2374 pulchra
1753 2346 1796 2367 res
1812 2343 1851 2366 est
1862 2360 1869 2370 ,

1082 2384 1148 2416 aie:,
1162 2384 1316 2418 Splendidas
1330 2385 1401 2412 sedes
1416 2390 1572 2412 construere
1585 2406 1592 2416 .
1608 2384 1706 2412 multos
1720 2392 1815 2412 servos
1828 2384 1869 2411 ha-

1083 2429 1146 2456 bere
1159 2450 1167 2462 ,
1183 2437 1262 2457 aurea
1286 2430 1418 2465 laquearia
1430 2430 1551 2465 jacentes
1573 2430 1750 2464 conspicere?
1764 2429 1820 2457 lies
1833 2435 1873 2456 est

1082 2482 1277 2509 supervacanea
1291 2480 1316 2503 et
1333 2477 1441 2504 inutilis.
1456 2477 1522 2504 Sunt
1536 2476 1586 2503 alia
1601 2475 1712 2503 aedilicia
1729 2475 1771 2502 his
1791 2475 1872 2502 τηυξιο

1083 2523 1262 2556 splendidiora
1290 2531 1316 2552 et
1345 2523 1496 2551 honestiora
1521 2532 1527 2550 :
1553 2522 1593 2549 his
1622 2522 1717 2549 oculos
1738 2521 1875 2549 oblectare

1083 2579 1170 2606 operae
1184 2571 1297 2605 pretium
1312 2569 1390 2597 fuerit
1406 2577 1413 2595 :
1429 2576 1461 2596 ac
1474 2576 1553 2596 nemo
1564 2567 1661 2602 estqui
1677 2567 1814 2602 impediat.
1831 2566 1875 2593 Vis

1083 2623 1181 2646 tectum
1207 2617 1413 2652 pulcherrimum
1437 2615 1555 2642 intueri?
1582 2615 1733 2649 Appetento
1763 2619 1874 2647 vespera

1083 2665 1143 2691 vide
1167 2664 1261 2691 ett-lum
1286 2663 1371 2690 stellis
1397 2666 1530 2689 ornatum.
1555 2659 1608 2688 Sed
1635 2667 1687 2687 non
1710 2664 1752 2687 est
1777 2663 1874 2686 tectum

1084 2718 1172 2737 meum
1185 2730 1193 2742 ,
1206 2709 1318 2744 inquies.
1332 2709 1387 2736 Iino
1409 2707 1493 2742 magis
1514 2712 1603 2737 tuum.
1617 2713 1696 2740 quam
1711 2704 1775 2732 illud
1791 2703 1873 2730 aliud.

1084 2756 1195 2789 Propter
1209 2760 1233 2782 te
1255 2762 1369 2789 namque
1385 2755 1480 2780 iactum
1494 2757 1554 2786 cst,
1569 2756 1596 2779 et
1618 2758 1761 2778 commune
1776 2749 1821 2777 tibi
1834 2754 1875 2776 est

1083 2809 1143 2828 cum
1163 2801 1288 2829 fratribus
1302 2801 1363 2828 tuis.
1378 2799 1435 2827 Hoc
1449 2803 1539 2826 autem
1553 2797 1623 2825 aliud
1641 2804 1694 2825 non
1713 2801 1788 2824 tuum
1812 2799 1852 2822 est
1863 2815 1870 2826 ,

1117 2882 1153 2914 (a)
1165 2882 1205 2908 uie
1222 2879 1285 2907 imis
1302 2879 1381 2906 alendi
1392 2887 1444 2907 mos
1465 2880 1625 2912 cinnamomi
1638 2880 1710 2903 etate
1734 2874 1840 2906 vigebat.
