2031 3118
147 125 196 153 269

147 182 193 209 sed
212 181 340 209 heredum
367 188 427 217 post
453 188 565 211 mortem
582 189 663 212 tuam.
680 185 745 212 Illqu
762 186 876 213 maxime
891 186 937 212 tibi

146 235 206 255 esse
219 229 285 255 utile
302 230 409 263 pulerit,
424 237 484 257 cum
510 238 542 257 ex
565 230 761 265 pulchritudine
785 239 831 258 sua
857 236 881 258 te
908 231 940 258 ad

146 273 301 301 Creatorem
315 274 445 308 advocet;
463 275 513 303 hoc
535 282 626 304 autem
639 277 709 304 aliud
727 278 841 305 maxime
862 285 942 304 noce-

147 319 185 347 bit
196 341 204 353 ,
221 325 300 355 teque
324 322 441 356 graviter
460 322 486 349 in
500 322 542 349 die
553 323 644 357 judicii
668 324 804 351 accusabit
816 345 822 355 ,
835 323 941 359 quando

147 365 233 400 ipsum
254 366 362 400 quidem
377 375 442 394 auro
455 367 573 403 undique
595 369 705 403 fulgebit
716 390 724 402 ,
739 369 860 397 (Ihristus
876 377 942 397 vero

148 419 180 438 ne
193 416 269 439 veste
284 412 391 446 quidem
406 414 555 441 necessaria
571 419 709 441 contectus
722 416 782 442 erit.
798 415 836 442 Ne
851 416 940 450 itaque

147 456 172 483 in
199 461 299 484 tantam
323 457 453 485 insaniam
478 458 644 490 incidamus;
661 467 694 487 ne
716 459 888 494 insequamur
901 459 942 486 fu-

147 502 257 537 gientia,
274 510 308 529 ne
323 502 455 537 fugiamus
466 504 610 537 manentia,
623 512 657 532 nc
672 506 814 539 prodamus
827 505 940 532 salutem

148 553 278 581 nostram,
295 549 341 576 sed
371 549 465 577 futuras
490 551 547 585 spei
573 550 742 578 hmreamus:
765 559 855 584 senes,
869 551 940 586 quod

148 593 264 621 miamus
288 602 398 629 parvum
414 595 491 623 nobis
505 597 566 623 VIltE
579 604 686 624 cursant
714 605 872 631 superesse;
895 598 940 632 ju-

642 129 674 156 IN
693 129 847 157 JOANNEM
869 129 982 157 ll0.\lll..
1001 129 1115 158 XLVIII.
1134 131 1170 158 al.
1192 130 1295 158 XLVII.

1735 134 1788 161 2ἷο

995 193 1087 216 venes.
1098 186 1167 220 quod
1185 187 1302 221 persuasi
1319 187 1373 214 sint
1387 194 1438 215 non
1453 188 1566 216 multum
1581 188 1632 216 sibi
1646 197 1786 224 superesse

994 232 1132 265 tImporis.
1151 231 1183 258 Ut
1204 233 1270 259 enim
1281 234 1323 268 fur
1337 233 1362 260 in
1378 239 1449 262 nocte
1461 255 1467 267 ,
1484 235 1520 262 ita
1543 235 1596 262 dies
1616 235 1658 262 ille
1674 236 1786 262 adveniet

994 277 1004 311 (
1019 277 1045 303 l.
1057 275 1146 304 Thess.
1161 277 1187 304 ὅ.
1201 276 1219 303 2
1229 277 1249 312 ).
1265 276 1326 305 Ηωε
1340 278 1427 313 itaque
1437 287 1497 307 cum
1512 281 1637 312 sciamus,
1649 285 1676 308 et
1691 289 1787 309 uxores

994 322 1065 350 viros
1081 322 1229 356 hortentur,
1246 327 1272 350 et
1293 323 1342 350 viri
1358 333 1457 352 uxores
1472 331 1608 359 moueant,
1624 327 1743 361 juniorcs
1757 335 1788 354 ac

995 369 1110 403 virgines
1124 368 1276 401 doceamus,
1294 377 1395 404 nosque
1409 378 1501 398 omnes
1513 376 1603 398 mutuo
1618 372 1788 399 instituamus

995 414 1027 441 ad
1041 415 1182 449 przesentia
1197 416 1404 448 contemnenda,
1420 421 1448 444 et
1464 417 1549 444 futura
1564 419 1786 453 concupiscenda,

995 464 1024 486 ut
1045 460 1088 486 illa
1108 460 1234 495 consequi
1255 461 1396 494 possimus,
1410 462 1493 496 gratia
1513 467 1539 489 et
1563 463 1725 498 benignitate
1738 465 1788 490 Do-

995 505 1059 531 mini
1074 505 1155 531 nostri
1169 504 1232 532 Jcsu
1253 505 1360 538 Christi,
1375 514 1420 540 per
1439 514 1518 541 quem
1532 512 1556 533 et
1578 515 1638 535 cum
1652 516 1704 543 quo
1718 509 1788 536 Patri

995 551 1089 586 gloria,
1103 558 1207 585 unaque
1220 551 1329 586 Spiritui
1348 557 1450 584 sancto,
1464 559 1533 579 nunc
1546 558 1572 580 et
1585 560 1692 588 semper
1704 575 1711 586 ,
1722 559 1749 582 et
1763 555 1788 581 in

995 596 1092 623 saecula
1107 597 1277 624 saeculorum.
1294 598 1389 623 Amen.

806 700 981 732 HOMILIA
1002 701 1146 731 XLVIII.

149 769 215 798 CAP.
245 771 272 798 7.
288 779 315 798 ν.
328 772 354 798 1.
370 771 433 798 Post
455 772 508 798 luet:
525 777 606 798 autem
621 771 846 798 rmtbulaballeaus
857 772 881 798 in
892 771 943 799 Ga-

185 816 273 844 liltea:
288 826 338 844 non
352 818 418 844 enim
433 817 531 844 uolabat
551 818 576 844 in
600 817 694 844 Jnda'a
720 818 862 849 ambulare,
882 819 942 852 quia

184 862 656 897 qttterebmttetttttJudteiinterﬁcere.
673 862 701 889 2.
726 861 788 888 Erat
812 867 896 889 autem
917 863 943 889 in

185 907 300 941 proximo
324 907 377 934 dies
406 909 482 942 festus
494 907 653 940 Judteorum,
671 907 837 941 Scenopegia.

189 953 211 978 ι.
227 951 330 979 Invidia
344 958 464 988 quantum
477 953 584 980 malum.
609 966 646 974 ——-
664 953 734 981 Nihil
751 954 845 986 livore,
875 954 940 981 nillil

152 998 250 1026 invidia
266 999 404 1031 deterius;
422 1007 468 1033 per
479 1007 537 1026 eam
553 1007 624 1027 mors
638 1000 665 1027 in
678 999 806 1027 mundum
823 1001 941 1028 intravit.

151 1044 216 1077 Quia
227 1045 298 1072 enim
320 1045 386 1073 vidit
399 1045 521 1073 diabolus
532 1045 668 1074 lmmincm
685 1046 710 1073 in
723 1046 825 1073 honore
837 1046 941 1079 haberi,

151 1091 209 1124 cjns
225 1091 378 1119 felicitatem
396 1100 447 1118 non
463 1092 560 1124 ferens,
590 1092 653 1119 nihil
675 1101 727 1120 non
751 1093 805 1128 egit
829 1097 856 1120 ut
881 1099 942 1119 euzn

151 1136 275 1171 perderet
289 1137 298 1174 (
315 1137 380 1172 Sap.
397 1137 423 1165 Ξ.
439 1138 473 1165 2t
488 1139 534 1173 ).A
551 1139 594 1165 tali
607 1139 696 1166 radice
720 1139 800 1166 talem
827 1138 941 1166 fructum

149 1191 293 1217 erumpere
307 1191 414 1218 semper
437 1184 569 1211 videmus.
591 1185 642 1212 Per
657 1185 726 1211 hanc
750 1184 815 1212 Abel
838 1185 943 1212 occisus

150 1233 208 1260 est;
222 1236 270 1262 per
285 1228 354 1256 hanc
371 1229 452 1256 David
469 1230 493 1256 in
507 1231 602 1257 mortis
623 1230 771 1265 periculum
785 1231 858 1258 venit
871 1238 878 1263 ;
896 1239 943 1266 per

151 1273 220 1300 hanc
232 1275 309 1302 multi
324 1274 369 1301 alii
381 1275 444 1309 justi
459 1276 530 1310 tussi
547 1281 626 1309 sunt;
652 1283 700 1312 per
710 1276 778 1304 hanc
805 1277 940 1304 Christum

151 1319 235 1347 Judtci
250 1320 454 1349 interfecerunt.
471 1321 526 1348 lloc
536 1321 676 1349 declarans
691 1323 852 1357 evangelista
868 1323 942 1350 dice-

151 1365 213 1392 bat:
227 1365 290 1393 Post
299 1367 352 1393 lia'c
365 1367 511 1394 ambulabat
524 1367 598 1394 Iesus
613 1368 639 1395 in
653 1367 761 1395 Galiltea
773 1376 782 1395 :
803 1377 853 1395 non
876 1369 941 1396 enim

151 1415 248 1446 poterat
264 1413 301 1447 (a)
309 1413 334 1439 in
346 1413 438 1440 Judara
448 1414 587 1447 ambulare,
601 1415 660 1448 quia
673 1415 817 1450 quwrrbnnt
830 1424 885 1442 eum
893 1415 910 1442 J
913 1425 942 1441 u-

149 1457 198 1483 da-i
207 1457 357 1492 inter/icere.
372 1459 440 1492 Quid
448 1459 526 1492 dicis,
541 1460 618 1487 beate
626 1460 761 1488 Joannes?
772 1461 828 1488 Non
840 1467 942 1496 poterat

150 1503 194 1537 qui
212 1508 300 1538 potest
314 1506 401 1532 omnia
415 1513 474 1541 quae
487 1506 609 1541 vult?qui
622 1507 700 1539 dixit,
715 1507 795 1540 Quem
818 1508 939 1542 quaeritis,

149 1554 176 1576 et
190 1557 237 1576 eos
248 1554 320 1577 retro
335 1551 424 1586 pulsos
441 1553 600 1586 prostravit?
611 1553 654 1587 qui
670 1561 786 1588 pra-scus
801 1562 854 1581 non
867 1554 942 1581 vide-

150 1599 204 1627 tur,
228 1595 331 1623 hiccine
344 1601 503 1632 potestatem
517 1605 569 1625 non
586 1598 697 1626 habuit?
709 1599 848 1632 Quomodo
864 1605 938 1634 post-

149 1648 181 1666 ca
196 1640 221 1667 in
234 1641 322 1668 medio
338 1649 443 1674 eorum,
460 1643 486 1669 in
501 1643 612 1677 templo.
624 1644 649 1671 in
674 1643 841 1672 solemnitate
852 1665 859 1676 ,
875 1645 940 1680 ipsis

149 1687 333 1721 congregatis,
357 1688 534 1721 praesentibus
551 1688 709 1721 homicidis,
727 1697 757 1717 ea
783 1690 941 1725 loquebatur

150 1740 209 1766 quae
223 1734 306 1769 magis
322 1734 381 1762 illos
405 1736 618 1769 exasperarent?
640 1735 696 1763 Hoc
720 1736 757 1763 illi
776 1737 940 1764 mirabantur

148 1777 279 1810 dicentes,
296 1777 390 1806 Nomte
403 1779 443 1806 hic
456 1785 493 1806 est
507 1789 580 1814 quem
598 1786 714 1815 quarunt
727 1782 868 1816 interﬁcere
879 1783 892 1809 .9
907 1781 940 1809 Et

149 1832 204 1850 erce
212 1824 296 1858 palam
312 1825 432 1860 loquitur,
447 1831 470 1853 et
484 1827 548 1853 nillil
560 1827 599 1854 illi
608 1828 703 1854 dicunt.
720 1828 783 1861 Quae
799 1833 861 1855 sunt
882 1829 940 1856 ba'c

148 1870 288 1905 a-nigmata
300 1871 312 1897 ‘l
326 1873 415 1906 Apage
428 1881 434 1898 :
445 1881 504 1899 .non
518 1874 589 1900 cnim
602 1873 658 1900 lure
671 1874 747 1907 dixit,
762 1873 939 1908 uta-nigtnata

150 1923 208 1942 esse
223 1921 398 1950 putarentur;
412 1918 458 1945 sed
482 1918 671 1946 utdeclararet
696 1924 722 1946 ct
745 1919 891 1947 divinitatis
913 1924 940 1947 et

152 1960 324 1989 humanitatis
339 1970 419 1997 opera
438 1963 554 1991 exhibita
572 1964 663 1992 fuisse.
680 1964 746 1992 Cum
766 1966 837 1992 enim
851 1965 938 1997 dixit,

153 2005 304 2034 Potestatem
315 2015 365 2034 non
379 2008 485 2035 habebat
497 2029 505 2041 ,
530 2010 604 2044 quasi
621 2010 654 2036 de
668 2010 776 2037 homine
804 2011 938 2046 loquitur,

149 2051 230 2078 multa
245 2051 362 2080 lmmano
374 2061 448 2080 more
462 2059 572 2090 agente:
585 2063 646 2082 cum
655 2063 719 2083 vero
731 2055 795 2083 dicit
811 2057 895 2090 ipsum
912 2057 938 2084 in

150 2097 237 2124 medio
252 2105 346 2125 evrum
360 2099 478 2132 stetisse,
494 2102 749 2135 necapprehensum
766 2101 856 2132 fuisse,
873 2102 940 2129 divi-

148 2142 238 2170 nitatis
253 2143 343 2178 utique
367 2149 526 2179 potestatem
549 2146 657 2174 indicat.
680 2147 745 2174 Nam
772 2147 889 2184 fugiebat
911 2153 939 2175 ut

150 2186 240 2220 homo,
256 2190 400 2223 apparebat
413 2194 443 2217 ut
455 2191 542 2223 Deus;
560 2196 701 2228 utrumque
712 2200 772 2220 vere
788 2200 938 2227 represen-

148 2236 216 2258 tans.
232 2233 300 2260 Cum
314 2235 384 2261 enim
404 2235 429 2262 in
450 2236 545 2263 mediis
564 2236 763 2264 insidiatoribus
778 2245 830 2264 non
845 2238 937 2273 capie-

148 2277 235 2309 batur,
259 2279 385 2306 invictam
400 2285 560 2314 potestatem
573 2289 648 2308 suam
663 2282 848 2317 significabat;
875 2290 936 2309 cum

147 2329 209 2349 vero
221 2324 372 2359 secederet,
401 2326 576 2355 incarnationi
593 2328 671 2355 fidem
686 2329 798 2355 faciebat
813 2338 820 2362 ;
842 2334 870 2356 ut
887 2337 937 2356 nec

147 2368 244 2397 l’aulus
269 2370 470 2404 Samosatenus,
485 2381 534 2400 nec
549 2374 665 2401 Marcion
680 2395 687 2406 ,
711 2382 760 2401 nec
774 2375 817 2410 qui
841 2375 935 2402 eodem

146 2416 240 2443 morbo
253 2416 385 2450 laborant,
399 2419 583 2446 contradicere
592 2425 710 2454 possent.
726 2420 770 2447 llis
782 2420 861 2455 igitur
876 2421 936 2447 illo-

145 2468 203 2487 rum
217 2462 337 2490 onmium
349 2464 357 2478 ¹
370 2472 400 2491 os
408 2464 531 2492 obstruit.
551 2464 610 2492 Post
620 2466 673 2492 ltwc
681 2470 735 2492 erat
744 2468 820 2500 festus
830 2465 936 2492 Judwo-

144 2515 210 2539 rum,
219 2507 386 2544 Sceuopegia.
395 2509 456 2537 llaec
462 2511 600 2545 particula,
612 2510 672 2538 Post
681 2513 746 2544 Iut’t',
756 2511 818 2538 nihil
825 2511 896 2538 aliud
903 2513 935 2538 si-

143 2553 263 2587 gniticat,
274 2562 353 2590 quam
369 2556 481 2583 multum
495 2561 587 2592 postea
602 2557 728 2591 temporis
740 2558 932 2586 intercessisse.

175 2620 183 2654 ξ
201 2620 247 2654 Atii
258 2620 497 2654 Ιίξειιςιιλωήιωφιε,
509 2629 560 2651 pro,
573 2622 668 2648 illorum
679 2623 794 2649 nuntiant.

175 2651 211 2681 (a)
229 2651 262 2684 In»
269 2651 340 2676 titulo
348 2651 453 2684 legitur,
463 2660 509 2678 non
518 2653 617 2681 nolebat,
635 2654 740 2679 lectione
749 2662 762 2679 a
773 2655 870 2680 librario
878 2663 931 2681 ωυ-

143 2682 204 2716 lat_a._
216 2682 319 2716 Vulgata
326 2682 401 2716 oltnl,
414 2684 490 2716 inquit
500 2688 550 2709 Jac.
564 2685 649 2710 Millius
667 2686 695 2709 ad
708 2685 771 2710 hunc
783 2686 869 2716 locum,
883 2691 931 2712 Non

142 2712 248 2741 valebat,
261 2712 297 2738 illi
318 2712 398 2739 visum
414 2712 453 2740 est
461 2720 559 2740 Britania
569 2719 594 2750 et
605 2716 706 2746 prus-io,
716 2723 764 2769 lpro
774 2723 821 2747 quo
830 2712 912 2753 postea
922 2737 929 2747 ,

142 2745 190 2766 butt
214 2743 351 2769 Volebat....
369 2749 484 2769 mutatum
495 2749 575 2769 autem
586 2753 611 2769 ut
624 2751 671 2769 Non
685 2754 714 2769 vo
725 2747 781 2769 ebat
793 2752 929 2769 erumnam

141 2745 190 2766 non
214 2743 351 2769 volebat....
369 2749 484 2770 mutatum
495 2749 575 2770 autem
586 2746 611 2770 in
624 2751 671 2771 Non
685 2743 931 2773 volebat'ea‘t'stt'nwn't

141 2776 255 2808 growing
266 2779 289 2799 at
298 2776 407 2806 Grotius,
421 2783 437 2800 a
448 2776 574 2807 delicatis,
588 2777 657 2808 quasi
672 2775 762 2802 Chmti
774 2782 885 2803 notentur
895 2779 930 2803 in-

140 2803 229 2839 iuriam
239 2806 339 2839 faceret.
353 2803 425 2839 nocte
440 2811 523 2831 autent
539 2803 624 2839 prebet
636 2808 817 2839 Chrysostutuus
829 2810 851 2834 id
865 2809 930 2834 Chri-

139 2836 168 2859 sti
180 2837 313 2867 potentiam
322 2843 369 2860 non
382 2836 481 2862 Itedure.

303 2874 438 2906 ΡΑτιιοι.
461 2876 520 2907 (in.
545 2876 624 2911 LIX.

996 771 1060 800 Inde
1072 779 1135 799 vero
1150 771 1241 806 liquet.
1257 771 1326 806 quod
1337 779 1397 798 cum
1413 771 1438 798 in
1453 776 1545 798 monte
1558 771 1676 803 sederet,
1691 770 1787 797 festqu

995 816 1202 848 essetPaschaa;
1232 816 1274 844 hic
1295 821 1383 844 autent
1410 816 1581 851 Scenopcgia:
1605 816 1743 847 meminit.
1759 821 1787 842 et

995 862 1112 896 quinque
1124 862 1255 889 mensium
1268 862 1354 897 spatio
1364 861 1429 889 nihil
1447 862 1516 888 aliud
1534 863 1652 888 narravit
1677 862 1719 889 vel
1731 862 1782 888 do.

994 908 1061 940 cuit,
1076 915 1154 942 quam
1168 915 1264 942 panum
1281 907 1438 935 miraculum
1453 927 1461 939 ,
1486 912 1513 934 et
1529 908 1686 935 concionem
1706 907 1784 934 habi-

996 958 1049 980 tam
1062 953 1094 980 iis
1107 953 1151 988 qui
1167 953 1356 980 comederant:
1378 953 1481 980 etiamsi
1502 953 1545 980 ille
1561 960 1613 980 non
1636 953 1783 980 cessaverit

995 999 1070 1034 signa
1085 999 1172 1026 facere
1185 1004 1211 1026 et
1223 999 1388 1030 concionari,
1405 1007 1457 1026 non
1481 999 1524 1027 die
1537 1003 1637 1026 tantum
1651 1004 1678 1027 et
1696 1007 1786 1033 vespe-

995 1053 1036 1077 ra,
1050 1045 1097 1072 sed
1107 1045 1187 1072 etiam
1201 1052 1273 1080 saepe
1287 1050 1375 1072 nocte.
1391 1045 1431 1072 Ad
1444 1045 1592 1080 discipulos
1600 1045 1674 1072 enim
1689 1045 1728 1072 sic
1739 1045 1787 1071 ad-

995 1091 1077 1124 venit,
1093 1095 1121 1117 ut
1133 1097 1227 1118 omnes
1241 1091 1410 1126 evangelistm
1431 1095 1550 1118 narrant.
1572 1090 1625 1118 Cur
1636 1099 1700 1126 ergo
1723 1091 1786 1118 illud

995 1136 1163 1163 omiserunt?
1173 1135 1238 1169 Quia
1253 1143 1306 1163 non
1319 1140 1440 1171 poterant
1449 1136 1537 1163 omnia
1547 1143 1700 1164 recensere.
1716 1136 1786 1163 Alio-

996 1181 1059 1216 quin
1076 1181 1118 1208 illa
1131 1181 1221 1209 dicere
1249 1181 1420 1215 studuerunt,
1437 1189 1469 1209 ex
1485 1182 1582 1216 quibus
1601 1183 1722 1216 qua-dam
1744 1191 1786 1209 re-

996 1226 1140 1261 prehensio
1157 1227 1197 1254 vel
1213 1227 1390 1254 contradictio
1417 1235 1450 1254 ex
1473 1227 1572 1254 .luda-is
1587 1233 1785 1262 consequutura

996 1277 1064 1299 erat.
1082 1272 1162 1299 Multa
1174 1273 1245 1300 enim
1262 1273 1319 1300 istis
1330 1273 1426 1300 similia
1434 1278 1519 1300 erant.
1531 1274 1606 1306 Quod
1621 1275 1691 1300 enim
1702 1282 1786 1308 argros

999 1322 1119 1352 curaret,
1135 1324 1256 1346 mortuos
1270 1320 1420 1352 suscitaret,
1435 1319 1505 1354 quod
1519 1319 1689 1346 admirationi
1703 1325 1785 1350 esset,

995 1371 1067 1398 s:rpe
1078 1364 1262 1399 scripserunt:
1277 1364 1321 1392 ubi
1334 1369 1422 1391 autem
1437 1364 1536 1400 aliquid
1549 1365 1666 1392 insolens
1677 1372 1786 1392 narran-

995 1409 1057 1436 dum
1072 1410 1206 1444 suppetit,
1235 1410 1277 1437 vel
1304 1410 1446 1445 quamdam
1473 1410 1709 1444 reprehensionem
1737 1410 1785 1444 ipsi

995 1457 1111 1483 oblatam
1125 1456 1292 1484 referendam
1306 1452 1414 1488 habent,
1430 1457 1485 1483 lucc
1500 1461 1637 1492 apponunt
1651 1465 1658 1489 ;
1673 1461 1701 1483 ιιι
1715 1464 1785 1483 nunc

995 1507 1116 1534 narrant,
1132 1502 1228 1530 fratres
1252 1502 1311 1537 ejus
1325 1510 1377 1530 non
1394 1503 1442 1538 ipsi
1468 1502 1637 1530 credidisse:
1658 1510 1718 1538 qua:
1740 1511 1784 1530 res

995 1549 1118 1576 odiosum
1130 1549 1265 1584 quidpiam
1278 1556 1334 1583 pm
1344 1556 1374 1576 se
1389 1548 1459 1576 ferre
1474 1549 1589 1577 videtur.
1618 1549 1652 1576 Et
1666 1553 1707 1576 est
1717 1556 1782 1575 sane

996 1602 1039 1622 res
1055 1594 1195 1628 mirabilis,
1211 1602 1290 1630 quam
1314 1602 1423 1622 veraces
1448 1595 1497 1629 ipsi
1513 1594 1629 1626 fuerint;
1645 1593 1781 1630 quomodo

993 1648 1022 1667 ea
1040 1648 1091 1667 nou
1103 1645 1244 1668 vereantur
1263 1640 1373 1673 referre.
1388 1649 1447 1675 qua:
1463 1641 1588 1675 Magistro
1601 1648 1650 1668 suo
1664 1642 1780 1675 ignomi-

994 1688 1067 1713 niosa
1080 1694 1140 1714 esse
1151 1686 1289 1717 videntur;
1315 1687 1369 1714 imo
1383 1686 1440 1713 hzec
1455 1687 1544 1721 potius
1558 1691 1652 1713 curent
1674 1694 1783 1714 enarra-

993 1741 1030 1765 re,
1045 1741 1124 1768 quam
1141 1737 1248 1760 cmtera.
1276 1733 1308 1760 Et
1335 1740 1407 1760 nunc
1427 1733 1516 1766 itaque
1541 1732 1667 1764 Joannes,-
1694 1733 1783 1758 multis

994 1779 1181 1813 prmlerttiissis
1194 1779 1289 1814 signis,
1307 1779 1446 1814 prodigiis,
1463 1778 1650 1811 concinuibus,
1669 1778 1702 1805 ad
1715 1778 1782 1805 hanc

993 1834 1049 1853 rem
1063 1825 1224 1852 narrandam
1249 1826 1375 1852 accurrit.
1405 1826 1431 1852 5.
1463 1824 1598 1855 Dixerunt,
1623 1825 1723 1860 inquit,
1749 1826 1782 1851 od

992 1879 1048 1897 eum
1057 1871 1149 1905 fratres
1163 1872 1218 1905 ejus
1231 1878 1240 1897 :
1254 1870 1345 1898 Transi
1356 1871 1448 1898 [tinctu
1463 1870 1599 1903 Indicam,
1615 1874 1642 1896 ut
1667 1875 1689 1897 et
1707 1871 1782 1897 disci-

993 1916 1047 1949 puli
1061 1916 1099 1942 tui
1112 1916 1211 1942 videant
1226 1924 1303 1946 opera
1314 1923 1370 1951 qua:
1382 1916 1456 1951 facit.
1480 1915 1507 1942 ι.
1535 1914 1620 1942 Nemo
1638 1915 1733 1950 quippe
1757 1916 1782 1942 in

992 1961 1090 1987 occulto
1101 1961 1199 1995 aliquid
1211 1961 1282 1996 facit,
1294 1965 1316 1987 et
1327 1961 1418 1996 quam
1432 1961 1486 1996 ipse
1511 1960 1598 1995 palatii
1616 1968 1680 1987 esse.
1696 1959 1782 1987 Mani-

992 2008 1054 2042 [uta
1064 2007 1171 2041 teipsum
1185 2007 1290 2034 mundo.
1305 2007 1332 2034 5.
1346 2005 1435 2042 Neque
1449 2006 1514 2033 enim
1525 2006 1618 2041 fratres
1631 2006 1686 2041 ejus
1696 2006 1782 2033 crede-

991 2052 1050 2078 bant
1063 2053 1089 2078 in
1103 2060 1170 2079 eum.
1184 2052 1283 2087 Ecqua,
1301 2052 1415 2086 inquies,
1433 2052 1497 2079 hinc
1520 2051 1702 2084 incredulitas,
1716 2051 1780 2079 dum

991 2101 1086 2131 rogant
1100 2105 1162 2124 eum
1175 2101 1203 2123 nt
1225 2097 1298 2132 signa
1314 2097 1402 2125 edat?
1425 2097 1516 2131 Magna
1537 2097 1638 2131 utique.
1665 2096 1730 2123 Nam
1754 2102 1781 2124 ot

991 2142 1082 2176 verba,
1098 2142 1256 2172 etaudacia,
1273 2146 1300 2168 et
1311 2141 1624 2176 intempestivalibertas,
1638 2141 1780 2169 increduli-

991 2191 1072 2214 tatem
1087 2187 1227 2215 deuotaut.
1240 2187 1450 2216 Putabantenim
1461 2195 1489 2214 se
1504 2187 1670 2221 cognationis
1693 2190 1774 2215 eausa

991 2233 1105 2261 ﬁdenter
1119 2233 1190 2269 loqui
1199 2241 1288 2269 posse.
1303 2233 1336 2262 Et
1359 2234 1465 2261 videtur
1478 2234 1586 2269 quidem
1608 2234 1780 2269 compellatio

989 2279 1136 2307 amicorum
1156 2286 1233 2313 esse;
1258 2279 1306 2307 sed
1321 2279 1391 2307 dicta
1417 2279 1565 2307 acerbitate
1588 2284 1652 2306 sunt
1679 2280 1774 2315 plena:

988 2325 1087 2353 etenim
1104 2325 1153 2359 ipsi
1168 2330 1196 2352 et
1210 2325 1377 2353 timiditatem
1391 2329 1418 2352 et
1437 2333 1532 2352 vanam
1545 2325 1656 2361 gloriam
1678 2334 1776 2361 expro-

989 2372 1076 2398 brant.
1090 2371 1157 2398 Cum
1173 2371 1244 2398 enim
1258 2371 1370 2404 dicunt,
1384 2371 1468 2399 Nemo
1478 2372 1504 2398 in
1515 2372 1615 2399 occulto
1636 2373 1731 2406 aliquid
1744 2375 1778 2399 fo-

987 2419 1031 2451 cit,
1047 2418 1229 2445 accusantium
1241 2422 1330 2452 partes
1343 2422 1435 2453 agunt,
1461 2419 1504 2453 qui
1522 2418 1691 2446 timiditatem
1707 2419 1778 2454 obji-

987 2464 1059 2490 ciant
1073 2468 1100 2490 et
1112 2468 1186 2498 gesta
1213 2463 1272 2497 ejus
1294 2468 1419 2498 suspecta
1445 2464 1561 2491 habeant
1579 2472 1585 2490 :
1604 2472 1665 2491 cum
1687 2470 1775 2491 autem

988 2508 1105 2542 addunt,
1132 2508 1229 2541 Quaerit
1242 2510 1328 2544 potant
1341 2517 1394 2537 esse
1407 2530 1415 2543 ,
1439 2517 1535 2537 vanam
1556 2510 1668 2544 gloriam
1688 2510 1777 2543 suspi-

987 2559 1091 2582 cantur.

1020 2601 1048 2629 ‘2.
1062 2602 1101 2629 Tu
1115 2609 1179 2629 vero
1192 2601 1290 2629 Christi
1302 2602 1424 2628 virtutem
1434 2601 1584 2629 considera.
1596 2602 1636 2630 Ex
1648 2601 1691 2629 his
1702 2602 1773 2629 enim

985 2649 1029 2683 qui
1052 2648 1113 2675 talia
1131 2648 1254 2675 dicebant
1274 2649 1374 2682 primus
1399 2648 1446 2674 fuit
1469 2648 1695 2683 Jerosolymorum
1715 2648 1774 2683 epi-

985 2701 1090 2729 scoptts,
1103 2693 1195 2720 beatus
1205 2693 1320 2720 Jacobus
1328 2693 1376 2728 (a),
1386 2693 1419 2720 de
1429 2700 1481 2727 quo
1491 2692 1586 2721 Paulus
1595 2693 1660 2721 dicit
1671 2702 1677 2719 :
1691 2694 1774 2720 Alium

984 2745 1068 2767 autem
1080 2741 1252 2774 apostolorum
1266 2739 1317 2766 ridi
1330 2740 1452 2766 neminem
1466 2741 1514 2766 nisi
1528 2740 1652 2768 Jacobum
1670 2741 1773 2774 fratrem

986 2785 1088 2812 Domini
1101 2784 1172 2819 (Gal.
1187 2785 1212 2812 l.
1228 2784 1285 2820 l9).
1297 2784 1397 2812 Dicitur
1410 2788 1436 2812 et
1446 2783 1528 2813 Judas
1542 2785 1670 2813 mirabilis
1681 2785 1775 2822 fuisse.

1016 2841 1051 2872 (a)
1064 2841 1162 2866 Jacohtts
1175 2840 1247 2866 frater
1256 2839 1351 2865 Domini
1369 2839 1569 2871 terosolymatttm
1584 2842 1720 2872 episcoptn.

1550 2886 1579 2913 17
