2031 3118
230 138 277 166 271
597 131 626 158 S.
642 127 779 158 JOANNlS
797 122 1033 154 CIIRYSOSTUMI
1055 121 1211 150 AliClllEP.
1227 122 1493 151 CONSTANTINOP.

232 198 310 235 Atqui
327 197 352 224 in
365 195 434 223 Cana
446 192 567 224 aderant,
581 198 640 217 cum
656 196 750 224 aquam
765 187 791 214 in
811 185 899 212 vinum
910 191 1024 212 conver.

231 231 283 276 tit;
297 243 343 271 sed
360 241 424 268 nihil
437 237 592 266 adlmciudc
604 235 697 262 lncrati
711 238 783 260 sunt.
798 232 874 260 Unde
889 239 954 266 ergo
973 231 1024 257 illis

233 295 305 318 tanta
331 285 519 315 incredulitas?
543 284 580 310 Ex
605 281 673 309 mala
694 280 830 307 voluntate
853 282 880 305 et
904 285 936 305 ex
959 276 1026 303 invi-

233 337 276 363 dia
290 334 326 369 (a)
341 342 347 359 :
359 341 420 360 nam
432 332 550 366 cognatis
560 329 604 364 qui
617 325 753 362 conspicui
767 329 838 357 sunt,
850 323 936 352 solent
946 323 1024 350 etiam

233 381 335 417 cognati
352 389 403 406 non
420 380 454 406 ita
469 376 603 411 cnnspicui
622 375 749 402 invidere.
764 372 899 406 Quosnam
917 369 959 396 ltic
973 369 1027 417 dis-

233 414 335 462 cipulos
361 425 468 453 dicunt?
487 423 604 451 Turbam
620 423 788 455 sequentem,
814 425 866 444 non
885 414 1024 442 duodecim

235 475 304 502 illos.
319 471 387 506 Quid
400 479 463 505 ergo
477 467 617 497 Christus?
638 466 705 493 Vide
727 471 805 499 quam
828 465 966 489 mansuete
982 467 1025 486 re-

235 519 374 555 SpOlldt'ﬂl.
394 517 484 551 Neque
504 515 574 542 enim
595 512 658 540 dixit
675 520 681 538 :
697 511 746 544 Qui
761 509 825 537 estis
842 515 899 540 vos,
919 507 962 541 qui
983 512 1026 532 me

235 554 286 592 hoc
294 564 405 592 consilio
419 560 540 589 docetis?
552 559 598 586 scd
610 557 693 593 quid?
707 556 734 584 6.
747 554 857 589 Tempus
870 560 952 579 meum
963 559 1027 577 nort-

235 613 296 638 tlum
311 611 419 638 advenit.
435 609 483 636 llic
497 607 559 634 mihi
579 604 649 633 aliud
664 602 798 639 quidpiam
812 598 972 628 subindicari
987 597 1025 624 vi-

236 660 322 686 detttr.
339 656 417 684 Forte
435 655 504 682 enim
520 653 617 680 invidia
637 649 701 678 moti
720 649 792 676 illum
807 646 905 674 Judmis
923 643 1026 671 tradere

236 703 450 732 meditabantur;
473 701 585 734 ideoque
608 697 634 724 id
655 696 795 723 declarans
817 692 891 724 dicit,
918 689 1027 724 Tempus

237 758 318 778 nit-um
336 749 448 776 nondum
461 746 570 777 advenit,
592 744 617 771 id
631 748 680 775 est,
699 747 803 776 tempus
815 739 901 766 crucis
913 741 940 764 et
957 743 1028 763 mor-

237 798 282 824 tis.
296 796 350 823 Cur
365 802 408 822 me
423 799 485 820 ante
508 797 610 826 tempus
629 788 749 816 occidere
772 783 939 822 properatis?
955 782 1028 809 Tem-

239 850 285 877 pus
298 846 380 868 autem
393 845 499 866 vestrm"
512 845 609 871 seraper
624 839 740 870 paratum
754 837 799 859 est.
819 831 874 858 Hoc
893 833 934 857 est
949 837 956 855 :
975 828 1028 854 Vos

237 887 335 919 Judati,
356 886 404 913 etsi
425 891 530 918 semper
551 890 611 909 cum
638 881 690 908 illis
710 876 863 909 versentiui,
884 881 1026 908 numquam

238 933 370 964 occident,
392 934 482 964 utpote
500 928 593 956 cadent
613 926 773 955 sentientes;
794 930 836 949 me
856 928 919 947 vero
938 919 1027 946 statim

237 978 360 1006 occidere
381 976 529 1002 tentabnnt.
551 973 642 1006 Itaque
664 970 740 996 vobis
760 975 866 1002 semper
888 966 949 993 licet
968 972 1027 991 cum

239 1025 291 1052 illis
305 1031 365 1051 esse
377 1023 435 1049 sine
451 1019 567 1056 periculo
581 1028 588 1045 :
603 1017 666 1044 mihi
688 1023 753 1044 vero
772 1020 834 1041 ttmc
848 1018 951 1046 tempus
967 1010 1026 1042 erit,

238 1077 299 1096 eum
314 1067 429 1102 crucifigi
446 1072 472 1094 et
486 1065 552 1092 mori
565 1062 706 1098 oportebit.
722 1061 788 1088 Nam
803 1058 872 1094 quod
886 1058 936 1084 boe
948 1056 1029 1102 intel-

240 1116 347 1150 Iigatex
370 1101 542 1147 sequentibus
567 1110 669 1144 liquet:
685 1107 712 1134 7.
738 1105 798 1132 Non
820 1107 899 1139 potest
922 1101 1029 1150 mutulos

240 1147 322 1188 odisse
340 1168 391 1187 uos.
414 1157 552 1191 Quomodo
566 1156 647 1185 enim.
673 1153 694 1181 si
713 1152 806 1180 eadem
826 1149 916 1181 vultis,
935 1147 1028 1175 cadent

241 1204 451 1242 persequimini?
466 1203 508 1230 Me
527 1207 609 1229 autem
625 1200 687 1230 odit,
710 1199 769 1232 quia
792 1194 947 1231 reprehendo
962 1201 1028 1224 eam,

239 1240 308 1286 quod
321 1251 387 1278 mala
400 1251 449 1277 sint
470 1256 547 1282 opera
569 1249 642 1281 eius;
658 1246 706 1272 boc
722 1248 772 1274 est,
789 1242 853 1276 Quia
870 1240 1027 1286 perstringit,

243 1285 301 1331 quia
319 1304 411 1331 arguo,
428 1295 488 1322 ideo
501 1294 609 1320 odiosus
623 1299 690 1318 sum.
705 1290 771 1317 lliuc.
784 1289 943 1317 ediscamus,
958 1285 1032 1313 Cobi-

241 1343 355 1370 bendant
370 1349 429 1368 esse
449 1341 514 1366 iram
529 1345 556 1366 et
575 1337 792 1372 indignationem,
809 1333 912 1361 etiamsi
933 1331 1030 1366 ubjerli

241 1390 294 1416 sint
308 1389 351 1423 qui
366 1387 429 1414 dant
442 1386 592 1413 consilium.
609 1384 672 1410 Nam
683 1382 705 1409 si
719 1389 770 1408 non
785 1379 949 1408 credentium
966 1386 1030 1404 con-

241 1435 328 1461 silium
344 1433 466 1460 Christus
484 1431 620 1458 moderate
635 1429 703 1460 tulit,
724 1427 827 1455 etiamsi
846 1426 889 1452 illa
905 1424 1030 1452 consule-

242 1486 312 1512 rent,
327 1488 385 1515 (μιω
404 1487 455 1506 non
471 1477 610 1508 decebant.
631 1476 710 1509 idque
721 1481 773 1501 non
789 1481 823 1500 ex
838 1473 907 1499 bono
922 1471 1029 1503 animo;

241 1535 320 1562 quant
335 1534 382 1553 nos
395 1532 589 1559 consequentur
607 1522 722 1553 veniam,
743 1521 786 1555 qui
804 1527 897 1546 smnus
916 1523 984 1545 terra
1006 1522 1032 1544 et

240 1574 319 1604 cinis,
338 1577 363 1599 et
378 1571 547 1598 consulentes
572 1569 661 1602 iniquo
674 1567 763 1593 animo
785 1565 903 1596 ferimus,
927 1563 1032 1591 etiamsi

241 1618 337 1652 abjecti
350 1622 377 1644 et
395 1617 462 1644 viles
477 1615 583 1650 quidam
604 1614 657 1640 sint
671 1613 719 1644 illi,
740 1619 795 1638 rem
820 1610 953 1646 indignam
973 1617 1033 1636 esse

243 1667 365 1697 putantes
375 1662 387 1682 "
408 1660 595 1688 Animadverte
611 1665 674 1692 ergo
688 1665 748 1685 eum
762 1661 858 1692 quanta
882 1660 1034 1682 mansuetu-

242 1709 304 1735 dine
328 1706 541 1734 criminalionrtn
564 1703 710 1738 propulset.
737 1702 802 1729 Nam
829 1709 888 1728 cum
914 1701 1034 1728 dicerent

243 1755 291 1787 illi,
308 1754 444 1787 Manifesta
460 1753 565 1787 teipsum
577 1750 670 1776 mundo
679 1758 689 1782 ;
704 1749 847 1783 respondet
861 1757 867 1774 :
884 1747 943 1774 Non
955 1752 1034 1780 potest

243 1802 352 1828 mundus
366 1800 446 1826 odisse
458 1807 511 1830 sas,
525 1806 564 1824 me
585 1802 667 1823 autem
690 1796 763 1826 odit;
785 1802 876 1822 eorum
897 1793 1035 1828 depellens

243 1847 450 1875 accusationem.
468 1845 581 1871 Tantum
596 1843 681 1876 abest,
698 1842 792 1877 inquit,
811 1847 839 1868 ut
853 1849 968 1876 qtucram
983 1840 1032 1867 ho-

243 1895 345 1921 minum
369 1892 491 1927 gloriam,
518 1896 546 1917 ut
571 1898 623 1917 non
651 1889 729 1916 tinem
754 1889 849 1916 faciam
873 1888 1033 1922 coarguendi

244 1940 323 1972 illos;
338 1937 443 1966 etiamsi
463 1937 581 1964 noverim
597 1936 660 1963 mibi
677 1935 738 1962 bine
752 1940 778 1962 et
797 1935 886 1962 odium
898 1939 924 1962 et
942 1942 1034 1962 necent

243 1985 374 2020 apparari.
393 1985 425 2012 Et
443 1984 497 2017 ubi,
519 1976 631 2018 inquies,
654 1982 772 2017 coarguit
789 1983 855 2009 eos?
874 1981 929 2008 lmo
950 1989 1034 2015 quan-

243 2031 340 2058 donam
365 2030 415 2057 hoc
436 2029 524 2056 facere
541 2028 675 2056 cessavit?
701 2035 789 2055 nonne
810 2027 924 2060 (licebat,
948 2026 1035 2054 Nolite

243 2083 335 2112 putare
348 2077 406 2111 quia
419 2083 460 2103 vos
474 2080 639 2102 accusaturus
652 2082 707 2101 sum
717 2074 786 2108 apud
801 2072 904 2100 Patrem
919 2082 927 2100 :
941 2079 977 2100 est
992 2074 1035 2108 qui

244 2129 345 2150 accusat
357 2131 398 2150 vos
414 2122 531 2157 Moyses;
545 2126 581 2154 et,
595 2121 649 2156 Ego
663 2121 767 2156 cognovi
781 2128 834 2150 vos.
846 2120 905 2154 quia
919 2121 1035 2146 dilectio-

245 2179 301 2197 nem
317 2170 361 2196 Dei
377 2178 427 2196 non
448 2169 560 2199 habetis,-
579 2173 615 2200 et,
641 2167 774 2200 Quomodo
795 2167 898 2201 potestis
921 2167 1033 2198 credere,

245 2217 286 2251 qui
309 2216 415 2250 gloriam
429 2215 459 2240 alt
472 2214 614 2240 hominibus
636 2213 760 2247 accipitis.
776 2218 798 2238 et
814 2213 932 2247 gloriam,
952 2219 1008 2246 quc
1019 2220 1036 2238 a

245 2261 300 2287 solo
313 2259 366 2286 Deo
381 2263 428 2290 est,
443 2267 493 2285 non
507 2258 638 2294 quaeritis?
657 2257 749 2284 Viden‘
765 2257 899 2291 quomodo
914 2264 960 2291 per
979 2264 1036 2283 ont-

246 2307 289 2332 nia
304 2304 461 2334 ostenderit,
484 2304 574 2330 odium
595 2303 736 2329 adversum
751 2309 780 2328 se
800 2308 951 2336 susceptura
975 2302 1036 2328 inde

246 2355 334 2378 ortum
350 2357 419 2380 esse.
436 2348 505 2382 quod
522 2349 592 2382 ipsos
607 2348 689 2375 libere
701 2347 882 2381 redargueret,
900 2354 952 2374 non
964 2347 1036 2381 quod

247 2396 385 2423 sabbatum
399 2394 536 2422 solveret?
548 2393 602 2420 Cur
620 2399 707 2420 autem
724 2392 782 2418 illos
797 2392 828 2418 ad
845 2392 940 2419 festum
956 2392 1036 2419 mittit

246 2442 339 2468 dicens
354 2440 403 2468 :8.
434 2439 481 2466 Vas
505 2438 631 2466 ascendite
655 2438 689 2464 ad
711 2437 777 2464 diem
802 2439 900 2467 restant,
919 2446 965 2472 ego
986 2446 1036 2464 non

247 2487 381 2513 ascendam
394 2485 501 2512 adhuc?
517 2484 550 2512 Ut
567 2483 689 2510 ostendat
702 2491 732 2511 se
747 2491 798 2510 non
818 2484 861 2510 illa
880 2483 989 2515 dixisse,
1006 2491 1036 2511 se

246 2531 389 2559 excusandi
406 2531 446 2557 vel
461 2530 584 2557 adulandi
598 2536 688 2561 causa,
707 2528 753 2555 sed
767 2533 794 2555 ut
810 2529 974 2563 permitteret
988 2528 1036 2555 .ln-

247 2578 339 2604 daieos
353 2584 460 2604 servare
474 2576 550 2603 ritus.
561 2575 614 2602 Cur
625 2582 688 2610 ergo
698 2574 826 2605 ascendit.
840 2582 899 2602 cum
914 2575 1033 2607 dixisset,

248 2623 308 2650 Non
322 2623 455 2649 ascendam
463 2622 477 2649 ν
486 2620 544 2648 Non
557 2620 623 2648 dixit
634 2620 800 2655 simpliciter,
812 2619 869 2647 Non
878 2620 1034 2653 ascendam;

247 2669 294 2695 Sed
303 2668 385 2697 addit.
399 2667 486 2699 Nunc,
502 2667 526 2693 id
538 2671 588 2697 est,
600 2666 752 2698 vobiscum;
768 2665 834 2699 Quia
849 2671 946 2700 tempus
954 2674 1036 2692 nteant

249 2713 360 2740 nondum
372 2713 502 2746 impletum
515 2716 562 2738 cst.
576 2711 654 2746 Atqui
669 2711 694 2738 in
707 2711 829 2745 proximo
840 2711 969 2738 Paseltate
979 2719 1037 2738 cru-

247 2758 394 2793 ciligeudus
405 2762 473 2785 erat.
488 2757 541 2785 Cur
555 2765 618 2793 ergo
630 2765 683 2784 non
699 2757 755 2793 ipse
771 2757 911 2784 ascendit?
924 2757 951 2785 Si
964 2758 1035 2785 enim

277 2813 318 2844 la)
331 2813 395 2842 Quod
404 2819 462 2838 vero
472 2813 574 2837 Jacobns
588 2812 662 2837 frater
674 2812 766 2844 Domini
780 2819 811 2836 ex
821 2819 924 2837 numero
935 2811 1035 2837 fratrum

248 2850 297 2870 non
311 2843 465 2869 credentium
477 2844 558 2874 fuerit,
571 2844 654 2869 nescio
663 2851 693 2869 an
704 2843 765 2869 alius
773 2844 892 2875 quiSpiam
903 2843 1002 2868 dixerit.

1813 126 1866 145 ΩΤ)

1081 190 1134 209 non
1149 181 1278 214 aseemlit,
1288 181 1360 216 quod
1374 181 1489 208 nondum
1505 185 1606 216 tempus
1622 187 1702 213 esset,
1721 191 1773 210 non
1789 192 1869 218 opor-

1080 228 1148 254 tcbat
1163 228 1273 254 omnino
1285 226 1441 254 ascendere.
1454 226 1550 253 Verum
1570 235 1621 253 non
1637 227 1694 253 ideo
1710 229 1828 255 ascendit
1843 234 1869 256 ut

1081 278 1224 306 pateretur,
1238 273 1285 300 scd
1305 279 1333 300 ut
1353 273 1414 300 illos
1431 273 1558 300 crudiret.
1579 273 1632 300 Cur
1646 274 1714 301 clam
1734 276 1870 303 ascendit?

1079 317 1143 345 Nam
1157 323 1260 352 poterat
1274 318 1360 353 palam
1372 318 1517 345 ascendere
1530 322 1556 344 et
1570 318 1597 344 in
1608 318 1695 346 medio
1711 319 1870 351 consistere.

1079 365 1276 399 violentnmqne
1296 365 1399 392 illorum
1427 365 1553 399 impetum
1578 372 1721 397 coercere,
1752 370 1781 393 ut
1801 374 1872 401 saepe

1079 411 1150 438 fecit.
1163 411 1214 438 Sed
1227 411 1331 438 nolebat
1344 410 1369 437 id
1381 410 1544 445 frequentius
1558 410 1656 438 facere.
1672 411 1736 438 Nam
1748 412 1770 439 si
1787 413 1872 447 palam

1079 456 1252 488 ascendisset,
1268 464 1413 490 rursu5que
1427 456 1486 483 illos
1499 457 1573 490 quasi
1588 463 1673 484 eiecos
1684 457 1871 491 continuisset,

1079 502 1242 529 divinitatem
1259 509 1335 529 suam
1350 502 1448 529 elatius
1462 502 1628 529 exhibuisset
1642 507 1703 530 ante
1715 508 1831 538 tempus,
1846 509 1871 530 cl

1080 549 1163 584 magis
1184 548 1245 576 inde
1260 549 1405 575 revelasset
1427 556 1497 575 eam.
1521 548 1586 575 Cum
1601 556 1665 575 vero
1691 555 1814 584 putarent
1836 550 1871 577 illi

1079 592 1165 627 ipsum
1181 599 1253 620 metti
1269 593 1390 624 detineri,
1414 599 1506 620 contra
1532 594 1648 621 ostendit
1668 601 1698 621 se
1717 599 1744 622 et
1761 594 1871 622 lidenter

1079 645 1106 665 ct
1120 639 1266 673 prudenter
1277 647 1365 673 agerc,
1380 643 1407 666 ct
1417 646 1527 674 gnarum
1543 639 1669 673 temporis
1680 648 1732 674 quo
1747 647 1872 675 passurus

1079 689 1151 712 esset
1164 693 1170 717 ;
1186 685 1231 712 illo
1245 685 1413 717 adveniente,
1428 693 1457 712 se
1471 686 1540 712 ultro
1551 685 1745 721 Jerosolymam
1761 694 1872 714 conces-

1079 738 1170 758 surum
1187 739 1256 758 esse.
1276 732 1337 758 Mihi
1352 739 1432 766 porro
1451 731 1556 758 videtur
1571 732 1646 765 illud,
1667 731 1718 760 Vos
1733 734 1872 766 ascendite,

1081 777 1132 803 hoc
1146 777 1194 804 sibi
1219 777 1286 804 velle
1301 788 1306 804 :
1320 777 1359 804 Ne
1376 777 1473 811 pinetis
1486 785 1529 804 me
1545 785 1592 804 vos
1607 785 1703 813 cogere
1725 784 1752 806 ut
1769 787 1873 807 meeum

1081 822 1154 848 inviti
1171 823 1300 849 maneatis
1316 831 1323 850 :
1338 827 1495 849 comantem
1506 822 1588 855 addit,
1605 823 1728 850 Nondum
1741 825 1874 859 impletum

1080 873 1115 894 est
1129 873 1225 902 tempus
1241 876 1333 900 metuit,
1349 867 1398 894 hoc
1412 868 1571 902 significare,
1587 869 1657 903 quod
1677 870 1780 897 scilicet
1791 878 1873 905 opor-

1081 917 1133 940 tcat
1149 914 1223 948 signa
1237 914 1303 946 tieri,
1321 918 1347 941 ct
1357 914 1499 940 conciones
1515 913 1618 947 haberi,
1635 915 1670 941 ita
1685 920 1713 942 ut
1727 923 1758 943 ex
1776 917 1874 951 pupula

1082 959 1164 985 multo
1178 959 1265 992 plures
1276 959 1427 992 crederent,
1439 964 1466 986 et
1478 959 1601 994 discipuli
1612 960 1734 988 videntes
1745 967 1872 989 constan-

1082 1004 1144 1031 tiam
1161 1004 1337 1039 liduciamque
1350 1005 1465 1040 Magistri
1481 1006 1532 1037 sui,
1547 1010 1625 1041 atque
1639 1014 1684 1034 eos
1696 1015 1764 1041 quos
1778 1015 1872 1041 passus

1081 1055 1120 1077 est
1134 1051 1276 1082 cruciatus,
1290 1051 1422 1078 ﬁrmiores
1437 1051 1591 1080 evaderent.

1117 1097 1144 1123 5.
1166 1095 1313 1132 Bettiguitus
1335 1098 1428 1124 Cltristi
1450 1098 1673 1125 imitanda.-—Ex
1697 1106 1775 1134 supra
1797 1099 1874 1127 dictis

1083 1150 1163 1177 porro
1185 1144 1242 1178 ejus
1266 1143 1454 1178 benignitatem
1475 1149 1501 1171 et
1517 1145 1746 1172 mansuetudinem
1769 1146 1873 1172 edisca-

1083 1197 1142 1216 mus
1159 1198 1165 1215 :
1183 1189 1275 1216 Discite
1294 1199 1309 1216 a
1335 1199 1382 1223 me,
1398 1191 1458 1225 quia
1479 1192 1546 1218 mitis
1561 1200 1617 1218 sum
1639 1197 1661 1218 et
1681 1191 1785 1218 Intuli/is
1800 1193 1875 1219 corde

1083 1235 1195 1270 (Matth.
1215 1236 1257 1263 11.
1273 1235 1326 1271 ‘29)
1340 1245 1346 1263 :
1363 1244 1523 1270 oninemque
1540 1237 1711 1264 acerbitatem
1731 1238 1871 1265 exscinda-

1083 1289 1152 1308 mus.
1168 1281 1195 1308 Si
1216 1282 1276 1316 quis
1291 1282 1367 1308 nobis
1385 1282 1561 1315 insultaverit,
1588 1290 1636 1309 nos
1661 1283 1796 1310 luuniliter
1813 1292 1872 1318 aga-

1083 1334 1158 1359 mus;
1176 1328 1197 1354 si
1217 1327 1276 1361 quis
1297 1326 1422 1355 ferociter
1441 1330 1533 1363 egcrit,
1561 1330 1645 1363 ipsum
1665 1330 1837 1364 mitigemus;
1852 1332 1874 1358 si

1083 1373 1268 1407 momorderit,
1285 1374 1430 1401 traduxerit
1450 1380 1477 1402 ct
1496 1375 1629 1409 dcriscrit,
1654 1385 1687 1403 ne
1706 1377 1874 1412 dejiciamur,

1085 1427 1151 1447 neve
1166 1420 1249 1447 vicem
1264 1421 1412 1455 rependere
1423 1423 1551 1456 aggressi,
1573 1431 1620 1449 nos
1636 1424 1707 1457 ipsos
1721 1424 1874 1458 perdamus.

1084 1465 1151 1493 Fera
1167 1460 1265 1501 quippe
1285 1471 1325 1493 est
1345 1467 1393 1500 ira,
1412 1467 1466 1494 fera
1480 1468 1624 1495 vehemens
1636 1474 1661 1495 et
1675 1470 1784 1496 ardens.
1806 1470 1878 1498 (lan-

1086 1516 1172 1539 temus
1193 1512 1282 1547 itaque
1308 1512 1384 1540 nobis
1406 1513 1501 1540 divina:
1525 1513 1669 1548 Scriptura:
1693 1516 1822 1547 carmina,
1850 1522 1875 1544 et

1085 1556 1203 1584 dicamus
1220 1566 1226 1583 :
1241 1557 1322 1585 Terra
1333 1562 1359 1585 ct
1373 1559 1440 1585 cinis
1451 1567 1479 1585 es
1493 1559 1567 1594 (Gen.
1585 1561 1610 1587 ὅ.
1627 1561 1684 1597 19),
1702 1561 1769 1594 Quid
1787 1570 1876 1596 super-

1086 1603 1120 1629 bit
1135 1609 1201 1629 terra
1213 1608 1234 1630 et
1254 1604 1317 1630 riuis
1331 1603 1384 1637 (Ib.
1402 1604 1442 1631 18.
1458 1604 1503 1631 27.
1518 1604 1598 1632 Eccli.
1617 1606 1660 1632 10.
1676 1607 1703 1640 9)
1714 1607 1725 1632 *ἶ
1738 1611 1775 1640 et,
1792 1607 1876 1640 Impe-

1086 1654 1125 1675 tus
1141 1649 1195 1681 ira),
1208 1649 1282 1675 ruina
1300 1654 1334 1675 est
1349 1648 1388 1675 illi
1402 1649 1496 1684 (Eccli.
1510 1651 1536 1677 1.
1556 1650 1600 1677 ‘28.
1623 1651 1668 1681 92)
1682 1660 1687 1682 ;
1705 1657 1742 1683 et,
1771 1651 1815 1678 Vir
1828 1653 1877 1678 iras

1086 1694 1192 1726 candus,
1210 1704 1259 1721 non
1275 1695 1400 1722 modestus
1415 1701 1450 1722 est
1471 1695 1560 1731 (Prov.
1576 1697 1618 1723 1|.
1641 1696 1697 1731 25).
1719 1697 1791 1724 Nllil
1806 1699 1878 1725 enim

1087 1742 1189 1776 turpius
1200 1741 1462 1775 luribundoaspectu,
1475 1743 1538 1768 nihil
1549 1743 1762 1777 ingratius.Qnod
1771 1745 1792 1771 si
1802 1751 1878 1779 aspc-

1086 1792 1140 1819 cttt,
1162 1787 1243 1814 multo
1256 1788 1339 1822 magis
1357 1788 1455 1814 animo.
1471 1789 1698 1821 Quemadmodum
1719 1791 1790 1818 enint
1806 1799 1879 1817 com~

1086 1838 1158 1861 moto
1171 1841 1249 1861 emno
1262 1833 1339 1862 latter
1354 1834 1497 1861 clTuuditur
1517 1844 1522 1861 :
1540 1835 1579 1862 sic
1590 1836 1681 1863 animo
1693 1836 1730 1863 ira
1746 1842 1877 1871 permoto,

1086 1880 1168 1908 multo
1183 1881 1284 1908 orietur
1299 1881 1433 1916 turpitudo
1446 1885 1472 1908 et
1486 1881 1617 1910 molestia.
1632 1883 1677 1914 At,
1695 1883 1807 1918 inquies,
1825 1892 1877 1911 non

1088 1925 1143 1953 fero
1164 1927 1354 1953 contumeliam
1367 1927 1400 1953 ab
1415 1927 1529 1954 inimicis
1551 1926 1661 1954 illatam.
1686 1928 1760 1954 Cur?
1776 1936 1877 1963 qumso.

1087 1972 1151 1999 Nam
1168 1973 1190 1999 si
1204 1981 1266 1999 vere
1280 1972 1354 2004 dicit,
1369 1973 1448 2000 etiam
1463 1980 1553 2000 coram
1577 1973 1622 2000 illo
1636 1975 1778 2009 compungi
1797 1982 1877 2010 opor-

1088 2023 1167 2050 teret,
1187 2023 1213 2045 et
1226 2018 1337 2053 gratiam
1354 2019 1402 2053 ipsi
1418 2018 1533 2051 habere;
1556 2019 1596 2045 sin
1613 2027 1677 2046 vero
1698 2020 1836 2052 mentitur.
1853 2020 1878 2047 id

1087 2069 1238 2091 coutctnne.
1264 2063 1411 2099 Panperem
1439 2065 1535 2091 vocat?
1559 2065 1635 2092 Ride.
1665 2065 1810 2100 ignobilem
1837 2067 1878 2094 vel

1087 2110 1196 2137 stultutn
1211 2110 1344 2144 appellat?
1365 2109 1510 2144 lngemisce
1525 2118 1571 2145 pro
1585 2110 1639 2138 illo.
1655 2111 1731 2142 Nam,
1754 2111 1805 2144 Qui
1819 2112 1879 2138 dicit

1087 2156 1161 2191 fratri
1181 2164 1238 2188 suo,
1262 2155 1356 2189 Fatue,
1372 2164 1428 2183 reus
1449 2158 1496 2182 erit
1515 2157 1635 2191 gelteunw
1647 2157 1712 2192 igni:
1727 2157 1837 2192 (Mattlt.
1851 2159 1877 2186 5.

1087 2201 1144 2234 ἓξ).
1161 2201 1189 2228 Si
1204 2202 1392 2228 contumeliam
1409 2201 1515 2234 inferat,
1531 2203 1617 2237 cogita
1633 2203 1793 2238 supplicium
1809 2203 1878 2238 quod

1088 2246 1174 2281 ipsum
1196 2251 1295 2279 manet,
1314 2254 1363 2274 nec
1386 2247 1466 2274 ntodo
1487 2247 1553 2274 iram
1567 2248 1715 2280 cohibebis,
1736 2249 1783 2276 sed
1799 2250 1878 2277 etiam

1089 2291 1219 2326 lacrymas
1241 2292 1371 2319 ell'nndes.
1395 2293 1486 2328 Neque
1509 2294 1579 2320 enim
1602 2294 1720 2321 irritatur
1747 2296 1879 2330 quispiam

1089 2343 1180 2365 contra
1198 2339 1407 2372 febricitantem,
1423 2344 1554 2366 autacuto
1566 2341 1659 2367 morbo
1675 2341 1878 2373 inﬂammatum,

1088 2383 1134 2410 sed
1149 2384 1249 2411 similes
1272 2385 1344 2412 viros
1358 2385 1499 2412 miseratur
1516 2390 1543 2412 et
1566 2385 1697 2420 deplorat.
1724 2387 1880 2421 llnjustnodi

1089 2435 1128 2457 est
1142 2430 1200 2457 irati
1214 2431 1327 2458 animus.
1337 2430 1388 2458 Sed
1400 2432 1421 2458 si
1435 2431 1474 2458 vis
1487 2436 1512 2459 te
1521 2433 1621 2463 ulcisci.
1632 2437 1701 2467 tace,
1714 2439 1741 2460 et.
1750 2439 1881 2468 opportu-

1089 2483 1149 2502 nam
1161 2476 1209 2510 ipsi
1221 2476 1324 2511 plagant
1336 2477 1448 2512 indiges.
1461 2478 1506 2504 Sin
1520 2480 1708 2506 contumeliam
1720 2482 1881 2509 contumelia

1088 2520 1216 2555 depellas,
1233 2522 1318 2556 ignem
1331 2523 1502 2550 succendisti.
1514 2524 1559 2556 At,
1573 2524 1686 2559 inquies,
1700 2525 1721 2552 si
1735 2532 1881 2561 taceamus,

1090 2567 1176 2601 pusilli
1191 2567 1272 2594 attimi
1290 2576 1443 2602 urguentur.
1456 2568 1514 2595 Non
1529 2573 1554 2596 te
1569 2570 1656 2604 pusilli
1677 2571 1758 2598 animi
1772 2579 1882 2600 accusa-

1089 2612 1163 2644 bunt,
1177 2612 1224 2639 sed
1240 2613 1434 2648 philosophiam
1449 2619 1520 2641 tuam
1536 2615 1710 2643 mirabuntur.
1725 2617 1753 2644 Si
1770 2625 1836 2646 vero
1850 2626 1882 2646 ex

1089 2659 1245 2685 contumelia
1270 2659 1454 2692 inﬂammeris,
1480 2660 1568 2688 locum
1588 2661 1664 2688 dabis
1688 2663 1800 2696 putandi
1820 2671 1883 2690 vera

1089 2711 1148 2731 esse
1160 2712 1219 2740 qua:
1233 2705 1405 2740 objiciuntur.
1419 2705 1482 2739 Cur,
1498 2714 1599 2741 qnznso,
1616 2707 1685 2735 ridet
1700 2708 1780 2736 dives
1797 2710 1842 2744 qui
1855 2717 1884 2737 so

1091 2758 1232 2784 pauperem
1247 2753 1372 2786 appellari
1384 2752 1457 2779 audit
1467 2753 1478 2779 ?
1488 2761 1576 2780 annon
1588 2754 1647 2788 quia
1662 2755 1719 2789 ipse
1732 2756 1820 2783 scitse
1831 2763 1883 2783 non

1089 2803 1148 2822 esse
1162 2798 1322 2831 pauperem?
1336 2798 1371 2825 lta
1386 2803 1411 2825 et
1424 2806 1472 2825 nos
1484 2799 1505 2825 si
1517 2798 1550 2826 de
1560 2799 1728 2827 contumeliis
1738 2800 1882 2833 rideamus,

1090 2841 1140 2869 hoc
1161 2851 1344 2879 argumentum
1365 2844 1416 2872 crit
1433 2844 1590 2879 maximum,
1614 2853 1662 2873 nos
1680 2845 1742 2873 talis
1759 2846 1800 2873 rei
1821 2854 1883 2873 cou-
