2031 3118
184 118 238 144 2τῖ

185 174 254 201 scius
268 172 345 199 nobis
358 179 409 198 non
420 177 490 198 esse.
507 169 548 197 Ad
559 169 616 196 haec
629 177 765 204 quousque
781 169 916 196 hominum
929 178 975 198 ac-

183 219 335 247 cusationes
355 216 521 244 metuemus?
543 222 681 251 quousque
695 222 862 242 communem
885 215 976 242 Domi-

182 272 246 292 num
258 263 447 298 despiciemus,
462 265 490 289 et
499 262 573 289 carni
589 261 746 296 afligemur?
760 261 823 288 Cant
833 261 899 288 enim
911 262 976 288 inter

181 317 222 336 vos
235 309 268 335 sit
283 308 408 335 contentio
428 312 451 334 et
466 306 594 333 tentulatio
607 311 630 333 et
644 306 789 339 seditiones,
814 314 896 333 nonne
915 315 973 333 car-

179 355 249 381 nales
264 354 323 381 estis
351 354 389 388 (l.
413 352 472 380 Cor.
497 352 524 379 5.
545 352 590 386 5)?
610 351 699 379 Simus
723 359 787 387 ergo
811 352 972 386 spirituales,

178 399 248 426 hanc
263 399 437 427 deterrimam
457 397 541 424 i‘eram
557 396 701 424 fronemus.
719 397 788 424 lram
803 397 872 424 inter
885 401 912 424 et
931 397 972 424 i'u-

179 453 269 472 rorem
292 445 393 472 nullum
415 444 578 475 discrimen;
601 442 648 470 sed
669 443 844 477 temporarius
865 442 970 477 quidam

178 493 285 519 dmuou
300 498 356 523 est;
371 492 425 518 imo
444 490 608 517 dasmoniaco
627 489 711 524 pejor.
724 489 789 515 Nam
807 489 971 515 dacmouiaco

176 538 251 565 venia
265 537 356 569 datur;
373 536 515 563 iracundus
533 540 621 563 autem
637 535 710 562 mille
723 535 859 569 suppliciis
876 534 970 569 dignus

173 584 234 614 erit,
250 582 296 617 qui
314 590 344 610 se
364 587 461 616 sponte
480 581 506 608 in
528 580 653 615 perniciei
679 580 802 607 barathra
820 579 920 613 dejicit,
936 583 964 606 et

173 633 236 654 aute
248 627 363 654 futuram
374 626 524 661 gehennam
540 625 583 652 hic
600 625 655 658 jam
671 631 763 659 poenas
778 624 841 651 dare
857 623 966 658 incipit;

662 113 695 141 IN
713 113 867 141 JOANNEM
887 113 1001 142 HOMIL.
1022 116 1113 146 XLIX.
1133 119 1168 147 al.
1191 121 1302 151 XLVIII.

1769 132 1822 160 ΤΗ

1032 173 1094 203 dum
1109 179 1220 206 tumultu
1239 187 1366 216 perpetuo
1382 187 1408 211 ct
1421 189 1486 211 :rsttt
1509 185 1668 214 intolerabili
1683 189 1822 223 cogitatio-

1030 229 1092 248 num
1115 229 1192 251 uocte
1205 225 1300 261 dieque
1321 229 1478 263 etagitatur.
1495 230 1529 259 Ut
1549 231 1637 267 itaque
1652 238 1678 260 et
1693 237 1818 268 prtcseuti

1028 269 1156 303 supplicio
1171 274 1198 298 et
1212 272 1296 299 futura
1315 274 1427 302 vindicta
1443 283 1492 303 nos
1505 277 1660 311 liberemus,
1677 278 1728 306 hoc
1741 281 1818 314 pulso

1028 316 1108 342 animi
1132 316 1235 350 morbo,
1255 325 1361 346 omnem
1382 320 1554 349 cxiribeamus
1572 325 1815 359 mansuetudinem,

1028 365 1056 387 ut
1069 361 1186 396 requiem
1204 362 1343 390 animabus
1358 366 1455 392 nostris
1468 366 1632 395 inveniamus
1646 373 1674 396 et
1692 370 1734 396 hic
1749 375 1776 397 et
1789 370 1815 397 in

1026 414 1108 440 regno
1126 407 1268 441 caelorum;
1295 409 1365 443 quod
1391 411 1492 438 utinam
1511 419 1604 440 omnes
1629 421 1812 449 assequamur,

1025 452 1106 486 gratia
1129 458 1157 480 et
1184 452 1345 488 benignitate
1369 455 1472 482 Domini
1499 457 1583 484 nostri
1604 457 1668 485 Jesu
1693 459 1809 492 Christi,

1025 505 1072 532 per
1086 506 1163 533 quem
1191 503 1218 526 et
1242 507 1301 526 cum
1324 508 1376 535 quo
1397 501 1468 528 Patri
1492 502 1574 536 gloria
1600 504 1730 539 simulque
1753 506 1812 539 Spi-

1024 543 1084 569 ritui
1100 547 1202 576 sancto,
1222 552 1293 572 nunc
1315 550 1343 573 et
1365 553 1482 580 semper,
1503 552 1530 574 ct
1552 547 1578 574 iu
1591 547 1688 575 SiDCUlﬂ
1700 549 1812 577 sa‘culo-

1025 598 1094 618 rum.
1109 592 1204 618 Amen.

1080 682 1807 697 Ἣ

856 705 1029 735 HOMILIA
1050 706 1164 736 XLIX.

171 771 235 800 Car.
250 772 277 799 7.
294 779 319 798 ν.
331 771 358 798 9.
375 769 437 798 Hazc
449 778 506 796 cum
523 769 628 796 dixisset
640 768 691 795 illis
703 789 710 801 ,
722 769 815 795 mansit
839 767 866 794 in
890 766 962 793 Gali-

207 819 266 844 laza.
280 817 323 844 lo.
347 816 382 844 Ut
395 821 478 842 autem
492 815 656 841 ascenderunt
674 815 764 849 fratres
785 813 849 845 eius,
867 818 925 839 tunc
939 818 962 839 et

205 863 260 897 ipse
280 862 390 889 ascendit
414 861 448 887 ad
470 861 536 888 diem
556 862 657 895 festum,
679 867 730 885 non
751 858 892 892 manifeste,
917 859 962 885 sed

204 908 278 942 quasi
288 908 314 934 in
330 907 438 934 occulto.

204 955 229 981 1.
243 953 357 981 Christus
372 953 482 980 ltuntano
503 960 572 979 more
586 952 668 978 vivens
688 951 800 978 homines
818 950 905 977 docere
919 950 960 977 in-

170 1000 256 1026 tendit.
273 999 324 1026 Cur
336 998 450 1026 Christus
460 998 503 1032 qui
514 998 599 1033 putant
612 1005 707 1032 semper
721 995 875 1030 loquebatur,
892 1004 963 1022 nunc

165 1045 192 1072 in
214 1045 312 1072 occulto
328 1043 562 1078 (equitum—Qua:
582 1043 700 1069 hmuano
718 1050 795 1069 more
816 1049 830 1068 a
852 1041 958 1068 Christo

167 1091 365 1126 dispensantur,
382 1098 433 1118 non
451 1090 510 1117 ideo
535 1093 635 1116 tantum
657 1089 722 1115 ﬁunt
746 1093 773 1115 ut
797 1088 958 1116 incarnatio-

168 1145 226 1165 nem
242 1138 411 1168 conﬁrment,
429 1136 476 1163 sed
491 1135 571 1162 etiam
585 1139 614 1161 ut
628 1142 677 1161 nos
691 1134 724 1160 ad
738 1134 861 1161 virtutem
879 1133 956 1160 insti-

166 1189 249 1210 tuant.
272 1183 301 1211 Si
316 1183 386 1211 enim
399 1183 490 1210 omnia
504 1186 638 1216 tamquam
660 1181 729 1207 Deus
751 1180 867 1211 iecisset,
891 1187 957 1214 quo-

164 1230 243 1256 modo
269 1235 408 1263 possemus
430 1235 489 1260 nos,
514 1234 574 1253 eum
600 1226 702 1260 ingrata
728 1225 867 1256 accidunt,
893 1224 955 1259 quid

164 1275 315 1302 faciendum
329 1274 364 1301 sit
379 1273 517 1301 ediscere?
531 1277 560 1299 Ill
577 1272 649 1298 verbi
674 1271 757 1306 gratia
778 1271 829 1297 hoc
842 1272 867 1297 in
884 1270 953 1304 loco,

162 1321 183 1346 si
199 1320 300 1346 Judasis
313 1326 405 1346 necem
425 1317 595 1352 spirantibus,
621 1317 647 1343 in
668 1316 783 1343 medimn
807 1316 954 1351 procedens

161 1367 252 1393 statim
275 1373 368 1392 corutn
392 1365 519 1399 impetum
545 1364 717 1391 coercuisset.
740 1363 766 1389 Si
793 1362 881 1397 itaque
903 1362 953 1389 hoc

161 1411 270 1439 assidue
286 1411 403 1442 fecisset,
418 1417 468 1437 nos
491 1410 516 1436 in
532 1409 625 1436 eadem
649 1408 807 1440 incidentes,
822 1416 881 1435 cum
898 1415 951 1435 non

161 1465 301 1492 possemus
324 1457 394 1483 idem
420 1460 556 1490 praestare,
579 1454 713 1489 quomodo
735 1454 863 1481 sciremus
888 1454 950 1489 quid

158 1503 290 1538 agendum
305 1503 397 1530 esset?
409 1507 496 1528 utrum
509 1502 575 1529 mori
587 1504 730 1536 oporteret,
745 1508 779 1527 an
791 1499 862 1527 aliud
875 1500 950 1534 quid-

159 1549 228 1584 piam
245 1548 395 1583 providere,
419 1553 446 1574 ut
468 1554 557 1574 sermo
583 1545 757 1581 procederet?
781 1544 846 1578 Quia
871 1545 950 1580 igitur

158 1603 217 1628 nos,
234 1595 279 1630 qui
295 1595 350 1629 pari
373 1598 504 1628 potestate
528 1592 629 1626 praediti
650 1600 701 1618 nou
724 1598 826 1621 sumus.
842 1590 904 1625 quid
921 1592 947 1618 in

157 1640 275 1668 medium
290 1640 415 1674 ingressis
430 1638 577 1665 l'ae'rendum
594 1641 666 1664 esset
678 1645 729 1663 non
742 1636 945 1668 didicissemus;

157 1686 213 1714 hmc
229 1685 288 1712 ideo
299 1685 333 1712 ab
346 1685 391 1711 illo
406 1684 542 1711 docemur.
558 1683 623 1709 Nam
636 1682 684 1715 ait,
704 1681 765 1708 [hec
774 1690 829 1708 cum
845 1681 946 1708 dixisset

155 1732 240 1764 Iesus,
255 1731 347 1758 mansit
360 1731 386 1757 in
406 1729 522 1756 Gatilaea.
550 1728 582 1755 Ut
604 1732 687 1754 autent
709 1726 872 1753 ascenderunt
891 1729 945 1761 fra-

155 1783 203 1804 tres
225 1778 291 1812 ejus,
316 1781 375 1802 tunc
399 1779 421 1802 et
436 1775 491 1810 ipse
509 1773 631 1804 ascendit,
661 1780 711 1799 non
733 1772 875 1807 manifeste,
899 1770 943 1798 sed

154 1823 225 1857 quasi
237 1830 265 1849 tn
276 1821 383 1848 occulta.
403 1820 473 1851 lia-c,
492 1819 663 1846 Ascenderunt
679 1819 770 1852 fratres
785 1818 849 1852 ejus,
862 1816 945 1851 signi-

155 1869 233 1895 licant
257 1867 343 1902 ipsum
365 1865 481 1893 uoluisse
494 1872 554 1892 cum
570 1864 620 1890 illis
634 1862 789 1889 ascendere.
810 1861 944 1895 Quamob-

154 1921 209 1941 rem
226 1913 260 1940 ibi
276 1915 383 1944 manet,
397 1918 483 1945 neque
506 1917 566 1937 sese
583 1909 724 1936 manifeste
739 1907 865 1939 ostendit,
881 1907 944 1933 licet.

153 1960 178 1987 id
193 1960 229 1986 illi
247 1958 401 1986 suaderent.
414 1957 466 1984 Cur
476 1963 539 1984 vero
558 1956 602 1990 qui
623 1955 708 1989 palam
729 1961 834 1988 semper
848 1953 941 1987 loque-

153 2005 240 2038 batur,
267 2012 337 2032 nunc
356 2004 430 2039 quasi
454 2003 480 2030 iu
495 2002 600 2030 occulto
624 2001 650 2029 id
677 2001 758 2028 iacit?
779 2000 842 2027 Non.
863 1999 940 2032 dixit,

152 2051 270 2083 Occulta,
286 2051 344 2082 sed,
361 2050 440 2083 Quasi
453 2049 479 2075 in
500 2048 609 2075 act-ulto.
630 2047 674 2074 Sic
699 2047 769 2074 enim
788 2046 943 2081 oportebat,

152 2096 376 2132 quemadmodum
391 2095 457 2127 diti,
474 2099 502 2122 ut
514 2102 562 2121 nos
574 2094 683 2121 doceret
700 2093 757 2120 luce
770 2094 875 2127 negotia
894 2100 939 2127 ge-

152 2151 220 2171 rere.
237 2142 341 2177 Alioqui
357 2149 409 2168 uou
425 2150 471 2176 par
485 2146 543 2168 erat
557 2140 610 2168 illis
631 2139 704 2167 iratis
719 2143 746 2166 et
767 2139 940 2166 frementibus

153 2195 213 2217 tunc
235 2197 401 2223 comparere,
422 2189 468 2216 sed
488 2193 546 2223 post
567 2187 638 2215 diem
661 2187 767 2214 festum.
790 2186 833 2213 il.
853 2185 939 2212 Jadwt'

151 2244 208 2271 ergo
221 2237 363 2270 maerebant
374 2244 439 2266 eum,
454 2240 476 2262 et
487 2235 610 2266 dit-ebant,
626 2233 674 2261 Ubi
684 2238 720 2260 est
733 2233 796 2260 ille?
809 2233 937 2260 Pratclara

150 2286 220 2308 certe
236 2282 263 2307 in
284 2281 328 2307 die
353 2280 421 2308 festo
440 2281 540 2314 opera!
557 2279 589 2306 ad
613 2279 712 2306 ewdetn
737 2282 890 2314 properant,
911 2277 937 2304 in

150 2327 216 2354 l‘esto
229 2327 382 2354 consultant
396 2327 528 2360 quomodo
542 2326 646 2360 capiant
670 2326 753 2352 illum.
777 2324 822 2352 Sic
837 2328 864 2351 et
875 2323 938 2350 alibi

149 2372 240 2398 dicuut
255 2379 264 2398 :
279 2371 347 2403 Quid
360 2371 462 2405 putatis,
481 2371 540 2405 quia
562 2378 611 2397 non
636 2370 700 2396 venit
713 2370 747 2396 ad
759 2370 824 2396 diem
844 2369 937 2403 festum

149 2416 238 2451 (Joan.
265 2416 309 2443 Η.
331 2416 397 2451 56)?
417 2416 450 2442 Et
472 2417 514 2442 hic
533 2415 667 2447 dicebant,
695 2414 743 2441 Ubi
764 2419 799 2441 est
819 2414 884 2441 ille?
898 2413 937 2440 Ex

148 2462 233 2488 nimio
250 2461 314 2488 odio
336 2469 370 2488 ne
391 2461 528 2487 nominare
550 2460 656 2495 quidem
671 2460 824 2495 dignantur.
844 2459 936 2493 Magna

147 2511 217 2534 certe
229 2507 290 2534 festi
306 2506 466 2539 reverentia,
481 2508 573 2540 ingens
593 2505 692 2540 pietas!
708 2505 751 2532 die
769 2504 836 2532 festo
851 2504 937 2538 ipsum

147 2560 244 2588 capere
259 2553 393 2580 volebant.
407 2552 448 2579 12.
463 2552 497 2578 Ει
510 2560 625 2579 murmur
643 2551 749 2578 multant
762 2555 816 2578 erat
829 2551 859 2577 de
869 2559 898 2577 eo
912 2551 938 2578 in

148 2598 230 2625 turba.
247 2598 316 2626 Puto
327 2603 414 2625 autem
432 2597 491 2624 illos
510 2598 535 2624 iu
553 2597 667 2625 furorem
684 2602 759 2624 actos
771 2604 786 2623 a
805 2596 873 2628 loco,
893 2596 936 2623 ubi

148 2643 251 2678 signum
268 2643 369 2670 factum
383 2642 477 2675 fuerat,
491 2648 571 2677 atque
587 2647 769 2677 exasperatos,
784 2650 837 2669 non
855 2643 889 2669 ita
904 2643 937 2669 de

149 2696 178 2715 re
189 2692 265 2723 gesta
287 2688 437 2723 indignatos
451 2695 520 2721 esse,
533 2692 562 2714 ut
577 2688 705 2715 timebant
727 2695 762 2714 ne
774 2687 837 2722 quid
851 2687 938 2714 simile

149 2735 244 2762 iterum
261 2735 370 2762 iaceret.
393 2734 560 2761 Contrarium
575 2741 654 2769 porro
674 2733 781 2766 accidit,
801 2733 842 2760 vel
863 2733 937 2760 inviti

147 2781 248 2808 clarum
269 2781 356 2816 ipsum
377 2780 559 2808 reddiderunt.
587 2779 697 2812 Quidam
721 2779 852 2811 dicebant,
879 2779 937 2814 quia

147 2825 226 2854 bona:
239 2831 287 2861 est,
303 2825 358 2859 alii,
381 2824 451 2859 Non,
473 2825 516 2853 sed
538 2824 633 2852 seducit
656 2824 750 2852 turbas.
777 2824 848 2852 Illam
874 2828 937 2859 puto

1017 766 1098 794 fuisse
1113 768 1289 796 multitudinis
1303 770 1471 805 opinionem;
1486 773 1564 800 aliam
1583 782 1646 802 vero
1660 776 1810 811 principum

1016 816 1043 838 et
1054 812 1222 839 sacerdotum
1238 822 1244 840 :
1262 822 1322 840 nam
1338 815 1494 843 calumniari
1509 818 1540 844 ad
1557 819 1662 846 illorum
1679 820 1811 849 invidiam.

1014 861 1041 883 et
1063 859 1207 892 nequitiam
1229 860 1389 894 pertinebat.
1411 862 1515 889 Seducit
1538 865 1652 897 turbam,
1674 867 1808 902 inquiunt-

1013 903 1162 936 Quomodo,
1176 907 1286 940 quaeso?
1296 907 1432 942 Numquia
1445 910 1518 943 signa
1531 910 1648 945 simulat,
1658 920 1709 939 non
1726 914 1806 941 facit?

1012 950 1266 984 Atqui-contrarium
1281 953 1444 988 experientia
1458 954 1544 982 dooet.
1563 957 1605 984 15.
1621 957 1704 985 Nemo
1720 963 1809 987 tameir

1012 996 1097 1030 palam
1117 997 1265 1032 loquebatur
1288 999 1319 1025 de
1337 999 1383 1026 illo
1406 1006 1508 1035 propter
1527 1008 1625 1029 metunt
1641 1003 1800 1032 Judteorunt.

1013 1041 1091 1069 Vides
1107 1043 1204 1078 ubique
1217 1045 1358 1078 optimates
1370 1052 1522 1081 corruptos,
1535 1048 1637 1082 plebem
1654 1057 1716 1076 vero
1727 1055 1800 1078 recte

1010 1087 1179 1120 sentientem,
1195 1089 1242 1115 sed
1262 1096 1318 1116 non
1338 1090 1475 1124 praeditam
1501 1099 1532 1119 ea
1550 1091 1704 1121 fortitudine
1720 1103 1807 1129 quant

1009 1133 1165 1168 oportebat?
1180 1135 1222 1161 Μ.
1236 1134 1297 1161 .lam
1312 1140 1395 1162 autent
1410 1137 1450 1163 die
1461 1138 1523 1172 festo
1538 1138 1672 1171 mediante,
1686 1140 1798 1167 ascendit

1008 1178 1091 1209 λειω,
1114 1184 1137 1206 et
1158 1179 1270 1207 docebat.
1297 1181 1467 1215 Exspectatio
1490 1183 1645 1210 attentiorcs
1671 1185 1795 1213 reddidit.

1007 1223 1072 1251 Nam
1086 1225 1129 1260 qui
1152 1226 1284 1260 prioribus
1297 1226 1390 1254 diebus
1410 1228 1564 1262 quaerebant
1585 1237 1644 1256 eum
1667 1230 1794 1263 dicentes,

1009 1269 1058 1297 (Illi
1083 1275 1118 1296 est
1138 1271 1200 1297 ille?
1229 1276 1338 1306 repente
1360 1272 1433 1299 illum
1459 1273 1589 1306 videntes,
1614 1274 1796 1303 animadverte

1007 1316 1140 1350 quomodo
1153 1316 1270 1349 adstant,
1297 1322 1324 1344 et
1343 1317 1494 1352 loquentem
1517 1318 1669 1351 observent,
1689 1323 1741 1347 tam
1756 1321 1794 1348 illi

1005 1363 1048 1396 qui
1063 1362 1171 1395 bonum,
1186 1370 1263 1398 quam
1278 1363 1321 1390 alii
1334 1364 1383 1399 qui
1393 1364 1490 1391 malutn
1502 1364 1574 1392 illum
1591 1364 1714 1393 dicebant
1728 1367 1802 1394 :sed-.

1005 1408 1042 1434 illi
1068 1412 1095 1435 ut
1119 1409 1253 1443 quidpiam
1277 1410 1340 1437 lucri
1367 1415 1550 1445 reportarem,
1579 1411 1794 1449 mirarenturque

1004 1453 1106 1487 ipsum;
1122 1454 1165 1480 alii
1189 1458 1217 1481 ut
1235 1455 1492 1489 comprehenderent
1514 1461 1542 1484 et
1564 1463 1699 1492 caperent.
1724 1459 1797 1486 Illud.

1003 1504 1101 1531 autem,
1117 1499 1221 1527 Seducit
1239 1503 1347 1533 turbam,
1372 1509 1418 1536 per
1431 1502 1576 1530 doctrinam
1602 1505 1713 1534 scilicet.
1737 1513 1789 1532 non

1002 1545 1180 1579 iutelligeutes
1192 1546 1254 1580 quid
1267 1545 1368 1574 diceret
1383 1556 1390 1573 :
1404 1547 1467 1575 illud
1481 1555 1554 1582 vero,
1570 1548 1665 1583 Bonus,
1681 1558 1695 1577 a
1706 1551 1789 1585 signis

1000 1589 1147 1618 dicebatur.
1161 1591 1258 1618 Sedato
1282 1591 1370 1626 itaque
1386 1592 1489 1620 illorum
1511 1593 1600 1622 lurore
1624 1595 1660 1622 ita
1682 1596 1795 1628 institit,

1000 1640 1029 1662 ut
1040 1636 1121 1663 verba
1135 1643 1182 1663 sua
1197 1637 1337 1671 diligenter
1350 1638 1482 1671 audirent,
1504 1647 1589 1674 neque
1608 1641 1722 1675 amplius
1744 1643 1786 1668 in-

998 1680 1097 1715 dignati
1112 1688 1190 1708 aures
1202 1681 1382 1709 obstruerent.
1399 1683 1466 1716 Quid
1480 1684 1610 1717 docuerit,
1625 1692 1676 1712 non
1697 1691 1790 1714 narrat

997 1727 1174 1761 evangelista;
1198 1727 1223 1754 id
1245 1727 1331 1755 solum
1355 1728 1417 1756 dicit
1437 1729 1507 1764 quod
1529 1730 1685 1758 mirabiliter
1697 1732 1784 1759 sitio-

996 1779 1103 1809 quutus,
1119 1775 1189 1809 quod
1205 1775 1454 1810 ipsosdcmulserit,
1471 1780 1498 1803 et
1512 1777 1621 1804 mutarit
1634 1782 1728 1805 :‘tanta
1741 1778 1783 1806 di-

995 1825 1098 1847 ctorum
1112 1821 1195 1847 virtus
1203 1826 1270 1848 erat.
1280 1821 1331 1854 Qui
1345 1829 1408 1848 vero
1415 1821 1548 1855 dicebant,
1560 1822 1664 1850 Seducit
1675 1823 1782 1857 turbam,

995 1865 1087 1892 mutati
1098 1866 1153 1900 jam
1167 1866 1375 1899 admirabantur,
1397 1867 1508 1902 ideoque
1530 1867 1569 1894 sic
1587 1868 1781 1902 loquebantur:

995 1911 1037 1938 i5.
1056 1911 1187 1944 Quomodo
1202 1912 1247 1937 scit
1261 1912 1356 1944 literas,
1372 1912 1414 1946 qui
1429 1920 1478 1938 itan
1491 1912 1599 1939 didicit?
1613 1912 1706 1940 Viden“
1716 1922 1783 1948 quo-

993 1956 1073 1982 modo
1086 1956 1287 1983 admirationem
1309 1964 1400 1983 eorum
1421 1957 1536 1990 nequitia
1552 1957 1657 1991 plenam
1671 1958 1782 1986 demou-

993 2001 1080 2028 stret?
1094 2000 1151 2027 Non
1174 2002 1244 2027 enim
1260 2001 1323 2028 dicit
1338 2002 1409 2035 ipsos
1423 2001 1570 2028 doctrinam
1587 2003 1695 2030 miratos
1710 2011 1780 2036 esse,

995 2047 1035 2073 vel
1051 2046 1119 2073 dicta
1136 2046 1275 2074 admisisse
1290 2057 1296 2073 :
1313 2046 1359 2073 sed
1374 2053 1485 2079 tantum,
1499 2047 1676 2080 Mirabantur;
1692 2048 1716 2075 id
1728 2054 1783 2081 est,

992 2091 1020 2118 in
1033 2098 1167 2125 stuporem
1182 2091 1335 2119 deciderant
1347 2092 1476 2124 dicentes,
1493 2092 1568 2120 Unde
1578 2093 1615 2120 illi
1632 2093 1707 2121 hmo?
1717 2101 1778 2122 cum

992 2145 1024 2164 ex
1040 2137 1205 2164 dubitatione
1220 2138 1265 2164 tali
1290 2138 1440 2172 perspicere
1457 2138 1612 2166 debuissent
1633 2139 1698 2166 nihil
1720 2142 1779 2174 puri

992 2183 1107 2211 hominis
1122 2184 1148 2210 in
1170 2183 1216 2210 illo
1239 2183 1329 2211 inisse.
1347 2184 1444 2211 Verum
1460 2185 1520 2219 quia
1535 2185 1585 2211 hoc
1601 2185 1638 2212 illi
1659 2186 1779 2214 cortliteri

992 2229 1133 2263 uolebant,
1140 2229 1194 2257 sed.
1203 2229 1366 2257 mirabantur
1381 2231 1478 2263 solum,
1489 2230 1549 2257 audi
1560 2230 1622 2265 quid
1637 2231 1681 2258 ille
1691 2232 1777 2259 dicat:

994 2276 1036 2302 16.
1057 2274 1116 2302 Mea
1137 2275 1250 2301 doctrina
1264 2283 1318 2301 non.
1331 2281 1367 2302 est
1388 2283 1452 2302 utea.
1469 2275 1570 2302 Rursus
1585 2284 1676 2303 eorum
1691 2278 1778 2311 suspi-

990 2320 1061 2348 cioui
1073 2320 1227 2355 respondet,
1241 2320 1274 2347 ad
1289 2320 1394 2347 Patrem
1419 2320 1478 2348 illos
1499 2321 1643 2354 abducens,
1665 2326 1694 2349 ut
1717 2322 1779 2350 inde

991 2368 1042 2396 illis
1055 2369 1188 2397 silentium
1205 2371 1323 2405 imponat
1337 2380 1350 2397 :.
1360 2371 1404 2398 17..
1427 2370 1458 2397 Si
1471 2371 1526 2405 quis
1541 2371 1646 2398 voluerit
1660 2371 1779 2398 volunta-

991 2420 1040 2441 tem
1051 2416 1107 2450 ejus
1121 2418 1213 2452 facere,
1233 2421 1363 2452 cognoscet
1385 2417 1416 2443 de
1431 2417 1562 2450 doctrina,
1575 2422 1660 2444 utrum
1678 2426 1710 2444 ea:
1726 2417 1778 2445 Deo
1824 2412 1828 2416 ”

990 2461 1030 2491 sit,
1043 2469 1076 2487 an
1087 2469 1132 2496 ego
1144 2469 1160 2487 a
1173 2462 1269 2496 meipso
1283 2462 1381 2496 loquar.
1396 2462 1453 2489 Hoc
1463 2466 1514 2493 est,
1527 2461 1686 2496 Nequitiam,
1699 2462 1775 2494 iram.

991 2505 1115 2532 invidiam
1128 2506 1230 2540 ejicite;
1245 2514 1346 2534 necnon
1360 2506 1449 2533 odium
1463 2506 1532 2541 quod
1552 2510 1644 2533 contra
1662 2514 1705 2533 me
1719 2506 1778 2534 sine

991 2557 1069 2577 causa
1081 2551 1246 2586 suscepistis,
1261 2555 1291 2578 ct
1300 2551 1366 2578 nihil
1386 2551 1512 2585 impediet
1524 2551 1586 2585 quin
1610 2552 1777 2584 cognoscatis

991 2594 1072 2622 verba
1087 2603 1145 2622 mea
1157 2603 1220 2623 vere
1237 2596 1282 2624 Dei
1297 2603 1367 2623 esse.
1384 2596 1458 2622 Nunc
1472 2595 1529 2622 haec
1542 2603 1589 2622 vos
1605 2595 1719 2622 tenebris
1734 2595 1776 2622 οἵ·

991 2640 1151 2671 ΐυηάυηιιει
1165 2646 1266 2668 rectum
1281 2641 1350 2675 apud
1368 2648 1415 2668 vos
1425 2641 1553 2675 judicium
1567 2645 1738 2674 pervertunt;
1754 2641 1780 2667 si.

991 2686 1048 2714 inec
1060 2687 1211 2718 eliminetis,
1228 2694 1280 2713 non
1295 2686 1360 2713 illud
1382 2686 1527 2721 patiemini.
1542 2685 1594 2713 Sed
1607 2693 1660 2713 non
1683 2686 1717 2713 ita
1738 2686 1778 2713 Io~

991 2736 1088 2767 quutus
1102 2735 1151 2763 est,
1165 2739 1198 2758 ne
1218 2731 1296 2758 nimis
1317 2731 1376 2758 illos
1391 2730 1598 2766 perstringeret;
1613 2739 1704 2759 verum
1719 2731 1781 2759 ha‘c

991 2778 1080 2805 omnia
1093 2777 1278 2809 subindicavit,
1292 2784 1351 2805 cum
1363 2777 1472 2809 diceret,
1486 2776 1536 2810 Qui
1550 2778 1611 2813 facit
1625 2779 1776 2806 uoluntatem

991 2825 1057 2858 ejus,
1071 2828 1200 2858 cognoscet
1220 2823 1250 2850 de
1264 2823 1393 2856 doctrina,
1408 2827 1489 2849 utrum
1505 2830 1536 2849 ex
1549 2821 1602 2850 Deo
1617 2824 1659 2858 sit,
1680 2832 1712 2851 an
1729 2832 1775 2859 ego
