2031 3118
247 134 300 161 175

247 203 262 220 η
277 194 371 227 meipso
385 190 493 225 loquar;
508 188 532 215 id
548 192 598 220 est,
615 187 682 214 Num
705 187 820 213 alienum
839 185 912 220 quid,
927 191 972 212 aut
987 193 1033 212 ιιοι

247 248 319 272 runt,
332 242 378 265 aut
389 236 551 264 contrarittm
567 233 712 267 proferam.
726 233 790 260 Nam
806 233 881 264 illud,
893 233 912 258 Α
930 233 1035 267 meipso,

247 292 353 318 semper
367 281 400 309 ad
422 281 473 309 hoc
494 279 616 312 refertur,
630 279 700 314 quod
722 279 784 306 nihil
799 284 891 313 pra‘tct
909 278 1035 313 placitum

244 330 302 361 ejus
318 329 429 360 lnquar;
445 325 491 353 sed
513 326 602 353 otnnia
622 334 681 360 quae
698 325 776 353 Pater
790 325 854 357 vult,
875 324 932 351 lucc
946 329 972 351 et
987 331 1036 358 ego

244 374 314 400 \olo.
332 373 363 400 Si
379 373 435 407 quis
450 371 601 399 voluntatem
622 372 676 407 ejus
691 372 776 406 faciat,
800 375 929 406 cognoscet
943 370 974 396 de
993 370 1036 396 do-

244 419 334 446 ctrina.
351 418 419 452 Quid
434 419 484 445 sibi
508 418 564 444 vult
588 418 661 450 illud,
687 417 718 445 Si
741 418 797 450 quis
814 417 965 444 voluntatem
980 416 1035 450 ejus

243 466 320 499 faciat
331 465 345 492 Ρ
353 464 379 491 Id
389 469 439 496 est,
452 464 479 492 Si
492 465 550 498 quis
559 463 663 491 virtutis
675 463 829 494 sitamator,
839 462 970 490 dietorutu
983 461 1034 488 vim

242 516 402 545 cognoscet;
418 511 440 537 si
463 510 523 545 quis
543 509 607 537 velit
629 509 777 544 prophetiis
798 508 946 540 attendere,
970 515 1034 534 num

242 555 390 584 secundum
404 563 450 583 eas
462 556 565 590 loquar,
577 563 671 582 necne.

278 602 307 629 2.
324 601 456 635 Quomodo
471 602 552 628 dicere
565 601 670 636 potuerit
683 599 797 627 Christus
810 600 922 626 eamdem
937 599 1033 626 doctri-

241 656 301 674 nam
314 655 366 674 esse
380 652 402 673 et
417 655 466 674 non
480 655 533 674 esse
546 655 627 673 suam.
644 645 794 680 Hypostasis
807 646 858 672 alia
872 645 968 678 Patris,
982 646 1034 673 alia

242 693 315 720 Filii.
327 708 362 713 —-
372 692 511 725 Quomodo
520 700 567 718 sua
578 699 637 719 esse
650 695 745 726 potest,
759 696 786 718 et
798 699 850 717 non
865 698 911 717 sua
920 691 932 716 ἱ)
942 691 1034 725 Neque

242 740 314 766 enim
325 738 400 770 dixit,
414 738 538 765 Doctrina
554 737 611 764 hate
625 745 678 764 non
691 742 731 764 est
742 745 800 764 mea
812 745 818 770 ;
831 737 877 764 sed
889 745 948 764 cum
961 737 1034 772 prius

241 793 328 812 nteant
344 785 465 816 dixisset,
475 788 502 811 et
516 784 564 811 sibi
581 785 714 818 propriam
729 783 846 816 fecisset,
859 788 921 811 tunc
934 784 1031 815 intulit.

242 830 303 858 Non
318 836 354 857 ut
369 838 434 857 mea.
452 830 591 863 Quomodo
607 834 692 864 potest
709 829 823 863 idipsutn
837 837 897 856 esse
916 837 992 856 suum
1006 834 1033 857 et

240 884 294 904 non
314 876 408 904 suum?
426 875 478 903 Sua
490 896 497 908 ,
513 875 574 910 quia
596 883 647 902 nott
666 875 691 902 id
711 875 821 902 edoctus
839 875 962 908 dicebat;
979 884 1031 904 non

240 931 287 950 sua
298 944 305 956 ,
321 923 381 957 qttia
397 922 517 950 doctrina
532 922 620 949 Patris
632 927 699 949 erat.
716 923 855 956 Quomodo
869 929 934 957 ergo
947 923 1011 950 dicit
1022 943 1030 955 ,

242 969 333 996 Omnia
347 976 404 1003 qua:
415 973 473 995 sunt
489 967 574 994 Patris
588 976 642 995 mea
657 973 731 1001 sunt,
748 973 770 995 et
786 976 843 1003 quae
858 976 929 1001 mea,
947 968 1032 995 Patris

240 1013 328 1048 (Joau.
346 1014 389 1040 17.
405 1013 470 1048 10)ῗ¹
483 1013 511 1041 Si
524 1014 594 1040 enim
610 1014 670 1048 quia
684 1014 770 1040 Patris
782 1017 839 1046 cst,
854 1013 914 1040 ideo
927 1018 1032 1040 nonest

240 1065 283 1087 tua
295 1081 301 1092 ,
318 1060 414 1087 falsum
434 1064 475 1087 est
498 1059 580 1091 illud;
601 1059 661 1086 ideo
681 1067 795 1094 namque
808 1065 850 1086 tua
867 1067 926 1087 esse
940 1060 1029 1087 debet.

238 1106 291 1134 Sed
307 1106 370 1133 illud
384 1127 391 1138 ,
409 1106 469 1133 Non
489 1112 524 1133 est
543 1114 615 1138 utea,
631 1113 706 1133 suam
720 1111 747 1133 et
764 1106 848 1133 Patris
868 1106 1029 1133 voluntatem

240 1159 317 1179 unam
329 1159 389 1179 eSSe
402 1152 529 1186 majorem
542 1152 568 1178 in
577 1151 684 1179 modum
696 1152 830 1183 declarat;
842 1159 873 1178 ac
884 1152 905 1178 si
916 1152 1028 1185 diceret,

237 1198 308 1225 Nihil
328 1197 407 1224 habet
426 1198 576 1230 diversum,
591 1197 667 1232 quasi
688 1198 798 1225 alterius
817 1202 897 1225 esset.
919 1197 1029 1225 Etiamsi

237 1245 308 1271 enim
325 1243 476 1278 hypostasis
495 1244 530 1270 sit
545 1244 606 1276 alia,
621 1244 660 1270 sic
674 1244 778 1279 loquor,
792 1244 831 1271 sic
845 1251 905 1278 ago,
922 1252 955 1271 ne
970 1245 1027 1271 exi-

237 1290 360 1317 stimetur
373 1289 444 1316 aliud
464 1297 478 1316 a
499 1289 594 1320 Patre,
611 1289 657 1316 sed
679 1290 748 1316 idem
767 1289 852 1324 ipsum
867 1290 936 1324 quod
952 1290 1029 1317 Pater

238 1336 315 1368 facit,
331 1339 358 1362 et
376 1336 417 1370 agi
435 1339 462 1362 et
479 1335 540 1362 dici.
563 1334 663 1362 Deinde
683 1335 764 1362 alium
788 1335 895 1362 adducit
919 1336 1027 1370 syllogi‘

237 1389 322 1409 smum
335 1402 343 1415 ,
359 1381 402 1409 cui
417 1382 561 1408 contradici
588 1386 711 1416 nequeat,
729 1381 845 1408 humano
859 1385 886 1408 et
899 1386 1028 1408 consueto

237 1427 360 1462 exemplo
384 1427 485 1454 nixum.
505 1427 642 1460 Quodnam
668 1427 731 1454 illud
746 1428 806 1454 est?
824 1428 867 1455 18.
886 1428 934 1461 Qui
953 1436 969 1453 α
987 1436 1027 1454 se-

236 1473 291 1505 ipse
305 1473 427 1506 loquitur,
440 1473 567 1506 propriam
582 1473 689 1506 gloriam
703 1474 801 1507 quierit.
815 1473 841 1500 Id
852 1478 903 1506 est,
917 1474 960 1508 qui
972 1474 1027 1500 vnlt

235 1519 284 1545 sibi
302 1518 435 1553 propriam
451 1522 569 1545 statuere
586 1518 735 1545 doctrinam
746 1540 753 1550 ,
768 1519 832 1546 nihil
847 1519 917 1546 aliud
933 1523 1024 1554 optat,

235 1573 314 1600 quam
330 1571 358 1592 ut
373 1565 422 1593 sibi
437 1566 548 1600 gloriam
562 1565 622 1592 hinc
636 1566 750 1599 pariat‘.
765 1566 792 1593 Si
803 1571 891 1593 autetn
903 1574 952 1601 ego
965 1567 1027 1593 nolo

235 1611 298 1638 mihi
313 1611 424 1646 gloriam
445 1618 538 1644 parere
550 1631 557 1643 ,
576 1619 624 1637 cur
647 1612 780 1646 propriam
803 1612 951 1638 doctrinam
969 1617 1026 1638 sta—

234 1662 309 1684 tuere
323 1657 422 1691 cupio?
436 1656 486 1689 Qui
500 1664 515 1682 a
529 1657 660 1691 semetipso
674 1657 799 1690 loquitur;
816 1656 840 1683 id
854 1662 905 1688 est,
919 1657 968 1690 Qui
983 1657 1024 1683 di—

234 1711 337 1730 versum
353 1703 486 1737 quidpiam
502 1708 528 1730 et
544 1703 593 1730 sibi
611 1704 745 1737 proprium
763 1703 849 1735 atl'ert,
866 1703 926 1730 ideo
941 1703 1027 1738 loqui-

234 1754 275 1775 tur
286 1753 314 1775 ιιι
324 1749 433 1782 gloriam
445 1748 493 1775 sibi
511 1753 593 1782 paret.
607 1749 633 1775 Si
645 1754 733 1776 autem
747 1756 796 1782 ego
811 1757 901 1783 qua-ro
914 1749 1024 1784 gloriam

233 1794 289 1827 ejus
300 1794 343 1828 qui
356 1793 427 1820 misit
441 1800 493 1826 me,
506 1801 553 1820 cur
565 1794 615 1820 alia
628 1793 724 1820 docere
736 1795 833 1821 velim?
845 1794 937 1822 Viden'
950 1795 1023 1821 illum

232 1839 345 1872 quadam
366 1839 400 1865 de
420 1846 500 1866 causa
523 1839 611 1866 dicere
632 1847 661 1866 se
686 1839 750 1866 nihil
772 1847 786 1866 a
807 1841 895 1875 seipse
918 1841 1024 1868 facere?

232 1884 359 1917 Qumnam
376 1884 419 1911 illa
435 1892 514 1911 causa
531 1886 593 1913 est?
607 1885 638 1913 Ut
652 1886 792 1913 crederent
805 1894 834 1914 se
847 1895 897 1913 non
910 1887 1023 1922 gloriam

231 1930 299 1964 apud
314 1931 420 1965 vulgum
436 1936 552 1966 captare.
566 1932 732 1966 Quapropter
743 1940 803 1959 cutn
818 1933 926 1960 humilia
940 1934 1024 1968 loqui-

231 1981 284 2008 tur,
299 1975 352 2012 Ego
366 1976 449 2003 Patris
459 1973 568 2012 iglorimu
578 1981 672 2012 qu‘wro,
688 1978 781 2012 inquit,
796 1985 824 2006 ut
837 1979 959 2006 ostendat
971 1980 1024 2007 illis

231 2021 338 2056 tibique,
355 2029 384 2048 se
399 2029 450 2048 non
467 2030 587 2056 quaerere
604 2023 725 2056 gloriam.
741 2023 796 2050 Cur
810 2029 898 2051 atttem
914 2024 1021 2052 humilia

230 2068 362 2102 loquatur,
380 2068 469 2095 multa:
483 2073 542 2095 sunt
560 2077 667 2101 causzr;
685 2075 745 2104 puta
756 2091 762 2103 ,
779 2078 811 2098 ue
827 2071 958 2106 ingenitus
973 2080 1022 2106 pu-

229 2117 300 2140 tetur
312 2121 372 2142 esse
383 2135 390 2147 ,
410 2123 443 2142 ne
466 2115 520 2144 om
538 2116 723 2147 adversarius,
740 2122 767 2143 ιιι
780 2125 887 2144 carnem
904 2118 1023 2146 induisse

228 2161 362 2194 credatur,
377 2167 404 2188 ul
419 2162 564 2189 infirmitati
581 2163 731 2190 attditorunt
746 2165 876 2197 consulat,
889 2168 917 2190 ut
931 2165 1021 2192 mode-

228 2206 306 2233 stiam
326 2207 423 2233 soelari
446 2211 472 2234 et
493 2207 646 2242 jactatttiam
662 2208 752 2243 fugere
766 2209 870 2237 doceat.
892 2210 1021 2237 Sublimia

228 2260 290 2279 vero
305 2252 428 2287 loquendi
444 2260 493 2279 una
507 2254 592 2280 solum
606 2254 754 2288 reperiatur
764 2262 854 2287 causa,
869 2263 964 2289 nempe
976 2263 1023 2282 na-

228 2305 295 2325 tura:
310 2299 475 2332 pratstantia.
489 2299 540 2326 Sed
555 2300 578 2326 si
592 2301 652 2332 quia
668 2301 747 2333 dixit,
766 2309 795 2328 se
809 2306 871 2329 ante
886 2302 1020 2329 Abraham

227 2344 320 2377 fuisse,
332 2344 425 2371 oﬂ’ensi
437 2349 508 2377 sunt,
522 2353 574 2378 quo
586 2353 639 2373 non
654 2347 848 2381 prorupissent,
863 2348 884 2374 si
898 2348 1020 2376 sublimia

226 2396 334 2422 semper
352 2389 512 2417 audissent?
526 2391 569 2418 i9.
592 2391 684 2418 Nonne
706 2393 806 2428 Moyses
821 2394 888 2420 dedit
902 2395 969 2421 vobis
985 2396 1020 2422 le-

225 2443 299 2470 gem,
317 2430 340 2461 et
357 2443 429 2462 nemo
446 2444 478 2462 e1:
494 2437 563 2464 vobis
582 2438 644 2473 [erit
662 2439 760 2473 legem?
774 2439 842 2472 Quid
857 2449 895 2467 me
910 2442 1021 2476 quwritis

225 2481 366 2514 interﬁcere
375 2481 388 2508 7
401 2481 484 2514 Quam
497 2484 726 2517 consequentiam.
740 2485 803 2519 quid
817 2493 958 2514 commune
972 2487 1021 2514 ha-

226 2526 290 2553 bent
306 2526 363 2553 hrec
378 2534 437 2554 cum
454 2528 667 2562 praecedentibus
681 2530 788 2557 verbis?

262 2570 377 2599 Christus
394 2581 421 2599 se
441 2575 562 2609 mqualem
582 2574 634 2602 Deo
649 2579 673 2602 et
686 2574 760 2602 Patri
775 2576 844 2603 dicit.
859 2592 896 2598 ——
909 2577 965 2605 Duo
980 2579 1017 2606 illi

225 2618 337 2645 crimina
352 2619 537 2652 intentabant;
552 2621 634 2653 aliud,
647 2622 716 2656 quod
730 2623 869 2650 sabbatum
885 2624 1016 2658 solveret;

226 2664 306 2696 aliud,
323 2665 393 2700 quod
411 2666 493 2692 Deum
510 2666 614 2694 Patrem
632 2667 742 2702 dieeret,
757 2677 838 2705 seque
860 2670 914 2698 Deo
927 2679 1017 2706 mqua-

228 2709 279 2736 lem
301 2709 409 2737 faceret.
426 2711 500 2744 Quod
520 2713 591 2739 cnitn
610 2721 662 2740 non
679 2723 710 2742 cx
727 2715 832 2743 illorum
848 2717 1015 2751 suspicione,

227 2755 273 2782 sed
286 2763 318 2784 ex
339 2757 443 2791 propria
458 2760 587 2787 sententia
601 2760 640 2788 sic
653 2761 825 2797 loqueretur;
841 2768 867 2790 at
882 2772 934 2791 non
949 2765 1018 2792 sicut

229 2852 234 2862 ι
245 2822 406 2862 δ’,ἔξιμλιρτειχ
419 2823 518 2862 legitur,
527 2826 568 2860 qui
578 2827 626 2851 vult
637 2834 652 2852 α
664 2828 790 2862 semetipso
802 2830 865 2862 loqui
876 2830 936 2856 ut/n'l
947 2830 1014 2856 aliud

227 2853 326 2878 intendit
338 2860 409 2886 quam
421 2853 477 2882 inite
486 2853 588 2888 gloriam
600 2860 720 2891 consequi.

638 131 665 156 S.
686 129 825 156 JOANNIS
843 127 1077 155 CllliYSOSTOlll
1099 127 1256 154 AltClllEP.
1276 127 1544 157 CONSTANTINOP.

1829 132 1882 162 27G

1091 185 1134 211 alii
1150 185 1235 217 multi,
1250 185 1297 212 sed
1312 186 1387 219 quasi
1403 186 1539 220 proprium
1554 186 1604 213 sibi
1617 191 1641 214 et
1658 186 1784 214 eximium
1799 188 1824 215 id
1839 189 1881 216 di-

1090 235 1173 262 ceret,
1186 230 1247 257 hinc
1257 231 1343 265 palam
1355 235 1405 258 est.
1419 230 1492 258 Multi
1503 239 1575 266 saepe
1589 237 1691 266 patrem
1702 241 1778 260 suum
1791 234 1882 261 dixere

1091 276 1173 304 Deum
1190 285 1198 303 :
1212 277 1325 311 exempli
1341 285 1429 309 causa,
1442 277 1510 305 Deus
1521 286 1586 304 unus
1600 279 1692 305 creavit
1706 287 1761 312 nos,
1777 286 1801 306 et
1813 287 1885 314 pater

1089 330 1155 349 unus
1166 327 1201 349 est
1213 323 1323 350 omnium
1337 328 1451 350 nostrum
1461 324 1538 358 (Mal.
1554 325 1582 351 2.
1598 325 1660 359 l0);
1678 334 1727 353 nec
1742 333 1882 361 propterea

1089 367 1203 402 populus
1218 369 1326 403 aequalis
1344 368 1398 395 Deo
1417 374 1485 396 erat.
1500 371 1669 405 Quapropter
1688 380 1741 399 non
1761 373 1882 401 oll'ende~

1088 413 1186 440 bantur
1195 421 1255 441 cum
1269 413 1326 440 haec
1334 415 1466 442 audirent.
1479 415 1512 443 Ut
1521 424 1585 450 ergo
1594 423 1654 443 cum
1664 417 1784 446 dicerent
1796 419 1882 453 ipsum

1088 466 1120 485 ex
1136 459 1191 486 Deo
1206 466 1257 486 non
1273 467 1348 492 esse,
1366 460 1437 494 ipsos
1452 468 1523 495 sa>pe
1536 463 1653 489 correxit
1664 483 1672 495 ,
1688 468 1716 490 et
1728 463 1763 491 de
1778 465 1882 493 sabbati

1088 503 1219 531 solutione
1238 511 1298 532 sesc
1317 505 1436 533 defendit
1450 515 1457 534 ι
1474 507 1508 534 ita
1524 507 1544 534 si
1561 515 1592 535 ex
1613 508 1720 536 illorum
1737 510 1881 545 opinione.

1089 557 1141 576 non
1157 557 1188 577 ex
1203 557 1250 577 sua
1266 552 1396 579 sententia
1411 552 1462 580 hoc
1476 553 1575 580 dictutn
1590 553 1692 587 fuisset,
1708 555 1880 591 corripuisset

1089 594 1157 621 haud
1168 595 1248 622 dubie
1259 596 1328 629 illos,
1338 597 1511 633 dixissetque,
1523 598 1576 625 Cur
1586 607 1628 627 me
1639 600 1737 634 putatis
1748 603 1879 636 atqualem

1087 648 1147 668 esse
1162 641 1238 669 Deo?
1253 642 1310 669 Non
1326 650 1383 670 sum
1399 644 1520 678 aequalis.
1537 644 1634 672 Verum
1649 646 1713 674 nihil
1726 647 1880 682 hujusmodi

1086 686 1169 719 dixit,
1185 687 1239 714 imo
1257 689 1375 716 ostendit
1393 689 1419 716 in
1440 690 1612 724 sequentibus
1625 699 1654 719 se
1670 700 1732 720 vere
1749 694 1879 728 atqualent

1087 732 1136 766 ipsi
1152 739 1221 760 esse.
1237 733 1302 760 Illud
1318 734 1389 760 enim
1402 755 1409 766 ,
1426 734 1500 762 Sicut
1518 734 1596 763 Pater
1614 738 1717 764 suscitat
1730 744 1843 766 mortuos
1857 745 1882 766 et

1086 778 1211 812 viviﬁcat,
1229 779 1265 805 sic
1285 784 1307 805 et
1330 779 1432 812 Filius;
1445 785 1488 813 et,
1505 780 1538 808 Ut
1552 790 1636 809 omnes
1650 784 1818 818 honori/ierat
1832 786 1879 812 Fi-

1087 824 1158 857 lium,
1170 829 1197 850 ut
1210 826 1377 859 honoriﬁcam
1390 826 1493 854 Puttth
1505 837 1514 861 ;
1528 832 1565 860 et,
1581 828 1665 863 Opera
1677 839 1733 864 quin
1742 832 1797 866 ipse
1807 833 1881 864 facit.

1085 869 1138 896 Iure
1153 875 1175 896 et
1189 869 1273 896 Filius
1292 872 1407 898 similiter
1425 873 1486 906 facit
1501 882 1509 899 :
1526 874 1582 901 ha-c
1595 876 1683 902 omnia
1699 878 1879 911 mqualilatem

1084 915 1252 942 confirmant.
1267 916 1304 943 De
1315 917 1373 952 lege
1383 926 1486 953 quoque
1496 920 1543 950 ait.
1558 919 1645 947 Nolite
1655 927 1744 956 putare
1754 925 1814 956 quia
1826 926 1879 952 verti

1084 961 1180 987 solvere
1192 961 1272 996 legem
1291 968 1335 989 aut
1354 964 1489 998 prop/tatas
1504 965 1610 1001 (Matth.
1676 968 1731 1003 l7).
1753 969 1796 997 Sic
1812 972 1879 998 solet

1084 1006 1168 1033 malas
1190 1008 1357 1042 suspiciones
1382 1018 1414 1036 ex
1435 1011 1568 1038 mentibus
1583 1013 1708 1040 evellere.
1726 1015 1774 1042 Hic
1789 1022 1880 1043 autem

1084 1053 1261 1087 arqualitatem
1273 1063 1332 1082 cum
1347 1056 1426 1083 Patre
1439 1065 1490 1084 non
1505 1058 1583 1085 modo
1596 1067 1648 1086 non
1665 1061 1742 1094 tollit,
1755 1062 1801 1089 scd
1815 1071 1879 1090 cou-

1084 1099 1183 1126 lirmat.
1206 1100 1294 1134 Quare
1315 1102 1378 1129 alibi
1403 1103 1553 1131 dicentibus
1577 1105 1645 1139 illis,
1671 1105 1748 1134 Facis
1770 1108 1879 1143 teipsum

1084 1144 1176 1176 Deum.
1191 1147 1371 1182 suspicionem
1387 1157 1439 1175 non
1454 1150 1566 1184 depulit,
1584 1151 1636 1178 imo
1653 1160 1741 1179 veram
1757 1155 1878 1188 probarit

1083 1190 1124 1217 bis
1139 1191 1226 1218 verbis
1242 1201 1248 1218 :
1265 1192 1298 1219 Ut
1311 1199 1394 1220 autent
1410 1195 1495 1222 sciatis
1509 1197 1568 1230 quia
1583 1202 1728 1232 potestatem
1742 1199 1816 1225 habet
1833 1200 1877 1226 Fi-

1082 1237 1131 1263 lius
1140 1237 1247 1264 hominis
1255 1238 1398 1266 dimittendi
1408 1246 1509 1275 peccata
1519 1242 1545 1268 in
1557 1247 1632 1274 terra,
1644 1244 1705 1271 dicit
1715 1247 1857 1281 ραι-ως]ίὶεο
1868 1256 1876 1275 :

1083 1282 1154 1310 Tolle
1171 1284 1320 1318 grubbatum
1334 1292 1419 1319 tuum,
1438 1292 1460 1314 et
1473 1288 1575 1315 ambula
1589 1289 1695 1324 (Matth.
1711 1291 1737 1318 9.
1754 1292 1793 1326 6).
1810 1292 1876 1320 Illud

1082 1329 1161 1363 igitur
1176 1331 1246 1364 quod
1263 1332 1336 1366 prius
1349 1333 1448 1360 dictum
1462 1340 1513 1367 est,
1527 1336 1677 1367 Conﬁrmat.
1692 1338 1762 1372 quod
1779 1347 1876 1373 nempe

1080 1377 1210 1411 mqualetn
1225 1386 1254 1405 se
1269 1379 1347 1405 t’aeiat
1361 1380 1417 1407 Deo
1431 1389 1437 1413 ;
1454 1382 1623 1416 ostenditque
1636 1391 1665 1410 se
1679 1391 1730 1410 non
1745 1393 1806 1413 esse
1822 1386 1877 1413 Deo

1080 1422 1273 1457 adversarium,
1285 1425 1331 1452 sed
1343 1426 1447 1459 eadem,
1459 1435 1518 1460 qua:
1529 1428 1574 1454 ille
1584 1428 1657 1462 dicit,
1669 1430 1768 1463 dicere.
1781 1431 1874 1458 eadem

1079 1468 1196 1501 docere;
1219 1469 1325 1497 detnum
1349 1471 1383 1498 de
1404 1472 1507 1500 sabbati
1530 1474 1661 1502 solutione
1682 1476 1737 1510 agit
1758 1477 1873 1505 dit‘ens:

1081 1513 1173 1541 Nonne
1187 1514 1289 1550 Moysen
1304 1517 1371 1543 dedit
1386 1518 1453 1545 vobis
1466 1518 1554 1554 legem,
1570 1525 1593 1547 et
1608 1529 1679 1547 nemo
1695 1530 1725 1548 ea:
1738 1522 1806 1550 vobis
1821 1532 1874 1550 ser-

1080 1565 1118 1586 uat
1129 1560 1225 1595 legem?
1236 1563 1273 1589 Ae
1284 1563 1305 1589 si
1315 1562 1416 1590 diceret
1428 1573 1433 1590 :
1447 1565 1501 1592 Lex
1512 1566 1615 1599 statuit,
1626 1567 1682 1594 Non
1695 1569 1817 1600 occides;
1829 1578 1876 1597 vos

1079 1610 1167 1633 autem
1178 1607 1309 1641 occiditis,
1322 1613 1349 1635 et
1358 1617 1402 1636 me
1415 1615 1443 1636 ut
1454 1610 1519 1645 legis
1532 1616 1756 1647 transgressnrem
1766 1622 1875 1642 accusa~

1080 1651 1113 1677 tis
1123 1651 1135 1676 Ἰ
1147 1652 1201 1678 Cur
1214 1658 1301 1679 autetn
1317 1653 1391 1689 dixit,
1410 1655 1511 1682 Nemo?
1526 1657 1591 1690 Quia
1613 1665 1706 1685 ontnes
1719 1661 1874 1693 qnurrebzmt

1079 1703 1138 1723 cum
1155 1697 1316 1726 interﬁcere.
1334 1699 1406 1735 Ego,
1423 1701 1507 1736 inquit
1519 1722 1526 1734 ,
1541 1703 1562 1729 si
1579 1703 1663 1737 legem
1680 1705 1764 1737 solvi,
1783 1706 1807 1732 id
1825 1707 1839 1732 lt
1850 1708 1874 1734 ci

1078 1748 1106 1769 ut
1121 1742 1256 1772 hominem
1269 1754 1405 1774 servarem
1419 1756 1425 1779 ;
1439 1755 1486 1774 vos
1496 1754 1583 1776 auletn
1597 1750 1630 1776 ad
1644 1751 1741 1778 malum
1756 1753 1875 1780 inferen-

1078 1790 1141 1816 duln
1152 1792 1255 1818 solvitis
1269 1792 1351 1819 illam.
1369 1793 1478 1820 Etiamsi
1494 1796 1700 1829 transgrederer,
1717 1798 1742 1824 id
1756 1799 1789 1825 ad
1803 1800 1874 1826 saltt-

1079 1841 1131 1863 tem
1145 1838 1223 1871 facio,
1236 1846 1322 1873 neque
1332 1846 1468 1874 oporteret
1479 1849 1520 1869 me
1531 1851 1545 1868 a
1558 1843 1642 1874 vobis,
1655 1845 1698 1878 qui
1710 1845 1736 1871 in
1748 1846 1875 1880 gravibus

1077 1883 1148 1909 illaut
1163 1885 1390 1918 transgredimini,
1404 1886 1530 1914 incursari.
1546 1888 1612 1915 Nam
1628 1891 1698 1924 quod
1713 1898 1761 1917 vos
1776 1892 1870 1923 facitis,

1077 1928 1142 1963 legis
1157 1931 1262 1957 eversio
1276 1939 1386 1965 prorsus
1402 1937 1451 1960 est.
1470 1933 1570 1961 Deinde
1585 1935 1664 1962 etiam
1678 1936 1808 1967 decertat,
1824 1938 1873 1964 etsi

1077 1975 1151 2008 plura
1163 1977 1226 2002 olim
1239 1977 1425 2011 disseruisset;
1441 1979 1486 2007 sed
1498 1984 1561 2007 tunc
1573 1981 1722 2013 sublimius,
1737 1988 1765 2010 et
1777 1991 1872 2010 secun-

1076 2021 1139 2048 dum
1154 2022 1308 2057 dignitatem
1323 2032 1416 2058 suam;
1431 2034 1500 2053 nunc
1513 2033 1601 2054 autem
1617 2029 1751 2056 humilius.
1764 2030 1873 2063 Quare?

1075 2069 1142 2101 Quia
1159 2070 1264 2098 nolebat
1281 2076 1332 2098 tant
1353 2072 1507 2106 frequenter
1527 2074 1586 2101 illos
1605 2082 1785 2110 exasperare;
1802 2085 1872 2105 nunc

1075 2123 1140 2142 vero
1159 2116 1198 2143 ira
1219 2117 1438 2151 incetulehantur,
1457 2124 1483 2146 et
1500 2120 1526 2146 in
1545 2120 1644 2148 cmdem
1666 2123 1870 2156 praeessissent.

1075 2161 1243 2197 Quapropter
1262 2164 1360 2191 insistit
1372 2169 1401 2192 ut
1419 2173 1510 2193 eorum
1526 2167 1633 2194 sedaret
1644 2168 1781 2201 animum,
1799 2170 1871 2197 hisce

1075 2207 1179 2236 duobus
1192 2213 1269 2237 utens
1285 2211 1381 2244 modis,
1397 2216 1421 2238 et
1438 2212 1540 2239 facinus
1552 2220 1700 2248 eoarguens
1715 2215 1756 2241 his
1770 2216 1868 2247 verbis,

1076 2254 1144 2286 Quid
1158 2263 1198 2282 me
1210 2258 1321 2290 queritis
1333 2258 1492 2291 interﬁcere?
1503 2263 1530 2286 et
1543 2260 1664 2287 modeste
1679 2261 1798 2293 addens,
1818 2261 1871 2288 llo-

1074 2301 1176 2334 miuent,
1190 2303 1233 2336 qui
1248 2305 1376 2331 veritatem
1387 2305 1504 2340 loquutus
1518 2314 1584 2339 sum,
1598 2311 1624 2334 et
1638 2307 1785 2334 ostendens
1798 2308 1867 2341 illos,

1074 2356 1134 2374 cum
1149 2349 1250 2376 caulem
1265 2350 1377 2383 spirent,
1392 2358 1445 2378 non
1456 2351 1554 2378 debere
1567 2351 1601 2378 de
1613 2351 1673 2379 aliis
1684 2353 1816 2386 judicare.
1829 2354 1868 2381 Τιι

1074 2401 1137 2420 vero
1152 2394 1216 2421 mihi
1232 2395 1387 2422 consideres
1402 2395 1491 2428 velim,
1506 2404 1585 2430 quam
1600 2397 1635 2424 sit
1648 2397 1756 2425 humilis
1770 2399 1867 2426 Chrisu

1074 2439 1255 2474 interrogatio,
1270 2448 1348 2474 quam
1365 2442 1512 2469 truculenta
1528 2442 1633 2469 illorum
1651 2444 1790 2478 responsio
1802 2454 1809 2470 :
1823 2445 1867 2472 ‘20.

1073 2484 1233 2512 Dwmouiunt
1253 2485 1329 2514 habes
1343 2495 1352 2514 :
1365 2488 1420 2522 quis
1435 2493 1458 2514 te
1471 2489 1560 2522 quierit
1575 2489 1736 2523 interﬁcere?
1751 2489 1867 2517 Verbum

1073 2531 1119 2558 ira:
1134 2537 1161 2558 et
1176 2532 1273 2560 furoris
1283 2553 1289 2565 ,
1305 2534 1439 2569 animique
1459 2535 1485 2561 in
1508 2535 1698 2569 impudentiam
1712 2538 1764 2564 acti
1775 2557 1783 2569 ,
1797 2538 1866 2572 quod

1073 2578 1254 2612 inexspectato
1276 2580 1355 2607 tnodo
1378 2580 1618 2616 redarguerentur,
1636 2587 1662 2609 et
1682 2590 1711 2609 se
1728 2583 1867 2610 lacessitos

1072 2629 1204 2659 putarent.
1221 2625 1255 2654 Ut
1265 2626 1337 2653 enim
1353 2626 1469 2654 latrones
1484 2628 1509 2654 in
1523 2628 1624 2655 insidiis
1635 2633 1754 2661 cantant.
1768 2629 1866 2657 deinde

1071 2675 1102 2698 ut
1115 2671 1273 2706 imparatum
1289 2673 1493 2707 aggrediantur,
1511 2674 1617 2700 silentio
1636 2682 1692 2701 rem
1714 2679 1864 2709 peragunt:

1071 2718 1105 2744 ita
1121 2721 1147 2744 et
1165 2718 1260 2745 Judaei.
1282 2717 1341 2753 ipse
1365 2727 1444 2752 vero,
1465 2720 1563 2747 omissa
1587 2720 1812 2754 reprehensione,
1833 2727 1864 2746 ne

1071 2764 1280 2799 impndentiorcs
1295 2765 1435 2797 redderet,
1449 2765 1483 2792 de
1498 2766 1600 2792 sabbati
1613 2773 1718 2793 rursum
1732 2765 1866 2793 solutione

1070 2817 1130 2837 sese
1144 2815 1248 2845 purgat,
1264 2819 1295 2838 ex
1312 2811 1368 2846 lege
1383 2819 1443 2838 ctnn
1458 2811 1510 2838 illis
1522 2811 1671 2846 disputans.

1108 2857 1132 2883 3.
1151 2857 1182 2885 Et
1198 2857 1256 2885 vide
1273 2865 1351 2891 quam
1376 2858 1529 2893 prudenter.
1545 2858 1614 2886 Nihil
1629 2859 1726 2886 mirum
1737 2878 1745 2892 ,
1762 2858 1860 2894 inquit,
