2031 3118
156 146 205 174 277

155 217 176 243 si
192 215 258 242 inihi
273 223 324 243 non
340 224 441 244 morem
456 216 556 252 geritis,
571 216 677 251 quando
691 224 725 244 ne
739 217 824 252 legem
840 217 947 251 quidem

155 261 264 293 auditis,
280 266 307 289 et
320 269 399 297 quam
411 269 425 288 a
437 261 526 297 Moyse
539 261 629 289 datam
641 262 750 297 putatis,
761 270 818 289 eam
832 262 946 290 violatis.

155 306 226 334 Nihil
239 314 305 342 ergo
318 315 428 340 novum,
439 308 461 335 si
476 307 563 335 verbis
576 308 642 335 meis
655 315 707 335 non
721 308 867 336 attenditis.
882 308 948 342 Quia

155 352 226 379 enim
240 352 379 384 dixerant,
397 353 482 388 Moysi
501 352 617 387 loquutus
630 358 666 380 est
682 353 767 386 Deus,
782 354 848 380 hunc
866 359 949 380 mitem

155 399 280 426 nescimus
293 399 361 426 unde
374 400 406 426 sit
418 399 507 434 (Joan.
524 399 551 427 9.
564 399 621 434 29),
634 401 750 427 ostendit
762 401 826 434 ipse,
841 400 948 435 Moysen

154 447 187 474 ab
201 447 253 474 illis
266 448 459 474 contumeliose
475 447 593 474 habitum
605 456 611 474 :
625 455 684 474 cum
701 447 746 474 ille
760 447 845 482 legem
861 447 950 474 dedis-

154 497 194 520 set
207 514 214 526 ,
230 501 309 528 quam
326 493 376 528 ipsi
390 501 441 520 nott
460 493 593 521 audirent.
606 493 651 520 2i.
669 492 754 520 Unum
770 502 834 527 opus
847 494 911 529 feci,
926 498 950 520 et

154 547 240 566 omnes
252 539 391 566 miramini.
404 539 595 567 Animadverte
609 539 744 574 quomodo
754 539 798 566 ubi
814 546 874 566 sese
885 547 949 573 pur-

154 592 217 618 gare
228 589 374 620 oporteret,
389 590 416 612 et
429 584 547 611 oblatum
559 584 659 611 crimen
672 584 820 616 confutare,
838 584 881 611 illc
895 592 948 611 non

155 631 262 658 Patrem
282 636 492 662 commemoret,
509 630 556 658 sed
575 638 716 665 personam
735 638 809 657 suam
831 630 947 657 inducat.

157 676 244 704 Unum
257 685 321 712 opus
334 677 392 712 feci.
405 677 468 705 Vult
482 677 634 709 ostendere,
650 679 672 704 si
687 685 739 705 non
753 678 868 710 fecisset,
885 682 949 704 tunc

156 722 242 757 legem
257 723 370 750 solutam
385 723 436 750 dici
452 724 579 757 potuisw,
594 728 621 751 et
635 724 716 751 mttlta
731 731 791 752 esse
805 723 948 751 observatu

155 769 296 803 digniora,
318 777 396 804 quam
422 769 507 804 legctn
527 777 534 796 :
553 769 724 806 Moysemque
748 774 838 797 contra
864 770 948 804 legem

155 814 309 841 mandatum
320 815 466 848 accepisse,
479 814 548 849 quod
561 814 619 849 lege
629 815 734 849 dignius
746 819 827 842 esset.
841 815 949 850 Dignior

154 861 253 894 quippe
274 860 385 888 sabbato
404 860 572 888 circumcisio
590 865 664 892 erat,
681 862 801 896 quamvis
815 869 845 888 ea
865 869 916 888 non
932 869 947 888 a

155 907 229 941 lege,
246 913 293 934 seu
308 915 323 934 a
339 908 458 942 patribus
478 907 582 935 inducta
602 907 704 935 fuisset.
728 908 784 943 Ego
805 916 870 935 vero
892 917 947 935 rem

155 953 303 988 digniorem
324 953 516 988 melioremque
536 953 585 980 ieci
598 975 604 985 ,
621 961 700 988 quam
719 954 755 980 sit
770 954 947 982 circumcisio.

157 999 239 1026 I'orro
253 1007 305 1026 non
319 1000 439 1026 meminit
455 999 545 1034 legalis
559 1000 676 1027 mandati
688 1008 695 1032 ;
712 1007 808 1034 nempe
823 1000 892 1035 quod
906 1008 949 1026 sa-

156 1046 278 1073 cerdotes
289 1047 428 1074 sabbatum
441 1047 678 1082 transgrediuntur,
690 1052 716 1074 ut
726 1047 780 1082 jam
791 1052 852 1074 ante
863 1048 946 1074 dixit:

155 1091 201 1120 sed
222 1099 283 1119 cum
307 1092 400 1126 majori
422 1093 580 1120 auctoritate
605 1092 729 1127 loquitur.
753 1093 817 1120 Illttd
841 1097 946 1126 autent,

157 1135 299 1169 Miramini,
314 1137 338 1164 id
351 1143 402 1171 est,
421 1138 571 1165 turbantini.
585 1138 651 1166 Nam
663 1139 684 1166 si
698 1139 782 1174 legem
798 1139 832 1166 ita
846 1139 948 1166 lirmam

157 1189 216 1208 esse
229 1183 403 1216 oportuisset,
418 1183 585 1211 circumcisio
599 1192 651 1211 non
667 1184 710 1210 illa
727 1185 896 1219 prmstantior
906 1192 946 1212 es-

157 1232 214 1261 set;
229 1236 315 1263 neque
327 1229 446 1261 dixisset,
462 1237 490 1257 se
504 1230 588 1264 majus
601 1230 736 1265 quidpiam
751 1231 856 1263 fecisse,
869 1238 948 1265 quam

156 1275 386 1302 circumcisiouem
399 1284 406 1308 ;
421 1276 467 1303 scd
481 1283 512 1303 ex
529 1276 687 1303 auctoritate
703 1276 822 1304 confutat
840 1284 886 1304 eos
906 1277 948 1304 di-

157 1328 221 1348 cens
233 1329 239 1346 :
253 1320 298 1348 23.
314 1321 344 1348 Si
354 1322 568 1349 circumcisionem
582 1322 672 1357 accipit
685 1322 769 1349 homo.
783 1323 876 1350 Viden’
887 1328 950 1351 tunc

158 1366 274 1394 maxime
288 1372 359 1393 stare
381 1367 484 1402 legem,
499 1374 560 1394 cum
579 1368 662 1403 ipsam
678 1368 774 1395 solvit?
785 1368 872 1395 viden‘
886 1368 949 1396 sab-

159 1412 212 1439 ltati
231 1412 393 1440 solutionem
416 1420 475 1440 esse
498 1412 563 1447 legis
583 1414 815 1447 observationem;
832 1415 867 1442 ita
884 1419 912 1442 ιιι
926 1414 950 1441 si

160 1465 211 1484 non
227 1457 320 1485 fuisset
333 1459 448 1485 solutum
469 1459 629 1491 sabbatum,
649 1459 733 1494 legem
754 1460 819 1487 solvi
840 1468 950 1488 necesse

159 1504 255 1531 fuerit?
271 1505 360 1540 Itaque
373 1505 458 1540 legem
471 1513 521 1540 ego
536 1506 647 1533 lirmavi.
661 1506 718 1534 Non
732 1507 808 1539 dixit,
823 1507 884 1534 lllihi
898 1507 950 1535 ira-

159 1550 262 1578 scimini
274 1571 280 1583 ,
297 1551 367 1586 qttod
383 1559 439 1579 rem
453 1552 656 1580 circumcisione
671 1553 798 1587 majorem
814 1554 924 1582 fecerim
942 1564 950 1582 :

159 1597 205 1623 sed
225 1604 281 1624 rem
296 1602 396 1624 tantum
412 1606 565 1632 exponens,
579 1598 707 1633 judicium
728 1600 792 1634 ipsis
809 1601 950 1635 permisit,

159 1651 223 1670 num
247 1644 330 1678 magis
353 1644 500 1672 necessaria
523 1645 557 1671 sit
577 1645 676 1680 integra
695 1645 808 1673 hominis
827 1646 928 1673 curatio
941 1667 949 1680 ,

161 1696 239 1723 quam
253 1689 431 1717 circumcisio.
449 1690 482 1718 Ut
495 1691 600 1725 signum
614 1692 725 1726 aet-ipiat
743 1692 823 1719 homo
837 1692 901 1719 niltil
917 1693 950 1720 ad

160 1736 339 1764 valetudinem
352 1736 507 1770 conferens,
524 1738 565 1764 lex
579 1738 699 1771 solvitur,
719 1739 821 1774 inquit;
838 1743 865 1766 ut
879 1744 951 1767 tanto

160 1783 253 1811 morbo
266 1784 403 1817 liberetur,
418 1784 610 1817 indignammi?
624 1785 668 1812 2st.
684 1784 771 1812 Nolite
778 1786 897 1820 judicare
910 1794 949 1813 se—

160 1829 270 1855 cundum
287 1829 387 1864 facient.
404 1829 471 1863 Quid
486 1834 543 1862 est,
557 1830 701 1857 Secundum
715 1831 806 1865 faciem
816 1830 877 1858 iNe
889 1831 949 1865 quia

161 1875 264 1910 Moyses
278 1875 303 1902 in
319 1876 420 1909 majore
434 1876 503 1910 apud
519 1883 565 1903 vos
579 1876 776 1904 existimatione
789 1881 828 1904 est
838 1898 845 1910 ,
860 1884 874 1903 a
891 1884 951 1912 per-

160 1930 285 1949 sonarum
308 1922 435 1956 dignitate
461 1923 591 1950 calculum
618 1923 729 1956 feratis;
756 1923 802 1950 sed
824 1931 838 1950 a
861 1931 949 1950 rertttn

161 1972 252 1995 natura
267 1975 274 1995 :
292 1968 356 1995 illud
376 1976 490 2003 namque
511 1973 552 1995 est
569 1968 641 2003 juste
657 1968 787 2003 judicare.
803 1969 857 1996 Cur
871 1976 950 1996 nemo

161 2013 269 2049 Moysen
284 2014 429 2041 incusavit?
439 2023 487 2042 cur
499 2023 577 2042 nemo
588 2015 689 2043 obstitit
698 2016 801 2050 jnbenti
813 2016 878 2043 solvi
890 2016 951 2043 sab-

161 2059 249 2086 batum
264 2067 312 2094 pro
334 2066 466 2095 pra-cepto
481 2061 646 2088 extrinsecus
661 2061 711 2096 legi
726 2061 838 2089 addito?
853 2058 949 2089 Verum

161 2104 204 2132 ille
219 2105 318 2140 patitur
339 2111 498 2140 pra'eeptum
517 2105 582 2134 illud
604 2107 662 2141 lege
680 2114 727 2134 sua
747 2107 851 2141 dignius
869 2114 948 2138 esse;

706 145 738 174 IN
757 143 912 174 JOANNEM
932 143 1047 173 IIOMIL.
1071 146 1102 173 L.
1122 147 1157 174 al.
1178 148 1269 176 XLIX.

1741 154 1793 182 378

1002 211 1176 240 prmeeptnm,
1193 207 1310 242 inquam,
1324 216 1339 235 a
1355 209 1412 244 lcge
1426 217 1478 237 non
1493 209 1586 242 Iatutu,
1604 211 1650 238 scd
1664 214 1794 241 extrinse-

1001 259 1049 279 cns
1067 253 1194 286 allatum;
1206 255 1277 289 quod
1292 259 1332 282 est
1348 256 1438 290 utiqtte
1454 257 1550 283 mirum
1565 266 1571 284 :
1586 264 1634 283 vos
1645 263 1733 285 autem
1749 259 1794 294 qui

1002 306 1054 325 non
1068 299 1132 325 estis
1147 298 1322 333 legislatorcs,
1338 300 1406 327 ultra
1422 300 1528 328 modum
1542 302 1628 337 legem
1641 303 1793 331 vindicatis.

1002 346 1099 372 Verum
1113 346 1165 373 fide
1176 346 1281 382 dignior
1294 347 1368 374 vobis
1382 353 1423 374 est
1441 348 1555 383 Moyses,
1569 350 1613 383 qui
1628 350 1713 385 legem
1727 351 1794 379 solvi

1002 392 1121 426 prmcipit
1142 391 1177 418 ob
1201 396 1361 427 praeceptum
1385 401 1437 420 non
1458 394 1551 428 legale.
1567 395 1633 422 Cum
1652 404 1716 431 ergo
1730 397 1795 425 dicit

1001 440 1085 464 totum
1110 437 1266 469 hominem,
1290 437 1409 464 declarat
1433 439 1663 468 circnmcisionem
1691 448 1793 476 partem

1002 488 1103 510 tantum
1119 483 1277 511 valetudinis
1292 491 1362 511 esse.
1383 483 1416 510 Et
1431 492 1489 518 qua:
1507 489 1548 512 est
1563 487 1662 513 sanitas
1676 488 1792 515 circum-

1001 529 1109 557 cisionis
1119 530 1131 556 ?
1142 529 1245 562 Anima,
1260 530 1354 565 inquit,
1366 530 1453 557 omnis
1464 539 1521 564 qua
1533 539 1582 557 non
1595 532 1792 567 circumciditur,

1001 576 1206 602 exterminabitur
1220 575 1301 610 (Gen.
1318 576 1361 603 I7.
1379 576 1440 611 I4).
1461 576 1518 610 Ego
1537 583 1601 604 vero
1623 584 1673 603 non
1697 579 1791 612 partitn

1000 629 1100 656 agrum
1115 622 1204 654 modo,
1221 622 1268 649 sed
1285 627 1368 649 totttm
1382 627 1535 657 corruptttm
1553 623 1689 650 suscitavi.
1706 623 1795 651 Nolite

1001 676 1060 703 ergo
1072 668 1190 704 judicare
1204 669 1341 696 secundum
1357 669 1457 704 facient.
1472 669 1527 697 IIoc
1540 674 1662 705 putentus
1676 678 1728 698 non
1742 671 1794 698 illis

1001 719 1102 741 tantum
1116 715 1215 742 dictum
1231 715 1321 746 fuisse.
1336 715 1384 743 sed
1399 715 1475 742 nobis
1486 723 1602 751 quoque,
1618 724 1650 743 ne
1663 716 1715 743 ulla
1727 717 1752 744 itt
1764 725 1794 743 re

999 760 1127 795 justitiam
1143 769 1354 796 corruntpanms,
1370 761 1416 789 sed
1433 769 1480 796 pro
1500 762 1544 789 illa
1560 763 1647 790 omnia
1663 770 1792 797 agamus;

1001 815 1034 834 tte
1048 807 1217 834 attendamus
1231 816 1264 834 an
1277 815 1378 842 panper
1390 817 1422 835 an
1437 808 1514 836 dives
1529 809 1587 843 quis
1599 809 1650 842 sit,
1666 817 1714 836 ncc
1731 817 1792 844 per~

1000 859 1080 880 sonas
1090 873 1097 884 ,
1114 853 1160 880 sed
1175 860 1217 880 res
1232 854 1412 887 exploremus.
1429 853 1488 881 Non
1504 854 1657 881 misereberis
1667 875 1674 887 ,
1691 855 1774 889 inquit
1785 875 1792 883 .

1000 898 1118 933 pauperis
1131 899 1157 924 in
1168 898 1266 932 judicio
1277 898 1373 934 (Exod.
1388 899 1433 926 25.
1449 900 1487 933 5).
1500 899 1566 933 Quid
1581 900 1631 926 sibi
1645 901 1699 926 vult
1711 899 1793 926 illud?

1000 944 1038 972 Ne
1054 944 1194 979 fraugaris,
1211 945 1305 979 inquit,
1322 952 1354 973 ne
1368 945 1491 977 llectaris,
1509 945 1531 972 si
1552 954 1651 981 pauper
1663 947 1696 973 sit
1712 946 1735 973 is
1748 946 1791 981 qui

1000 990 1076 1018 Iasii.
1098 991 1173 1023 Quod
1189 992 1210 1018 si
1227 992 1334 1026 pauperi
1351 1000 1402 1019 non
1418 993 1607 1028 ignoscendum
1621 1014 1629 1026 ,
1645 993 1729 1020 mttlto
1742 994 1792 1020 nti-

1001 1045 1050 1064 tuts
1063 1037 1147 1064 diviti.
1162 1037 1223 1064 [hcc
1237 1045 1317 1072 porro
1329 1038 1390 1065 dico
1403 1046 1455 1065 non
1473 1038 1606 1072 jndicibns
1620 1043 1730 1071 tantum,
1745 1039 1792 1066 sed

1000 1087 1027 1109 ct
1039 1082 1172 1114 omnibus,
1186 1091 1218 1110 ne
1229 1091 1352 1118 umquam
1361 1084 1406 1118 jus
1419 1084 1542 1116 violetur,
1554 1084 1599 1111 sed
1612 1085 1792 1120 incorruptum

1001 1135 1108 1163 Semper
1122 1134 1254 1156 servetur.
1274 1129 1379 1164 Diligit,
1395 1130 1495 1165 inquit,
1515 1130 1641 1165 justitiam
1658 1129 1791 1157 Dominus.

1002 1174 1052 1207 Qui
1065 1180 1147 1201 autent
1160 1175 1241 1209 diligit
1255 1175 1420 1210 iniquitatem,
1436 1176 1487 1202 odit
1497 1176 1608 1202 animum
1621 1184 1692 1202 suum
1705 1175 1791 1209 (Psul.

1001 1221 1044 1249 IO.
1060 1221 1099 1256 6).
1115 1221 1154 1248 Ne
1166 1242 1173 1254 ,
1189 1230 1296 1256 qumso,
1313 1222 1415 1248 animas
1429 1227 1533 1249 nostras
1552 1221 1614 1249 odio
1630 1222 1791 1252 habeamus,

1001 1275 1050 1295 nec
1063 1268 1228 1302 iniquitatem
1241 1267 1391 1303 diligamus.
1405 1268 1472 1295 Ilinc
1483 1273 1555 1296 certe
1566 1276 1658 1303 parum
1673 1269 1713 1295 vel
1728 1268 1792 1295 nihil

1002 1312 1067 1340 lucri
1083 1321 1152 1340 nunc
1167 1313 1344 1348 percipimus;
1362 1313 1408 1341 scd
1424 1314 1450 1341 in
1465 1314 1553 1341 futuro
1571 1322 1694 1348 magnum
1709 1313 1794 1340 aderit

1001 1358 1126 1386 damnum
1141 1359 1158 1385 ί.
1178 1359 1232 1386 Ιιιιο
1247 1367 1281 1386 ne
1296 1359 1337 1386 hic
1350 1367 1454 1394 quoque
1470 1359 1607 1394 iniquitate
1621 1364 1711 1386 nostra
1725 1360 1795 1386 frue-

1002 1411 1071 1430 mur.
1087 1404 1199 1436 Quando
1213 1404 1284 1431 enim
1301 1412 1361 1431 cum
1382 1405 1451 1431 mala
1472 1405 1634 1431 conscientia
1651 1404 1676 1430 in
1691 1404 1794 1432 deliciis

1002 1457 1157 1483 versamur,
1174 1458 1261 1477 atmon
1285 1450 1335 1478 hoc
1356 1449 1489 1477 cruciatus
1509 1454 1536 1476 ct
1558 1449 1716 1485 supplicium
1735 1450 1795 1477 est?

1003 1495 1147 1530 Diligamus
1166 1504 1228 1530 ergo
1245 1497 1374 1531 justitiam
1398 1502 1425 1524 et
1448 1504 1591 1531 numquam
1616 1496 1683 1523 hanc
1706 1496 1791 1530 legem

1003 1542 1142 1569 violentus.
1157 1542 1224 1576 Quid
1240 1543 1311 1570 enim
1327 1542 1427 1570 l'ruclus
1437 1549 1470 1569 ex
1485 1541 1534 1569 hac
1548 1542 1599 1568 vita
1611 1542 1735 1576 consequi
1748 1549 1794 1576 po-

1003 1588 1130 1621 terimus,
1149 1589 1200 1615 nisi
1219 1589 1281 1616 hinc
1294 1596 1354 1615 cum
1376 1589 1472 1616 virtute
1494 1588 1715 1622 migraverimus?
1730 1589 1793 1623 qttid

1004 1634 1057 1661 i'lic
1073 1634 1148 1661 nobis
1165 1635 1393 1668 patrocinabitur?
1407 1642 1440 1661 an
1456 1635 1569 1661 amicitia
1580 1655 1587 1665 ,
1603 1641 1635 1661 an
1651 1635 1792 1668 cognatio,

1003 1688 1036 1707 au
1058 1681 1163 1715 gratia?
1184 1680 1285 1714 Ecquid
1306 1680 1417 1715 gratiam
1437 1679 1578 1714 cujuslibet
1593 1679 1674 1706 dico?
1693 1679 1719 1706 Si
1739 1678 1794 1706 Noe

1005 1733 1105 1761 patrem
1121 1726 1265 1752 habeamus
1277 1747 1284 1758 ,
1301 1726 1322 1752 si
1342 1725 1436 1753 .Inbutn
1450 1745 1457 1757 ,
1473 1725 1495 1752 si
1518 1724 1651 1752 Daniclem
1662 1745 1670 1756 ,
1689 1724 1713 1751 id
1730 1725 1793 1753 nihil

1005 1772 1082 1798 nobis
1096 1771 1228 1805 proderit,
1244 1771 1266 1798 si
1280 1776 1367 1798 nostra
1382 1777 1431 1797 nos
1444 1777 1523 1804 opera
1539 1770 1661 1804 prodant.
1677 1770 1729 1797 Sed
1743 1778 1794 1797 una

1005 1824 1072 1851 opus
1093 1817 1221 1844 habemus
1237 1816 1352 1849 virtute;
1369 1815 1426 1843 ha-c
1448 1823 1496 1843 nos
1515 1823 1622 1843 Servare
1641 1816 1753 1850 poterit.
1768 1821 1795 1843 ct

1005 1863 1039 1889 ab
1053 1867 1153 1889 a‘tcrno
1176 1863 1234 1897 igne
1256 1863 1380 1890 liberare.
1401 1862 1463 1889 II:L-c
1483 1869 1531 1889 nos
1544 1862 1629 1889 mittet
1643 1862 1668 1889 itt
1684 1870 1794 1897 regnum

1005 1908 1131 1935 mulorum
1143 1917 1150 1941 ;
1164 1909 1234 1944 quod
1249 1909 1348 1936 utinam
1369 1916 1463 1936 omnes
1484 1916 1679 1943 consequamur
1689 1929 1696 1942 ,
1710 1909 1792 1941 gratia

1005 1959 1031 1981 et
1047 1953 1208 1988 benignitate
1223 1954 1325 1981 Domini
1345 1954 1427 1981 nostri
1447 1953 1510 1981 Jesu
1523 1954 1620 1980 Christi
1632 1974 1638 1986 ,
1656 1961 1701 1987 per
1715 1961 1793 1988 quem

1005 2005 1031 2026 et
1044 2007 1104 2027 cntn
1119 2007 1172 2034 quo
1185 1999 1254 2026 Patri
1268 2000 1362 2034 gloria,
1377 2006 1482 2034 unaque
1492 2003 1583 2026 sancto
1594 1998 1713 2033 Spiritui,
1725 2006 1795 2027 nunc

1005 2051 1030 2073 ct
1045 2053 1160 2080 semper,
1173 2050 1199 2072 et
1213 2046 1238 2072 in
1254 2045 1350 2073 saecula
1364 2045 1531 2072 szeculornm.
1544 2045 1640 2071 Amen.

1038 2091 1086 2145 {in
1099 2091 1152 2116 aliis
1164 2092 1294 2122 legium...
1307 2089 1371 2116 lucri
1379 2097 1442 2116 nunc
1453 2090 1608 2122 percipimus,
1621 2090 1664 2114 sed
1677 2089 1701 2114 itt
1711 2089 1793 2120 futura

1038 2129 1055 2145 l'l
1072 2129 1142 2145 unus.

1004 2129 1142 2154 pcrwmms.

866 2176 1103 2233 ma:

161 2260 224 2288 Car.
240 2260 265 2287 7.
279 2269 304 2287 v.
316 2260 360 2288 25.
377 2259 500 2287 Dicebant
526 2269 585 2296 ergo
599 2263 702 2296 quidam
723 2269 754 2288 et
764 2260 931 2296 Jerosolymis
943 2269 952 2289 :

199 2307 292 2333 Nonne
306 2307 345 2333 hic
357 2311 393 2333 est
406 2315 480 2341 quem
490 2313 605 2341 quwrunt
622 2307 779 2341 inter/icere?
791 2307 836 2333 26.
850 2306 882 2333 Et
897 2315 953 2334 ecce

198 2353 284 2386 palum
296 2352 406 2386 loquitur
416 2373 423 2384 ,
439 2356 461 2379 cl
476 2352 541 2379 nihil
550 2353 573 2379 ei
586 2353 682 2379 dicunt.
699 2353 830 2387 Numquid
842 2361 897 2379 vere
910 2361 954 2380 c0-

197 2404 335 2434 gnaoerunt
351 2399 487 2433 principes,
507 2400 568 2434 quia
586 2399 627 2426 hic
639 2405 675 2426 est
690 2407 744 2426 vere
754 2399 890 2427 Christus?
907 2399 952 2426 27.

199 2446 252 2473 Sed
263 2446 330 2472 hunc
341 2446 433 2472 scimus
444 2445 509 2471 unde
522 2446 564 2473 sit.

199 2515 225 2543 I.
241 2513 275 2541 lu
287 2514 378 2541 divinis
390 2514 530 2549 Scripturis
544 2514 608 2541 nihil
621 2519 712 2542 temere
722 2515 840 2550 positum.
853 2530 887 2535 —
903 2514 951 2542 Ni—

166 2561 200 2588 hil
213 2562 238 2587 in
254 2561 351 2588 divinis
373 2561 518 2596 Scripturis
543 2566 645 2590 temere
666 2562 782 2597 positum
809 2567 868 2594 est;
894 2566 956 2589 sunt

165 2607 236 2633 enim
250 2606 366 2641 Spiritus
377 2607 460 2633 sancti
474 2606 556 2634 dicta.
578 2607 756 2641 Quamobrem
774 2607 862 2634 omnia
878 2615 956 2635 accu-

165 2657 222 2680 rate
233 2653 424 2688 disquiramus.
439 2653 479 2680 Ab
493 2661 544 2680 una
558 2654 656 2688 quippe
674 2653 790 2680 dictione
804 2658 887 2680 totum
903 2661 956 2680 ste-

166 2707 200 2733 pe
213 2706 321 2725 sensum
337 2698 475 2732 discimus,
492 2703 520 2725 ttt
533 2700 612 2726 etiam
631 2707 702 2726 nunc
723 2700 865 2734 contingit.
880 2699 956 2726 Mulli

166 2746 231 2772 (uim
247 2754 277 2772 ex
291 2745 513 2780 Jcrosolymitauis
527 2746 661 2773 dicebant:
682 2745 741 2773 Non
764 2746 804 2773 hic
825 2751 860 2773 est
883 2754 956 2781 quem

167 2795 282 2826 qntcrunt
295 2791 436 2825 inter/icere
449 2791 462 2818 ?
477 2791 509 2818 Et
520 2799 575 2818 ecce
587 2791 672 2827 palam
688 2792 808 2827 loquitur,
819 2797 843 2819 at
856 2793 920 2819 nihil
934 2793 956 2819 ei

167 2837 266 2863 dicunt.
287 2836 341 2864 Cur
366 2835 583 2872 Jerosolymitani
610 2838 811 2868 memorantur?
836 2837 958 2866 Ostendit

169 2882 331 2917 erattgclista
342 2889 388 2910 cos
401 2882 527 2916 maxime,
537 2883 581 2918 qui
594 2887 631 2910 tot
642 2883 722 2918 signis
729 2883 828 2919 dignati
842 2883 955 2916 fuerant,

1009 2251 1126 2279 omnium
1141 2251 1307 2278 miserrimos
1321 2258 1380 2277 esse
1391 2270 1401 2282 .
1420 2251 1464 2286 qui
1479 2258 1540 2278 cum
1555 2251 1700 2279 divinitatis
1713 2252 1796 2286 ipsius

1006 2297 1111 2332 signum
1141 2296 1285 2323 maximum
1317 2296 1464 2330 vidissent,
1497 2301 1580 2323 totum
1609 2302 1795 2332 corruptorum

1007 2343 1157 2378 principum
1169 2342 1270 2377 judicio
1281 2342 1463 2369 remittebant.
1476 2342 1572 2369 Annon
1589 2343 1734 2369 maximum
1759 2344 1795 2370 si-

1007 2396 1089 2423 gnum
1100 2393 1167 2420 erat,
1182 2388 1252 2423 quod
1268 2388 1394 2420 furentes,
1410 2388 1510 2415 (sedem
1523 2389 1666 2422 spirantes,
1681 2389 1798 2416 circum-

1008 2439 1157 2467 cursautes,
1169 2439 1248 2468 atque
1262 2435 1412 2462 interlicere
1425 2440 1577 2470 quzerentcs
1588 2455 1595 2466 ,
1623 2443 1684 2462 cum
1712 2436 1798 2470 ipsum

1011 2489 1065 2516 pra:
1079 2481 1201 2508 manibus
1216 2471 1340 2508 tenerent
1351 2501 1358 2513 ,
1375 2481 1464 2508 statim
1476 2481 1662 2515 quieseerent?
1675 2481 1734 2516 quis
1747 2481 1798 2508 hoc

1010 2526 1136 2554 fecisset?
1147 2527 1206 2561 quis
1222 2531 1324 2553 tantum
1339 2526 1457 2553 furorem
1471 2527 1509 2553 sic
1524 2526 1715 2553 exstinxisset?
1725 2528 1798 2553 Atla.

1010 2579 1070 2599 nten
1083 2576 1143 2606 post
1158 2576 1196 2598 tot
1210 2571 1294 2606 signa,
1311 2571 1371 2598 vide
1380 2570 1519 2598 stultitiam
1530 2575 1557 2597 et
1567 2571 1693 2598 furorem.
1706 2570 1800 2598 Nonus

1010 2618 1050 2645 hic
1057 2624 1092 2645 est
1100 2626 1171 2652 quem
1183 2623 1298 2652 quierunt
1306 2618 1463 2650 interﬁcere?
1474 2617 1538 2644 Vide
1546 2616 1678 2651 quamodo
1688 2624 1717 2643 se
1729 2617 1801 2651 ipsns

1010 2664 1199 2691 condemnem.
1210 2663 1289 2695 Quem
1300 2667 1414 2697 quierunt
1428 2662 1577 2696 inter/icere,
1587 2661 1719 2696 inquiunt,
1728 2668 1752 2688 et
1759 2662 1799 2688 ui-

1011 2710 1048 2736 hil
1056 2710 1079 2736 ei
1088 2710 1186 2736 dicunt.
1201 2709 1255 2736 Nec
1266 2708 1345 2735 modo
1352 2708 1416 2735 nihil
1424 2709 1526 2740 dicunt,
1535 2707 1581 2734 sed
1588 2715 1673 2742 neque
1681 2708 1766 2742 palatii
1775 2712 1796 2735 c:

1011 2756 1093 2783 libere
1106 2756 1257 2790 loquentem
1274 2755 1397 2790 ipsosque
1420 2759 1621 2788 exasperantcm
1641 2755 1796 2788 reprimunt.

1010 2800 1145 2836 Numquid
1155 2808 1210 2827 uere
1217 2804 1395 2835 cognoverunt,
1411 2800 1470 2835 quia
1483 2799 1523 2826 hic
1536 2804 1571 2825 est
1584 2798 1706 2826 Christus.
1719 2799 1801 2827 Vobis

1012 2853 1100 2874 autem
1116 2847 1180 2882 quid
1195 2847 1323 2875 videtur?
1336 2855 1416 2883 quam
1427 2846 1461 2874 de
1470 2846 1517 2873 illo
1532 2845 1609 2873 l’crtis
1621 2846 1800 2872 sententiam?

1012 2893 1195 2927 Contrarium,
1212 2893 1343 2930 inquiunt.
1356 2893 1418 2922 Ideo
1432 2891 1559 2920 dicebant
1575 2900 1581 2918 :
1600 2892 1652 2920 Sed
1667 2892 1732 2918 hunc
1749 2891 1798 2918 sei-
