2031 3118
247 156 298 185 279

248 225 301 243 mus
311 215 377 242 mide
389 214 431 241 sit.
443 213 465 241 0
478 211 623 247 nequitiam
638 212 645 238 '.
661 219 678 236 ο
691 209 930 237 contradictionem
944 209 952 235 '.
979 207 1037 236 Non

247 269 306 288 rum
322 259 483 296 principibus
502 257 636 285 calculum
661 256 767 288 ferunt,
782 255 829 283 sed
853 255 932 283 aliam
947 262 1041 281 corru-

211 299 225 340 λ,
247 312 318 341 ptatn
329 305 440 333 cﬂ'crunt
452 303 612 331 sententiam
625 302 735 329 stultitia
745 309 793 328 sua
801 301 918 336 dignam.
927 299 1038 332 Scimus,

247 351 379 387 inquiunt,
391 349 457 376 unde
469 350 520 376 sit:
541 347 655 376 Christus
669 352 752 374 autem
766 354 823 373 cum
837 346 930 373 uenerit
942 365 950 377 ,
967 353 1040 372 netuo

247 398 306 424 sciet
318 396 387 423 unde
397 397 439 423 sit.
457 395 536 430 Atqui
552 394 686 429 principes
699 393 780 420 vestri
796 391 951 426 interrogati
962 391 1038 417 diee-

248 443 311 470 bant
321 463 329 475 ,
346 443 373 469 in
387 441 544 469 Bctltlehem
560 439 734 466 nasciturum.
751 438 783 465 Et
795 444 900 464 rursum
915 436 971 468 alii,
982 435 1038 463 Nos

246 490 338 517 scimus
348 489 407 525 quia
422 488 504 523 Moysi
515 488 632 520 loquutus
644 490 681 512 est
703 485 792 517 Deus;
808 484 874 510 hunc
887 487 971 509 autem
994 490 1038 509 ne-

245 537 339 563 scimus
352 535 419 562 unde
428 535 459 561 sit
472 533 567 571 (lacn.
579 533 606 560 9.
617 532 652 560 ἓξ)
661 533 681 564 ).
697 531 838 558 Ebriorum
852 529 932 556 verba
945 528 1037 555 consi-

246 582 311 609 dera
320 582 340 608 ί.
366 581 548 614 Rursumque,
561 578 631 606 Num
640 586 671 605 ea;
684 577 791 604 Caliltea
805 576 870 602 venit
893 575 1008 602 Christus
1023 573 1035 599 .9

246 636 332 655 annon
345 636 376 654 ea:
390 626 534 654 Bethleltmt
547 626 600 652 vico
611 625 624 651 .9
639 623 729 651 Viden'
743 623 878 650 ebriorum
893 620 1038 648 calculum?

247 673 530 706 Scimus,nescimns;
555 679 588 698 ex
619 669 775 696 Bethlehem
791 668 864 695 venit
891 666 1036 697 Christus;

247 719 361 746 Christus
376 722 459 744 autent
470 724 528 743 eum
541 715 646 747 venerit,
660 722 732 741 nemo
743 713 804 740 sciet
819 712 884 739 unde
907 712 948 738 sit.
969 709 1038 744 Quid

249 765 298 791 hac
313 763 443 790 dictorum
454 769 539 797 pugna
555 760 724 788 manifestius
737 759 748 785 ?
774 758 801 786 Id
816 765 896 784 unum
910 756 1038 790 respicie-

248 811 320 841 bant,
336 814 409 836 utne
423 808 574 835 crederent.
598 806 666 840 Quid
683 813 747 840 ergo
768 804 801 832 ad
817 804 875 831 lucc
889 803 1012 830 Christus
1026 803 1038 829 ?

246 855 291 883 28.
314 855 345 882 Et
360 863 398 882 me
409 855 496 886 nostis,
517 859 540 880 et
555 853 622 880 unde
635 853 683 880 sint
698 852 785 878 scitis:
802 856 824 877 et
838 859 855 876 a
865 850 962 884 meipso
986 857 1036 875 non

246 901 311 933 veni,
321 900 364 926 sed
375 905 409 926 est
420 907 492 926 uerus
500 899 542 933 qui
556 898 622 924 misit
642 906 690 929 tne,
718 904 790 931 quem
809 903 852 922 vos
872 895 979 922 nescitis.
1004 894 1038 921 Et

247 954 362 978 rursum,
379 945 410 972 Si
422 953 461 971 me
468 944 574 975 sciretis,
589 948 612 970 et
628 943 732 969 Patrem
746 950 828 968 meum
841 941 948 967 sciretis.
962 941 1036 974 Quo-

246 991 326 1019 modo
341 999 405 1026 crgo
418 991 481 1017 dicit
497 997 544 1017 eos
557 993 584 1016 et.
594 989 692 1022 ipsutn,
703 992 730 1014 et
746 987 816 1013 unde
831 987 865 1013 sit
879 993 960 1012 nosse
976 993 983 1018 ;
1009 989 1035 1012 et

245 1037 307 1064 alibi
321 1057 327 1069 ,
342 1044 391 1063 nec
404 1037 488 1071 ipsum
504 1042 592 1066 nosse,
610 1041 658 1060 nec
668 1033 773 1060 Patrem
785 1032 795 1058 ?
805 1031 862 1058 Non
877 1038 968 1058 secum
985 1038 1034 1065 pu-

245 1087 323 1117 gnat,
339 1081 408 1109 absit
421 1089 428 1113 ;
455 1081 501 1107 sed
517 1080 594 1106 valde
607 1079 656 1106 sibi
671 1082 786 1105 constat.
801 1077 838 1104 De
848 1076 900 1102 alia
919 1076 1036 1110 loquitur

244 1127 395 1161 cognitione
409 1147 417 1158 ,
438 1133 498 1153 cum
516 1125 590 1157 dicit,
603 1124 660 1151 Non
687 1123 788 1156 nostis,
811 1121 1034 1157 quemadmodum

243 1180 304 1200 cum
319 1172 383 1199 dicit
397 1179 405 1199 ι
421 1171 482 1198 Filii
499 1170 558 1197 Heli
572 1190 579 1202 ,
596 1170 643 1204 ﬁlii
654 1169 796 1204 pestilentes
808 1189 814 1200 ,
830 1167 965 1194 nescientes
978 1167 1035 1194 Do-

244 1220 339 1246 minuut
362 1219 401 1253 (l.
415 1218 478 1252 Reg.
489 1217 517 1243 2.
532 1217 586 1252 12);
597 1224 629 1243 ac
651 1223 757 1242 rursum
771 1236 778 1246 ,
795 1214 880 1241 Israel
892 1219 976 1240 autem
997 1222 1036 1240 me

244 1273 293 1291 non
303 1264 417 1299 cognovit
427 1263 504 1296 (lsai.
518 1263 544 1290 1.
557 1263 594 1296 5).
613 1261 644 1288 Ut
657 1266 683 1288 ct
698 1260 796 1287 Paulus
809 1259 846 1285 ait
858 1267 864 1286 :
879 1259 1035 1293 Conﬁtentur

242 1319 269 1337 se
281 1318 354 1337 nosse
364 1308 461 1341 Deum,
475 1308 548 1343 factis
559 1312 642 1334 autem
657 1310 748 1341 negant
758 1304 822 1339 (Tit.
838 1305 862 1332 l.
874 1304 928 1338 16).
942 1304 1035 1331 Potest.

241 1364 305 1390 ergo
316 1355 359 1390 qui
378 1356 437 1386 scit.
454 1355 567 1381 nescire.
586 1353 641 1380 lloc
655 1351 830 1386 itaquedicit:
846 1351 873 1378 Si
888 1358 931 1378 mc
945 1357 1034 1378 nosse-

244 1402 287 1433 tis,
304 1401 409 1428 sciretis
423 1408 465 1426 tne
476 1407 535 1426 esse
544 1399 640 1425 Filium
658 1397 714 1425 Dei.
739 1396 807 1423 lllud
827 1400 916 1422 autent
929 1415 936 1427 ,
961 1394 1034 1422 Unde

243 1447 300 1478 sint,
313 1454 364 1472 non
376 1446 464 1472 locum
480 1444 523 1471 hic
536 1443 656 1472 denotat.
666 1447 694 1469 ut
704 1442 789 1476 liquet
803 1448 835 1468 ex
847 1440 1032 1474 sequentibus:

243 1492 276 1518 Et
289 1501 305 1517 α
319 1491 412 1525 meipso
425 1498 473 1516 non
483 1491 549 1522 veni,
564 1489 607 1516 sed
620 1496 690 1515 verus
699 1492 733 1514 est
745 1487 787 1522 qui
799 1487 865 1513 misit
879 1494 917 1512 me
931 1506 939 1518 ,
959 1494 1032 1520 quem

243 1547 284 1564 vos
304 1537 412 1564 nescitis.
427 1537 474 1563 llic
485 1536 602 1570 loquitur
613 1535 647 1562 de
661 1534 805 1569 ignorantia
822 1533 946 1567 operibus
957 1539 1032 1559 com-

241 1585 373 1619 probata,
397 1583 431 1610 tle
455 1590 507 1617 qua
529 1582 627 1609 Paulus
648 1581 728 1608 dicit:
753 1579 910 1613 Conﬁtentur
924 1586 1033 1605 sanasse

243 1631 345 1662 Deum,
362 1630 435 1665 factis
445 1634 527 1655 autem
538 1633 639 1662 negant.
661 1627 751 1661 Neque
774 1627 846 1653 enim
868 1625 1027 1660 ignorantia:

243 1682 380 1713 peccatum
397 1680 464 1707 erat,
479 1674 526 1702 sed
552 1674 675 1708 nequitia:
688 1678 715 1700 et
730 1673 805 1699 malre
819 1672 973 1699 voluntatis.
999 1671 1033 1698 Et

242 1731 303 1750 cmn
327 1722 377 1749 ltoc
391 1722 509 1752 scirent,
537 1720 659 1754 ignorare
685 1717 819 1744 volebant.
839 1716 891 1744 Sed
910 1724 1030 1751 quantum

245 1769 300 1795 lucc
308 1765 519 1801 consequentia?
532 1763 666 1799 quomodo
679 1767 707 1790 ttt
722 1763 782 1790 illos
796 1762 924 1794 confutet,
938 1762 1031 1788 eadem

242 1821 304 1847 quae
319 1812 367 1846 ipsi
384 1811 500 1845 loquitur
514 1809 525 1836 ’ἲ
538 1809 603 1836 Nam
619 1816 679 1835 cum
697 1808 733 1834 illi
749 1807 876 1839 dicerent,
895 1806 971 1833 llum:
985 1815 1032 1832 au-

245 1864 293 1885 tent
303 1858 396 1884 scimus
408 1856 474 1882 unde
484 1856 530 1888 sit,
545 1854 674 1887 subdidit,
689 1853 722 1880 Et
737 1861 775 1879 tne
785 1853 863 1879 scitis.
877 1853 944 1886 Quid
961 1853 1031 1879 enim

243 1902 368 1930 dicebant
382 1902 417 1928 illi
429 1902 439 1928 ‘i
453 1909 485 1927 an
500 1900 570 1936 quod
583 1899 736 1927 nescirent?
752 1898 807 1926 ltuo
820 1906 882 1926 vero
894 1899 942 1933 ipsi
958 1898 1032 1925 dicc-

245 1950 320 1982 bant,
347 1948 456 1975 Scimus.
474 1947 571 1974 Verum
587 1953 648 1984 cum
672 1945 793 1972 dicerent.
815 1952 844 1972 se
869 1945 937 1972 scire
961 1945 1032 1972 unde

244 2000 326 2027 esset,
338 1994 402 2021 nihil
417 1993 487 2020 aliud
504 1993 699 2028 signiﬁcabant,
711 1999 789 2026 quam
804 1991 878 2018 illutn
895 1991 930 2018 de
961 1996 1032 2018 terra

243 2048 304 2068 esse
318 2045 346 2067 et
366 2040 430 2066 fabri
446 2039 538 2066 lilium.
560 2038 606 2066 llle
628 2045 692 2065 vero
712 2037 738 2064 iu
752 2037 833 2064 caelos
846 2036 966 2071 erigebat
986 2043 1033 2063 eos

241 2087 345 2118 dicens,
358 2085 437 2112 Scitis
448 2084 518 2111 unde
527 2083 587 2114 sim;
604 2083 629 2110 id
643 2087 693 2115 est,
715 2082 772 2109 Non
787 2082 858 2108 unde
877 2081 1034 2116 suspicanti-

243 2133 270 2160 ni
282 2132 356 2165 veni,
371 2131 417 2158 sed
431 2131 501 2158 unde
515 2131 536 2156 is
550 2130 594 2164 qui
610 2129 684 2156 misit
697 2136 750 2155 me.
765 2127 831 2155 Cum
844 2127 998 2159 dicitcnim,
1010 2127 1032 2153 Α

243 2179 340 2213 meipso
356 2186 406 2204 non
415 2177 479 2210 veni,
498 2177 548 2204 hoc
561 2175 720 2207 subindicat,
739 2176 811 2210 ipsos
826 2182 921 2208 netnpe
938 2174 1008 2201 scire
1024 2193 1031 2206 ,

245 2224 316 2260 quod
331 2231 345 2250 ιι
358 2223 436 2251 Patre
451 2223 548 2249 missus
561 2226 643 2254 esset,
660 2221 710 2248 etsi
723 2221 748 2247 id
765 2228 816 2247 non
831 2220 1031 2247 conlitercntur.

245 2268 348 2303 Duplici
361 2275 424 2303 ergo
439 2268 518 2294 modo
539 2267 598 2294 illos
611 2266 741 2294 c0nfutat.
758 2266 848 2292 Primo
860 2273 890 2291 ea
913 2272 971 2299 quin
991 2271 1034 2291 se—

245 2320 321 2342 crcto
336 2314 522 2349 loquebantur,
538 2314 564 2340 in
578 2313 694 2339 tncdiutn
717 2317 744 2339 et
757 2319 816 2338 cum
831 2311 948 2338 clamore
972 2318 1035 2345 pro-

243 2361 304 2393 fert,
322 2364 350 2387 ut
365 2360 424 2387 illos
435 2359 603 2394 pudcfaciat;
617 2357 713 2385 tleinde
725 2362 841 2384 mentem
855 2357 960 2383 illorum
971 2363 1034 2390 ape-

243 2406 287 2438 rit,
303 2414 333 2433 ac
344 2406 366 2433 si
378 2406 478 2433 diceret
490 2415 496 2432 :
509 2405 565 2432 Non
580 2404 701 2438 abjectus
715 2411 792 2435 sum,
811 2411 863 2429 non
879 2403 936 2429 sine
955 2410 1033 2428 causa

243 2452 323 2483 veni;
340 2452 393 2478 Sed
410 2459 482 2477 uerus
494 2455 529 2477 est
544 2450 587 2484 qui
609 2449 675 2475 misit
699 2457 754 2478 me,
772 2456 844 2482 quem
858 2456 903 2474 vos
922 2447 1032 2475 nescitis.

244 2497 312 2530 Quid
328 2497 460 2531 signiﬁcat
474 2495 537 2522 illud
549 2516 556 2528 ,
577 2494 657 2521 Verus
667 2498 702 2521 est
712 2494 754 2528 qui
762 2494 828 2519 misit
839 2493 898 2519 me?
911 2493 938 2519 Si
954 2500 1034 2520 Verus

245 2549 284 2571 est
296 2563 304 2577 ,
326 2544 352 2570 in
373 2543 488 2569 veritate
500 2550 541 2568 me
554 2541 624 2568 misit
638 2549 644 2567 :
659 2541 680 2567 si
696 2547 774 2567 vcrtts
787 2545 836 2572 est,
851 2539 971 2574 sequitur
986 2546 1033 2566 vc-

244 2597 303 2617 rum
320 2589 395 2616 illum
409 2595 468 2615 esse
483 2587 526 2622 qui
542 2587 639 2613 missus
649 2587 708 2613 fttit.

279 2635 307 2662 2.
323 2635 383 2661 Alio
393 2641 499 2668 quoque
511 2633 590 2659 modo
607 2632 631 2659 id
647 2633 751 2666 probat,
768 2631 884 2666 propriis
900 2632 958 2658 illos
969 2639 1030 2659 ver-

245 2681 285 2708 bis
298 2680 416 2715 capiens.
434 2679 499 2712 Quia
515 2679 585 2706 enim
595 2679 728 2710 dicebant,
745 2677 859 2705 Christus
870 2686 927 2704 cum
941 2679 1032 2710 veniet,

245 2735 316 2755 nemo
327 2727 386 2754 sciet
399 2726 523 2758 undesit,
549 2725 610 2753 hinc
626 2724 742 2752 ostendit
763 2732 792 2752 se
803 2725 938 2751 Christum
959 2731 1029 2751 esse.

245 2774 309 2801 Nam
322 2773 371 2808 ipsi
388 2772 463 2804 illud,
492 2771 574 2799 Nemo
589 2772 659 2805 sciet,
687 2771 831 2799 secundum
856 2770 1032 2798 diﬁcrcntiam

279 2820 287 2834 ι
306 2817 426 2853 tticlocus
435 2818 470 2842 sic
483 2817 584 2852 effertur
595 2817 657 2853 apud
669 2815 758 2853 savii...
776 2825 786 2839 ι
796 2815 857 2851 tumo
867 2819 946 2853 autem
957 2815 1033 2853 nesci-

245 2856 298 2875 mus
309 2850 373 2874 unde
382 2848 411 2874 sit
421 2857 443 2872 ι.
458 2857 469 2871 ι
480 2849 571 2873 Scimus
583 2847 645 2874 unde
656 2851 701 2879 est,
710 2850 732 2874 et
744 2847 861 2874 nescimus
871 2847 935 2872 unde
947 2849 981 2872 est
997 2855 1008 2870 ν
1025 2852 1031 2870 :

247 2881 373 2907 Lbrierum
385 2880 454 2905 verba
466 2879 600 2905 considera.

617 153 645 181 S.
665 151 803 180 JOANNIS
821 149 1056 178 CHRYSOSTOMI
1080 151 1512 182 ARCHIEP.C0.\'STANTINOP.

1833 152 1885 180 280

1095 209 1215 237 locorum
1228 211 1423 246 loquebantur;
1446 216 1473 238 et
1487 211 1548 237 hinc
1569 211 1614 238 ille
1631 211 1749 238 ostendit
1763 219 1792 238 se
1806 210 1883 237 Chri-

1093 261 1162 283 stum
1177 264 1248 290 esse,
1267 258 1329 291 quia
1342 265 1356 283 ιι
1368 257 1446 285 Patre
1460 258 1563 285 venerit
1575 265 1583 289 ;
1605 262 1632 284 et
1646 257 1744 291 ubique
1756 257 1881 284 testifica-

1093 307 1136 329 tur
1146 302 1231 330 Patris
1245 304 1423 338 cognitionem
1439 303 1489 331 sibi
1503 303 1554 330 soli
1576 308 1744 337 cornpetere,
1771 302 1882 335 dicens,

1093 347 1154 375 Non
1168 348 1237 382 quod
1249 348 1351 376 Patrem
1365 350 1421 384 quis
1435 350 1510 381 vidit,
1522 349 1571 376 nisi
1580 349 1622 383 qui
1634 353 1670 376 est
1684 356 1700 374 a
1718 348 1804 375 Patre.
1817 348 1882 381 Qni-

1093 393 1142 420 btts
1150 393 1240 420 verbis
1253 394 1278 420 in
1293 394 1359 421 iram
1372 394 1585 422 concitabantur.
1604 393 1668 421 Nam
1683 401 1744 421 cum
1765 393 1881 426 diceret,

1092 438 1153 466 Non
1164 441 1242 466 nostis
1254 449 1321 471 eum,
1334 444 1361 467 cl
1370 447 1430 467 cum
1443 441 1588 471 evinceret,
1601 440 1672 474 ipsos
1680 440 1750 467 scire
1759 439 1880 473 quidem,

1090 485 1137 512 sed
1151 486 1326 520 ignorantiam
1340 486 1466 514 simulare
1476 507 1483 519 ,
1495 486 1555 521 jure
1568 486 1639 520 ipsos
1653 485 1792 513 mordebat
1806 491 1835 512 et
1845 486 1882 512 ir-

1090 531 1198 559 ritabat.
1208 532 1252 559 50.
1266 531 1485 567 Quwrebanterga
1494 539 1548 558 estut
1561 531 1760 567 apprehendere,
1774 536 1798 558 et
1810 540 1881 558 nemo

1090 577 1156 602 misit
1168 577 1194 603 in
1207 576 1280 603 illunt
1289 585 1409 609 manant,
1420 578 1479 612 quia
1495 577 1608 604 nondum
1623 583 1723 604 venerat
1736 577 1801 604 hom
1816 578 1880 611 ejus.

1092 622 1184 649 Viden'
1195 623 1255 650 illos
1268 623 1438 651 invisibiliter
1447 623 1590 655 cohibitos,
1606 627 1634 650 et
1646 623 1752 650 illorum
1775 624 1881 650 coerci-

1091 672 1145 694 tum
1155 667 1359 695 furorcm?Cur
1375 676 1439 696 vero
1452 676 1506 696 non
1522 669 1606 700 dixit,
1621 669 1692 703 quod
1709 669 1881 696 invisibiliter

1089 720 1136 740 eos
1146 713 1300 745 datin-terit,
1316 713 1375 746 sed,
1392 713 1466 746 Quod
1488 714 1599 740 nondum
1620 713 1724 740 venisset
1736 713 1801 740 hora
1814 714 1879 749 ejus.

1091 759 1202 786 Volebat
1215 760 1376 794 evangelista
1391 759 1509 786 humano
1536 759 1730 793 ltumilioreqtte
1743 759 1824 786 modo
1840 760 1880 786 lo-

1089 805 1143 838 qui,
1161 809 1188 830 ut
1204 803 1284 830 homo
1296 804 1375 831 etiam
1389 812 1450 831 esse
1462 809 1609 838 putaretur.
1619 804 1684 837 Quia
1696 804 1766 831 cuitu
1783 803 1881 839 ubique

1089 849 1214 876 Sublimia
1226 849 1301 882 dicit,
1317 850 1375 876 ideo
1385 849 1442 877 luce
1456 849 1516 876 hinc
1529 850 1590 877 inde
1599 850 1700 877 inserit.
1712 850 1779 877 Cum
1790 855 1880 877 autem

1089 894 1162 927 dicit,
1178 895 1213 921 Ab
1229 896 1284 929 ipso
1296 903 1363 928 sum,
1375 903 1427 922 non
1445 895 1563 930 loquitur
1576 900 1603 922 ut
1618 897 1758 930 propheta,
1772 896 1816 930 qui
1830 896 1880 923 hoc

1088 941 1232 975 acceperit,
1244 941 1370 975 sedquod
1385 941 1459 968 illtttn
1469 941 1568 974 videat,
1584 949 1613 968 ac
1629 949 1688 968 cum
1700 941 1757 975 ipso
1772 942 1815 967 sit.
1832 941 1879 971 29.

1091 985 1157 1012 Novi
1175 987 1247 1013 illum
1261 1007 1268 1018 ,
1293 987 1401 1021 inquit,
1428 988 1486 1022 quia
1505 987 1536 1013 ab
1551 987 1605 1021 ipso
1620 996 1684 1013 sntit.
1709 987 1802 1014 Vidett‘
1827 997 1880 1022 quo

1088 1036 1165 1066 pacto
1177 1032 1227 1060 hoc
1251 1033 1347 1067 ubique
1367 1033 1471 1066 probet,
1489 1033 1507 1058 Α
1521 1033 1614 1067 meipso
1628 1041 1677 1059 non
1696 1034 1759 1064 veni,
1775 1038 1811 1064 ct.
1830 1033 1880 1067 Qui

1089 1079 1155 1106 misit
1166 1087 1204 1105 me
1218 1087 1290 1105 verus
1303 1084 1338 1106 est
1352 1079 1365 1106 7
1378 1080 1402 1106 id
1413 1079 1589 1110 contendens,
1610 1088 1643 1106 ne
1653 1088 1667 1106 τι
1693 1080 1748 1107 Deo
1776 1080 1881 1107 alit-nus

1087 1129 1204 1158 putetur.
1232 1125 1265 1151 Et
1277 1125 1476 1157 animadverte,
1494 1130 1591 1159 quanta
1617 1125 1651 1151 sit
1681 1125 1707 1151 in
1732 1125 1879 1152 humilibus

1088 1170 1175 1197 verbis
1189 1171 1298 1198 utilitas.
1316 1170 1378 1198 Post
1397 1170 1462 1203 lucc,
1480 1170 1574 1204 inquit,
1589 1170 1664 1197 inulti
1677 1169 1818 1196 dicebant:
1833 1170 1877 1196 5|.

1088 1215 1202 1243 Christus
1228 1225 1285 1243 cum
1308 1217 1419 1249 venerit,
1454 1216 1575 1251 numquid
1599 1216 1673 1250 plura
1695 1217 1768 1249 signa
1793 1216 1879 1250 faciet,

1086 1270 1161 1297 quam
1175 1270 1231 1297 qua:
1243 1262 1283 1288 hic
1304 1263 1387 1297 facit?
1404 1261 1469 1296 Qua:
1493 1262 1594 1296 signa?
1619 1262 1698 1296 Atqui
1726 1262 1775 1288 tria
1803 1266 1879 1288 erant

1086 1308 1171 1342 signa,
1187 1308 1252 1340 vini,
1268 1308 1416 1342 paralytici,
1433 1312 1460 1334 et
1475 1307 1521 1334 ﬁlii
1536 1307 1620 1342 reguli
1636 1316 1642 1332 :
1669 1307 1789 1342 nihilque
1808 1307 1876 1333 ultra

1086 1355 1204 1381 narravit
1217 1355 1388 1388 evangelista.
1402 1354 1478 1382 Unde
1490 1354 1583 1388 liquet,
1595 1359 1621 1380 ut
1633 1361 1705 1388 smpe
1716 1353 1790 1385 dixi,
1806 1354 1878 1386 ipsos

1086 1401 1167 1429 multa
1182 1402 1352 1436 przcmittcrc,
1370 1401 1432 1428 dum
1454 1409 1484 1427 ea
1511 1405 1651 1427 recensent
1676 1408 1735 1434 quae
1761 1400 1877 1433 maligne

1085 1448 1220 1483 principes
1236 1447 1465 1474 machinabantur.
1480 1447 1642 1480 Qumrcbant
1653 1453 1716 1480 ergo
1738 1445 1812 1471 illum
1829 1453 1875 1478 ap-

1086 1493 1256 1528 prehendere
1278 1497 1302 1520 et
1325 1493 1486 1519 interficere.
1507 1491 1638 1525 Quinam?
1648 1490 1704 1518 Non
1720 1490 1875 1522 multitudo,

1085 1547 1144 1574 qua:
1157 1539 1333 1574 principatum
1348 1546 1399 1565 non
1412 1537 1563 1570 allectabat,
1579 1544 1627 1564 nec
1639 1536 1735 1563 invidia
1749 1536 1877 1570 corripie-

1085 1585 1179 1618 batur;
1195 1584 1241 1612 sed
1255 1584 1418 1612 sacerdotes.
1447 1583 1533 1610 Turba
1550 1583 1620 1610 enim
1637 1582 1727 1617 populi
1747 1581 1854 1608 dicebat
1866 1589 1875 1607 :

1085 1631 1198 1658 Christus
1213 1631 1380 1662 cuntvenerit,
1397 1629 1519 1663 numquid
1534 1629 1607 1663 plura
1622 1629 1693 1663 signa
1709 1627 1783 1662 faciet
1800 1627 1812 1653 ?
1826 1627 1874 1653 At-

1085 1681 1173 1704 tamen
1187 1677 1243 1703 INBC
1254 1676 1319 1703 ﬁdes
1333 1684 1397 1703 sana
1413 1683 1464 1702 non
1476 1679 1550 1705 erat,
1573 1673 1619 1701 sed
1643 1678 1670 1699 ιιι
1685 1673 1754 1700 solet
1777 1673 1875 1699 inﬁma

1085 1722 1168 1757 plebis
1181 1729 1251 1749 esse.
1265 1721 1330 1748 Illud
1345 1721 1425 1752 enim,
1443 1719 1505 1746 Cant
1520 1720 1629 1751 uenerit,
1655 1726 1706 1745 non
1724 1722 1782 1745 erat
1810 1726 1871 1745 erc-

1084 1769 1204 1796 deutium
1219 1769 1289 1795 hunc
1299 1775 1359 1794 esse
1381 1767 1528 1794 Christum.
1545 1766 1597 1792 Aut
1611 1765 1643 1791 ita
1661 1764 1803 1791 dicendum
1819 1768 1874 1795 cst;

1085 1819 1131 1842 aut
1146 1814 1214 1841 forte
1225 1814 1250 1840 in
1262 1820 1393 1840 concursu
1408 1811 1506 1847 populi,
1519 1819 1579 1838 cuin
1590 1810 1724 1845 principes
1741 1818 1788 1844 pro
1805 1809 1876 1836 virili

1085 1860 1227 1887 ostendere
1241 1860 1391 1886 niterentur
1403 1858 1489 1893 ipsum
1502 1865 1555 1884 non
1568 1864 1627 1883 esse
1640 1856 1787 1888 Christum,
1800 1856 1876 1883 dixe-

1086 1907 1119 1933 rit
1136 1905 1212 1932 lurha
1226 1914 1232 1932 :
1249 1905 1381 1931 Ponamus
1396 1911 1448 1930 non
1463 1911 1524 1929 esse
1536 1903 1680 1933 Christum,
1704 1910 1767 1928 ltlltn
1779 1902 1875 1928 melior

1087 1953 1140 1979 crit
1152 1950 1292 1977 Christus?
1305 1949 1340 1978 Ut
1355 1957 1460 1983 semper
1476 1948 1540 1980 dixi,
1556 1947 1674 1974 inﬁmtttn
1692 1947 1786 1981 vulgus
1797 1968 1804 1978 ,
1822 1955 1873 1974 nou

1086 2005 1099 2024 a
1121 1998 1253 2029 doctrina,
1265 2005 1316 2023 non
1332 2004 1346 2022 a
1360 1995 1545 2026 concionibus,
1562 1994 1607 2021 sed
1620 2003 1633 2020 ιι
1650 1994 1733 2028 signis
1745 1994 1873 2021 allicitur.

1085 2045 1129 2072 52.
1142 2044 1282 2071 Audierant
1295 2042 1419 2069 I’Itariswi
1432 2043 1528 2068 turbam
1540 2045 1748 2072 ntttrntnrautrm,
1761 2046 1784 2066 et
1800 2041 1875 2067 mise-

1085 2090 1289 2120 rnntministros,
1305 2094 1331 2115 ut
1347 2087 1563 2123 appro/tenderent
1581 2095 1647 2113 cunt.
1666 2086 1759 2112 Videu‘
1771 2086 1874 2114 sabbati

1085 2137 1243 2164 solutionem
1255 2135 1392 2162 obtentum
1407 2133 1510 2161 fuisse?
1523 2133 1598 2167 Quod
1613 2137 1701 2159 autem
1715 2133 1774 2159 illos
1787 2132 1875 2159 acrius

1086 2182 1221 2209 mordebat
1237 2203 1244 2213 ,
1273 2181 1323 2208 hoc
1359 2185 1426 2207 erat.
1459 2179 1507 2206 llic
1531 2179 1601 2205 enim
1633 2185 1693 2205 cum
1716 2177 1780 2204 nihil
1803 2177 1873 2212 quod

1086 2227 1290 2255 criminarentur
1302 2226 1441 2257 haberent,
1457 2225 1513 2251 sive
1526 2224 1551 2251 in
1561 2223 1649 2256 dictis,
1666 2223 1723 2250 sive
1737 2223 1763 2250 in
1776 2223 1871 2258 gestis,

1086 2278 1195 2309 propter
1207 2272 1311 2300 tttrbatn
1333 2272 1458 2299 volebant
1481 2271 1555 2297 illttm
1582 2269 1794 2304 apprehendere.
1823 2269 1876 2296 Nec

1086 2320 1218 2347 audebant
1243 2318 1390 2354 periculum
1405 2317 1583 2351 suspicantes,
1598 2316 1644 2342 sed
1660 2315 1800 2342 ministros
1824 2315 1874 2341 mi-

1086 2369 1178 2392 serunt
1205 2365 1249 2399 qui
1282 2367 1425 2390 tentarent.
1456 2361 1478 2388 0
1502 2361 1655 2388 violentiam
1674 2359 1680 2385 l
1703 2368 1719 2387 ο
1733 2360 1873 2387 furerent!

1085 2412 1143 2439 sive
1169 2411 1256 2445 potius
1271 2431 1279 2442 ,
1298 2417 1314 2437 ο
1335 2408 1486 2436 insaniam!
1515 2407 1579 2434 Cum
1606 2407 1631 2433 id
1653 2406 1702 2440 ipsi
1724 2413 1796 2440 sa‘pe
1820 2411 1875 2432 ten-

1088 2461 1210 2487 tasscnt,
1238 2464 1287 2483 nec
1314 2455 1481 2490 potuissent,
1511 2453 1641 2480 tninistris
1668 2459 1724 2478 rem
1751 2451 1873 2478 emuniit-

1087 2508 1146 2530 tttnt
1161 2522 1168 2535 ,
1193 2501 1275 2528 fttrori
1302 2501 1445 2534 animoque
1457 2507 1507 2526 suo
1518 2503 1619 2525 temere
1634 2497 1812 2531 indulgentes.
1829 2497 1874 2522 At-

1087 2549 1131 2583 qui
1159 2548 1242 2575 multa
1265 2547 1339 2580 juxta
1370 2545 1497 2580 piscinam
1528 2544 1655 2578 loquutus
1681 2547 1743 2573 cst,
1777 2546 1804 2568 et
1837 2541 1874 2567 ni-

1088 2594 1123 2621 hil
1151 2594 1202 2620 tale
1228 2591 1313 2619 moliti
1337 2594 1418 2622 sunt;
1446 2589 1493 2617 sed
1516 2589 1678 2623 qutcsierunt
1698 2607 1704 2619 ,
1734 2595 1788 2614 non
1818 2591 1874 2613 tcu-

1088 2643 1185 2666 tarunt.
1202 2638 1249 2666 llic
1264 2644 1328 2664 vero
1348 2644 1405 2663 rem
1422 2636 1492 2663 ferre
1512 2642 1565 2661 non
1582 2638 1713 2669 possunt:
1731 2640 1791 2660 cum
1808 2632 1877 2659 ιιιιιι-

1087 2693 1144 2712 rum
1170 2689 1241 2711 esset
1266 2688 1294 2710 ιιι
1320 2682 1395 2709 turba
1434 2685 1596 2708 accurrertt.
1618 2678 1686 2712 Quid
1713 2686 1776 2714 ergo
1796 2678 1872 2705 Clu-i-

1086 2731 1161 2760 stos?
1176 2731 1220 2758 55.
1236 2730 1325 2756 Adhuc
1337 2727 1464 2756 modicum
1475 2732 1570 2761 tempus
1585 2725 1710 2751 vobiscum
1724 2733 1791 2750 stun.
1807 2723 1872 2750 Cum

1087 2782 1177 2814 posset
1192 2777 1328 2803 auditores
1345 2779 1373 2802 et
1394 2774 1501 2801 ﬂectere
1515 2777 1541 2799 et
1555 2776 1668 2800 terrere,
1683 2770 1762 2797 verba
1780 2769 1875 2804 profert

1089 2824 1236 2852 humilitate
1257 2823 1331 2858 plena
1343 2842 1349 2853 ,
1365 2828 1395 2848 ac
1408 2820 1430 2847 si
1445 2819 1544 2846 diceret
1560 2826 1565 2844 :
1581 2817 1633 2844 Cur
1653 2824 1695 2843 me
1710 2815 1876 2847 interfici-re,

1089 2879 1136 2899 cur
1158 2869 1279 2905 persequi
1296 2866 1431 2902 quwritis?
1445 2863 1575 2892 Modicum
1595 2865 1763 2897 exspectate,
1780 2865 1807 2888 et
1821 2859 1877 2887 sine
