2031 3118
156 159 202 188 εει

155 221 228 246 tanto
244 220 334 244 vestro
348 218 444 243 conatu
465 222 508 242 me
527 213 684 249 capiendum
706 212 826 240 ol'l'eram.
847 210 947 239 Deinde

153 271 187 291 ne
200 263 261 298 quis
275 269 443 290 communem
458 260 510 288 dici
524 264 636 287 mortem
649 260 823 287 arbitraretur
836 258 876 285 his
889 265 948 285 ver-

153 310 194 336 bis
204 330 211 341 ,
232 309 322 336 Adhuc
340 308 468 335 modicum
487 312 585 341 tempus
596 306 722 333 vobiscum
736 314 791 333 sum
803 305 881 340 (nam
896 304 947 331 hoc

151 354 315 390 putabant);
330 354 399 381 hanc
414 353 564 388 opinionem
581 357 610 379 ut
624 357 771 384 amoveret,
788 351 872 386 ipsum
888 354 947 385 post

150 405 266 428 mortem
284 400 349 427 nihil
363 403 533 433 operatnrnm
553 405 612 425 esse
622 418 629 430 ,
644 397 760 424 subdidit
775 405 783 423 :
797 397 841 423 54.
859 395 890 422 Et
904 395 947 422 ubi

150 454 207 473 sum
222 454 269 481 ego
280 466 288 478 ,
302 453 347 472 vos
362 453 412 472 non
428 444 529 479 potestis
543 444 634 470 venire.
655 442 683 469 Si
702 447 791 469 autem
813 442 840 468 in
860 446 946 468 morte

149 499 293 519 mansurus
308 495 380 522 erat,
396 491 434 517 ire
449 497 513 517 sane
528 489 676 524 potuissent
691 497 698 516 :
713 495 746 516 eo
761 495 874 521 namque
885 494 944 513 om-

150 545 197 564 nes
212 538 367 572 migrantus.
382 535 533 570 Simplicior
546 535 633 570 itaque
647 532 787 561 multitudo
801 532 841 559 his
857 532 945 558 verbis

149 583 324 613 ﬂectebatur;
342 581 457 609 ferocior
475 581 600 613 timebat;
616 580 761 607 studiosior
781 578 813 605 ad
833 578 943 605 audien-

147 628 212 655 dum
235 628 410 663 properabat,
427 627 497 662 quod
519 634 610 661 parum
629 630 782 660 superesset
798 624 923 659 temporis
935 645 942 657 ,

148 681 198 701 nec
220 681 327 707 semper
349 678 459 707 possent
480 672 524 699 tali
544 672 597 698 frui
617 671 747 699 doctrina.
768 671 822 698 Nec
841 675 942 697 tantum

147 719 226 750 dixit,
241 719 289 746 llic
299 726 368 749 sntit,
381 718 438 750 sed,
457 717 590 744 Vobiscum
600 724 676 748 sunt;
690 716 714 743 id
728 720 778 748 est,
791 716 839 743 etsi
854 723 943 750 perse-

147 765 277 800 quamini,
290 765 339 792 etsi
355 765 504 799 exagitetis,
521 771 553 790 ne
564 763 697 790 tantillum
712 761 818 797 quidem
832 761 943 788 cessabo

147 811 224 838 vobis
236 810 401 845 prospicere,
413 814 440 836 et
452 816 511 843 qum
522 808 554 835 ad
569 808 681 835 salutem
694 811 809 834 vestram
822 810 942 841 spectant

145 857 302 891 prtedicare.
319 855 353 882 Et
365 856 430 883 vado
442 856 476 882 ad
495 863 552 882 eum
563 855 605 889 qui
619 854 687 881 misit
700 861 748 881 me.
764 853 826 880 llaec
841 858 942 880 terrere

146 908 270 937 poterant
284 907 312 930 et
325 909 432 937 angere.
450 901 514 928 Nam
534 901 591 928 fore
606 905 634 928 nt
653 900 711 935 ejus
733 907 784 934 ope
807 899 942 934 indigeant

146 949 276 984 prtcdieit.
293 947 416 981 Qua-retis
429 955 485 980 me,
502 947 605 982 inquit;
622 954 674 973 non
694 946 779 973 soluat
801 953 853 972 non
871 945 939 972 obli-

144 993 283 1021 viscemini
297 1014 305 1026 ,
320 993 366 1020 sed
380 993 459 1020 etiam
476 992 598 1025 Quantis
613 1000 652 1018 me
664 1012 670 1022 .
687 996 710 1018 et
731 1000 781 1018 non
800 991 939 1017 invenietis.

144 1040 178 1067 Et
200 1039 308 1066 ubinam
333 1039 496 1074 quaesierunt
518 1045 579 1065 eum
602 1037 704 1065 Judtei?
732 1037 827 1064 Narrat
855 1037 940 1064 Lucas

144 1085 220 1120 (Cap.
232 1085 277 1112 23.
293 1085 351 1117 49),
364 1084 488 1111 mulieres
501 1084 574 1111 illum
590 1084 723 1118 planxisse
736 1092 742 1115 ;
759 1087 786 1110 et
800 1088 829 1119 ut
844 1083 939 1110 verisi-

143 1131 207 1158 mile
220 1137 271 1162 est,
285 1130 359 1157 multi
375 1130 417 1157 alii
433 1130 558 1157 luxerunt
572 1137 645 1162 eum,
660 1137 692 1156 ac
707 1134 768 1164 post
782 1130 854 1156 urbis
868 1129 940 1156 exci-

143 1176 236 1209 dium,
257 1176 315 1211 ejus
339 1177 506 1210 praesentiam
528 1180 668 1210 optarunt,
691 1175 820 1202 recordati
843 1183 940 1209 nempe

139 1222 241 1250 Christi
255 1228 281 1250 et
298 1222 484 1250 miraculorum
500 1222 567 1256 eius.
577 1221 643 1251 ,Hzec
655 1226 743 1249 autem
755 1222 844 1248 omnia
857 1221 937 1252 dixit,

143 1273 173 1296 ut
185 1276 233 1297 eos
246 1268 375 1295 alliceret.
391 1267 457 1295 Nam
471 1267 542 1302 quod
559 1275 650 1302 parum
671 1270 823 1302 superesset
837 1271 939 1300 tempo-

140 1315 191 1348 ris,
205 1314 276 1350 quod
290 1314 502 1350 postdiscessum
513 1314 636 1349 optabilis
647 1313 722 1345 foret,
737 1321 797 1340 cum
808 1320 859 1339 non
870 1312 938 1339 ultra

139 1366 237 1397 posset
250 1361 372 1393 inveniri;
385 1361 452 1393 hate,
462 1361 579 1396 inquam,
591 1361 690 1394 omnia,
706 1365 734 1387 nt
745 1361 794 1395 ipsi
807 1360 939 1387 lucrcrent

140 1409 257 1436 suadere
265 1408 465 1444 poterant.Nam
471 1408 493 1436 si
503 1409 617 1435 futurum
627 1416 678 1435 non
688 1411 755 1440 erat,
767 1411 795 1434 ut
803 1407 860 1441 ejus
868 1414 937 1441 prm-

143 1456 228 1483 senlia
238 1456 363 1490 optabilis
378 1459 464 1487 esset,
476 1454 541 1482 nihil
553 1455 616 1489 ipsis
625 1462 747 1489 magnum
762 1454 852 1481 dicere
863 1453 936 1481 vide-

144 1503 231 1530 batur.
245 1502 371 1534 Rursum,
383 1502 404 1529 si
416 1501 538 1536 optabilis
550 1501 634 1528 futura
644 1501 700 1535 ejus
713 1500 852 1535 prznsentia
866 1505 935 1533 erat,

140 1548 179 1575 ita
190 1553 217 1575 ut
228 1552 316 1576 tamen
326 1547 436 1575 inveniri
446 1551 546 1582 posset,
556 1547 581 1574 id
591 1555 642 1574 non
655 1547 688 1573 ita
699 1547 758 1573 illos
768 1546 935 1573 turbavissct.

179 1597 206 1624 3.
229 1596 326 1623 lterum
350 1596 373 1623 si
398 1596 481 1623 nntlto
505 1600 627 1630 tempore
652 1603 770 1631 praesens
795 1603 937 1622 mansurus

140 1643 249 1676 fuisset,
264 1642 351 1677 supini
367 1641 480 1669 fortasse
494 1642 651 1670 evasissent.
666 1641 740 1669 Nunc
756 1646 844 1668 autem
861 1641 938 1668 nudi-

143 1696 196 1722 que
211 1688 271 1715 illos
285 1688 400 1722 exagitat
418 1691 445 1714 et
459 1691 550 1715 terret.
564 1687 630 1713 Illud
644 1694 706 1713 vero
716 1707 723 1719 ,
745 1685 816 1713 Vada
830 1687 863 1713 ad
881 1695 937 1712 t’ttm

142 1735 185 1769 qui
197 1734 263 1760 misit
278 1741 327 1765 me,
342 1733 460 1760 declarat
474 1733 537 1760 nihil
552 1732 640 1760 damni
655 1732 771 1759 futurum
786 1740 818 1760 ex
834 1732 936 1759 insidiis

144 1786 257 1812 eorum,
273 1782 300 1806 et.
320 1785 350 1806 se
364 1778 512 1806 voluntarie
535 1786 683 1813 passnrutn.
699 1779 756 1805 Duo
775 1779 854 1813 igitur
869 1787 936 1812 prte-

143 1826 220 1858 dixit,
242 1831 268 1853 et
281 1832 311 1852 se
328 1825 408 1859 paulo
423 1830 482 1860 post
503 1825 636 1851 abiturum
650 1846 657 1857 ,
671 1829 698 1852 et
720 1825 778 1852 illos
792 1825 825 1851 ad
840 1833 869 1852 se
883 1833 936 1852 non

145 1877 271 1899 venturos
284 1878 344 1899 esse
360 1879 366 1897 :
381 1871 450 1906 quod
465 1875 538 1898 certe
552 1878 604 1897 non
619 1870 668 1897 fuit
684 1870 805 1897 humana:
820 1871 915 1898 mentis
927 1891 935 1904 ,

145 1923 173 1945 nt
185 1923 299 1945 mortem
313 1925 387 1945 suam
402 1917 571 1952 prmdiceret.
586 1916 651 1944 Vide
666 1924 780 1952 namque
789 1917 851 1952 quid
867 1917 937 1944 dicat

145 1963 228 1990 David
243 1973 249 1991 :
264 1962 361 1990 Natum
379 1963 420 1997 [ac
433 1963 505 1995 mihi,
522 1962 639 1995 Domine,
655 1963 731 1996 ﬁnem
741 1971 835 1996 meum,
849 1968 871 1989 et
889 1971 937 1990 nuo

143 2017 242 2035 merum
259 2017 384 2035 annorum
398 2017 510 2035 meorum
527 2009 582 2042 quis
597 2013 633 2035 est
644 2029 651 2041 ,
667 2013 695 2035 ut
707 2009 785 2035 sciant
799 2009 858 2043 quid
873 2009 936 2036 desit

143 2055 227 2091 mihi(
244 2055 315 2082 Psal.
329 2055 373 2082 58.
389 2055 436 2089 5).
456 2054 482 2081 Id
505 2055 624 2089 profecto
636 2062 714 2081 nemo
734 2055 816 2081 novit.
833 2055 870 2081 Ex
885 2062 937 2081 uno

143 2105 233 2127 autem
247 2100 364 2127 alterum
376 2100 561 2127 confirmatur.
577 2100 632 2133 Ego
646 2107 710 2127 vero
723 2104 786 2134 puto
801 2099 826 2126 id
841 2104 868 2126 et
886 2099 936 2127 mi-

146 2147 241 2174 nistris
260 2146 427 2182 arnigmatice
439 2146 490 2173 dici
503 2167 511 2179 ,
526 2151 553 2173 et
567 2146 702 2173 ministros
724 2151 844 2180 spectare
854 2167 861 2179 ,
885 2153 937 2181 quo

144 2192 261 2219 maxime
275 2192 334 2219 illos
354 2192 490 2224 alliceret;
504 2191 649 2218 ostendens
663 2199 693 2219 se
707 2192 776 2219 scire
789 2199 836 2219 cur
849 2192 937 2218 venis-

143 2244 221 2271 sent;
241 2245 273 2265 ac
292 2238 314 2264 si
329 2238 445 2270 diceret,
459 2238 615 2272 Exspectate
631 2237 765 2272 paulisper
775 2258 784 2271 ,
799 2242 826 2265 et
845 2238 935 2265 abibo.

143 2284 189 2311 35.
213 2283 336 2310 Dicebam
358 2291 418 2318 ergo
431 2283 516 2310 Judaei
541 2284 606 2310 inter
627 2291 654 2310 se
668 2291 676 2312 :
692 2283 748 2317 Quo
773 2283 855 2310 iturus
878 2284 938 2310 est?

144 2330 264 2358 Tametsi
279 2330 316 2357 illi
330 2330 375 2364 qui
387 2329 574 2357 desiderabant
586 2334 614 2356 ut
627 2329 730 2362 abiret,
745 2329 864 2364 nihilque
884 2337 936 2356 non

144 2376 260 2410 agebant
271 2396 280 2408 ,
303 2380 330 2402 ut
345 2383 378 2402 ne
398 2375 466 2402 ultra
486 2375 607 2402 viderent
625 2383 702 2407 eum,
716 2383 768 2402 non
783 2375 938 2402 debuissent

145 2421 197 2449 hoc
209 2429 350 2456 quaerere;
364 2421 410 2449 sed
424 2422 513 2449 dicere
524 2442 530 2454 ,
546 2421 697 2449 Gaudemus
710 2421 779 2456 quod
798 2421 877 2448 abeas
892 2430 898 2447 ε
912 2427 939 2448 et

144 2467 252 2503 quando
266 2467 318 2495 hoc
329 2468 398 2495 erit?
412 2468 464 2495 Sed
476 2467 517 2494 his
530 2468 617 2495 verbis
629 2467 812 2500 movebantur,
827 2473 852 2494 et
866 2468 898 2494 ab
908 2475 938 2495 se

146 2519 238 2540 mutuo
250 2521 282 2540 ac
295 2513 377 2540 stulte
390 2518 524 2548 quau-unt,
540 2521 594 2548 quo
608 2514 694 2541 iturus
709 2519 789 2541 esset.
809 2513 939 2549 Numquid

144 2559 171 2586 iu
194 2560 376 2594 dispersione"!
396 2560 508 2594 gentium
519 2560 532 2586 7
543 2559 611 2592 Quid
628 2564 668 2586 est
680 2580 687 2592 ,
704 2559 736 2586 In
758 2559 938 2595 dispersionem

145 2605 284 2640 gentium?
298 2605 344 2633 Sic
356 2610 451 2640 gentes
463 2606 593 2632 vocabant
605 2605 700 2639 Jndtei,
714 2607 773 2641 quia
789 2606 886 2641 ubique
899 2607 940 2633 di-

147 2659 247 2686 spersas
259 2655 346 2683 erant,
358 2656 385 2678 et
395 2651 478 2678 libere
488 2651 738 2680 eommiscebantnr.
752 2653 825 2679 llanc
834 2660 940 2688 quoque

146 2702 175 2724 et
185 2697 222 2725 illi
234 2700 326 2732 postea
340 2696 513 2732 ignominiam
525 2697 594 2732 passi
609 2702 671 2724 sunt
684 2706 691 2724 :
704 2705 765 2725 nam
776 2699 824 2733 ipsi
835 2707 940 2733 quoque

146 2743 279 2777 dispersio
293 2743 411 2771 luerunt.
427 2743 496 2770 Olitn
514 2748 568 2770 tota
583 2751 649 2779 gens
663 2744 742 2772 simul
757 2751 849 2773 coacta
860 2751 918 2773 erat
930 2766 938 2779 ,

148 2797 199 2817 nec
219 2789 284 2816 alibi
297 2790 416 2824 reperire
430 2795 487 2817 erat
505 2789 644 2824 Judmum,
665 2799 743 2826 quam
759 2792 786 2819 in
801 2792 940 2820 Palaestina

149 2840 263 2862 tantum.
278 2835 341 2862 Ideo
362 2835 447 2862 Judaei
469 2839 561 2870 gentes
577 2836 707 2864 vocabant
727 2837 918 2873 dispersionem
932 2859 939 2871 ,

149 2881 344 2918 exprobrantes
363 2882 436 2916 illis,
458 2889 491 2910 ac
511 2882 545 2910 de
564 2889 594 2911 se
612 2882 753 2918 magnifice
783 2886 937 2913 sentientes.

666 155 699 183 ΙΝ
718 152 873 183 JUA‘NNE.“
895 152 1007 181 llOlliL.
1026 154 1055 181 L.
1073 157 1108 182 at.
1130 153 1223 181 XLIX.

1740 159 1793 186 982

1001 221 1070 256 Quid
1089 230 1153 257 ergo
1166 222 1215 249 sibi
1231 223 1286 250 vult
1302 223 1365 251 illud
1376 245 1382 255 .
1402 223 1458 258 Quo
1472 233 1516 260 ego
1536 224 1599 252 vado
1609 246 1615 257 ,
1630 234 1672 253 vos
1683 234 1734 253 mm
1745 236 1792 260 po—

1001 268 1070 294 testis
1084 268 1166 295 venire
1177 289 1183 299 ,
1197 268 1259 296 dum
1275 276 1335 296 cum
1356 270 1408 297 illis
1421 270 1505 297 Judaei
1520 271 1617 306 ubique
1640 279 1686 306 per
1700 272 1791 299 urbem

1001 318 1131 340 terrarum
1145 314 1403 342 connuiseerentur?
1417 315 1443 343 Si
1459 324 1522 351 ergo
1535 322 1629 351 gentes
1641 318 1791 352 signiﬁcare

999 359 1137 391 voluisset,
1153 367 1205 386 non
1221 360 1341 392 dixisset,
1360 361 1415 393 Quo
1429 370 1478 388 non
1494 364 1595 397 potestis
1614 364 1705 390 veuire.
1723 365 1790 392 Cum

999 409 1087 432 autem
1101 405 1223 432 dixerunt
1236 426 1243 438 ,
1262 405 1331 432 Nunt
1345 407 1371 433 in
1392 407 1572 442 dispersiouem
1586 410 1695 444 gentium
1710 411 1792 437 iturus

998 452 1054 478 est?
1065 459 1116 485 non
1127 451 1295 483 addideruat,
1310 451 1340 478 Et
1354 453 1503 486 perditurus
1516 462 1572 487 eas,
1582 455 1638 486 sed.
1653 449 1788 483 Docturus.

998 497 1043 524 Sie
1067 498 1157 524 sedata
1183 502 1223 524 est
1247 498 1351 524 illorum
1379 498 1437 531 ira,
1459 503 1487 525 et
1501 499 1578 526 dictis
1599 500 1782 528 crediderunt.

997 542 1063 569 Nam
1075 543 1096 569 si
1109 550 1161 570 non
1171 543 1356 575 credidissent,
1372 550 1424 570 non
1439 544 1575 578 qnazsituri
1591 546 1659 572 inter
1671 553 1700 574 se
1712 551 1789 574 erant

997 588 1059 623 qttid
1072 589 1182 616 diceret.
1198 589 1295 616 Verum
1308 589 1365 616 hzec
1376 590 1428 616 illis
1442 589 1510 616 dicta
1521 595 1609 617 sunto.
1626 591 1678 618 Sed
1693 592 1787 620 linteu-

997 633 1059 660 dnm
1070 655 1077 667 ,
1098 642 1130 661 ne
1144 635 1219 662 nobis
1234 643 1340 670 quoque
1360 635 1402 662 illa
1416 640 1588 669 competant,
1604 636 1674 670 quod
1689 637 1732 664 ubi
1746 639 1790 666 ille

996 684 1047 712 est,
1063 687 1095 707 eo
1108 688 1156 707 nos
1171 688 1221 708 non
1237 681 1368 715 p05simus
1382 682 1466 712 abire.
1478 681 1547 716 quod
1563 682 1614 709 \ita
1626 687 1713 710 nostra
1727 691 1790 717 pce-

996 729 1062 754 catis
1074 728 1108 755 sit
1125 729 1211 763 plena.
1229 729 1265 756 De
1288 729 1426 763 discipulis
1445 730 1515 756 enitn
1537 729 1593 761 ait,
1621 729 1683 756 Volo
1702 734 1728 756 nl
1749 730 1791 757 ubi

995 782 1050 801 sum
1066 783 1111 809 ego
1127 795 1133 806 ,
1150 780 1173 801 et
1190 775 1228 801 illi
1242 775 1293 801 sint
1304 783 1401 801 mecum
1415 775 1423 809 (
1436 774 1513 801 Joau.
1530 775 1572 801 17.
1589 774 1644 809 2-4).
1661 775 1699 802 De
1714 776 1790 802 nobis

995 828 1058 847 vero
1071 822 1150 848 timeo
1164 829 1197 848 ne
1211 821 1376 848 contrarium
1392 821 1496 847 dicatur
1508 842 1514 854 ,
1530 820 1577 847 Ubi
1592 829 1637 856 ego
1657 829 1722 851 sum,
1741 830 1790 848 non

995 867 1096 901 potestis
1118 867 1211 894 venire.
1237 867 1303 894 Cum
1326 867 1397 894 enitn
1419 871 1512 893 contra
1538 875 1616 902 quam
1639 868 1790 901 prtccipitur

994 921 1119 948 agamus.
1136 913 1270 948 quomodo
1291 913 1437 947 poterimus
1451 913 1495 940 illo
1514 913 1608 941 abire?
1622 913 1685 940 Nam
1700 914 1724 940 in
1739 913 1789 940 hoc

994 960 1102 991 smculo,
1121 960 1144 987 si
1162 960 1222 994 quis
1237 960 1314 986 miles
1328 968 1357 987 ea
1373 965 1432 994 agat
1448 968 1507 994 qna.-
1519 964 1610 987 contra
1624 961 1692 992 regis
1705 961 1790 995 digiti-

995 1009 1074 1032 tatem
1089 1006 1152 1036 sint,
1165 1014 1217 1032 nun
1233 1006 1329 1040 poterit
1342 1014 1431 1040 regem
1447 1006 1550 1039 videre,
1567 1006 1613 1033 Sed
1628 1012 1788 1034 exauctora-

994 1054 1036 1078 tus
1050 1056 1199 1078 extremum
1213 1052 1267 1078 luet.
1279 1051 1449 1085 supplicium.

1029 1098 1142 1123 Avaritia
1154 1118 1161 1129 ,
1175 1097 1266 1133 rapina
1277 1098 1449 1132 iujustilinque
1466 1097 1603 1132 fugiendae.
1619 1097 1787 1133 Eleemosyna

991 1143 1191 1170 commendatur.
1206 1157 1242 1162 —
1255 1142 1282 1169 Si
1297 1150 1361 1177 ergo
1377 1143 1520 1177 rapiamus,
1538 1143 1655 1169 araritim
1675 1143 1783 1170 studea-

993 1196 1063 1221 mns,
1079 1189 1176 1222 injuste
1188 1196 1308 1224 agamus,
1326 1189 1511 1223 percutiamus,
1524 1189 1719 1225 eleemosynatn
1734 1197 1786 1216 nun

991 1242 1141 1270 erogemus,
1156 1243 1209 1262 non
1224 1235 1371 1269 poterimus
1386 1235 1431 1261 illo
1444 1235 1533 1265 abire:
1550 1235 1597 1262 sed
1613 1235 1637 1262 id
1653 1236 1785 1270 patiemur

991 1281 1061 1316 quod
1077 1281 1224 1315 virginibus
1245 1281 1435 1316 acciditzqua:
1457 1281 1488 1307 ad
1515 1281 1587 1308 illum
1611 1281 1712 1315 ingredi
1734 1289 1786 1308 non

992 1330 1154 1361 potuerunt,
1174 1326 1220 1353 sed
1235 1331 1425 1358 recesserunt,
1444 1326 1584 1353 exstinctis
1597 1327 1762 1360 lampadibus
1775 1348 1784 1360 ,

992 1372 1042 1399 hoc
1058 1376 1098 1399 est
1111 1393 1118 1404 ,
1134 1372 1218 1407 gratia
1232 1371 1385 1399 deficiente.
1409 1371 1556 1398 Flammam
1571 1372 1670 1407 quippe
1692 1373 1763 1399 illam
1777 1393 1785 1405 ,

990 1425 1068 1452 quant
1082 1426 1096 1444 a
1112 1418 1225 1451 Spiritus
1239 1418 1323 1451 gratia
1343 1418 1433 1445 statim
1446 1417 1603 1451 accipimus,
1623 1418 1645 1444 si
1662 1418 1784 1449 velimus,

990 1463 1170 1490 ardentiorem
1183 1462 1330 1495 efficimus;
1343 1463 1385 1490 sin
1399 1463 1524 1496 nolimus,
1539 1463 1627 1490 statim
1640 1463 1710 1489 illam
1727 1471 1787 1497 per-

990 1509 1092 1537 demus.
1109 1509 1154 1537 llla
1166 1514 1254 1536 autent
1265 1509 1405 1540 exstincta,
1418 1509 1483 1535 nihil
1497 1508 1568 1536 aliud
1579 1517 1657 1544 quam
1671 1510 1785 1536 tenebrat

990 1555 1016 1582 in
1031 1555 1129 1582 nostris
1144 1555 1269 1582 insidebit
1280 1556 1385 1582 animis.
1397 1555 1471 1582 Sicut
1483 1555 1554 1581 enim
1569 1555 1680 1582 ardente
1692 1555 1782 1582 lucer-

990 1609 1022 1628 na
1034 1623 1041 1635 ,
1056 1601 1137 1628 multa
1153 1601 1195 1627 lux
1211 1600 1334 1635 splendet
1350 1609 1357 1627 :
1372 1600 1411 1627 sic
1426 1601 1469 1627 illa
1485 1600 1609 1627 restincta
1623 1620 1630 1632 ,
1655 1600 1718 1626 nihil
1734 1600 1784 1626 nisi

991 1647 1116 1674 tenebrat.
1129 1646 1190 1673 Ideo
1198 1647 1234 1673 ait
1245 1655 1252 1673 ί
1266 1645 1352 1673 Nolite
1361 1646 1478 1680 spiritum
1489 1646 1645 1680 exstinguere
1653 1645 1782 1681 (LTIIess.

990 1694 1016 1720 5.
1037 1694 1098 1728 l9).
1116 1693 1298 1728 Exstingnilur
1311 1697 1413 1726 autent,
1428 1700 1489 1719 cum
1502 1692 1590 1719 oleutn
1614 1699 1666 1718 non
1683 1691 1782 1722 habet;

989 1740 1096 1775 quando
1118 1744 1198 1767 vento
1221 1739 1405 1767 vehementior
1429 1739 1549 1773 quasdam
1576 1739 1617 1765 vis
1640 1737 1782 1769 insufflat;

990 1785 1096 1820 quando
1115 1785 1300 1820 comprimitur
1313 1789 1340 1812 et
1357 1789 1517 1812 coarctatur.
1533 1784 1577 1811 Sic
1591 1783 1663 1811 enim
1677 1784 1778 1810 exstin-

989 1831 1078 1866 guitur
1099 1832 1176 1865 ignis.
1192 1831 1383 1865 Cumprimitur
1405 1835 1492 1857 autem
1517 1838 1532 1856 a
1555 1829 1778 1857 sollicitudiuilnts

989 1877 1176 1907 Saecularibus.
1193 1881 1220 1903 et
1235 1876 1414 1911 exstinguitur
1426 1883 1441 1902 a
1464 1875 1532 1902 mala
1555 1874 1782 1909 concupiscentia.

991 1923 1029 1950 Ad
1046 1923 1103 1950 hmo
1123 1922 1189 1950 nihil
1212 1923 1283 1949 illam
1299 1923 1333 1949 ita
1355 1922 1500 1957 exstinguit
1512 1941 1521 1953 .
1544 1927 1569 1948 ut
1587 1921 1783 1952 inlntmanitas,

990 1968 1143 1999 crudelitas,
1154 1968 1245 2002 rapina
1268 1967 1332 1995 Cum
1345 1972 1446 1999 autem.
1458 1967 1518 1994 oleo
1527 1966 1678 1999 deficiente,
1690 1973 1784 2001 aquam

990 2014 1068 2041 etiam
1084 2014 1204 2048 frigidam
1219 2013 1381 2040 infundimus
1395 2033 1401 2044 ,
1418 2013 1468 2039 hoc
1489 2017 1530 2039 est
1543 2012 1681 2039 avaritiam
1694 2032 1702 2045 ,
1724 2019 1784 2046 qua:

991 2067 1039 2094 per
1054 2059 1176 2086 laesorum
1191 2058 1344 2086 maestitiam
1361 2058 1463 2085 animas
1481 2058 1634 2092 exstinguit,
1651 2057 1722 2084 unde
1737 2064 1784 2092 pn-

991 2109 1079 2132 terunt
1103 2104 1198 2131 iterum
1214 2103 1346 2130 accendi?
1368 2103 1539 2138 Migrabimus
1560 2110 1624 2137 ergo
1647 2102 1784 2137 pulverem

990 2150 1159 2184 cineremque
1173 2149 1284 2176 multum
1296 2149 1431 2177 nobiscum
1446 2148 1562 2176 ferentes
1573 2149 1724 2182 fumumque
1736 2155 1785 2174 nos

990 2201 1171 2227 accusantem,
1186 2195 1256 2230 quod
1272 2195 1407 2229 lampadas
1422 2195 1637 2222 exstinxerimus.
1651 2193 1699 2221 Ubi
1713 2194 1784 2220 enim

991 2242 1078 2269 fumus
1093 2245 1134 2269 est
1146 2262 1153 2273 ,
1169 2241 1205 2267 ibi
1221 2248 1331 2269 necesse
1345 2246 1386 2268 est
1400 2241 1559 2268 exstinctum
1583 2240 1670 2274 ignem
1692 2239 1783 2266 fuisse.

993 2288 1089 2315 Verum
1103 2287 1172 2314 absit
1187 2294 1220 2314 ne
1234 2286 1364 2321 quispiam
1381 2286 1448 2314 hanc
1463 2293 1555 2313 vocem
1574 2285 1674 2316 audiat,
1691 2284 1785 2311 Nﬂt‘fo

991 2341 1046 2360 vos.
1053 2332 1226 2366 Quandonam
1238 2337 1324 2359 autem
1335 2332 1391 2359 lucc
1401 2339 1452 2360 vox
1464 2331 1594 2365 audietur,
1606 2331 1657 2358 ιιίκί
1668 2331 1711 2358 ubi
1723 2337 1784 2357 cum

993 2386 1135 2414 pauperem
1148 2378 1280 2411 videmus,
1295 2377 1407 2413 perinde
1421 2377 1507 2405 affecti
1521 2385 1614 2405 sumus
1624 2398 1632 2409 .
1646 2385 1678 2405 ac
1692 2377 1713 2404 si
1728 2385 1780 2403 non

992 2427 1163 2454 videremus?
1173 2426 1284 2460 Quando
1299 2434 1347 2453 nos
1359 2425 1492 2452 Christum
1506 2425 1666 2452 esurientem
1679 2425 1786 2458 ignora-

993 2473 1091 2505 binnts,
1109 2472 1239 2506 ignorabit
1253 2476 1279 2498 et
1291 2471 1333 2498 ille
1346 2478 1394 2498 nos
1407 2471 1466 2498 oleo
1477 2476 1587 2505 egentes
1599 2479 1605 2496 :
1617 2474 1643 2496 et
1658 2469 1718 2504 jure
1728 2476 1787 2503 qni-

992 2519 1062 2546 detn.
1080 2518 1145 2545 Nam
1162 2518 1206 2552 qui
1224 2518 1351 2544 miserum
1366 2517 1490 2551 despicit,
1507 2524 1557 2543 nec
1570 2517 1644 2550 juvat
1660 2523 1691 2542 ex
1710 2515 1788 2541 bonis

994 2566 1061 2597 suis,
1074 2564 1208 2600 quomodo
1221 2568 1322 2599 qtneret
1343 2564 1465 2597 accipere
1479 2571 1510 2589 cx
1525 2570 1579 2589 non
1593 2561 1669 2588 suis?
1683 2561 1783 2594 Quatu-

993 2611 1086 2638 obrem
1099 2631 1107 2643 ,
1124 2617 1188 2645 rogo
1199 2631 1207 2644 ,
1223 2610 1311 2637 Omnia
1327 2609 1454 2636 faciamus
1466 2629 1473 2640 ,
1488 2609 1575 2635 omnia
1590 2614 1743 2634 moveamus
1758 2610 1788 2633 ut

994 2657 1081 2684 oleum
1097 2656 1173 2684 nobis
1186 2664 1238 2683 nnn
1251 2656 1357 2683 deficiat
1369 2663 1377 2687 ;
1394 2655 1440 2682 sed
1456 2662 1581 2682 ornemns
1595 2652 1729 2687 lampades
1741 2673 1747 2682 .
1761 2656 1788 2678 et

993 2710 1053 2731 cutn
1065 2702 1198 2737 sponsoin
1210 2701 1353 2728 thalamum
1368 2699 1546 2735 ingrediamnr
1562 2708 1567 2726 :
1581 2706 1659 2733 quem
1670 2705 1717 2724 nos
1728 2705 1787 2723 om-

994 2756 1042 2776 nes
1056 2748 1162 2782 assequi
1177 2748 1333 2782 contingat,
1350 2747 1433 2782 gratia
1454 2752 1482 2773 et
1503 2746 1668 2780 benignitate
1684 2742 1787 2770 Domini

994 2795 1077 2822 nostri
1086 2793 1148 2821 Jesu
1156 2792 1266 2826 Christi,
1282 2800 1328 2827 per
1339 2800 1417 2827 quem
1432 2796 1459 2819 et
1472 2800 1532 2819 cum
1547 2798 1599 2826 quo
1610 2790 1682 2818 Patri
1692 2789 1787 2824 gloria,

994 2839 1126 2874 simulque
1137 2838 1246 2873 Spiritui
1261 2842 1355 2864 sancto
1368 2859 1375 2871 ,
1391 2845 1462 2865 nunc
1475 2843 1502 2864 et
1516 2844 1623 2873 semper
1635 2857 1642 2870 ,
1658 2840 1686 2864 et.
1700 2836 1725 2862 in
1739 2842 1789 2862 sa:-

996 2885 1055 2913 cula
1066 2884 1233 2912 saeculorum.
1250 2883 1345 2910 Amen.
