2031 3118
571 112 598 136 S.
618 103 1002 136 JO.\NNlSCllRYSOSTONll
1024 102 1181 131 Al‘iClllEP.
1201 100 1465 129 CONSTANTINOP.

1807 99 1857 125 Ξειιό

541 167 1855 184 __________________.__._———————-

929 209 1095 240 HOMILIA
1120 209 1169 238 LI.

216 299 281 325 Ἦλις.
303 297 329 322 7.
351 303 375 321 \‘.
398 294 441 321 57.
461 291 490 319 lu
517 291 651 318 novissimo
673 292 757 314 autem
773 287 812 313 die
837 293 927 320 magno
942 283 1009 318 [csti-

255 344 346 371 rilatis,
360 340 439 367 stabat
450 338 537 370 Jcsus,
554 342 577 363 ct
590 336 714 363 clamabat
725 335 827 360 dicens:
840 331 870 359 Si
884 332 938 365 quis
949 331 1011 362 sitit,

255 389 336 415 veniat
351 387 385 414 ad
398 395 436 413 mc
450 391 471 413 et
485 385 560 411 bibat.
576 383 612 420 (ιι)
628 382 671 410 58.
686 381 736 413 Qui
746 379 826 406 credit
843 379 869 404 in
884 386 933 409 me,
948 377 1013 404 sicut

255 435 314 461 dicit
331 434 484 468 Scriptura,
501 431 609 466 [lumina
625 430 657 456 de
671 433 754 456 ventre
776 426 830 461 rjus
849 425 929 459 ﬂuent
942 431 1015 459 aqua?

256 482 328 508 vivat.

259 529 286 555 L
303 526 436 555 Auditoru
447 525 525 552 divini
539 524 605 551 verbi
619 524 729 550 sitientes
740 531 792 550 esse
810 518 1014 557 oportet—Qui

222 576 253 602 ad
265 575 381 601 divinam
392 573 522 600 accedunt
533 571 757 605 prmdicationem,
769 575 794 596 et
807 570 884 596 iidem
896 570 1012 597 servant,

221 629 270 650 eos
284 621 428 649 sitientinm
442 618 602 646 desiderium
618 625 672 652 prie
686 625 715 644 se
730 616 798 643 ferre
808 619 923 651 oportet,
938 617 1016 648 atque

228 672 326 693 ltlnlatn
351 667 377 692 in
404 665 500 699 seipsis
523 664 667 690 incendere
691 660 942 696 concupiscentiam.
973 658 1018 685 Sic

225 713 296 739 enim
310 716 432 746 [‘Olt'l'ttltl
442 710 510 737 dicta
525 709 627 736 cautius
641 709 764 736 retinere.
779 708 844 734 Nam
857 707 900 741 qui
915 706 1016 737 sitiunt,

225 764 364 793 acceptum
380 757 503 791 poculum
519 755 691 789 cupidissime
707 755 841 785 hauriunt,
856 759 882 780 et
895 754 929 780 ita
946 752 1017 778 sitim

227 805 331 832 sedant.
351 804 395 831 Sec
408 805 496 838 itaque
510 803 552 837 qui
569 802 672 829 divinos
688 801 812 828 hauriunt
826 807 963 827 sermones
974 819 980 830 ,
997 798 1018 824 si

228 851 348 877 sitientes
363 850 498 881 sorlieant,
513 856 655 882 numquam
669 847 810 874 cessabunt
822 846 908 872 donec
920 844 1019 872 exhau-

227 897 320 923 serint.
340 895 414 929 Quod
429 895 499 922 enim
515 902 621 928 semper
632 901 657 928 (ιι
668 898 753 919 orleat
768 893 842 918 sitire
858 897 884 918 et
899 890 1000 917 esurire
1011 911 1018 921 ,

227 943 333 974 dicitur,
350 942 420 968 Beati
434 942 475 975 qui
489 941 600 968 esuriant
620 944 643 966 et
666 940 752 966 sitiunt
763 939 888 972 justitiam
902 937 911 972 (
926 936 1019 962 Matth.

228 989 254 1016 5.
270 988 313 1019 li).
333 989 363 1015 lit
379 988 419 1014 liii:
442 987 504 1013 itii-it
518 986 641 1012 Christus
656 1006 662 1017 ,
680 985 710 1011 Si
733 985 788 1019 quis
800 984 851 1010 sitit
862 1005 868 1015 ,
883 984 963 1009 veniat
987 982 1021 1009 ad

228 1043 268 1060 me
280 1040 303 1067 et
315 1034 399 1064 bibat;
414 1033 436 1059 id
451 1038 501 1064 est,
515 1032 651 1058 Neminem
664 1031 823 1057 necessitate
838 1034 880 1055 aut
897 1029 919 1055 vi
931 1028 1018 1060 traho;

227 1080 273 1106 scd
289 1081 308 1106 si
325 1079 384 1114 quis
397 1079 485 1105 animo
498 1082 648 1112 promptus,
663 1077 684 1103 si
699 1077 757 1111 quis
772 1075 905 1103 desiderio
917 1075 1021 1102 l'ervcus

227 1126 260 1152 sil
271 1146 277 1158 ,
294 1125 363 1151 hunc
375 1132 424 1158 ego
441 1131 518 1151 voco.
536 1124 569 1150 At
583 1131 629 1150 cur
644 1122 806 1157 evangelista
821 1122 859 1148 sic
873 1121 1018 1155 expressit,

229 1172 261 1199 lu
285 1173 416 1198 novissimo
431 1172 470 1197 die
491 1171 605 1206 magno?
620 1171 722 1197 Etenim
740 1170 839 1204 primus
865 1174 890 1196 et
913 1168 1021 1195 ultimus

228 1227 339 1253 magnus
351 1224 418 1252 crat,
434 1219 512 1244 medii
525 1223 612 1244 :iutem
623 1219 710 1252 potius
725 1217 749 1243 in
763 1216 865 1243 deliciis
879 1223 1019 1242 consume-

229 1264 334 1291 bantur.
357 1264 412 1291 Cur
426 1272 489 1297 ergo
514 1263 547 1289 In
563 1263 699 1290 novissimo
722 1262 806 1289 dicit?
828 1262 894 1295 Quia
919 1261 965 1287 illo
978 1260 1021 1287 die

227 1318 321 1338 omnes
333 1309 538 1337 (‘Oll\(‘llit'ii?llll.
554 1309 581 1336 lu
597 1309 683 1343 primo
699 1316 750 1335 non
764 1308 835 1334 venit
850 1307 904 1339 ille,
918 1311 944 1334 et
959 1314 1019 1332 cau-

226 1364 283 1384 sam
297 1357 361 1383 dixit
378 1356 511 1383 fratribus.
528 1355 579 1383 Sed
594 1363 642 1382 nec
656 1355 680 1381 in
695 1354 824 1387 secundo,
840 1362 888 1381 nec
901 1353 925 1380 iu
943 1353 1021 1380 tertio

227 1403 362 1437 quidpiam
377 1402 428 1428 tale
442 1402 524 1434 dicit;
539 1409 572 1428 ne
587 1401 660 1427 irrita
681 1401 770 1427 forent
786 1400 865 1426 verba
880 1420 885 1429 .
902 1399 964 1425 dum
982 1397 1021 1424 lu-

227 1454 315 1476 tiirum
327 1453 382 1476 erat
399 1452 427 1475 ut
441 1448 475 1475 illi
498 1448 523 1474 in
539 1447 643 1475 deliciis
654 1451 752 1475 essent.
768 1445 917 1473 Novissima
930 1449 1019 1473 autem

226 1496 270 1523 die
284 1516 292 1527 ,
308 1496 414 1530 quando
429 1495 590 1522 recedebant
605 1495 713 1521 domum
729 1514 735 1525 ,
750 1492 846 1520 viatica
861 1493 892 1519 ad
907 1492 1019 1519 salutent

226 1541 272 1568 dat
286 1541 355 1573 illis,
375 1545 402 1568 et
421 1541 537 1572 clamat;
554 1545 608 1566 tum
623 1544 651 1566 iit
667 1539 788 1566 ﬁduciam
808 1545 834 1565 ct
850 1538 971 1572 loquendi
988 1538 1022 1565 li—

227 1588 355 1614 bertatein
368 1587 487 1613 ostendat
500 1594 507 1616 ς
520 1591 574 1613 tum
585 1591 611 1612 ut
622 1590 700 1612 tanta:
709 1585 869 1612 multitudini
881 1585 1020 1619 signiticet.

226 1642 255 1660 se
269 1634 302 1660 de
316 1633 445 1667 spiritiiali
462 1637 523 1667 potu
539 1633 676 1667 loquutum
697 1640 772 1664 esse,
790 1631 934 1666 :idjicitque
949 1639 955 1658 :
972 1631 1022 1664 Qui

227 1680 305 1706 credit
324 1680 350 1706 in
367 1688 405 1706 me
417 1700 425 1711 ,
442 1680 505 1705 sicut
519 1679 579 1705 dicit
596 1678 728 1713 Scriptura
740 1699 747 1710 ,
770 1678 877 1712 ﬂumina
890 1679 920 1703 de.
933 1683 1017 1704 ventre

226 1727 281 1759 eius
294 1726 372 1760 [luent
387 1733 458 1756 aqua:
470 1725 540 1751 uiue.
558 1724 684 1751 Ventrem
699 1732 745 1751 cor
759 1728 852 1754 vocat;
869 1729 896 1748 iit
910 1727 936 1749 et
951 1723 1016 1749 alibi

226 1773 274 1804 ait,
286 1771 317 1797 Et
325 1772 401 1806 (egeni
411 1776 479 1797 tuam
491 1771 516 1796 iit
528 1769 609 1796 medio
619 1770 709 1796 ventris
718 1770 765 1795 mei
776 1769 810 1804 (b)
825 1768 908 1804 (Psal.
921 1769 964 1795 59.
979 1768 1018 1802 9).

231 1817 264 1844 Et
287 1817 394 1844 ubinam
410 1816 473 1843 dicit
490 1816 644 1850 Scriptura,
669 1814 790 1842 Flumina
810 1815 842 1841 de
862 1819 946 1841 ventre
967 1815 1020 1849 ejus

227 1866 306 1900 ﬂuent
321 1872 393 1900 aquae
406 1864 489 1890 virtu?
503 1863 646 1898 Nusquam.
659 1862 725 1896 Quid
740 1861 789 1889 sibi
801 1862 856 1888 vult
866 1869 928 1895 ergo
944 1861 1018 1893 illud,

230 1910 280 1943 Qui
296 1910 377 1936 credit
392 1910 417 1935 iii
433 1917 481 1939 me,
496 1909 559 1935 sicut
573 1908 632 1934 dicit
647 1908 802 1942 Scriptura?
819 1907 866 1934 llic
880 1907 1018 1940 interpun-

228 1955 343 1990 geiidiim
360 1959 419 1988 est;
434 1959 462 1981 ut
481 1954 542 1981 illud
559 1975 566 1986 ,
581 1953 703 1981 Flumina
716 1954 746 1980 de
760 1958 843 1980 ventre
856 1954 910 1988 ejus
923 1954 1002 1988 ﬂuent
1013 1973 1020 1985 ,

227 2002 262 2028 sit
274 2001 371 2028 Christi
386 2002 528 2028 sententia.
549 2001 615 2034 Quia
635 2001 705 2027 enim
720 2001 795 2026 multi
811 2000 936 2026 dicebant
947 2019 953 2030 ,
972 1999 1020 2026 llic

228 2053 263 2074 est
279 2048 411 2080 Christus;
428 2052 454 2075 et
467 2047 581 2074 Christus
604 2055 661 2073 cum
680 2048 772 2073 venerit
785 2066 792 2078 ,
814 2045 936 2079 numquid
949 2046 1023 2079 plura.

229 2095 303 2128 signa
317 2095 390 2130 faciet
411 2094 421 2130 (
433 2102 457 2120 υ.
471 2094 517 2123 26.
530 2099 554 2120 et
566 2094 596 2121 5|
612 2093 640 2128 )?
653 2093 770 2120 ostendit
783 2097 908 2127 oportere
922 2097 1021 2119 rectam

230 2145 322 2166 tenere
337 2140 495 2166 sententiam
507 2159 513 2170 ,
531 2146 616 2173 neque
632 2138 666 2165 ita
688 2146 721 2165 ex
740 2138 839 2173 signis,
856 2142 884 2164 nt.
906 2145 938 2165 ex
951 2137 1024 2164 ενι-ί..

229 2187 314 2220 plin-is
329 2185 491 2213 credendum
506 2193 577 2213 esse.
596 2185 669 2212 Multi
681 2185 752 2212 enini
776 2193 835 2212 cum
854 2185 928 2211 illum
943 2185 1024 2211 mira-

228 2233 286 2258 i-iila
303 2231 425 2259 edentem
439 2235 591 2262 cernerent,
607 2239 658 2257 non
673 2231 747 2265 quasi
762 2230 899 2257 Christum
913 2229 1024 2264 reeipie-

230 2279 295 2304 liant
309 2286 316 2309 ;
340 2279 395 2304 imo
411 2277 507 2304 dicturi
521 2280 600 2303 erant
613 2297 620 2308 ,
636 2276 729 2303 Nonne
743 2276 888 2311 Scriptura
911 2275 1002 2302 dicunt
1015 2296 1022 2307 ,

228 2325 366 2351 Christum
390 2332 423 2351 ex
439 2324 540 2350 semine
564 2322 647 2350 David
670 2327 813 2350 venturum
835 2322 914 2349 esse?
936 2321 964 2349 ld
978 2322 1024 2349 ille

229 2372 385 2406 frequenter
398 2370 519 2397 versabat
532 2391 539 2400 .
555 2373 585 2396 ιιι
599 2369 751 2396 ostenderet
765 2376 794 2396 se
805 2368 955 2403 huiusmodi
975 2367 1024 2395 de-

233 2417 453 2444 monstrationem
469 2424 520 2442 non
535 2415 628 2450 fugere
644 2424 650 2442 :
666 2422 810 2448 rursusque
824 2414 885 2441 illos
901 2414 933 2441 ad
952 2414 1024 2441 Scri-

233 2468 324 2498 ptiiras
348 2462 468 2490 remittit.
491 2462 620 2495 Superius
638 2461 709 2488 enim
731 2460 851 2487 dixerat:
869 2460 1025 2487 Scriitamiui

233 2508 393 2543 Scripturas;
408 2512 435 2534 et
449 2515 554 2534 rursum
570 2515 576 2534 :
592 2506 722 2540 Scriptum
737 2509 810 2533 estin
825 2506 954 2541 prophetis
967 2527 974 2538 ,
991 2505 1024 2532 Et

231 2558 303 2579 erant
323 2561 408 2579 omnes
425 2552 542 2579 docibile:
558 2551 605 2578 Dei
614 2550 703 2588 (Joan.
720 2552 745 2579 5.
759 2551 792 2578 59
818 2556 839 2577 et
856 2551 882 2578 6.
897 2551 948 2586 45)
962 2559 970 2583 ;
987 2555 1023 2584 et,

233 2597 335 2634 Moyses
352 2606 395 2625 vos
416 2602 515 2624 accusat
527 2607 537 2630 ;
548 2597 591 2625 hic
604 2605 667 2625 vero
677 2618 684 2629 ,
699 2597 770 2624 Sicut
784 2597 847 2624 dixit
867 2597 1023 2631 Scriptura,

266 2686 302 2716 (tt)
319 2686 346 2710 In
359 2685 439 2709 \torel.
453 2691 508 2716 qua!
520 2687 656 2715 sequuntur
665 2684 769 2708 deerant
781 2685 804 2708 in
822 2684 902 2716 titulo.

269 2717 304 2746 (b)
318 2716 440 2740 Hebraice
454 2715 544 2753 legitur
553 2718 694 2753 πνίγει-δῇ),
704 2716 728 2740 in
740 2716 820 2740 medio
832 2715 950 2753 cinerum
961 2721 1025 2739 meo-

231 2759 296 2780 rum,
306 2755 333 2776 iit
345 2752 418 2783 vertit
427 2751 587 2783 Symmachus.
596 2748 678 2783 Aquila
688 2754 771 2774 autem
780 2753 805 2774 et
815 2748 955 2783 't‘licodotio,
965 2753 1027 2783 quos

233 2778 345 2814 sequ-tur
369 2778 529 2814 Hiero'uyiniis
539 2799 545 2810 ,
559 2782 583 2814 ia
599 2778 683 2814 piri/io
694 2784 782 2814 neutris
794 2779 849 2805 mei.
862 2782 960 2814 [ΚΧ-91..
967 2778 1026 2802 Vul-

234 2810 296 2845 gzu'a.
309 2813 334 2838 ιιι
347 2813 425 2838 medio
436 2810 516 2838 cui-(iis
529 2812 583 2837 ruri.
598 2812 632 2836 Ex
645 2816 680 2836 ss.
692 2811 799 2836 patribus
810 2816 893 2835 autem
902 2810 943 2834 alii
955 2810 1025 2839 hanc.

234 2846 272 2869 alii
286 2845 348 2868 illum
363 2845 588 2876 iiiierpreiationciu
601 2847 747 2874 sequuntur.

1064 284 1170 318 [lumina
1181 284 1212 310 de
1222 290 1305 312 ventre
1316 286 1371 320 ejus
1383 287 1462 321 ﬂuent
1473 288 1567 323 (Joaii.
1583 290 1609 317 5,
1621 289 1655 318 45
1666 288 1674 327 )
1687 300 1693 324 ;
1710 291 1858 319 ubertatem

1066 334 1092 356 et
1111 331 1214 364 copiam
1231 333 1322 366 gratia:
1337 334 1518 367 subiiidicans.
1544 343 1572 365 ut
1595 340 1657 368 alibi
1685 342 1760 373 dicit.
1791 341 1860 369 Fons

1065 380 1138 406 aqua!
1149 374 1260 401 salientis
1276 376 1301 401 iu
1314 377 1388 404 vitam
1401 384 1520 406 teterrima
1535 380 1622 414 (Ibid.
1637 383 1663 410 4.
1685 385 1754 420 N);
1769 385 1793 412 id
1809 393 1860 418 eSI,

1067 421 1176 448 multam
1188 422 1294 450 habebit
1306 425 1427 458 gratiam.
1438 427 1507 454 Alibi
1519 429 1633 461 dixerat,
1643 431 1718 458 vitant
1729 438 1860 465 (Liternum,-

1070 466 1112 493 hic
1123 468 1197 499 dicit,
1213 477 1305 505 aquam
1316 471 1406 498 i-ivani.
1419 472 1511 500 Vivam
1524 481 1600 502 vocat
1612 484 1670 504 eain
1684 486 1744 512 qua:
1756 486 1861 514 semper

1068 517 1195 547 operatur
1207 534 1214 546 ,
1229 515 1344 550 Spiritus
1358 518 1428 544 enim
1443 521 1526 554 gratia
1548 528 1609 548 cuin
1632 522 1659 550 iii
1681 524 1798 551 animam
1823 526 1861 552 iii-

1068 566 1159 593 gressa
1174 564 1201 587 et
1214 562 1328 590 stabilita
1344 563 1421 592 fuerit
1431 585 1438 597 ,
1456 565 1513 599 plus
1527 575 1606 602 quam
1620 568 1678 596 fons
1692 571 1779 605 quivis
1801 579 1862 598 aca-

1071 606 1150 636 turit;
1167 614 1252 641 neque
1266 614 1362 641 cessat,
1379 611 1420 637 vel
1432 618 1592 646 evacuatur,
1609 622 1695 649 neque
1706 616 1814 645 desinit.
1830 618 1864 645 [ι

1069 659 1133 686 ergo
1147 653 1226 680 simul
1240 659 1266 682 et
1279 663 1423 691 numquam
1437 657 1561 692 deiicere,
1575 666 1601 688 et
1614 661 1783 691 incﬂ'abiliter
1793 672 1863 699 ope-

1071 699 1122 725 rari
1138 699 1266 734 denotet,
1284 701 1384 730 fontem
1404 708 1432 731 et
1446 704 1540 733 ﬂuvios
1560 708 1692 742 appellat;
1710 717 1763 736 non
1778 719 1861 737 unum

1071 747 1180 774 ﬂuvium
1194 768 1200 779 ,
1225 749 1270 776 sed
1297 750 1514 779 innumerabiles.
1531 753 1564 781 Et
1587 755 1639 782 illic
1659 757 1798 784 salientem
1816 765 1863 791 pro

1072 793 1217 821 iuuudaiite
1232 795 1308 822 dixit.
1326 795 1401 829 Quod
1416 798 1488 824 clare
1500 799 1628 833 percipiet
1643 801 1664 828 si
1681 802 1741 835 quis
1757 803 1864 836 sapien-

1074 840 1136 866 tiam
1153 840 1280 875 Stephani
1294 863 1301 873 ,
1318 842 1389 870 Petri
1406 844 1540 878 linguam,
1557 845 1629 872 Pauli
1645 847 1697 872 viui
1711 848 1865 876 considera-

1073 886 1156 919 verit,
1176 895 1228 921 quo
1245 893 1321 922 pacto
1336 888 1399 916 nihil
1418 898 1465 916 eos
1482 891 1569 918 tulerit
1583 913 1590 924 ,
1608 892 1672 920 nihil
1688 895 1842 921 sustinuerit
1856 903 1864 925 ;

1073 939 1125 958 ιιοιι
1143 933 1297 967 populorum
1314 934 1398 968 furor,
1413 943 1464 962 non
1478 941 1649 971 tyrannorum
1664 939 1799 971 violentia,
1813 949 1865 967 non

1073 979 1222 1007 ti:t‘ll|0llllm
1240 981 1352 1013 insidiae,
1368 990 1419 1008 non
1431 984 1593 1018 quotidiana:
1604 990 1717 1018 mortes;
1732 987 1778 1014 sed
1791 988 1865 1021 quasi

1076 1025 1184 1052 numina
1200 1034 1295 1061 magno
1307 1027 1407 1062 impetu
1422 1029 1540 1061 fluentia,
1559 1031 1596 1056 sic
1608 1032 1696 1057 munia
1712 1039 1803 1060 secum
1818 1037 1866 1059 tra-

1073 1071 1170 1097 xerint.
1184 1072 1227 1099 59.
1246 1072 1307 1099 Παεε
1318 1078 1401 1099 autent
1411 1074 1475 1101 dixit
1489 1075 1520 1101 de
1530 1076 1641 1110 Spiritu,
1655 1085 1728 1111 quem
1740 1079 1865 1112 accepturi

1073 1122 1144 1143 erant
1163 1118 1290 1145 credentes
1314 1119 1340 1146 iu
1355 1127 1421 1146 eum.
1443 1119 1566 1148 Nondum
1586 1123 1652 1149 enim
1674 1129 1726 1150 erat
1753 1123 1865 1158 Spiritu:

1073 1169 1182 1191 sanctus.
1207 1165 1346 1199 Quomodo
1367 1174 1430 1201 ergo
1454 1167 1589 1202 prophetae
1606 1169 1818 1203 prophetarunt,
1839 1175 1865 1197 et

1073 1210 1212 1238 innumera
1226 1212 1334 1239 edidere
1349 1214 1499 1245 miracula?
1515 1215 1635 1249 Apostoli
1652 1216 1722 1242 enini
1739 1225 1792 1243 non
1807 1217 1865 1251 Spi«

1074 1258 1135 1288 ritu.
1148 1259 1194 1285 sed
1206 1258 1264 1293 ejus
1275 1259 1371 1286 virtute
1381 1260 1512 1287 dmmonia
1525 1261 1671 1295 eiecerunt,
1684 1267 1710 1287 ut
1722 1262 1779 1296 ipse
1790 1262 1865 1289 dicit:

1074 1305 1104 1331 Si
1118 1313 1163 1340 ego
1185 1305 1210 1332 iu
1226 1305 1361 1332 Beelzebub
1381 1307 1453 1341 ejicio
1468 1308 1604 1339 dwmonia,
1620 1309 1667 1341 ﬁlii
1682 1309 1756 1335 ιιιιιινί
1769 1309 1796 1334 in
1817 1317 1866 1342 quo

1073 1352 1177 1386 cjiciaut
1196 1352 1204 1386 (
1218 1351 1310 1379 Matth.
1329 1353 1369 1380 12.
1385 1354 1418 1380 '27
1431 1354 1438 1388 )
1450 1355 1461 1380 ἲ
1475 1354 1530 1381 lloc
1547 1360 1634 1382 autem
1656 1355 1762 1383 dicebat
1786 1356 1867 1391 signi-

1073 1397 1167 1432 ticaiis,
1177 1406 1228 1426 non
1240 1406 1334 1427 ouums
1343 1399 1442 1435 Spiritu
1451 1406 1513 1429 ante
1522 1408 1638 1434 crucem,
1648 1401 1694 1430 sed
1704 1401 1760 1437 ejus
1768 1404 1866 1430 virtute

1073 1445 1183 1480 eiecisse
1197 1446 1337 1473 dmmonia.
1351 1447 1417 1474 Cum
1432 1456 1495 1482 ergo
1509 1448 1568 1475 illos
1580 1449 1708 1476 missurus
1720 1454 1788 1481 erat,
1805 1454 1867 1476 tunc

1075 1491 1149 1523 dixit,
1166 1492 1277 1526 Accipite
1291 1492 1417 1527 Spiritum
1425 1499 1552 1526 sanctum;
1565 1502 1596 1521 ac.
1611 1503 1716 1522 rursum
1726 1516 1733 1525 ,
1754 1494 1827 1522 Venit
1840 1495 1866 1522 in

1073 1545 1114 1564 eo:
1123 1537 1233 1573 Spiritus
1242 1544 1352 1570 sanctus,
1363 1543 1385 1566 et
1392 1544 1450 1566 tunc
1458 1540 1530 1574 signa
1536 1540 1659 1573 faciebant
1670 1540 1866 1576 (1011112032).

1107 1584 1135 1610 ‘2.
1156 1584 1221 1611 Cum
1235 1589 1323 1612 autem
1338 1585 1409 1612 misit
1419 1593 1476 1617 eos,
1491 1594 1542 1612 ιιυιι
1555 1586 1629 1618 dixit,
1643 1587 1719 1614 Dcdil
1729 1587 1768 1614 eis
1782 1587 1868 1621 Spii'io

1074 1635 1128 1657 tum
1142 1635 1278 1663 sanctum;
1295 1631 1353 1663 sed,
1378 1631 1455 1658 Dedit
1468 1631 1503 1658 eis
1517 1637 1674 1666 potestatem,
1698 1633 1791 1659 dicens
1804 1641 1811 1659 :
1824 1632 1868 1659 ιες

1072 1684 1161 1711 prosus
1176 1677 1306 1709 mandate,
1331 1676 1455 1703 daemonia
1479 1678 1571 1712 ejicite,
1595 1683 1706 1704 mortuus
1727 1678 1866 1709 suscitata;

1072 1725 1150 1758 gratis
1161 1723 1301 1757 accepistis,
1315 1723 1394 1758 gratis
1410 1724 1467 1750 date
1480 1723 1592 1759 (Matth.
1610 1724 1652 1751 10.
1671 1725 1695 1751 1.
1712 1729 1734 1750 et
1749 1726 1788 1759 8).
1799 1724 1867 1751 Pro-

1073 1769 1162 1804 phetis
1176 1775 1264 1796 autem
1281 1770 1306 1796 iu
1320 1770 1443 1797 confesso
1465 1770 1535 1804 apud
1559 1778 1653 1798 omnes
1674 1775 1716 1798 est
1738 1771 1866 1805 Spiritum

1073 1821 1194 1843 sanctum
1210 1816 1291 1844 fuisse
1306 1817 1412 1849 datum;
1430 1817 1476 1844 sed
1491 1817 1574 1851 gratia
1596 1817 1638 1844 illa
1659 1822 1794 1844 contracta
1809 1823 1868 1845 erat

1073 1866 1100 1889 et
1114 1861 1215 1894 avulsa,
1231 1866 1309 1898 atque
1322 1863 1349 1889 in
1362 1867 1429 1890 term
1443 1863 1560 1890 desierat
1573 1863 1606 1890 ab
1628 1863 1671 1890 illa
1690 1864 1743 1896 die,
1760 1872 1811 1898 qua
1825 1864 1867 1890 di-

1074 1911 1144 1934 ctum
1159 1906 1218 1938 fuit,
1237 1906 1395 1942 Relinquitur
1408 1908 1498 1934 domus
1511 1914 1593 1935 vestra
1608 1909 1707 1935 deserta
1723 1909 1805 1942 (Ibid.
1821 1910 1866 1936 ἐῢ.

1075 1953 1130 1987 53).
1149 1953 1180 1979 Et
1194 1957 1256 1980 ante
1271 1953 1341 1979 illam
1352 1953 1421 1980 diem
1431 1953 1486 1988 jam
1497 1955 1582 1981 rarior
1592 1961 1652 1981 esse
1662 1959 1790 1989 ceperat.
1802 1954 1868 1981 Nul-

1075 1999 1116 2025 lus
1127 1999 1195 2033 apud
1209 1999 1268 2026 illus
1282 1999 1410 2034 propheta
1422 2005 1494 2033 erat;
1511 2008 1596 2036 neque
1609 2002 1691 2035 gratia
1706 2001 1812 2028 illorum
1827 2010 1870 2028 sa-

1075 2048 1127 2074 cris
1151 2048 1338 2081 prospiciebat.
1362 2047 1427 2075 Cum
1451 2048 1529 2083 igitur
1550 2048 1664 2082 Spiritus
1684 2053 1792 2076 sanctus
1812 2048 1868 2082 jaiit

1075 2093 1178 2120 ablatus
1191 2098 1271 2125 esset,
1295 2093 1463 2128 futurumque
1478 2098 1550 2121 esset
1564 2098 1593 2120 ut.
1609 2093 1708 2128 largius
1722 2094 1870 2121 ell'iindere-

1076 2144 1128 2171 tur.
1138 2140 1214 2174 cujus
1221 2140 1284 2167 doni
1296 2141 1454 2175 principium
1468 2145 1527 2175 post
1539 2148 1645 2168 crucem
1655 2142 1712 2173 fuit,
1728 2149 1782 2168 non
1790 2142 1871 2168 :ibiin-

1076 2185 1181 2213 ilantiiis
1191 2186 1280 2218 modo,
1293 2186 1340 2213 sed
1351 2186 1432 2213 etiam
1441 2194 1500 2213 cum
1512 2186 1658 2221 majoribus
1665 2186 1871 2214 charismatibiis

1077 2232 1237 2266 (mirabilius
1250 2232 1348 2266 quippe
1363 2232 1465 2260 donum
1479 2232 1538 2266 fuit,
1554 2237 1582 2259 iit
1594 2240 1654 2259 cum
1667 2233 1741 2263 dicit,
1760 2232 1870 2260 Nescitis

1076 2278 1148 2312 cujus
1163 2278 1267 2312 spiritus
1279 2278 1335 2305 sitis
1347 2277 1420 2315 [Luc.
1432 2278 1459 2306 9.
1483 2277 1543 2314 55];
1557 2283 1584 2305 et
1604 2279 1710 2309 iterum,
1729 2278 1790 2305 Non
1806 2279 1871 2305 enim

1076 2324 1206 2359 accepistis
1216 2324 1332 2359 spiritum
1343 2325 1477 2356 servitutis,
1490 2325 1533 2351 sed
1543 2325 1675 2359 accepisti:
1684 2325 1803 2359 spin'tam
1810 2326 1871 2351 atla-

1078 2371 1170 2405 ptimiis
1180 2369 1270 2406 (Rom.
1285 2372 1311 2398 8.
1330 2370 1384 2407 t5].
1400 2371 1465 2398 Nam
1487 2375 1592 2398 veteres
1614 2371 1650 2398 illi
1664 2378 1771 2406 quoque
1785 2371 1870 2405 Spiri-

1078 2421 1132 2443 tum
1156 2416 1299 2447 Iiabebant.
1319 2417 1365 2444 sed
1387 2417 1448 2444 aliis
1463 2424 1514 2443 non
1531 2416 1720 2451 impertiebant
1735 2426 1741 2444 :
1758 2417 1870 2451 apostoli

1078 2469 1142 2489 vero
1156 2462 1310 2490 innumeros
1325 2462 1372 2489 illo
1385 2462 1548 2498 replebant);
1568 2462 1692 2497 quoniam
1707 2463 1787 2497 igitur
1801 2462 1870 2489 illam

1077 2509 1188 2543 gratiam
1204 2509 1337 2543 accepturi
1349 2513 1425 2536 erant
1435 2508 1563 2544 (nondum
1572 2509 1642 2535 enim
1654 2508 1714 2535 data
1724 2507 1803 2543 erat),
1814 2507 1872 2535 ideo

1079 2555 1124 2586 ait,
1137 2554 1259 2581 Nondum
1273 2560 1326 2581 erat
1340 2555 1453 2590 Spiritus
1464 2559 1575 2581 sanctas.
1592 2554 1629 2581 De
1642 2553 1691 2581 hac
1701 2554 1871 2588 igiturgratia

1079 2601 1241 2636 evangelista
1261 2601 1377 2632 dicebat,
1400 2600 1523 2627 Nondum
1551 2604 1602 2626 erat
1627 2600 1741 2634 Spiritu:
1759 2606 1871 2631 sanctus,

1079 2646 1177 2680 iieiiiiﬁ:
1198 2646 1292 2677 datus,
1315 2647 1374 2677 quia
1395 2646 1470 2674 Jews
1492 2646 1605 2673 uundum
1632 2651 1685 2673 erat
1705 2646 1872 2680 glori/iratus,

1078 2693 1190 2728 gloriam
1202 2693 1340 2727 appellans
1351 2700 1470 2720 crucem.
1482 2693 1547 2726 Quia
1559 2692 1630 2719 enim
1644 2691 1744 2719 inimici
1756 2699 1872 2723 eramus,

1081 2746 1242 2775 peccatores,
1252 2740 1337 2775 gratia
1352 2740 1396 2766 Dei
1406 2739 1512 2775 privati,
1525 2738 1626 2766 inimici
1639 2739 1700 2771 Dei;
1715 2738 1801 2773 gratia
1812 2745 1874 2765 vero

1080 2791 1138 2813 erat
1152 2786 1376 2814 reconciliationis
1392 2785 1532 2818 iudicium;
1547 2786 1647 2813 donum
1663 2790 1752 2813 autem
1767 2793 1820 2812 non
1830 2785 1877 2811 iiii-

1081 2834 1157 2861 niicis
1171 2839 1197 2861 et
1211 2833 1323 2868 perosis,
1337 2833 1384 2862 sed
1397 2833 1490 2862 amicis
1505 2838 1532 2862 et
1546 2832 1663 2868 probatis
1687 2832 1781 2865 datur;
1798 2839 1872 2866 npoi~
