2031 3118
247 150 295 177 257

245 207 364 234 clausum
389 207 438 239 sit;
465 206 487 232 si
510 206 651 241 gentilibus
668 207 772 241 pejores
795 208 888 239 simus,
906 209 1038 243 quomodo

245 253 296 281 hoc
308 254 392 288 ipsum
404 260 511 287 regnum
523 254 734 288 consequemur?
745 254 856 281 ()mnem
869 255 957 290 itaque
968 264 1038 283 acer-

245 299 365 330 bitatem,
381 299 457 331 iram,
470 298 586 326 furorem
603 299 748 333 ejiciamns.
766 300 963 335 Eiidemdiccre,
976 303 1037 329 nti/ti

241 344 341 379 quidem
353 352 401 371 non
417 344 558 378 molestmn,
574 345 641 371 vobis
651 350 733 372 autem
745 351 823 372 tutum
838 346 948 382 (Philip.
963 348 988 374 5.
999 349 1035 382 1).

241 388 307 416 Nam
333 389 428 416 medici
449 390 542 417 eodem
560 391 617 426 ipso
633 398 703 425 smpc
727 397 836 419 utuntur
858 393 987 420 remedio.
1004 394 1036 421 Et

242 441 290 461 nos
304 442 355 460 non
372 434 452 462 liuent
467 435 594 462 faciemus
617 436 710 463 eadem
725 437 868 470 clamandi,
885 446 1035 465 memoran-

243 481 279 512 di,
295 480 419 513 docendi,
438 481 571 508 hortandi.
586 481 652 509 Nam
667 483 747 509 multa
762 487 803 510 est
816 484 981 510 s:rcularium
995 493 1035 512 re-

255 550 394 557 μή*

617 150 642 178 S.
665 150 801 178 JOANNIS
821 151 1056 180 CHRYSOSTOMI
1078 154 1232 182 AllCllll-ZP.
1253 157 1517 189 (IONS’I‘AN'HNOP.

1835 169 1888 197 383

1092 219 1149 239 rum
1166 213 1252 247 turba,
1264 223 1322 251 qum
1333 217 1357 243 in
1373 217 1466 246 horum
1481 219 1639 249 oblivionem
1652 225 1785 259 conjiciat,
1798 229 1885 255 aedo-

1090 259 1174 285 etrina
1189 259 1317 293 rrequenti
1332 268 1370 289 est
1386 271 1463 298 opus.
1477 265 1515 292 Ne
1530 274 1594 302 ergo
1607 267 1657 295 line
1672 269 1687 295 [ι
1697 276 1767 297 uslia
1784 280 1884 300 conve-

1092 303 1206 336 niamus,
1219 313 1300 340 opera
1314 307 1487 337 exhibeamus
1503 311 1581 345 bona,
1600 318 1627 340 ut
1642 314 1726 342 futura
1741 315 1808 343 bona
1819 326 1884 345 cou-

1088 356 1242 383 seqnamur,
1265 353 1348 386 gratia
1373 358 1399 380 et
1414 355 1575 390 benignitate
1600 359 1704 387 Domini
1720 363 1802 389 nostri
1819 363 1882 390 Jcsu

1087 395 1196 428 Christi,
1217 405 1263 432 per
1278 406 1356 433 quem
1379 405 1405 427 et
1419 409 1478 428 cum
1495 410 1548 438 quo
1563 404 1633 432 Patri
1650 406 1732 440 gloria
1748 408 1883 444 simulque

1087 441 1196 476 Spiritui
1212 449 1313 478 sant-to,
1332 454 1401 474 nune
1414 453 1444 480 et
1453 455 1569 485 semper,
1581 456 1608 478 et
1621 452 1646 478 in
1658 454 1754 481 szrcula
1769 457 1883 483 sateulo-

1087 494 1156 513 rtnn.
1171 488 1266 516 Anien.

395 551 1547 574 W4.“

902 590 1075 623 HOMILIA
1098 594 1160 626 LII.

242 658 305 686 Car.
324 660 350 687 7.
368 668 392 687 ν.
406 660 447 688 13.
470 662 591 689 Venerunt
612 671 670 699 ergo
692 664 799 691 ministri
811 663 845 690 ad
858 664 989 698 pontiﬁces
1003 670 1026 691 et

280 705 424 733 l’ltarisa'os
438 729 443 738 ,
458 712 481 734 et
494 708 610 735 dixerunt
623 709 658 736 eis
673 710 711 736 illi
726 718 734 736 .'
753 710 839 743 Quare
853 719 903 736 non
919 710 1030 737 adduxi-

274 753 319 778 stis
331 753 409 779 cum?
423 753 466 780 46.
481 753 673 788 Responderunt
687 756 795 783 ministri
809 765 817 782 :
834 756 980 791 llumquam
994 759 1030 784 sic

274 798 392 832 loquutus
407 804 441 824 cst
454 799 529 825 homo
546 805 571 826 ut
592 801 632 827 Itic
643 801 729 830 homo.

274 845 298 870 1.
323 844 431 872 l’critate
453 846 516 873 nihil
529 847 640 881 (larius,
663 849 727 875 nillil
750 849 897 880 simplicius.
913 865 947 870 -—
960 850 1029 877 Nihil

237 890 348 918 veritate
373 891 480 924 clarius,
504 892 570 920 nihil
593 894 748 928 simplicius,
774 896 822 923 nisi
845 904 892 923 nos
915 897 1030 930 maligne

237 943 347 970 agamus
360 944 367 963 :
382 936 427 964 sed
443 937 464 964 si
477 939 591 974 maligne
605 947 653 967 nos
663 947 795 974 geramus,
807 941 1025 969 niliildil'licilius.

239 982 307 1010 Ecce
319 983 446 1010 Pharisazi
462 989 489 1011 et
500 985 606 1018 scribat,
619 987 663 1022 qui
677 988 854 1021 sapientiores
877 996 937 1016 esse
953 989 1027 1015 ride-

236 1027 342 1061 bantur,
360 1029 403 1063 qui
419 1037 479 1057 cum
495 1030 602 1059 Christo
617 1040 723 1067 semper
735 1038 822 1067 erant,
839 1034 898 1068 quia
917 1034 1027 1062 insidias

233 1073 271 1101 illi
285 1074 435 1108 struebant,
452 1075 514 1103 licet
528 1076 655 1104 miracula
668 1078 791 1106 viderent
805 1099 812 1111 ,
828 1079 891 1106 licet
904 1079 1026 1114 Scriptu-

234 1127 278 1147 ras
288 1120 416 1155 legerent,
432 1121 498 1149 nihil
513 1122 587 1156 lucri,
603 1123 650 1150 scd
662 1124 772 1151 multum
784 1124 873 1152 damni
889 1126 1004 1153 tulerunt
1018 1135 1024 1152 :

234 1166 347 1198 ministri
364 1175 429 1194 vero
441 1188 448 1200 ,
463 1169 513 1195 etsi
530 1168 582 1195 illis
598 1169 723 1197 omnibus
738 1175 872 1205 expertes,
895 1179 947 1199 una
961 1180 1025 1199 con-

233 1213 310 1240 cione
324 1213 393 1247 capti
422 1219 472 1240 unt
487 1223 493 1240 :
510 1219 537 1241 et
550 1214 592 1249 qui
609 1215 642 1242 ad
657 1215 732 1242 illum
757 1217 924 1244 vinciendum
941 1225 1024 1245 vene-

233 1262 304 1291 rant,
319 1258 495 1286 admiratione
510 1259 589 1287 vineti
605 1260 751 1288 redierunt.
766 1262 824 1289 Non
839 1263 944 1290 illorum
959 1271 1023 1299 pru-

233 1303 322 1331 dentia
336 1308 437 1331 tantum
459 1305 612 1332 admiranda
626 1311 684 1339 est,
700 1307 770 1340 quod
782 1307 865 1342 signis
880 1316 932 1335 non
955 1316 1022 1343 opus

235 1348 391 1382 habuerint;
414 1350 460 1377 sed
476 1351 554 1377 etiam
574 1351 645 1385 quod
667 1352 722 1379 sola
737 1352 857 1380 doctrina
879 1354 948 1387 capti
971 1355 1024 1381 siut

233 1394 299 1428 (non
315 1394 440 1422 dixerunt
454 1395 536 1427 enim.
551 1396 633 1424 Nemo
649 1405 773 1432 umquam
787 1402 858 1426 tanta
872 1399 958 1426 edidit
972 1400 1022 1426 mi-

232 1439 322 1467 racula
335 1448 342 1472 ;
356 1440 402 1468 sed
416 1441 499 1476 quid?
517 1441 599 1469 Nemo
621 1451 740 1478 umquam
755 1444 790 1471 sic
812 1444 929 1479 loquutus
944 1445 997 1481 est)
1015 1455 1020 1471 :

233 1493 286 1512 non
300 1493 392 1513 eorum
403 1493 467 1521 ergo
481 1487 618 1522 prudentia
631 1489 716 1516 solum
729 1489 893 1518 admirabilis
909 1496 960 1524 est,
974 1492 1020 1519 sed

231 1533 311 1560 etiam
322 1533 452 1568 loquendi
467 1534 575 1562 libertas
587 1556 594 1568 ,
619 1535 688 1570 quod
706 1537 762 1563 haec
785 1537 815 1564 iis
830 1538 874 1572 qui
897 1545 927 1565 se
939 1539 1022 1566 mise-

231 1583 300 1610 rant,
314 1578 446 1612 dixerint;
460 1580 530 1614 quod
542 1580 682 1608 Pharismis
694 1582 779 1616 ipsum
793 1583 1018 1618 impugnantibus,

229 1624 272 1658 qui
290 1623 338 1651 hac
351 1624 384 1652 de
398 1632 477 1652 causa
490 1626 554 1652 nihil
565 1634 616 1654 non
629 1627 750 1663 agebant.
766 1628 892 1656 Venerunt
901 1631 1018 1663 ministri,

229 1673 252 1694 et
266 1669 351 1696 dicunt
374 1673 408 1696 ets
429 1669 572 1704 Pliaristci,
599 1671 685 1704 Quare
706 1682 756 1700 non
778 1674 921 1703 adduxistis
941 1677 1020 1704 eum?

228 1713 304 1746 Quod
319 1714 461 1748 venerint,
478 1716 557 1750 longe
574 1717 659 1751 majus
679 1718 743 1752 iuit,
760 1727 838 1754 quam
858 1721 880 1747 si
905 1722 1019 1749 mansis—

229 1764 307 1786 sent:
322 1759 361 1786 sic
374 1760 480 1794 quidem
499 1761 603 1789 illorum
623 1764 743 1790 molestia
759 1764 862 1792 liberati
886 1765 1016 1799 fuissent;

227 1804 274 1831 sed
289 1812 359 1832 nunc
374 1804 470 1833 Christi
485 1807 621 1841 sapientiae
636 1814 696 1836 sunt
709 1817 856 1845 praecones,
874 1813 1017 1847 majorem-

227 1857 279 1883 quc
294 1850 422 1878 exhibent
447 1852 580 1880 liduciam.
604 1853 659 1882 Nec
680 1855 788 1889 dicunt,
804 1857 860 1884 Non
883 1859 1015 1893 potuimus

227 1899 337 1929 propter
352 1895 467 1929 turbam,
483 1905 542 1932 qua:
559 1899 632 1926 illum
648 1902 721 1933 quasi
742 1902 897 1937 prophetam
919 1905 992 1932 atnlit
1006 1913 1014 1934 :

226 1939 273 1966 sed
287 1939 369 1974 quid?
383 1940 465 1968 Nemo
479 1951 596 1977 umquam
609 1945 645 1971 sic
658 1946 775 1979 loquutus
785 1953 829 1974 est.
846 1949 925 1984 Atqui
939 1956 1011 1985 poto

224 1988 284 2010 rant
296 1985 366 2011 illam
378 1987 576 2016 excusationem
588 1982 684 2018 afferre
696 2000 703 2019 :
717 1993 764 2019 Sed
778 1999 879 2021 rectum
893 1996 1011 2024 anitnnm

223 2037 277 2065 pra:
303 2037 333 2058 se
354 2031 450 2058 ferunt.
477 2033 531 2060 lloc
551 2036 621 2061 enim
644 2045 695 2063 non
720 2038 906 2067 admirantium
932 2043 1011 2069 modo

219 2079 276 2102 erat
293 2095 300 2107 ,
326 2076 372 2104 sed
397 2078 476 2105 etiam
503 2079 698 2109 criminantium
727 2085 796 2118 quod
822 2093 851 2113 se
878 2088 910 2114 ad
937 2089 1010 2116 illum

218 2119 355 2155 ligandum
376 2124 520 2157 misissent,
537 2133 614 2160 quem
634 2129 721 2162 potius
746 2131 838 2159 atnlire
859 2135 1009 2167 oportebat.

219 2168 298 2202 Atqui
313 2176 365 2195 non
380 2169 496 2205 longam,
507 2172 552 2198 sed
569 2172 675 2201 brevem
687 2175 825 2203 audierant
838 2180 1007 2207 concinnem.

218 2211 291 2239 Meus
304 2214 373 2240 enim
399 2215 502 2243 sincera
523 2225 574 2243 non
592 2218 677 2253 longis
698 2227 764 2254 opus
781 2221 861 2249 habet
877 2226 1009 2251 sermoni-

217 2258 277 2285 bus.
292 2258 374 2287 Tanta
389 2266 429 2287 est
440 2261 479 2288 vis
491 2256 617 2290 veiitatis.
629 2265 696 2297 Quid
709 2273 771 2301 ergo
782 2267 907 2295 l‘ltarisari
920 2269 930 2295 ?
941 2269 1006 2297 Cum

215 2305 359 2339 oompungi
382 2306 561 2339 oportuisset,
587 2309 624 2336 illi
639 2315 731 2337 contra
747 2312 785 2338 sic
802 2313 924 2340 illCllrﬂlll
946 2324 1004 2348 eos,

214 2349 259 2376 47.
277 2349 411 2386 Numquid
423 2356 446 2378 et
461 2360 503 2380 vos
515 2354 609 2380 seducti
621 2356 702 2382 estis?
717 2357 809 2384 Adhuc
825 2359 1006 2395 blandiuntur,

213 2403 264 2422 nec
281 2398 385 2431 asperis
415 2403 521 2426 utuntur
548 2401 655 2434 verbis,
689 2404 762 2430 veriti
788 2413 819 2431 ne
841 2408 949 2434 omnino
976 2417 1005 2435 se

187 2434 189 2436 ’
206 2440 388 2475 desererent;
405 2443 452 2470 sed
464 2444 578 2471 furorem
595 2450 679 2473 tamen
695 2448 812 2477 indicant
827 2456 853 2477 et
873 2458 949 2480 eante
965 2454 1002 2480 lo-

205 2487 417 2521 quuntursCum
431 2491 595 2524 oportuisset
609 2493 773 2528 interrogare
795 2498 857 2531 quid
878 2499 998 2532 dixisset,

208 2533 317 2560 et'dicta
331 2534 389 2569 ejus
400 2535 524 2563 admirari
540 2558 547 2569 ,
563 2537 587 2564 id
604 2546 655 2565 non
672 2539 770 2567 faciunt
782 2561 788 2574 ,
801 2544 874 2577 gnari
886 2552 916 2571 se
932 2545 999 2573 haud

208 2578 289 2606 dubie
315 2585 421 2615 captum
445 2581 495 2614 iri;
520 2582 566 2609 sed
589 2584 746 2613 stultissimo
763 2587 821 2613 illus
844 2597 1000 2624 argumento

205 2624 348 2658 impetum.
364 2626 408 2653 48.
426 2626 485 2660 Cur,
502 2629 633 2662 inquiunt,
647 2639 718 2657 nemo
730 2640 761 2659 ex
774 2634 928 2670 principibus
942 2646 997 2664 cre~

207 2670 273 2696 didit
290 2671 315 2697 in
328 2672 405 2698 enin?
416 2672 498 2705 Itane,
508 2682 607 2709 qumso,
622 2676 755 2704 Christum
769 2687 887 2713 aecusas,
904 2688 930 2710 et
944 2691 996 2712 non

205 2715 379 2743 incredulos?
392 2717 435 2745 J9.
453 2718 506 2745 Sed
519 2719 601 2753 turba,
614 2730 670 2756 quia
683 2731 732 2749 non
749 2725 817 2752 novit
828 2727 907 2761 legem
919 2749 926 2761 ,
940 2737 995 2756 ma-

208 2762 295 2788 ledicti
309 2769 376 2790 sum.
403 2764 470 2792 lline
483 2768 566 2802 magis
583 2771 725 2798 accusandi
744 2774 816 2806 estis,
831 2776 901 2809 quod
918 2777 994 2805 turba

196 2807 328 2836 credente
354 2817 401 2837 vos
426 2811 554 2840 increduli
577 2816 736 2844 manseritis.
761 2819 906 2854 Populares
921 2825 992 2852 enim

203 2855 232 2878 ut
244 2851 329 2887 legem
341 2863 532 2888 cognoscentes
553 2859 665 2895 agebant
681 2871 687 2890 :
704 2867 836 2898 quomodo
857 2877 919 2903 ergo
935 2879 989 2898 ma-

1091 665 1181 695 lcdicti
1197 671 1278 696 sunt?
1293 671 1346 700 Vos
1360 674 1404 709 qni
1419 675 1503 711 legem
1528 686 1580 706 nou
1596 683 1710 710 servatis
1722 705 1729 717 ,
1745 685 1879 714 maledicti

1087 712 1170 745 estis;
1188 722 1240 741 non
1259 716 1294 743 illi
1309 719 1352 752 qui
1370 719 1418 754 legi
1443 722 1635 758 obsequuntur.
1660 727 1718 756 Non
1739 732 1880 764 oportebat

1084 756 1155 784 enim
1168 766 1182 784 ει
1197 767 1248 786 non
1267 763 1437 793 credentibus
1450 768 1586 797 criminari
1601 778 1660 799 eum
1673 793 1679 803 ,
1694 774 1736 802 ειιί
1751 784 1802 803 non
1817 785 1879 805 ere-

1084 802 1190 831 debant.
1241 807 1297 835 Non
1307 810 1461 843 probandus
1477 814 1519 841 hic
1534 817 1628 844 modus
1644 823 1697 847 est.
1711 820 1775 848 Nam
1790 827 1815 849 et
1832 831 1878 850 vos
1915 857 1919 860 ν

1085 857 1137 877 non
1150 853 1300 881 credidistis
1317 857 1379 887 Deo,
1394 863 1421 885 ut
1438 859 1533 887 Paulus
1545 862 1581 888 ait
1599 872 1604 890 :
1625 864 1691 896 Quid
1712 868 1777 894 enim
1791 869 1813 895 si
1827 878 1878 896 non

1082 898 1242 926 crediderunt
1262 901 1386 934 quidam?
1412 903 1543 939 Numquid
1560 908 1723 938 incredulilas
1737 921 1823 940 eorum
1846 916 1878 947 ﬁ-

1081 943 1138 970 dem
1149 944 1197 972 Dei
1208 948 1335 974 cractmbit
1345 949 1358 974 .9
1373 950 1442 977 Absit
1458 951 1551 985 (Rom.
1566 955 1591 982 5.
1606 956 1644 990 5).
1661 957 1724 984 Nam
1740 943 1877 994 prOpliv-im

1081 996 1187 1023 quoque
1213 991 1283 1025 ipsos
1307 1000 1414 1029 semper
1442 999 1602 1027 accusabant
1629 1001 1759 1036 dicentes,
1783 1006 1876 1033 Audite

1081 1035 1209 1070 principes
1223 1037 1392 1067 Sodomorum
1402 1049 1412 1073 ;
1422 1047 1458 1074 et,
1478 1042 1610 1080 Principes
1626 1048 1662 1074 lui
1675 1056 1725 1075 non
1747 1050 1875 1087 obtempe-

1080 1086 1137 1107 rant
1157 1081 1240 1117 (lsm'.
1258 1085 1281 1110 1.
1303 1086 1344 1112 10.
1361 1092 1383 1113 et
1398 1087 1470 1124 25);
1485 1097 1517 1116 ac
1531 1099 1645 1125 rursum,
1663 1093 1752 1122 Annon
1764 1101 1873 1125 vestrum

1078 1131 1113 1152 est
1124 1135 1196 1154 nosse
1203 1129 1329 1164 judicium
1341 1131 1350 1166 (
1364 1132 1443 1160 Mich.
1455 1134 1481 1161 5.
1501 1136 1510 1162 ί
1525 1135 1551 1169 )2
1569 1138 1601 1164 Εῑ
1613 1139 1710 1174 ubique
1726 1141 1870 1171 vehemen-

1079 1172 1131 1200 tius
1159 1174 1218 1202 illos
1238 1175 1381 1205 incessunt.
1402 1180 1469 1213 Quid
1495 1182 1595 1216 igitur?
1623 1172 1741 1216 Deumne
1767 1196 1873 1225 propte-

1078 1225 1121 1244 rea
1150 1220 1280 1255 quispiam
1302 1225 1459 1252 accusabit?
1478 1230 1585 1263 Apage;
1617 1230 1721 1259 illorum
1742 1234 1791 1261 hoc
1819 1237 1872 1263 cri-

1077 1271 1137 1291 men
1151 1271 1200 1293 est.
1225 1267 1344 1300 Quonam
1367 1275 1456 1299 autem
1478 1273 1529 1300 alio
1543 1275 1620 1309 signo
1641 1278 1699 1312 quis
1718 1279 1871 1315 deprehen-

1077 1309 1142 1337 dere
1167 1313 1249 1345 posait
1269 1322 1315 1341 vos
1330 1323 1382 1343 non
1407 1325 1568 1353 cognoscere
1591 1321 1696 1356 legem.
1724 1327 1794 1361 quod
1819 1336 1872 1356 non

1078 1356 1211 1384 credatis?
1235 1358 1299 1387 Cum
1327 1367 1414 1390 autem
1443 1364 1574 1394 dixissent
1599 1369 1733 1398 neminem
1769 1374 1871 1407 princi~

1079 1408 1140 1435 pum
1161 1403 1307 1432 credidisse
1323 1406 1347 1433 in
1369 1416 1430 1436 eum
1444 1431 1451 1441 ,
1480 1411 1525 1438 sed
1540 1420 1585 1440 eos
1598 1415 1642 1449 qui
1664 1415 1749 1451 legem
1764 1419 1869 1454 ignora-

1077 1446 1160 1481 bant,
1185 1451 1281 1478 merito
1304 1452 1363 1480 illos
1389 1456 1476 1490 arguit
1501 1446 1661 1488 Nicodamus
1677 1446 1719 1489 his
1748 1446 1835 1492 vdrbis
1863 1477 1868 1494 :

1076 1494 1120 1521 5i.
1136 1494 1273 1531 Numquid
1288 1498 1328 1525 [ex
1343 1506 1430 1528 nostra
1452 1503 1551 1536 iudicat
1565 1505 1705 1542 hominem,
1721 1509 1772 1536 nisi
1783 1513 1868 1538 audii:-

1075 1541 1107 1567 rit
1122 1541 1153 1568 ab
1167 1543 1222 1578 ipso
1237 1545 1328 1579 prius?
1343 1547 1461 1576 Ostendit
1478 1558 1524 1577 eos
1540 1559 1588 1579 nec
1600 1561 1688 1586 nosse,
1702 1563 1751 1583 nec
1762 1564 1868 1586 servare

1076 1586 1172 1621 legem.
1189 1589 1253 1617 Nam
1275 1591 1296 1618 si
1324 1592 1365 1620 lex
1389 1599 1460 1622 vetat
1488 1604 1647 1633 quemquam
1674 1601 1797 1635 interﬁci,
1819 1606 1868 1632 nisi

1075 1632 1146 1666 prius
1160 1634 1301 1669 audiatur;
1317 1637 1365 1672 ipsi
1382 1647 1444 1666 vero
1458 1632 1600 1677 antequam
1617 1645 1749 1681 and'rent,
1766 1648 1790 1675 id
1806 1657 1864 1675 nio-

1073 1677 1205 1706 liebantur
1219 1689 1225 1707 :
1241 1686 1452 1718 transgressores
1477 1693 1538 1715 sunt
1554 1688 1628 1723 legis.
1654 1691 1685 1718 Et
1707 1693 1768 1727 quia
1793 1694 1866 1722 dice-

1072 1723 1136 1751 bant.
1161 1727 1294 1754 neminem
1318 1730 1466 1766 principum
1491 1734 1637 1763 credidisse
1660 1737 1685 1763 iii
1710 1746 1780 1770 eum,
1807 1740 1866 1767 ideo

1072 1770 1172 1799 indicat
1185 1775 1346 1810 evangelista
1366 1777 1450 1812 ipsum
1465 1787 1496 1807 ex
1511 1788 1602 1809 eorum
1620 1791 1730 1812 numero
1743 1793 1803 1813 esse
1814 1807 1822 1820 ,
1839 1792 1864 1815 nt

1070 1818 1192 1846 ostendat
1203 1821 1282 1848 etiam
1302 1823 1435 1858 print-ipes
1451 1825 1476 1852 in
1497 1834 1557 1854 eum
1574 1829 1727 1859 credidisse.
1741 1832 1863 1862 Nondum

1069 1867 1159 1890 tamen
1182 1864 1206 1891 id
1223 1866 1308 1899 palam
1320 1888 1327 1900 ,
1343 1873 1370 1895 ut
1390 1869 1538 1905 decuisset,
1560 1874 1738 1904 exhibuerant
1752 1886 1761 1905 ε
1774 1886 1862 1906 erant-

1069 1915 1120 1943 que
1145 1910 1318 1941 nihilominus
1339 1915 1445 1944 Christo
1468 1918 1578 1948 addicti.
1598 1921 1665 1950 Vide
1679 1928 1766 1952 autem
1783 1935 1860 1960 quant

1069 1960 1149 1987 parce
1163 1957 1257 1991 arguit.
1273 1958 1330 1986 Non
1344 1960 1405 1987 dicit
1420 1963 1501 1996 enim,
1520 1964 1571 1992 Vos
1586 1972 1676 1994 atttem
1691 1969 1769 1996 vultis
1783 1971 1856 1999 illum

1067 2000 1199 2035 occidere,
1218 2008 1243 2030 et
1260 2007 1359 2032 temere
1372 2008 1558 2037 coudetnnatis
1580 2011 1714 2041 hominem
1732 2020 1760 2042 ut
1777 2017 1858 2045 sedu-

1067 2049 1177 2073 ctorem.
1200 2048 1295 2075 Verum
1312 2057 1362 2077 non
1380 2051 1413 2078 ita
1430 2053 1505 2087 dixit,
1521 2056 1567 2082 sed
1587 2058 1750 2087 moderatius
1764 2061 1856 2097 ingen-

1065 2094 1116 2117 tem
1141 2091 1244 2120 illorum
1274 2095 1402 2129 impetum
1427 2099 1589 2135 cohibebat,
1618 2112 1720 2132 necnon
1750 2108 1856 2137 illorum

1063 2136 1313 2168 inconsiderantiam
1333 2147 1359 2169 cl
1382 2146 1579 2179 sanguinarium
1600 2150 1729 2179 animum.
1748 2153 1810 2181 Ideo
1831 2156 1855 2182 in

1062 2182 1146 2216 legem
1172 2193 1322 2214 sermonem
1350 2193 1490 2224 convertit,
1520 2194 1608 2229 aitque
1634 2205 1640 2223 :
1666 2197 1725 2225 Nisi
1748 2201 1855 2229 audierit

1061 2227 1205 2263 diligenter,
1217 2237 1241 2258 et
1254 2236 1397 2268 cognoverit
1411 2238 1471 2272 quid
1482 2239 1569 2273 faciat.
1585 2239 1676 2276 Itaque
1691 2251 1743 2270 non
1759 2247 1853 2274 audire

1061 2277 1162 2300 tantum
1181 2282 1303 2312 oportet,
1317 2280 1363 2307 sed
1379 2281 1521 2317 diligenter
1535 2286 1627 2314 amlire
1651 2295 1658 2314 ε
1674 2289 1698 2315 id
1715 2292 1786 2318 enim
1801 2293 1849 2319 sibi

1059 2320 1114 2346 vult
1129 2320 1202 2354 illud,
1218 2322 1250 2350 Et
1262 2329 1404 2360 cognorerit
1415 2330 1476 2364 quid
1493 2331 1578 2366 {ai-iul,
1592 2334 1654 2367 quid
1670 2336 1741 2369 velit,
1760 2346 1850 2372 quare,

1058 2369 1084 2391 et
1096 2373 1174 2400 quam
1188 2376 1243 2396 rem
1266 2377 1387 2406 spectet,
1410 2382 1442 2401 an
1457 2376 1489 2402 ad
1513 2378 1665 2412 reipubliea:
1686 2384 1850 2412 eversionem

1058 2412 1147 2440 tendat
1168 2419 1196 2441 ut
1211 2415 1342 2444 inimicus.
1360 2419 1516 2450 Dubitantcs
1532 2432 1595 2457 ergo
1616 2434 1676 2453 cum
1699 2428 1847 2463 dixissent,

1055 2459 1188 2486 neminem
1205 2462 1355 2497 principum
1369 2465 1393 2492 in
1407 2466 1492 2500 ipsum
1503 2469 1625 2504 credere,
1640 2479 1688 2499 nec
1703 2473 1846 2502 vehemen-

1055 2508 1095 2530 ter
1111 2513 1159 2532 ncc
1171 2507 1283 2535 remisse
1297 2509 1322 2536 in
1338 2519 1399 2538 eum
1414 2511 1546 2540 feruntur.

1087 2551 1113 2577 2.
1130 2554 1255 2584 Lluzenam
1279 2555 1337 2584 lucc
1352 2562 1540 2594 consequentia
1553 2583 1559 2595 ,
1585 2563 1630 2590 illo
1650 2565 1757 2594 dicente
1770 2590 1776 2600 ,
1794 2568 1845 2596 λιιι

1051 2603 1138 2624 nostra
1153 2607 1202 2626 non
1211 2601 1313 2636 judico!
1322 2611 1484 2639 quemquam,
1501 2610 1677 2642 respondere.
1694 2613 1738 2639 52.
1758 2613 1844 2641 Nunt-

1049 2643 1110 2676 quid
1121 2650 1145 2670 ct
1157 2650 1182 2671 tu
1193 2653 1224 2672 ex
1235 2646 1341 2674 Gulilcea
1352 2650 1398 2676 es!
1411 2651 1474 2678 Cum
1490 2656 1653 2687 oportuisset
1665 2661 1735 2685 enim
1752 2667 1842 2688 osten-

1049 2687 1113 2715 dere
1135 2697 1165 2716 se
1179 2699 1231 2718 non
1249 2696 1348 2721 temere
1364 2703 1397 2722 eo
1413 2697 1518 2726 misisse
1538 2700 1581 2734 qui
1603 2701 1678 2729 illum
1707 2712 1839 2740 vocarent,

1048 2739 1072 2760 et
1090 2742 1142 2762 non
1160 2744 1227 2772 opus
1247 2745 1306 2765 esse
1321 2740 1407 2774 ipsum
1429 2743 1527 2778 alloqui
1541 2766 1548 2778 ,
1571 2749 1667 2775 acerbe
1690 2748 1841 2786 furioseque

1048 2787 1180 2814 reponunt
1192 2791 1198 2809 :
1214 2783 1334 2812 Scrutare
1345 2791 1368 2812 et
1382 2787 1438 2814 vide
1449 2809 1455 2820 ,
1469 2790 1530 2823 quia
1545 2800 1576 2818 ex
1595 2792 1702 2821 Gulilrca
1717 2798 1838 2830 prop/tela

1046 2835 1096 2854 non
1121 2829 1209 2864 surgit.
1224 2830 1292 2863 Quid
1315 2833 1385 2859 enim
1410 2834 1477 2862 dixit
1502 2836 1582 2864 homo
1603 2839 1668 2866 ille?
1683 2850 1746 2869 num
1769 2845 1836 2877 quod

1046 2873 1172 2908 propheta
1195 2876 1285 2904 esset?
1308 2877 1398 2914 Dixit,
1415 2888 1467 2909 non
1490 2882 1638 2917 judicatum
1665 2895 1718 2915 non
1753 2890 1834 2918 occidi
