2031 3118
159 111 210 139 2119

157 173 292 203 0,,011010.
306 166 345 193 1111
360 172 423 192 vero
438 163 631 191 contumeliose
643 181 651 194 ,
668 168 698 188 ac
713 161 735 188 si
750 159 944 193 Scripturarum

158 221 268 250 prorsus
280 214 385 248 ignarus
399 215 481 243 esset,
496 210 553 237 haec
565 211 707 243 reponunt,
722 213 753 234 ac
768 206 789 233 si
806 205 925 232 dicerent
938 212 944 230 :

161 261 242 292 Vade,
257 260 348 291 disce;
363 257 388 286 id
398 257 468 285 enim
482 256 532 284 sibi
547 255 601 282 vult
619 254 693 287 illud,
710 254 829 281 Scrutare
844 256 865 278 et
879 250 944 277 vide.

158 305 226 339 Quid
247 312 311 340 ergo
337 302 477 331 Christus?
496 301 561 336 Quia
585 300 722 328 Galilmam
743 303 770 326 et
789 298 946 333 prophetam

160 361 266 388 semper
281 353 306 379 111
325 359 372 379 ore
388 351 531 378 versabant
546 370 553 381 .
568 355 662 376 otnncs
674 348 706 374 ab
724 346 809 373 aliena
822 343 946 380 opinione

160 405 312 430 removens,
329 401 354 424 et
367 396 511 425 ostendens
522 400 680 422 senonesse
693 400 773 419 unum
785 398 816 417 ex
831 388 946 424 prophe-

160 445 205 478 tis,
221 445 267 472 sed
281 443 370 471 tntmdi
385 443 525 470 Dominum
538 462 545 473 ,
556 441 593 468 ait
604 439 678 475 (Cap.
692 439 726 472 8)
744 447 750 465 :
767 437 810 464 12.
825 435 880 471 Ego
893 443 946 461 smn

160 492 204 518 lux
217 490 306 517 mundi
318 488 368 525 (a).
380 489 437 516 Non
452 487 568 515 Galilmm
579 507 586 517 ,
603 493 655 512 non
669 483 825 514 Pnlarstin:t-,
839 480 948 508 11011111-

159 536 234 563 dmai.
247 535 316 568 Quid
329 542 407 568 porro
421 533 525 561 Judmi?
540 532 582 560 15.
596 530 636 557 Tu
647 530 678 556 de
693 530 771 563 teipso
782 526 948 554 testimonium

162 583 287 618 perhibes,
311 581 478 608 testimonium
502 585 572 606 tuum
586 586 672 605 rerum
687 585 735 603 non
758 580 802 603 cst.
819 576 840 602 0
863 573 949 600 stulti-

162 628 244 654 tiatn‘!
259 627 297 654 Ad
316 626 468 661 Scripturas
482 625 541 651 illos
562 631 669 658 semper
688 621 785 652 mittit,
801 625 828 648 et.
846 620 947 651 dicunt,

161 672 200 699 Tu
215 672 382 699 testimonium
396 671 508 706 perhibes
526 670 557 696 de
569 670 655 704 leipso.
670 667 744 700 Quod
759 672 845 693 autem
862 664 950 700 perhi-

162 718 218 744 buit
242 717 440 745 testimonium?
469 715 521 750 lt‘go
548 723 603 742 sum
630 715 673 740 lux
706 713 803 739 mundi.
829 712 949 745 Magnum

162 764 273 796 dictutn,
287 764 376 797 utique
390 770 524 796 magnum.
541 760 592 788 Sed
607 768 657 787 non
671 760 746 786 va'de
761 759 820 785 illos
835 757 950 792 exagita-

165 810 201 835 vit
217 830 223 841 ,
241 809 301 843 quia
326 815 375 835 nec
388 815 417 834 se
428 807 482 841 jam
498 805 625 840 aequalem
639 805 710 832 Patri
725 804 830 831 dicebat
841 823 848 835 ,
863 810 912 830 nec
922 809 950 829 se

163 854 260 882 Filium
274 853 332 888 ejus
343 860 401 880 esse
417 852 456 879 vel
482 853 574 881 11011111¹
589 850 636 877 sed
656 851 740 877 lucem
758 853 869 876 tantum.
885 846 949 874 Illud

163 907 269 934 quoque
294 903 381 926 tamen
404 902 523 925 evertere
545 896 667 923 volebant
683 904 689 920 :
705 902 763 920 uatn
779 893 863 928 majus
888 892 950 919 illud

164 949 231 978 erat,
248 952 327 980 quam
343 944 443 976 dicere,
458 943 507 976 Qui
521 943 631 977 sequitur
650 950 699 973 me,
714 949 763 967 non
775 939 911 967 ambulabit
924 940 951 966 iu

165 991 281 1018 tenebris.
299 991 395 1018 Lucem
409 995 436 1017 et
451 989 572 1016 tenebras
583 987 823 1023 spiritualesdieit;
838 988 888 1014 hoc
898 991 949 1019 est,

165 1037 221 1064 Non
236 1041 323 1064 manet
336 1037 469 1063 inerrore.
483 1035 530 1062 llic
542 1034 714 1061 Nicodcuuun
727 1033 809 1060 allicit
824 1038 850 1060 et
863 1032 950 1066 erigit,

166 1089 254 1118 utpote
269 1084 312 1118 qui
328 1083 410 1110 libere
427 1082 550 1116 loquutus
561 1085 641 1111 esset.
655 1085 734 1115 atque
748 1080 882 1106 ministros
893 1079 952 1105 lau-

166 1129 211 1156 dat
220 1128 290 1164 quod
305 1128 340 1155 ita
351 1135 379 1155 se
389 1126 529 1162 gesserint.
540 1125 659 1153 Clamare
673 1125 744 1151 enim
757 1123 793 1160 (ti)
807 1124 856 1151 hoc
869 1123 951 1158 signi-

166 1175 238 1208 ﬁcat,
261 1174 332 1209 quod
346 1173 458 1200 voluerit
480 1172 538 1199 illos
559 1171 592 1198 ad
612 1169 772 1197 audiendum
796 1169 921 1196 inducere
944 1176 951 1194 :

167 1221 298 1255 simulque
321 1218 489 1250 subindicat,
511 1217 570 1244 illos
593 1217 660 1243 clam
688 1215 765 1242 dolos
792 1219 906 1246 struere,
928 1214 953 1240 111

168 1266 285 1293 tenebris
300 1272 394 1299 nempe
407 1268 434 1291 et
448 1264 473 1290 in
489 1269 580 1289 errore
594 1282 602 1295 ,
618 1261 665 1288 sed
679 1261 765 1288 lucem
781 1268 832 1287 non
845 1267 954 1294 snpera-

168 1316 243 1339 turos
258 1318 327 1338 esse.
340 1310 426 1344 Atque
435 1307 579 1335 Nicodemo
590 1307 616 1334 in
627 1308 743 1334 nt‘entetn
758 1310 865 1333 revocat
875 1305 954 1332 verba

167 1358 211 1385 illa
236 1365 296 1391 111110
321 1363 404 1390 nuper
425 1354 549 1381 dixerat:
568 1352 656 1380 Omnis
679 1352 722 1387 qui
743 1351 808 1378 male
825 1355 953 1386 operatur,

167 1404 219 1431 odit
232 1404 324 1435 lucem,
340 1406 363 1428 et
374 1409 423 1428 non
439 1401 502 1427 venit
515 1400 548 1426 ad
560 1400 650 1430 lucem,
667 1407 698 1426 ne
717 1406 793 1432 opera
808 1398 863 1433 ejus
875 1405 955 1432 appa-

168 1453 238 1475 ηιυιι
252 1447 340 1482 (Joan.
358 1447 375 1474 5
398 1446 458 1480 20).
476 1444 541 1478 Quia
556 1444 691 1477 dicebant,
709 1443 842 1470 neminem
857 1442 955 1477 princi-

169 1501 230 1528 pum
248 1493 274 1519 in
285 1499 345 1518 eum
360 1491 522 1522 credidisse;
538 1489 598 1516 ideo
612 1490 649 1516 ait
660 1510 668 1522 ,
686 1489 736 1522 Qui
750 1489 815 1515 male
827 1489 890 1522 agit,
905 1496 955 1514 non

168 1539 234 1565 venit
248 1538 282 1564 ad
299 1537 394 1569 lucent,
411 1535 554 1562 ostendens
574 1543 625 1562 non
646 1542 680 1562 ex
695 1534 761 1562 lucis
775 1533 956 1561 imbecillitate

168 1584 232 1611 illud
256 1591 317 1611 esse
331 1603 338 1614 ,
353 1583 399 1609 sed
415 1590 447 1610 ex
469 1582 573 1608 illorutn
589 1588 712 1616 perversa
729 1581 873 1607 voluntate.
899 1579 955 1606 Re-

168 1628 324 1663 sponderunt
351 1632 373 1654 et
391 1628 508 1654 dixerunt
526 1627 569 1653 ei:
585 1625 622 1652 Tu
635 1625 666 1652 de
686 1625 764 1660 teipso
784 1625 951 1652 testimonium

169 1675 294 1709 perhibes.
321 1674 388 1707 Quid
409 1673 488 1708 igitur
510 1672 571 1700 ille?
588 1672 629 1699 Η.
647 1671 704 1698 Etsi
727 1679 772 1706 ego
790 1670 957 1698 testimonium

169 1720 287 1755 perltibeo
305 1719 336 1746 de
360 1719 463 1754 nteipso,
492 1718 659 1745 testimonium
682 1725 763 1744 nteant
787 1725 871 1743 verum
896 1719 930 1743 est
948 1724 958 1743 .'

169 1765 230 1799 quia
243 1765 295 1792 scio
312 1764 377 1791 unde
390 1764 444 1790 ueni
454 1784 462 1797 ,
483 1768 506 1790 et
526 1771 574 1798 quo
590 1762 671 1795 vado;
685 1770 728 1789 vos
750 1766 832 1789 autent
856 1761 958 1789 nescitis

169 1812 236 1838 unde
250 1811 330 1838 venio.
345 1810 419 1844 Quod
435 1810 507 1845 prius
518 1809 630 1841 dixerat,
645 1808 696 1836 hoc
710 1812 846 1842 opponunt
859 1807 955 1841 Judaei,

170 1862 305 1892 tamquam
321 1856 451 1891 pratcipue
461 1856 571 1883 dictum.
587 1855 656 1889 Quid
669 1862 732 1889 ergo
741 1854 880 1881 Christus?
893 1853 958 1880 lllud

170 1902 267 1930 evertit
292 1907 370 1937 atque
392 1901 523 1935 ostendit,
550 1909 579 1928 se
605 1901 648 1928 illa
672 1900 816 1928 secundum
842 1900 959 1934 ipsorum

171 1948 324 1983 opinionem
339 1948 437 1976 dixisse
459 1947 515 1980 eis,
530 1947 600 1982 quod
624 1955 684 1975 cum
705 1947 852 1981 simplicem
874 1947 962 1974 homi-

171 2002 232 2021 nem
248 2002 307 2022 esse
321 1994 522 2024 arbitrarentur.
536 1994 626 2028 aitque
641 2002 647 2019 :
660 1992 714 2019 Etsi
728 2001 772 2028 ego
793 1993 959 2020 testimonium

173 2040 289 2072 per/tilica
302 2041 332 2067 de
344 2048 382 2067 me
392 2040 457 2076 ipso,
468 2048 552 2066 verum
565 2045 603 2067 est
616 2040 782 2066 testimonium
795 2048 887 2072 meum,
901 2040 960 2074 quia

171 2086 223 2112 scio
235 2086 300 2112 unde
316 2085 396 2112 venio.
419 2084 486 2119 Quid
501 2085 551 2112 sibi
567 2085 623 2111 vult
636 2085 708 2112 hoc?
729 2085 767 2112 Ex
784 2085 838 2112 Deo
849 2092 919 2118 sum,
933 2089 960 2112 et

174 2130 252 2163 Deus,
269 2136 295 2158 et
311 2130 391 2157 Filius
405 2130 461 2157 Dei.
479 2130 549 2157 Deus
563 2130 612 2157 sibi
625 2130 675 2157 tide
690 2130 784 2165 dignus
797 2132 871 2157 testis
890 2140 896 2156 :
913 2137 960 2157 vos

172 2183 237 2202 vero
250 2184 304 2202 non
317 2175 401 2202 nostis
414 2183 421 2207 ;
434 2180 530 2209 sponte
542 2179 628 2202 vestra
639 2175 753 2210 maligne
763 2175 849 2209 agitis,
861 2180 957 2202 etcum

171 2220 266 2247 sciatis
278 2241 285 2251 ,
301 2220 404 2247 nescire
418 2219 549 2247 simulatis
568 2228 574 2246 :
590 2219 635 2246 sed
650 2219 794 2246 secundum
817 2219 958 2246 humanam

149 2261 156 2272 ¹
171 2265 332 2292 κ111οη110111
355 2265 513 2300 loquimini,
529 2264 647 2300 nihilque
670 2265 785 2299 amplius
811 2265 960 2301 intelligere

173 2311 264 2342 vultis,
281 2318 360 2345 quam
374 2310 399 2337 id
414 2310 483 2345 quod
496 2315 615 2345 apparet.
633 2311 675 2338 15.
696 2310 745 2337 Vos
756 2312 894 2338 secundum
908 2319 961 2338 car-

173 2356 371 2391 uemjudicatis.
387 2355 421 2384 Ut
435 2356 581 2383 secundum
594 2363 702 2383 carnem
714 2356 803 2383 vivere
817 2376 823 2388 ,
839 2357 908 2384 male
922 2356 961 2384 vi-

173 2409 237 2429 vere
250 2406 293 2428 est
309 2410 315 2427 :
332 2401 370 2428 sic
383 2401 529 2428 secundum
544 2409 651 2428 carnem
663 2401 792 2436 judicareI
805 2406 846 2429 est
862 2402 960 2437 injuste

172 2446 301 2482 judicare.
316 2446 371 2482 Ego
392 2454 441 2473 non
447 2446 536 2481 judico
555 2454 702 2481 quamquam
716 2454 725 2474 :
738 2447 779 2474 l6.
794 2452 816 2475 et
829 2448 853 2474 si
860 2448 961 2481 judico,

173 2491 297 2523 iudicium
315 2499 397 2518 meum
416 2499 501 2518 verum
515 2495 561 2518 est.
585 2491 640 2519 Hoc
650 2496 700 2523 est,
714 2491 814 2526 lnjuste
824 2493 958 2526 judicatis.

174 2536 206 2563 Et
219 2536 241 2563 si
252 2536 351 2570 injuste
362 2535 522 2570 judicamus,
536 2536 667 2571 inquiunt,
680 2544 728 2564 cur
739 2544 790 2564 non
805 2537 961 2573 redarguis?

173 2589 220 2608 cur
235 2589 288 2608 non
308 2582 443 2616 castigas?
456 2590 504 2610 cur
518 2590 570 2610 non
584 2583 746 2611 condemnas
757 2585 768 2610 '.'
779 2584 844 2619 Quia
859 2593 913 2612 non
928 2586 961 2614 ad

173 2628 224 2655 hoc
240 2628 320 2662 veni,
336 2628 430 2663 inquit.
453 2627 480 2655 111
501 2629 572 2656 enim
597 2629 727 2664 signiﬁcat
742 2630 805 2657 illud
819 2639 824 2656 :
841 2630 896 2666 Ego
910 2640 962 2658 nou

206 2724 241 2756 (11)
255 2723 298 2748 ttic
309 2726 384 2747 totam
400 2722 433 2756 de
450 2722 554 2756 muliere
571 2723 597 2747 111
615 2723 734 2750 adulterio
750 2724 904 2756 deprehensa
925 2725 962 2750 hi-

173 2754 269 2786 storian
276 2754 446 2786 1110-1010111111
454 2753 641 2786 (ΖΙιγι-γεοειφηιυε.

206 2784 241 2818 (ti)
256 2783 326 2812 Illud,
338 2783 443 2818 planiore
453 2783 524 2818 e_n_irit,
538 2785 633 2818 videtur
644 2786 769 2818 respicere
781 2787 838 2812 illud
854 2793 906 2818 cap.
921 2794 962 2813 se-

173 2816 239 2847 ptimi
250 2823 255 2846 ι
265 2814 413 2840 nccedentis
425 2821 446 2839 ν.
459 2815 498 2844 37,
511 2819 533 2840 rt
545 2816 662 2841 clamabat
671 2814 762 2842 (licens.

713 102 745 129 IN
764 99 918 129 JOANNEM
939 97 1054 126 IlOMlL.
1074 97 1126 126 Lll.
1143 99 1177 127 al.
1198 99 1239 128 LI.

1736 103 1791 133 290

999 155 1085 189 judico
1099 164 1246 191 quemquam
1260 166 1268 184 :
1281 161 1303 184 et
1316 158 1338 184 si
1346 158 1444 193 judico,
1456 159 1581 195 judicium
1601 168 1681 187 meum
1704 169 1787 189 verum

999 206 1044 228 est.
1060 201 1126 229 Nam
1139 203 1160 229 si
1172 203 1292 237 judicare
1311 205 1418 239 vellent,
1430 213 1463 233 ex
1476 205 1661 234 damnatorum
1678 216 1791 237 numero

1000 248 1096 275 essetis
1109 257 1115 274 :
1131 248 1188 276 hare
1212 258 1277 277 vero
1292 259 1344 278 non
1357 252 1479 286 judicans
1493 253 1552 280 dict:
1566 274 1573 286 ,
1588 254 1681 289 inquit.
1696 255 1787 291 Neque

999 293 1060 321 ideo
1073 293 1135 325 dixi,
1153 294 1210 328 Mn
1222 295 1344 330 judicans
1359 297 1429 330 dico,
1442 299 1513 334 quod
1530 308 1582 327 non
1604 300 1693 334 ﬁdam,
1709 309 1752 328 me
1766 302 1788 329 si

998 339 1124 373 judicem,
1141 348 1189 375 vos
1201 348 1259 369 esse
1273 347 1410 376 capturum
1426 345 1497 380 (nam
1511 345 1533 372 si
1547 345 1705 380 judicarem,
1717 347 1789 382 juste

1002 392 1048 411 vos
1061 385 1266 413 eondemuarem
1279 387 1288 421 )
1306 397 1312 414 ε
1334 392 1360 414 at
1371 396 1440 416 nunc
1453 393 1555 424 tempus
1566 391 1658 426 jtulicii
1673 400 1723 420 non
1736 397 1787 420 est.

1002 430 1129 458 Futurum
1155 439 1261 467 quoque
1282 432 1410 467 judicium
1435 435 1600 470 subindicat,
1628 445 1688 465 cum
1713 437 1788 471 dicit,

1004 477 1070 510 Quia
1084 477 1152 505 solus
1168 486 1218 504 non
1238 486 1304 511 sum,
1318 479 1364 506 sed
1374 488 1418 514 ego
1431 486 1452 506 et
1463 482 1505 515 qui
1516 482 1581 508 misit
1592 491 1630 509 me
1642 483 1729 510 Pater.
1742 483 1790 511 1110

1003 529 1083 556 porro
1099 523 1193 555 innuit,
1210 531 1261 549 non
1271 531 1299 550 sc
1313 524 1398 551 solum
1411 525 1482 559 ipsos
1495 525 1633 560 damnare,
1644 529 1690 555 sed
1705 529 1785 556 etiam

1002 568 1117 595 Patrem.
1144 569 1242 596 Deinde
1269 569 1319 597 hoc
1336 570 1385 597 sub
1402 571 1492 598 umbra
1520 572 1631 606 quadam
1660 573 1735 607 dixit,
1762 575 1789 601 in

1002 613 1039 640 rei
1057 614 1236 641 testimonium
1260 616 1389 643 inducens
1411 625 1417 643 ε
1440 617 1482 644 17.
1499 615 1532 643 In
1547 617 1600 652 lege
1613 623 1695 645 autent
1709 624 1789 646 uestra

1002 662 1123 695 scriptam
1138 666 1183 694 est,
1193 661 1299 688 duorum
1317 663 1446 689 hominum
1457 664 1622 691 testimonium
1635 673 1718 692 rerum
1728 674 1790 693 esse.

1050 706 1075 733 5.
1094 705 1275 734 Ila'reticorunt
1291 708 1406 741 obiectio.
1417 710 1530 742 ——Quid
1545 710 1585 737 hit:
1601 710 1716 738 dixerint
1735 711 1789 738 lite—

1003 753 1098 780 rctiei?
1120 753 1188 786 Quid
1218 754 1275 788 plus
1299 754 1411 787 habent,
1434 763 1512 789 qttatn
1544 756 1675 789 homines,
1696 757 1718 784 si
1742 757 1792 785 hoc

1003 798 1103 825 dictum
1123 799 1280 833 simpliciter
1293 800 1474 834 accipiamus?
1488 801 1564 836 Apud
1587 802 1706 829 homines
1722 804 1791 830 enim

1003 842 1064 870 ideo
1083 843 1132 870 hoc
1155 847 1282 871 statutum
1311 844 1377 878 fuit,
1396 846 1455 880 quia
1483 854 1562 874 nemo
1581 848 1653 874 solus
1674 852 1715 876 est
1741 849 1794 876 ﬁde

1003 889 1097 924 dignus
1113 900 1118 916 :
1135 891 1205 925 apud
1220 891 1302 917 Deum
1317 896 1405 918 autem
1421 892 1554 926 quomodo
1575 892 1626 920 hoc
1648 898 1720 921 stare
1741 901 1791 928 po-

1005 935 1102 961 tuerit?
1116 934 1167 962 Cur
1177 935 1276 962 dictum
1289 940 1347 969 est,
1368 936 1448 963 Duo?
1463 945 1525 964 num
1550 938 1611 972 quia
1631 938 1683 965 duo
1708 943 1770 965 sunt
1785 960 1790 970 ,

1004 981 1044 1008 vel
1053 981 1112 1016 quia
1125 981 1245 1008 homines
1252 986 1322 1016 sunt,
1331 982 1390 1009 ideo
1398 982 1519 1010 suntduo
1528 984 1539 1010 '1
1553 983 1579 1011 Si
1588 984 1647 1018 quia
1659 983 1711 1011 duo
1719 990 1792 1017 sunt,

1004 1035 1052 1054 cur
1065 1035 1115 1054 non
1127 1028 1243 1062 confugit
1253 1028 1285 1055 ad
1296 1028 1436 1062 Joannem,
1452 1037 1500 1056 nec
1514 1029 1589 1062 dixit,
1600 1030 1793 1058 Testimonium

1005 1081 1054 1108 ego
1076 1073 1204 1108 perhibeo
1228 1073 1261 1100 de
1289 1074 1410 1108 meipso,
1437 1075 1560 1108 perhibet
1574 1083 1679 1110 quoque
1693 1077 1726 1103 de
1752 1084 1794 1103 me

1005 1118 1139 1146 Joannes?
1152 1126 1198 1145 cur
1209 1126 1261 1145 non
1273 1119 1305 1146 ad
1316 1120 1457 1154 angelum?
1469 1127 1517 1147 cur
1526 1127 1578 1147 non
1590 1121 1622 1147 ad
1635 1122 1795 1156 prophetas?

1007 1171 1066 1191 nam
1088 1167 1213 1191 sexcenta
1237 1165 1288 1191 alia
1303 1165 1423 1199 proferre
1437 1171 1539 1200 poterat
1553 1167 1713 1194 testimonia.
1738 1167 1791 1195 Sed

1007 1218 1059 1236 non
1074 1209 1124 1239 hoc
1144 1214 1245 1237 tantum
1260 1211 1315 1237 vult
1330 1210 1489 1246 signiﬁcare,
1504 1212 1574 1246 quod
1592 1212 1644 1239 duo
1658 1212 1729 1244 sint;
1747 1213 1794 1240 sed

1007 1256 1085 1283 ctiatn
1096 1255 1165 1290 quod
1179 1263 1213 1282 011
1228 1256 1321 1283 eadem
1341 1257 1394 1283 sint
1408 1257 1564 1284 susbtautia.
1582 1257 1625 1284 19.
1639 1257 1730 1284 Dicunt
1744 1258 1767 1284 ei
1786 1267 1794 1284 :

1009 1301 1071 1334 Quis
1092 1305 1128 1328 est
1152 1300 1228 1328 Pater
1254 1302 1334 1328 titus?
1354 1301 1493 1336 Respondit
1513 1301 1588 1328 lusus
1605 1309 1615 1328 :
1638 1302 1726 1338 Neque
1757 1311 1795 1330 me

1007 1347 1084 1379 stilis,
1099 1355 1177 1381 neque
1196 1346 1299 1374 Patrem
1314 1355 1407 1375 nteant.
1431 1348 1495 1375 Cutn
1511 1349 1582 1375 enim
1598 1349 1715 1376 scientes
1730 1353 1796 1376 tam-

1007 1401 1086 1428 quam
1101 1393 1177 1420 inscii
1194 1393 1407 1429 interrogarent,
1423 1396 1497 1430 quasi
1522 1400 1653 1423 tentantes
1665 1404 1724 1424 eutn
1735 1418 1742 1430 ,
1764 1406 1796 1425 ne

1008 1439 1182 1473 responsione
1216 1439 1322 1474 quidem
1356 1440 1415 1468 illos
1442 1440 1574 1476 dignatur.
1608 1442 1670 1470 ldeo
1700 1443 1796 1471 clarius

1008 1483 1133 1518 deinceps
1147 1484 1310 1519 liberiusque
1324 1485 1450 1520 loquitur,
1467 1491 1545 1521 atque
1559 1495 1591 1515 ex
1614 1489 1696 1523 signis
1711 1497 1796 1524 exque

1009 1529 1129 1556 doctrina
1155 1531 1322 1565 sequentium
1344 1538 1373 1558 se
1398 1532 1576 1560 testimonium
1598 1534 1712 1568 accipit,
1727 1535 1797 1570 quod

1007 1575 1061 1609 jam
1073 1575 1159 1602 crucis
1172 1580 1276 1610 tempus
1299 1576 1461 1604 immineret.
1474 1577 1544 1610 Scio,
1559 1577 1660 1613 inquit,
1676 1579 1741 1605 unde
1754 1587 1781 1606 ve
1790 1595 1796 1599 -

1012 1621 1102 1648 nerim.
1116 1621 1191 1654 Quod
1205 1621 1264 1649 illos
1277 1629 1329 1649 non
1342 1622 1419 1650 valde
1434 1623 1517 1651 movit
1529 1631 1536 1654 ;
1554 1631 1613 1651 cum
1627 1625 1729 1652 addidit
1749 1633 1796 1652 an-

1009 1671 1063 1694 tem
1076 1687 1084 1700 ,
1102 1667 1158 1700 Quo
1168 1675 1213 1702 ego
1233 1668 1306 1701 vado,
1321 1668 1405 1703 magis
1421 1668 1479 1696 illos
1493 1670 1639 1704 exterruit,
1654 1671 1729 1705 quasi
1743 1679 1795 1698 non

1010 1717 1082 1740 esset
1107 1712 1132 1739 in
1159 1717 1245 1740 morte
1270 1720 1469 1748 permansurus.
1491 1714 1543 1742 Sed
1566 1722 1613 1742 cur
1638 1723 1691 1742 non
1710 1716 1797 1750 dixit,

1011 1758 1081 1785 Deus
1102 1765 1179 1791 sum;
1203 1757 1250 1786 sed
1263 1780 1270 1791 ,
1292 1758 1352 1786 Scio
1371 1759 1438 1786 unde
1454 1759 1545 1786 venio?
1565 1760 1675 1795 Semper
1690 1761 1798 1790 humilia

1009 1803 1166 1830 sublimibus
1180 1803 1318 1836 admiscet,
1335 1809 1362 1831 et
1377 1804 1433 1831 hanc
1443 1805 1523 1832 etiam
1542 1806 1718 1834 suboceultat.
1732 1808 1798 1835 Cum

1010 1849 1122 1876 dixisset
1136 1850 1219 1883 enim,
1242 1850 1296 1886 Ego
1321 1851 1488 1878 testimonium
1508 1852 1624 1886 per/tilica
1645 1853 1676 1880 de
1694 1854 1798 1888 meipso,

1011 1895 1090 1930 idque
1103 1895 1282 1929 ostendisset,
1302 1895 1335 1923 ad
1349 1896 1488 1924 humiliora
1499 1897 1589 1930 venit;
1602 1905 1632 1925 ac
1645 1898 1667 1925 si
1678 1898 1804 1931 dixisset,

1010 1941 1071 1969 Scio
1084 1950 1098 1969 a
1111 1949 1164 1976 qtto
1176 1942 1273 1969 missus
1296 1942 1355 1975 sim,
1381 1948 1408 1970 et
1422 1943 1454 1970 ad
1468 1951 1547 1978 quem
1564 1944 1669 1972 vadam.
1685 1945 1728 1972 Sic
1747 1953 1803 1972 non

1012 1991 1134 2021 poterant
1147 1987 1340 2021 contradicere,
1353 1996 1413 2015 cum
1427 1989 1566 2023 audirent,
1587 1990 1620 2017 ab
1639 1998 1672 2018 eo
1690 1991 1800 2018 missum

1012 2039 1081 2064 esse,
1096 2037 1124 2060 et
1134 2033 1166 2060 ad
1183 2041 1243 2060 eum
1258 2034 1365 2061 reverti.
1377 2034 1447 2061 Nihil
1461 2035 1531 2062 enim
1542 2055 1549 2067 ,
1567 2035 1670 2070 inquit,
1686 2035 1745 2064 falsi
1761 2037 1799 2064 lo-

1012 2081 1109 2111 quutus
1129 2085 1198 2104 sum.
1221 2077 1283 2104 lude
1306 2078 1383 2110 veni,
1406 2078 1467 2106 illuc
1489 2079 1621 2114 remigro,
1648 2080 1680 2107 ad
1707 2088 1798 2109 verum

1012 2124 1106 2150 Deum.
1120 2123 1173 2150 Vos
1186 2127 1274 2150 autem
1292 2123 1374 2150 Dettm
1387 2131 1438 2151 non
1453 2124 1537 2151 nostis
1552 2134 1559 2152 :
1582 2125 1642 2152 ideo
1653 2126 1805 2154 secundum

1012 2177 1120 2197 carnem
1131 2169 1266 2204 judicatis.
1283 2169 1349 2196 Nam
1367 2174 1426 2203 post
1447 2174 1486 2197 tot
1500 2170 1589 2197 audita
1607 2171 1702 2198 indicia
1718 2177 1745 2199 et
1757 2181 1796 2200 ar-

1013 2220 1138 2251 gumenta
1154 2215 1241 2242 adhuc
1264 2215 1369 2248 dicitis,
1398 2215 1457 2242 Non
1471 2221 1507 2243 est
1522 2225 1593 2244 verus
1612 2225 1621 2243 :
1645 2221 1672 2245 et
1693 2217 1798 2252 Moysen

1014 2261 1065 2288 11110
1077 2261 1184 2296 dignum
1197 2261 1305 2295 putatis,
1319 2265 1346 2288 ct
1365 2261 1398 2288 de
1417 2261 1475 2288 aliis
1489 2266 1516 2289 et
1533 2262 1566 2289 (le
1583 2270 1612 2290 se
1629 2263 1778 2298 loquentem
1790 2271 1805 2297 ;.

1013 2306 1146 2334 Christum
1161 2314 1224 2333 vero
1238 2314 1290 2334 non
1310 2307 1381 2334 item.
1398 2307 1454 2334 1100
1477 2312 1518 2335 est
1531 2307 1677 2335 secundum
1692 2316 1811 2336 carnem.

1011 2353 1141 2387 judicare.
1150 2353 1204 2387 Ego
1211 2357 1292 2379 autent
1301 2361 1349 2379 non
1354 2353 1442 2388 judico
1451 2361 1600 2389 quemquam
1607 2353 1697 2388 (Joan.
1741 2354 1799 2389 ‘22).

1014 2398 1093 2433 Atqui
1108 2398 1188 2425 etiam
1203 2397 1285 2431 dicit,
1310 2397 1388 2425 Pater
1402 2399 1523 2425 neminem
1536 2399 1646 2433 judicat.
1673 2399 1726 2427 Cur
1738 2407 1801 2434 ergo

1015 2444 1058 2471 1110
1071 2444 1134 2471 dicit
1150 2452 1157 2470 :
1174 2443 1205 2469 Et
1224 2444 1246 2470 si
1259 2443 1346 2478 judico
1359 2464 1366 2476 ,
1387 2444 1514 2478 judicium
1533 2453 1613 2471 meum
1630 2445 1727 2479 justum
1746 2450 1800 2476 est.

1013 2491 1073 2525 quia
1085 2499 1135 2518 non
1149 2499 1205 2518 sum
1219 2490 1311 2517 solus?
1334 2490 1435 2517 Rursus
1457 2491 1602 2518 secundum
1624 2492 1729 2519 illorum
1745 2493 1802 2526 opi-

1015 2537 1120 2564 nionem
1146 2536 1272 2570 loquitur.
1296 2536 1351 2563 Hoc
1373 2541 1433 2568 est,
1456 2536 1588 2564 Judicium
1604 2544 1691 2564 meum
1718 2537 1803 2564 Patris

1014 2587 1076 2610 est:
1094 2590 1180 2617 neque
1201 2582 1279 2609 aliter
1302 2589 1380 2617 quam
1404 2589 1453 2616 ego
1480 2582 1558 2609 Pater
1575 2582 1695 2617 judicat,
1717 2590 1802 2617 neque

1016 2628 1094 2655 aliter
1106 2635 1166 2662 ego,
1180 2635 1257 2662 quam
1270 2627 1357 2654 Pater.
1369 2628 1423 2654 Cur
1435 2635 1498 2654 vero
1512 2628 1615 2654 Patrem
1630 2628 1803 2655 memoravit?

1015 2674 1073 2702 Non
1096 2674 1224 2709 putabant
1247 2673 1284 2700 illi
1303 2672 1354 2700 11110
1371 2673 1478 2707 dignum
1502 2673 1615 2705 Filium,
1643 2673 1693 2700 nisi
1718 2674 1803 2701 l’atris

1017 2720 1197 2748 testimonium
1212 2719 1359 2752 accepisset
1378 2728 1384 2745 :
1406 2718 1521 2752 alioquin
1547 2718 1646 2745 dictum
1665 2718 1728 2745 illud
1750 2726 1804 2746 non

1017 2767 1144 2794 stetisset.
1160 2765 1235 2799 Apud
1249 2763 1371 2791 homines
1386 2763 1457 2790 enim
1475 2771 1534 2790 cum
1550 2763 1602 2790 duo
1615 2763 1648 2791 de
1663 2771 1693 2791 re
1716 2764 1803 2791 aliena

1019 2812 1198 2841 testimonium
1212 2811 1316 2843 ferunt,
1338 2814 1400 2837 tunc
1414 2809 1594 2837 testimonium
1607 2817 1698 2837 verum
1723 2809 1802 2838 hahe-
