2031 3118
232 85 280 113 ψη

231 147 292 172 Iur‘.
310 141 362 171 hoc
379 146 420 170 est
433 142 514 174 enim,
538 140 604 167 duos
621 139 802 166 testimoainm
828 139 904 165 torre.
921 138 947 165 Si
970 139 1031 174 quis

231 196 293 215 \ero
303 188 336 215 de
346 195 374 216 sc
384 187 564 216 testimonium
579 186 653 217 terat.
666 193 717 212 non
732 185 786 219 jam
798 192 851 212 duo
860 189 943 212 testes
952 189 1023 212 sunt.

265 235 381 262 Christus
402 243 428 261 se
444 233 515 260 Patri
541 232 778 260 consubstantialem
802 232 918 259 ostendit.
932 246 967 252 ——
981 231 1024 258 Vi~

229 280 293 306 ilen‘.
305 280 378 306 illum
394 287 445 306 non
460 279 509 305 alia
525 278 558 306 de
571 285 652 305 causa
669 278 719 305 hoc
733 277 843 310 dixisse,
862 276 913 304 nisi
934 281 963 304 ut
979 285 1024 304 os~

230 326 350 357 tenderet
365 332 394 352 se
405 324 660 352 consubstantialem
672 331 742 355 esse,
755 329 781 351 et
795 332 842 358 per
851 324 1022 358 semetipsum

228 373 325 400 deinde
340 379 392 398 non
408 379 487 406 cgere
501 379 530 398 se
544 371 597 398 alio
613 371 785 403 testimonio;
803 376 882 405 utque
899 369 1024 404 probaret

229 427 258 447 se
280 418 345 445 nihil
375 418 463 444 minus
492 417 601 449 habere,
630 425 708 451 quam
734 415 937 443 Patrem?\'iile
960 422 1023 450 ergo

228 465 424 491 auctoritatem.
441 464 481 490 l8.
498 463 552 498 Ego
561 471 617 490 sum
627 463 668 498 qui
680 462 847 489 testimonium
861 460 976 495 per/Iibeo
993 461 1023 488 tle

228 511 323 543 ui-zipso
336 530 343 541 ,
360 514 381 535 et
404 509 572 535 testimonium
589 508 699 543 perhibet
726 507 757 533 de
772 515 809 533 me
831 506 874 540 qui
897 506 963 532 misit
984 514 1023 533 me

231 555 318 582 Pati-2'.
333 555 390 582 Non
407 555 430 581 id
445 555 578 590 posuisset
591 554 612 580 si
627 553 738 580 minoris
751 553 906 579 substantite
918 552 1020 579 fuisset.

229 602 374 629 lteimlene
391 601 494 628 uuiucri
506 607 584 627 causa
601 600 625 626 id
649 600 763 634 positum
779 603 855 633 [uites
868 620 875 632 ,
896 599 956 626 vide
975 606 1022 634 po-

228 653 350 675 lt'siﬂlt'lll
363 648 388 674 iu
403 647 474 673 nullo
485 647 630 673 diversam.
641 636 809 672 'l‘cStiticalur
821 644 901 671 homo
912 652 971 671 cum
985 652 1018 672 ex

227 701 257 720 se
273 693 323 719 Ιίιιο
338 687 432 728 dignus
445 696 496 724 est,
511 699 563 718 non
579 698 640 718 cum
656 691 809 718 testimonio
822 695 881 725 eget
895 698 902 723 ;
918 689 1022 725 hocque

228 741 253 766 in
269 740 355 766 aliena
377 747 405 765 re
420 747 425 764 :
442 738 467 764 in
490 746 519 765 re
536 744 599 764 vero
626 744 671 763 sua
687 744 747 763 cum
770 737 924 764 testimonio
949 741 1019 771 cgct,

227 793 279 812 non
291 785 345 819 jam
361 789 402 812 est
416 784 467 811 ﬂde
479 783 583 818 dignus.
600 783 648 810 llic
663 790 726 810 vero
740 787 841 810 contra.
863 782 928 810 Nam
953 783 977 809 iu
992 790 1021 809 rc

226 839 274 858 sua
288 831 444 863 testitlcans,
459 834 486 857 et
496 837 524 857 sc
538 829 647 856 alterius
664 829 844 856 testimonium
862 829 960 856 habere
974 829 1018 855 di-

227 884 300 909 cens,
314 884 343 903 se
355 876 405 903 tide
420 875 529 910 dignum
545 883 604 902 esse
615 875 689 909 dicit,
706 874 823 909 undique
835 882 910 902 suam
926 880 1018 902 osten-

227 923 296 950 dens
318 922 515 958 auctoritatem.
532 920 587 948 Cur
604 921 675 948 enim
698 928 757 947 cum
778 920 862 954 dixit,
885 919 946 947 Non
965 929 1019 947 sum

227 959 305 1001 solus,
320 968 363 994 sed
376 975 420 1001 ego
435 972 458 994 et
472 968 512 1001 qui
528 967 594 993 misit
606 975 645 993 me
659 966 757 997 Pater;
771 971 797 993 et
807 987 815 998 ,
832 966 948 992 Duorum
969 966 1018 992 Ito-

226 1013 322 1040 miuum
337 1014 504 1039 testimonium
517 1020 601 1039 rerum
613 1017 648 1038 est
659 1020 669 1044 ;
681 1004 732 1038 non
748 1011 837 1043 tacuit,
850 1011 896 1038 sed
911 1011 1017 1046 adjecit,

226 1059 283 1095 Ego
297 1068 352 1086 sunt
367 1060 409 1094 qui
426 1059 594 1085 testimonium
607 1058 724 1094 per/libro
737 1058 766 1085 (le
780 1058 875 1093 meipso
888 1058 900 1084 ἶ)
920 1059 1018 1085 Aucto-

225 1107 330 1132 ritatem
352 1105 442 1140 utique
463 1104 661 1131 demonstrans.
686 1104 718 1130 Et
738 1104 823 1138 primo
840 1103 955 1138 seipsum
970 1111 1017 1138 po-

225 1152 277 1178 suit
292 1161 298 1178 :
316 1151 369 1186 Ego
382 1159 436 1178 smn
450 1151 491 1186 qui
504 1151 671 1177 testimonium
680 1150 795 1185 perhibeo
810 1150 841 1176 de
854 1151 957 1185 meipso.
971 1150 1019 1177 llic

226 1205 288 1235 vero
302 1197 417 1224 ostendit
432 1205 461 1224 se
484 1197 586 1224 honore
607 1203 697 1231 parem
713 1205 719 1223 :
735 1196 853 1231 nihilque
878 1195 929 1223 illis
943 1195 1019 1231 prod-

225 1251 295 1275 esse,
306 1243 328 1269 si
342 1243 425 1270 Deum
439 1243 544 1270 Patrem
559 1250 588 1269 se
599 1249 678 1269 nosse
691 1242 790 1274 dicant,
805 1242 868 1268 sise
882 1241 1014 1276 ignorent,

224 1289 299 1324 cujus
312 1290 349 1316 rei
363 1296 468 1316 causam
484 1280 542 1316 esse
556 1288 637 1320 dicit,
664 1287 734 1322 quod
749 1295 778 1314 se
795 1294 955 1322 cognoscere
967 1295 1017 1314 no-

225 1336 284 1363 liut.
303 1335 369 1362 Dicit
383 1343 446 1370 ergo
462 1343 513 1362 non
531 1342 609 1369 posse
632 1333 737 1361 Patrem
759 1332 883 1367 cogndsci
906 1334 963 1361 sine
976 1335 1016 1361 sui

224 1381 375 1417 cognitione
387 1401 394 1414 ,
409 1385 438 1408 ut
454 1381 492 1408 vel
514 1381 552 1407 sic
563 1387 609 1407 eos
623 1379 655 1406 ad
669 1380 708 1406 sui
724 1379 843 1406 notitiam
859 1379 1016 1408 attraheret.

225 1427 292 1460 Quia
319 1427 409 1460 enim,
435 1427 492 1461 ipso
517 1426 624 1458 relicto,
650 1425 755 1453 Patrem
781 1432 887 1459 semper
916 1425 1018 1452 discere

223 1473 376 1507 qumrebaut
388 1492 395 1504 ,
413 1473 449 1499 ait
464 1482 470 1498 :
499 1473 558 1499 Non
581 1472 684 1507 potestis
698 1479 770 1497 nosse
786 1470 887 1497 Putrem
898 1471 951 1497 sine
967 1479 1016 1498 me.

224 1518 313 1553 Itaque
328 1518 371 1553 qui
387 1518 412 1544 in
431 1517 527 1544 Filium
550 1517 735 1551 blasphemant
749 1523 801 1543 non
818 1517 843 1543 in
857 1516 942 1550 ipsmn
957 1520 1016 1543 tau—

223 1569 289 1597 tum,
305 1563 351 1591 sed
364 1568 390 1591 et
404 1563 429 1590 in
445 1563 550 1590 Patrem
565 1562 758 1598 blasphemant.

258 1610 284 1637 4.
300 1609 362 1637 [Luc
379 1617 426 1636 nos
439 1616 591 1642 caveamus,
604 1613 631 1636 ct
647 1608 741 1635 Filium
756 1607 935 1643 glorificamus
950 1616 956 1634 :
972 1608 1015 1644 qui

222 1655 245 1682 si
261 1663 313 1682 non
329 1655 448 1690 ejusdem
462 1660 533 1682 esset
547 1661 658 1686 natum,
671 1663 724 1681 non
741 1655 774 1681 ita
795 1654 919 1689 loquutus
935 1650 1015 1681 esset.

223 1701 330 1735 Quodsi
345 1706 446 1728 tantum
462 1701 593 1734 docuerit,
611 1701 671 1728 licet
686 1701 797 1728 alterius
809 1706 880 1728 esset
894 1700 1018 1727 substan-

223 1747 266 1775 tia:
277 1767 284 1779 ,
307 1751 397 1782 posset
410 1747 541 1782 quispiam
556 1753 719 1782 cognoscere
741 1747 845 1774 Patrem
857 1768 865 1781 ,
881 1751 908 1774 et
930 1747 1016 1781 ipsum

224 1793 346 1827 ignorare
364 1801 370 1820 :
398 1800 559 1828 rursumque
581 1793 624 1827 qui
639 1793 742 1820 l’atrcm
759 1797 864 1824 nosset,
890 1800 943 1819 non
957 1792 1017 1828 ideo

225 1832 320 1865 Filium
336 1843 518 1873 cognosceret.
533 1838 624 1873 Neque
637 1838 706 1865 enim
721 1839 763 1873 qui
777 1839 850 1865 novit
863 1838 1015 1872 hominem,

223 1885 297 1911 novit
309 1885 390 1912 etiam
412 1884 546 1919 angelum.
574 1884 629 1912 lmo
643 1905 650 1918 ,
666 1885 786 1920 inquies;
803 1893 863 1911 nam
879 1886 922 1919 qui
944 1885 1018 1912 novit

222 1935 392 1962 creaturam,
411 1930 481 1957 novit
495 1934 522 1957 et
534 1929 627 1957 Deum.
643 1930 759 1957 Minime.
777 1930 851 1957 Multi
875 1930 945 1957 enim
967 1937 1015 1957 no-

223 1980 284 2003 rtlnt
297 1981 445 2003 creaturam
458 1996 464 2008 ,
481 1975 535 2003 imo
550 1971 644 2003 omnes
658 1975 779 2003 homines
789 1997 796 2008 ,
819 1976 862 2010 qui
879 1975 968 2002 vident
983 1975 1015 2002 il-

222 2022 291 2054 lam,
313 2014 339 2048 et
355 2022 436 2048 Deum
451 2029 503 2048 non
525 2026 631 2048 norunt.
647 2021 830 2049 Gloriticcmus
844 2029 907 2056 ergo
919 2021 1015 2048 Filium

224 2067 287 2100 Dei,
311 2074 365 2094 non
379 2067 430 2107 hac
443 2067 527 2102 gloria
543 2071 643 2094 tantum
654 2087 661 2100 ,
686 2067 733 2095 sed
755 2068 834 2095 etiam
860 2075 907 2103 per
921 2075 1013 2103 opera.

595 84 620 112 S.
643 83 780 111 10.“le
800 81 1040 109 CIIRYSOSTOMI
1058 81 1216 109 ABClllEP.
1238 82 1503 111 CONS'I‘ANTINOP.

1823 85 1876 113 99?.

1078 138 1141 166 Sine
1158 139 1206 165 hac
1223 139 1293 166 enim
1309 140 1407 174 gloria,
1424 140 1467 166 illa
1483 139 1547 167 nihil
1563 144 1612 168 est.
1635 140 1696 168 Vide
1711 146 1751 174 tu,
1769 142 1873 177 inquit,

1076 183 1185 215 Judwus
1200 185 1384 219 cognominat-is
1394 206 1400 217 ,
1426 191 1448 212 et
1463 186 1488 212 iu
1503 185 1557 220 lege
1571 187 1692 221 quiescis,
1711 193 1733 214 et
1757 189 1875 223 gloriaris

1077 231 1103 256 in
1120 230 1172 257 Deo
1188 231 1274 265 (Rom.
1295 231 1321 257 2.
1339 232 1393 265 1⁵1).
1418 231 1469 263 Qui
1485 233 1564 260 alium
1583 234 1657 260 doces
1669 255 1676 267 ,
1694 235 1801 269 teipsum
1825 243 1874 262 non

1078 276 1151 303 doces
1163 278 1170 291 ¹
1181 277 1193 303 ?
1205 277 1246 311 qui
1257 277 1282 303 in
1301 278 1353 312 lege
1366 277 1483 312 gloriaris
1493 299 1499 310 ,
1517 287 1560 313 per
1572 280 1635 314 legis
1649 282 1874 316 lramgressiuuem

1077 321 1158 348 Deum
1178 322 1314 348 inhonorus
1330 322 1409 357 (Ibid.
1433 330 1456 349 υ.
1477 323 1544 358 2|)?
1562 325 1626 353 \‘ide
1649 333 1682 352 ne
1704 334 1753 353 nos
1774 327 1823 360 ipsi
1848 327 1872 354 in

1076 372 1148 394 recta
1163 367 1214 394 title
1227 368 1386 402 gloriantes,
1403 369 1473 403 quod
1488 370 1569 396 vitam
1591 370 1650 397 tidei
1664 376 1872 399 conscn!anc:nn

1078 421 1129 440 nou
1146 414 1329 446 cxhibenmus,
1346 415 1428 441 Deum
1443 415 1650 448 inhonoremus,
1666 416 1728 444 dum
1750 417 1775 444 in
1794 425 1872 445 causa

1076 466 1169 486 sumus
1181 460 1249 493 quod
1261 459 1470 494 blasphemetur.
1485 460 1626 488 Vultcnim
1637 462 1678 488 ille
1688 462 1872 490 Christianum

1076 511 1136 531 esse
1164 504 1302 532 doctorem
1327 505 1417 538 orbis,
1445 506 1622 540 fermentum,
1648 507 1754 541 lucem,
1775 509 1870 536 salem.

1075 550 1143 584 Quid
1157 556 1196 578 est
1212 551 1275 578 lux?
1293 551 1350 578 Vita
1366 552 1523 587 splendens,
1546 553 1610 580 nihil
1625 554 1732 582 obscuri
1755 555 1868 583 habens.

1075 597 1130 624 LM
1148 605 1200 625 non
1214 598 1264 624 sibi
1280 598 1350 624 utilis
1362 602 1420 631 cst,
1436 603 1462 625 ut
1479 606 1564 633 neque
1578 599 1632 632 sal,
1648 607 1735 634 neque
1750 601 1869 628 {ct-ruen-

1076 647 1128 670 tum
1143 665 1150 677 ,
1165 643 1211 670 sed
1225 644 1283 670 aliis
1298 644 1436 671 utilitatem
1451 643 1574 671 ati'erunt.
1589 645 1625 672 Ita
1635 653 1649 672 a
1665 646 1741 672 nobis
1752 654 1805 674 non
1817 648 1868 674 uti-

1075 689 1134 716 litas
1147 694 1247 716 tantum
1263 695 1363 723 nostra,
1378 691 1424 717 sed
1439 695 1466 717 ct
1479 690 1590 719 aliorum
1602 691 1725 726 exigitur.
1742 692 1786 719 Sal
1798 693 1869 721 enim

1074 736 1122 762 nisi
1138 736 1235 762 Salsum
1253 736 1362 769 reddat,
1379 744 1432 763 non
1458 740 1499 764 est
1518 737 1567 764 sal.
1582 737 1633 765 Sed
1648 738 1719 765 aliud
1732 739 1868 775 quidpiam

1076 782 1296 816 deprehenditur.
1310 782 1373 809 Nam
1386 783 1407 809 si
1419 790 1467 810 nos
1479 787 1548 810 recte
1560 783 1693 818 vivamus,
1706 785 1749 812 alii
1761 793 1869 821 quoque
1887 815 1889 817 ,

1074 828 1140 854 bene
1155 835 1183 854 se
1196 832 1290 863 gerent
1303 837 1308 854 ε
1323 828 1408 855 donec
1420 833 1509 856 autem
1521 833 1593 856 recte
1607 829 1735 862 riramus,
1750 839 1803 858 non
1817 839 1867 866 po-

1074 874 1183 900 terimus
1199 873 1257 900 aliis
1269 873 1406 908 prodesse.
1418 873 1487 900 Nihil
1503 873 1614 907 fatuum,
1627 874 1692 902 nihil
1705 876 1784 904 molle
1796 877 1867 911 apud

1074 927 1122 946 nos
1136 920 1180 946 sit.
1196 920 1273 947 Tales
1288 925 1350 947 sunt
1362 928 1404 947 res
1418 921 1560 947 szccularcs
1573 941 1580 954 ,
1596 922 1661 949 tales
1677 922 1755 957 hujus
1775 924 1866 951 mundi

1072 966 1275 993 sollicitudines.
1301 966 1362 994 Ideo
1386 967 1500 1001 virgines
1521 967 1599 995 fatua:
1621 973 1682 995 sunt
1706 969 1864 1004 appellatur,

1071 1013 1133 1047 quia
1156 1012 1235 1039 fatuis
1252 1012 1329 1039 rebus
1356 1013 1529 1040 saecularibus
1552 1021 1661 1048 operam
1686 1014 1785 1042 dabant
1801 1025 1807 1042 :
1823 1016 1866 1044 hic

1071 1063 1273 1093 congregantes,
1289 1066 1337 1085 nec
1350 1058 1514 1093 deponendos
1527 1059 1568 1086 ubi
1584 1059 1718 1094 deponere
1731 1068 1779 1095 par
1797 1066 1864 1088 erat.

1071 1103 1228 1131 Titncndtun
1252 1111 1315 1138 ergo
1331 1112 1363 1130 uc
1386 1104 1499 1139 idipsum
1522 1105 1597 1132 nobis
1611 1106 1767 1140 contingat,
1796 1114 1865 1134 neve

1072 1150 1188 1177 sordidis
1212 1150 1296 1176 induti
1320 1151 1436 1177 vestibus
1462 1151 1589 1177 abeamus
1613 1151 1677 1185 illo,
1701 1152 1743 1179 ubi
1771 1159 1864 1180 omnes

1069 1195 1215 1230 splendidis
1229 1200 1290 1223 sunt
1306 1196 1399 1223 induti.
1414 1196 1483 1222 Nihil
1497 1197 1566 1223 enim
1582 1197 1716 1224 sordidius
1733 1202 1843 1232 peccato
1855 1218 1863 1231 ,

1070 1241 1134 1268 nihil
1149 1241 1289 1275 impurius.
1305 1241 1472 1276 Quapropter
1493 1242 1550 1276 ejus
1565 1247 1685 1270 naturam
1707 1243 1864 1271 describens

1071 1287 1198 1321 propheta
1213 1287 1343 1314 clamabat
1356 1297 1362 1313 :
1378 1286 1534 1313 Putrucrtutt
1548 1292 1571 1314 et
1585 1294 1710 1322 σοιτιιριίε
1728 1293 1786 1315 sunt
1798 1289 1863 1315 cim-

1070 1333 1142 1359 trires
1155 1340 1216 1359 mra
1230 1332 1315 1367 (Psal.
1332 1333 1376 1360 57.
1392 1332 1429 1368 ti).
1444 1333 1470 1360 Si
1489 1333 1527 1359 vis
1541 1334 1640 1367 peccati
1663 1334 1786 1361 tortorem
1808 1334 1864 1361 edi-

1070 1387 1156 1413 scere,
1168 1384 1305 1414 postquam
1321 1380 1491 1409 commissum
1503 1385 1544 1407 est
1558 1381 1634 1414 illud,
1648 1381 1788 1407 considera
1803 1387 1862 1407 eum

1068 1425 1122 1460 jam
1135 1433 1149 1452 a
1163 1426 1378 1460 concupiscentia
1391 1426 1457 1452 liber
1470 1433 1498 1453 es
1511 1446 1518 1457 ,
1531 1419 1590 1453 cum
1612 1427 1673 1461 iguc
1684 1434 1736 1453 non
1752 1433 1863 1453 succen-

1069 1473 1155 1506 deris,
1172 1477 1233 1500 tunc
1247 1472 1376 1507 percipies
1391 1472 1454 1507 quid
1468 1473 1502 1499 sit
1515 1475 1662 1507 peccatum.
1684 1473 1752 1500 iram
1775 1473 1862 1507 cogita

1069 1527 1129 1547 cum
1145 1519 1301 1554 tranquillus
1317 1526 1363 1550 cs;
1385 1518 1522 1545 avaritiam
1535 1538 1543 1551 ,
1559 1526 1618 1545 eum
1639 1526 1734 1553 expers
1750 1526 1780 1546 es
1793 1519 1863 1546 illius

1069 1565 1189 1592 allectus.
1204 1564 1274 1591 Nihil
1287 1565 1399 1599 turpius,
1414 1563 1477 1590 nihil
1495 1563 1589 1591 t'tndius
1602 1565 1692 1598 rat-ina
1704 1569 1731 1591 et
1741 1565 1861 1591 avaritia.

1069 1611 1131 1638 ll.cc
1147 1611 1301 1645 frequenter
1314 1610 1437 1643 dicimus,
1455 1617 1506 1636 non
1525 1614 1552 1636 ut
1567 1610 1642 1637 vobis
1654 1610 1803 1636 molestiam
1815 1617 1861 1645 pa-

1069 1658 1179 1690 riamus,
1195 1657 1241 1685 sed
1258 1662 1285 1684 ut
1299 1664 1424 1692 magnum
1439 1663 1470 1683 ac
1484 1655 1604 1683 mirabile
1615 1656 1750 1691 quidpiam
1774 1657 1862 1684 lucre-

1069 1711 1138 1731 mur.
1151 1703 1214 1730 Nam
1228 1703 1282 1738 qui,
1301 1711 1330 1730 re
1343 1702 1425 1730 semel
1440 1702 1540 1736 audita,
1555 1710 1607 1730 non
1624 1703 1773 1737 corrigitur,
1795 1703 1862 1731 forte

1069 1750 1091 1777 si
1105 1750 1222 1777 Secundo
1236 1749 1343 1781 audiat,
1357 1748 1557 1781 emendabitur;
1575 1749 1616 1776 vel
1632 1748 1736 1775 tandem
1748 1749 1771 1776 si
1785 1749 1862 1776 tertio

1069 1801 1218 1822 moneatur.
1237 1794 1342 1822 Utinam
1358 1798 1446 1820 autem
1459 1801 1551 1821 omnes
1568 1801 1582 1820 a
1601 1794 1677 1821 maiis
1693 1794 1817 1821 omnibus
1828 1793 1862 1821 li-

1069 1841 1154 1868 berati
1176 1841 1272 1868 bonum
1293 1839 1390 1867 Christi
1407 1840 1515 1867 odorem
1540 1840 1702 1872 habeamus,
1723 1840 1765 1866 cui
1779 1840 1861 1874 gloria

1070 1896 1129 1915 cum
1143 1888 1219 1914 l‘atrc
1233 1891 1260 1914 et
1272 1887 1371 1921 Spiritu
1387 1893 1479 1914 sancto
1494 1908 1501 1920 ,
1519 1893 1589 1913 nunc
1603 1891 1629 1914 et
1651 1893 1766 1922 Semper,
1783 1891 1811 1914 et
1835 1886 1861 1914 in

1069 1933 1167 1961 swcula
1182 1934 1352 1960 seculorum.
1367 1933 1462 1960 Amen.

1101 2011 1108 2026 ι
1126 2009 1189 2034 Editi
1202 2009 1300 2043 habent,
1311 2008 1412 2038 teipsnm
1423 2007 1647 2055 nonzjudicashed
1657 2008 1757 2033 Savilius
1774 2008 1860 2040 legen-

1102 2048 1123 2055 π.
1138 2044 1201 2055 num
1222 2043 1326 2055 [nucum
1339 2046 1382 2055 mm
1397 2039 1467 2055 [hit-ue
1493 2043 1515 2055 ul
1530 2040 1641 2055 nutat-um
1648 2043 1691 2055 \tcc
1714 2040 1748 2055 εἰη
1761 2039 1849 2055 [mtuum

1068 2041 1124 2077 dum
1138 2044 1212 2077 putat,
1221 2039 1326 2077 teipsiqn
1338 2046 1383 2077 non
1396 2039 1519 2064 doces?et
1529 2040 1584 2077 quia
1592 2044 1642 2064 tres
1648 2043 1702 2064 Mss.
1713 2040 1749 2064 sic
1761 2039 1859 2069 habent,

1068 2071 1129 2096 banc
1138 2070 1291 2095 restituimus
1301 2070 1441 2094 lectionem.

892 2171 1060 2203 HOMILIA
1081 2170 1161 2201 Llll.

220 2244 285 2273 ΟΑΡ.
301 2244 328 2272 8.
345 2252 370 2272 ν.
396 2244 441 2272 20.
461 2243 521 2271 Ha’c
538 2245 611 2271 verba
633 2243 750 2278 loquutus
776 2248 811 2270 est
823 2242 899 2270 Iesus
915 2243 941 2269 iu
963 2251 1010 2278 ga-

257 2290 419 2325 zophylacio,
431 2289 522 2317 docens
537 2290 563 2316 in
584 2290 676 2324 templo
693 2297 703 2316 :
724 2293 746 2316 et
760 2297 832 2316 nemo
847 2289 1013 2324 apprehendit

257 2345 314 2364 eum
324 2357 330 2367 ,
347 2336 406 2371 quia
421 2337 531 2362 nondum
546 2340 644 2362 venerat
658 2335 720 2361 liora
735 2335 799 2370 cjus.

257 2383 283 2410 1.
297 2382 319 2409 0
329 2381 465 2409 Judaicam
479 2382 659 2409 dementiam!
676 2382 744 2408 Ante
757 2379 857 2408 Pascha
869 2389 930 2408 cum
941 2389 1013 2416 quam

219 2430 325 2460 rebant,
343 2433 421 2463 atque
442 2428 468 2455 in
485 2427 571 2454 medio
592 2428 722 2463 positum,
748 2431 774 2454 el
795 2435 842 2461 per
862 2434 890 2454 se
913 2432 940 2454 ct
967 2435 1014 2462 per

218 2475 286 2502 alios
297 2475 382 2510 ipsum
394 2474 621 2509 comprehendere
632 2481 703 2509 saepe
716 2474 810 2500 frustra
825 2477 1009 2506 tcutavcrant;

219 2527 308 2555 neque
321 2524 409 2547 tamen
425 2520 464 2547 sic
478 2519 511 2546 de
532 2520 601 2546 illius
615 2520 713 2546 virtute
728 2519 866 2553 stupefacti
880 2524 951 2550 sunt,
964 2519 1011 2546 sed

219 2567 244 2593 in
260 2566 359 2593 malitia
375 2566 558 2601 perstiterunt.
571 2566 647 2599 Quod
669 2567 739 2593 enim
754 2567 779 2593 id
799 2573 904 2601 seraper
923 2571 1010 2594 tenta-

218 2617 296 2645 rent,
312 2612 410 2639 indicat
425 2612 467 2639 ille
485 2621 491 2638 :
509 2611 569 2638 Illuc
584 2612 700 2647 loquutus
715 2617 750 2638 est
771 2612 797 2638 in
817 2612 1009 2647 gozophylacio,

217 2659 309 2684 docens
324 2658 349 2684 in
366 2657 458 2693 lL’itlplo
469 2679 476 2691 ,
492 2663 514 2684 et
529 2666 600 2685 nemo
613 2658 778 2693 apprehendit
789 2667 854 2685 eum.
869 2658 895 2685 lu
911 2659 1010 2693 templo

218 2704 375 2739 loquebatur
391 2712 464 2732 more
486 2704 602 2739 magistri
616 2725 622 2736 ,
636 2704 706 2739 quod
722 2705 805 2739 magis
817 2705 875 2732 illos
892 2705 1010 2732 excitare

218 2748 353 2776 debuisset
370 2757 376 2776 :
393 2754 418 2776 et
432 2757 462 2777 ea
475 2749 630 2785 loquebatur
640 2750 673 2777 de
686 2750 781 2785 quibus
792 2750 1006 2783 oll'endcbanlui‘,

220 2797 247 2820 et
265 2795 426 2824 accusabant
443 2804 524 2829 cum,
554 2797 623 2832 quod
647 2797 762 2832 scipsttm
786 2798 914 2832 :I‘qualcm
939 2798 1006 2824 Patri

1066 2244 1174 2272 laceret.
1189 2245 1253 2272 Illud
1278 2245 1367 2277 enim,
1397 2244 1512 2272 Duorum
1539 2245 1669 2271 hominum
1691 2245 1859 2272 testimonium

1065 2298 1149 2317 verum
1163 2296 1198 2318 est
1210 2312 1216 2324 ,
1235 2291 1286 2318 hoc
1305 2291 1444 2326 signiﬁcat.
1461 2291 1583 2318 Attamen
1602 2290 1677 2324 ch,
1702 2290 1804 2325 inquit,
1822 2291 1858 2318 lo-

1065 2336 1186 2371 quebalur
1205 2337 1230 2363 in
1253 2337 1361 2371 templo,
1377 2340 1404 2363 et
1416 2336 1491 2371 quasi
1517 2336 1652 2371 magister,
1680 2340 1703 2363 et
1723 2344 1796 2363 nemo
1814 2345 1859 2369 ap-

1065 2382 1194 2416 prehendit
1209 2391 1275 2414 eum,
1291 2383 1349 2417 quia
1363 2382 1474 2408 nandum
1491 2387 1589 2408 uerterat
1605 2382 1668 2408 liora
1681 2382 1753 2417 ejus;
1769 2381 1794 2407 id
1807 2386 1856 2413 est,

1064 2433 1168 2462 teinpus
1184 2429 1308 2455 idoneum
1323 2437 1374 2455 nou
1391 2433 1448 2455 crat
1462 2436 1514 2462 quo
1528 2427 1645 2462 erueiﬁgi
1665 2428 1780 2453 volebat.
1805 2426 1855 2452 Ita—

1064 2482 1116 2507 que
1132 2479 1194 2500 tuuc
1207 2481 1258 2500 non
1272 2474 1377 2500 illorum
1393 2473 1529 2507 potestatis
1546 2473 1601 2504 luit,
1621 2473 1666 2499 sed
1680 2472 1856 2507 dispensatio-

1064 2520 1104 2547 nis
1120 2520 1186 2555 eius.
1203 2520 1252 2554 Ipsi
1264 2521 1334 2547 enim
1348 2520 1401 2553 jam
1413 2520 1476 2546 olim
1488 2519 1622 2550 volebant,
1636 2527 1683 2546 nec
1698 2523 1854 2553 potitet-unt;

1064 2575 1114 2594 nec
1128 2572 1190 2593 tunc
1207 2567 1374 2600 potuissent,
1391 2567 1439 2593 nisi
1455 2566 1510 2600 ipse
1532 2566 1706 2600 permisisset.
1723 2564 1769 2592 2t.
1787 2563 1856 2591 Dixit

1062 2621 1121 2648 ergo
1133 2615 1168 2639 eis
1189 2612 1279 2638 iterum
1292 2611 1368 2638 Jesus
1382 2619 1391 2638 .'
1408 2611 1462 2647 Ego
1476 2612 1539 2638 vado
1552 2632 1559 2644 ,
1572 2615 1594 2636 et
1609 2611 1726 2644 qua’relis
1740 2618 1788 2636 me.
1803 2609 1855 2636 Cur

1063 2659 1113 2686 hoc
1127 2658 1279 2693 frequenter
1293 2657 1376 2684 dicit?
1390 2657 1423 2684 Ut
1437 2657 1543 2684 illorqu
1555 2656 1657 2682 animos
1674 2659 1855 2682 connnoveret

1062 2712 1094 2731 ac
1113 2704 1342 2739 perterrefaceret.
1361 2703 1426 2730 Vide
1441 2711 1554 2738 namque
1570 2707 1695 2737 quantam
1712 2702 1737 2728 id
1752 2705 1855 2735 pareret

1062 2750 1238 2778 tot'tnidiuem.
1253 2749 1318 2776 Nam
1332 2756 1392 2776 cum
1408 2749 1480 2776 illum
1493 2748 1643 2776 interﬁcere
1657 2748 1768 2780 vellent,
1785 2751 1812 2773 ut
1822 2746 1854 2773 ab

1061 2797 1103 2824 illo
1120 2803 1148 2823 se
1162 2801 1335 2823 exonerarent
1348 2817 1354 2829 ,
1376 2799 1498 2830 qna‘ruut
1511 2802 1562 2830 quo
1581 2794 1656 2822 vadat
1675 2803 1680 2819 :
1697 2798 1797 2820 tantam
1821 2791 1852 2819 de
