2031 3118
171 142 222 170 293

170 208 198 227 re
213 199 258 226 tali
281 198 459 231 cenccprraut
480 193 644 229 opinionem.
672 191 750 219 Aliud
774 197 880 225 quoque
899 189 960 216 illos

169 249 267 273 docere
289 243 411 274 volebat,
436 249 487 268 non
512 247 544 266 cx
568 239 685 273 ipsorum
700 237 824 264 violentia
846 242 902 262 rem
927 234 962 261 ita

170 293 245 324 iure,
260 290 307 317 sed
323 289 348 316 id
364 289 420 324 jam
442 286 543 322 pridem
561 284 757 320 prmﬁgnratum
773 289 850 314 esse,
875 285 902 308 et
923 280 964 307 his

170 337 259 364 verbis
272 333 496 363 resurrectionem
513 331 642 366 prtrdixil.
666 329 793 356 Dicebant
815 335 878 362 ergo
895 335 901 353 :
916 325 962 353 22.

172 381 307 418 Numquid
320 380 451 415 interﬁciet
464 377 647 412 semetipsum?
659 376 727 409 Quid
743 383 806 410 ergo
825 372 964 402 Christus?

171 430 279 456 Iliorum
294 432 322 455 ut
336 429 486 454 removeret
501 423 691 458 suspicionem,
704 420 897 449 etostenderet
908 426 964 446 rem

171 475 245 502 illam
259 481 319 501 esse
336 475 483 507 peccatum,
497 469 533 496 ait
548 478 554 496 :
578 468 623 496 25.
648 467 699 494 Vos
718 466 834 493 deorsum
847 466 925 496 estis;
940 464 965 491 id

171 524 212 548 est
223 539 233 553 ,
250 519 321 547 Nihil
337 518 433 545 mirum
448 516 470 543 si
487 523 536 542 vos
551 514 672 542 homines
687 513 808 540 carnales
823 511 883 538 talia
895 510 966 545 cogi-

173 566 236 594 tatis
249 586 257 599 ,
281 564 326 599 qui
342 563 406 590 nihil
422 560 563 597 spirituale
583 559 733 593 concipitis.
750 559 784 585 At
803 565 852 592 ego
866 564 917 584 non
932 557 967 583 si-

173 612 236 640 mile
249 610 384 646 quidpiam
400 608 494 635 faciam
507 615 514 638 ;
529 605 568 633 De
589 605 705 640 supernis
730 605 796 631 enim
817 611 874 630 sum
890 610 901 630 :
923 611 967 629 't'os

173 657 204 685 de
215 657 262 683 hoc
271 655 365 683 mundo
372 654 440 681 estis.
454 653 501 681 llic
515 659 621 679 rursum
635 650 782 677 mundanas
793 649 967 683 cat‘nalesque

173 702 350 737 cogitationes
365 700 438 727 dicit.
455 698 531 726 Unde
548 697 633 732 palam
660 700 701 723 cst
728 695 810 728 illud,
837 694 891 730 Ego
916 703 968 721 non

173 756 228 775 sum
243 747 273 774 de
284 747 331 773 hoc
345 745 454 777 mutulo,
469 752 521 771 non
537 742 688 778 signilicare
710 741 797 775 ipsum
819 748 871 766 non
889 746 966 766 acce-

175 795 246 829 pisse
261 799 386 824 carnem,
408 791 455 818 sed
470 788 563 825 procul
579 795 638 815 esse
652 788 686 814 ab
708 786 814 813 illorum
837 784 965 819 nequitia.

175 839 280 867 Etenim
292 837 436 872 discipulos
448 844 479 863 ex
492 834 591 862 mundo
601 841 654 860 non
668 840 727 860 esse
738 832 798 859 dicit
811 840 818 864 ;
836 830 969 858 habebant

175 890 265 913 tamen
290 885 327 912 illi
343 891 460 911 carnem.
475 879 704 915 Quemadmodum
724 879 803 911 igitur
816 877 913 904 Paulus
925 876 968 902 di-

175 940 250 963 cens,
266 930 326 958 Non
340 931 399 958 estis
409 930 434 956 in
447 936 523 955 carne
534 926 622 962 (Rom.
637 926 664 952 ὃ.
676 924 715 960 9),
729 932 782 952 non
794 924 968 957 incorporeus

177 977 301 1012 intelligit
317 985 323 1003 :
339 978 378 1003 sic
394 974 539 1009 discipulos
555 980 607 999 non
621 978 682 998 esse
696 970 730 997 de
744 972 795 996 hoc
819 967 928 1001 nttmdo,
943 968 968 995 id

176 1024 281 1050 illorum
298 1021 492 1057 philosophiam
506 1018 672 1047 testiﬁcatur.
685 1016 731 1044 2-‘l.
746 1015 806 1042 Dixi
816 1023 875 1050 ergo
889 1015 968 1046 vobis,

175 1070 235 1104 quia
259 1069 281 1096 si
306 1076 356 1095 non
382 1065 539 1094 credideritis
561 1064 620 1100 quia
643 1071 689 1098 ego
714 1070 789 1094 sum,
811 1061 837 1088 in
863 1059 970 1095 peccatis

176 1115 265 1142 vestris
290 1113 442 1140 moriemini.
467 1111 532 1139 Nam
552 1110 573 1137 si
607 1108 667 1136 ideo
699 1107 788 1140 venit,
815 1111 844 1133 ut
867 1105 971 1132 tolleret

177 1165 316 1196 peccatum
339 1159 449 1192 mundi,
464 1162 491 1185 et
518 1159 540 1184 si
556 1164 608 1183 non
636 1159 723 1190 potest
743 1153 807 1180 exui
833 1156 969 1187 peccatum

177 1208 229 1235 nisi
250 1214 297 1242 per
311 1206 461 1236 lavacrum,
489 1209 600 1231 necesse
615 1206 656 1228 est
677 1208 729 1227 non
752 1199 905 1227 credentem
926 1205 971 1224 vc-

178 1258 263 1280 tcrem
289 1252 388 1279 habere
413 1250 558 1277 hominem.
586 1247 651 1274 Nam
681 1246 725 1282 qui
754 1252 808 1271 non
827 1244 883 1271 vult
911 1250 971 1271 sese

178 1307 226 1334 per
251 1298 331 1326 ﬁdem
355 1297 433 1325 morti
466 1295 571 1323 tradere
601 1299 628 1320 et
657 1292 816 1327 sopulturtc,
845 1297 906 1316 cum
926 1297 972 1316 ve-

180 1346 230 1374 teri
247 1345 355 1372 homine
373 1344 512 1374 morietur,
529 1345 557 1368 et
582 1340 629 1367 illo
649 1338 773 1374 migrabit
800 1339 984 1371 peccatorum'

181 1399 273 1428 pinnas
296 1391 417 1418 daturus.
452 1388 514 1416 Idco
539 1386 644 1414 dicebat
670 1393 677 1411 :
704 1384 755 1418 Qui
788 1389 840 1409 non
871 1380 970 1414 credit,

179 1427 233 1477 jam
252 1438 383 1473 judicatus
394 1441 447 1469 est,
464 1442 516 1462 non
538 1433 624 1460 solum
636 1431 706 1467 quod
721 1438 774 1458 non
797 1429 901 1461 credat,
925 1427 972 1455 sed

180 1475 261 1514 ctiam
280 1484 341 1519 quia
356 1490 417 1510 cum
451 1481 585 1516 prioribus
610 1478 726 1514 peccatis
750 1476 815 1504 abit.
845 1475 973 1502 Dicebant

180 1540 244 1569 ergo
259 1541 266 1559 τ
281 1532 326 1560 25.
354 1531 394 1558 Τιι
414 1530 470 1566 quis
486 1529 533 1556 es?
555 1529 577 1556 0
591 1526 768 1555 dementiam!
785 1525 850 1552 Post
871 1527 971 1551 tantum

182 1568 327 1614 temporis,
344 1582 404 1612 post
422 1577 496 1610 signa
513 1580 539 1602 et
553 1573 717 1605 doctrinam,
734 1572 919 1605 interrogant,
933 1568 974 1595 Tu

180 1625 235 1660 quis
245 1624 292 1651 es?
303 1623 371 1657 Quid
386 1623 464 1656 igitur
477 1619 617 1648 Christus?
627 1618 787 1652 Principium
797 1617 838 1652 qui
850 1620 874 1642 et
885 1615 974 1649 loquor

181 1672 260 1699 vobis.
277 1671 333 1698 lloc
347 1674 397 1702 est,
415 1667 514 1702 lndigni
527 1666 591 1694 estis
603 1685 610 1698 ,
629 1664 672 1700 qui
685 1663 766 1691 verba
781 1669 839 1689 mea
850 1660 973 1692 audiatis,

182 1717 279 1745 nedum
295 1715 402 1743 discatis
423 1714 483 1749 quis
502 1720 551 1747 ego
566 1711 626 1738 sim.
643 1710 695 1737 Vos
714 1709 786 1736 enim
808 1715 850 1734 me
869 1713 976 1740 semper

182 1765 316 1790 tentantes
330 1759 468 1796 loquimini
479 1779 487 1792 ,
508 1758 627 1792 nihilque
639 1755 718 1783 dictis
731 1754 798 1781 meis
817 1751 953 1780 attenditis
967 1759 974 1778 ε

182 1814 210 1838 et
222 1809 264 1836 his
279 1808 311 1835 de
323 1807 402 1834 rebus
414 1805 538 1833 omnibus
552 1810 623 1830 nunc
635 1807 782 1836 coarguere
793 1799 910 1834 possim;
925 1796 977 1823 hoc

183 1855 254 1883 enim
268 1853 402 1888 signiﬁcat
416 1850 479 1878 illud
490 1871 498 1882 ,
515 1850 560 1876 26.
578 1848 662 1875 Multa
675 1846 753 1873 [iubeo
776 1845 807 1871 de
827 1843 894 1871 vobis
908 1842 977 1877 loqui

183 1907 206 1928 et
229 1900 366 1936 judicare;
392 1905 442 1924 nec
463 1900 565 1923 tantum
585 1892 801 1928 reprehendere,
828 1889 876 1917 sed
896 1888 975 1915 etiam

184 1935 290 1982 punire.
316 1944 368 1972 Sed
383 1944 426 1979 qui
448 1942 519 1969 misit
539 1949 597 1973 tne,
620 1939 671 1966 boc
683 1943 733 1969 est,
755 1937 843 1968 Pater,
862 1935 911 1961 hnc
923 1941 976 1960 non

184 1993 250 2020 vult.
269 1991 331 2019 Non
345 1991 410 2017 enim
431 1989 486 2016 veni
511 1987 629 2023 judicare
652 1985 792 2016 mundum,
814 1982 858 2009 sed
879 1979 977 2007 salvum

186 2040 277 2074 facere.
298 2037 360 2064 Non
383 2035 449 2063 enim
469 2035 534 2061 misit
545 2033 612 2059 Deus
628 2031 724 2058 Filium
736 2037 827 2061 suum,
843 2032 870 2054 ut
881 2027 978 2063 jutlicet

186 2085 326 2116 muluium,
348 2082 392 2109 sed
415 2086 441 2108 ut
456 2081 553 2108 salvum
578 2078 654 2113 faciat
677 2075 800 2103 mundum
828 2073 918 2109 (loan.
932 2071 975 2098 l2.

186 2132 230 2158 47.
246 2136 269 2157 et
294 2130 320 2157 5.
339 2128 394 2164 l7).
417 2127 444 2155 Si
460 2134 524 2161 ergo
550 2124 583 2152 ad
610 2125 660 2151 hoc
675 2130 717 2150 me
731 2121 818 2153 misit,
845 2124 871 2146 et
897 2125 978 2146 verax

187 2180 247 2208 est,
268 2175 329 2210 jure
349 2174 483 2201 neminem
511 2178 561 2206 ego
587 2177 657 2196 nunc
676 2168 779 2203 judico.
804 2165 857 2193 Sed
880 2172 911 2191 ea
937 2163 978 2190 lo-

188 2230 255 2257 quor
280 2229 339 2256 qua:
369 2219 402 2246 ad
432 2218 545 2245 salutem
572 2219 650 2247 sunt,
674 2221 726 2241 non
763 2211 796 2238 ad
831 2210 979 2245 reprehen-

189 2270 302 2296 sionem.
318 2266 381 2294 lltcc
399 2271 480 2300 porro
494 2263 567 2296 dicit,
584 2269 617 2289 ne
633 2264 725 2296 putent
743 2259 829 2293 ipsum
840 2278 848 2291 ,
868 2264 927 2284 cum
941 2258 980 2282 tot

189 2321 215 2343 et
240 2320 312 2342 tanta
339 2313 468 2345 audierit,
495 2318 549 2346 pro:
574 2307 755 2336 imbecillitate
775 2312 827 2332 non
845 2310 923 2339 posse
939 2301 979 2328 ul-

190 2363 291 2388 tionem
305 2360 417 2390 inferre,
433 2357 477 2385 vel
492 2363 585 2384 eorum
596 2357 712 2381 mentem
724 2350 912 2384 irrisionesque
928 2355 980 2374 non

191 2413 363 2441 cognoscere.
379 2405 425 2431 27.
441 2403 487 2430 Illi
499 2406 582 2428 autem
596 2401 627 2427 de
650 2399 729 2426 Patre
747 2404 886 2424 sermonem
896 2393 981 2422 haberi

191 2439 241 2479 non
264 2452 452 2478 intcltexerunt.
473 2450 495 2476 Ο
519 2445 676 2474 stultitiam!
702 2444 760 2471 Non
783 2441 928 2470 desistebat
949 2439 983 2467 de

192 2500 270 2527 Patre
283 2498 355 2532 loqui
366 2519 373 2528 .
390 2501 416 2524 et
431 2504 483 2523 non
500 2493 692 2529 intelligebant.
710 2490 810 2518 Deinde
823 2497 882 2516 cum
897 2494 983 2522 neque

192 2554 224 2574 ex
241 2550 280 2573 tot
301 2544 402 2579 signis,
427 2550 512 2577 neque
527 2549 560 2568 ex
581 2539 701 2567 doctrina
722 2537 781 2564 illos
793 2537 982 2571 pertraxisset,

194 2592 225 2618 de
236 2598 317 2618 cruce
330 2590 438 2616 demum
451 2587 574 2615 edisserit
587 2586 628 2612 his
641 2584 729 2611 verbis
747 2593 753 2610 :
766 2582 812 2610 28.
829 2582 893 2609 Cum
912 2579 983 2607 exal-

196 2633 307 2664 taueritis
322 2635 416 2662 Filium
429 2633 545 2664 hominis,
558 2637 616 2659 tunc
630 2628 782 2666 cognoscetis
792 2628 851 2662 quia
864 2635 907 2662 ego
918 2633 983 2658 sum,

195 2688 215 2710 rt
227 2692 242 2710 a
254 2683 348 2718 mcipso
362 2689 411 2708 non
428 2680 525 2714 loquor;
539 2678 583 2704 29.
594 2681 616 2703 et
630 2675 746 2712 quodqui
758 2682 796 2700 me
811 2673 877 2699 misit
890 2679 986 2698 mecum

197 2735 242 2762 est,
253 2734 276 2757 et
291 2738 340 2756 non
355 2727 455 2762 reliquit
467 2724 592 2752 mesolum
605 2723 692 2750 Pater.
709 2720 833 2748 Ostendit
851 2726 880 2746 se
892 2717 986 2745 merito

197 2776 308 2809 dixisse,
324 2774 483 2808 Principium
493 2771 535 2808 qui
549 2775 572 2798 et
586 2770 672 2804 loquor
683 2769 761 2796 vobis.

231 2823 257 2851 2.
274 2821 363 2855 Usque
371 2821 439 2847 adeo
453 2827 504 2846 non
520 2816 692 2845 attendebant
706 2815 737 2841 iis
750 2822 809 2850 qua:
820 2812 986 2840 dicebantur.

192 2867 430 2897 Cumexultaucritis
446 2865 542 2893 Filium
556 2862 672 2891 hominis.
688 2860 781 2888 Nonne
792 2865 855 2888 tunc
865 2866 908 2887 me
922 2858 986 2886 sub-

704 134 735 161 ΙΝ
755 132 910 161 ,ΙΟᾹΝΝΕΜ
932 131 1046 160 llOMlL.
1067 131 1133 159 Lill.
1154 132 1189 159 al.
1211 131 1267 159 Lll.

1757 131 1809 160 295

1017 188 1070 215 lato
1085 187 1196 222 speratis
1209 196 1223 214 a
1240 195 1281 214 me
1297 187 1362 214 nihil
1378 186 1454 214 vobis
1467 187 1536 214 ultra
1559 187 1687 214 molestia
1701 188 1810 215 allatum

1018 233 1068 260 iri?
1085 233 1140 267 Ego
1154 237 1242 260 autem
1254 233 1314 260 dico
1328 233 1414 266 vobis,
1429 233 1500 260 Tunc
1516 233 1632 261 maxime
1645 236 1810 269 cognoscetis,

1017 279 1075 312 quia
1088 286 1132 314 ego
1143 286 1208 310 sum,
1225 286 1272 313 per
1285 279 1369 313 signa,
1389 287 1435 314 per
1449 279 1685 311 resurrectionem,
1704 287 1750 315 per
1764 288 1812 307 ex-

1018 324 1127 351 cidium.
1138 324 1202 351 "me
1215 325 1314 359 quippe
1325 325 1414 352 omnia
1425 326 1482 360 ejus
1497 327 1641 361 potentiam
1654 327 1812 363 comproba-

1018 369 1090 396 bant.
1106 369 1197 405 Neque
1213 370 1299 402 dixit,
1321 371 1396 398 Tunc
1410 373 1577 406 cognoscetis
1590 373 1650 407 quis
1663 373 1724 399 sim.
1743 372 1810 400 Curti

1019 415 1147 447 videritis,
1165 416 1259 450 inquit,
1277 424 1319 443 me
1331 416 1397 443 nihil
1412 424 1444 444 cx
1463 423 1548 445 morte
1566 426 1703 452 passurum
1715 439 1722 452 ,
1738 419 1812 446 Tum:

1019 462 1170 496 cognoscetis
1187 462 1246 496 quia
1261 470 1306 497 ego
1317 470 1372 489 sttui
1388 471 1396 489 :
1413 470 1507 498 nempe
1517 463 1639 491 Christus
1652 465 1736 493 Filius
1754 465 1810 497 Dei,

1019 508 1063 542 qui
1086 508 1174 534 omnia
1197 507 1253 535 fero
1274 513 1302 535 et
1315 508 1384 535 duco
1396 530 1403 542 ,
1424 516 1475 536 nec
1489 510 1638 537 contrarius
1652 510 1735 539 Patri.
1750 511 1812 539 ldco

1019 553 1120 586 adjicit,
1137 553 1169 580 Et
1182 561 1197 580 a
1212 554 1306 587 meipso
1322 554 1386 581 nihil
1400 554 1498 587 loquor.
1517 554 1660 590 Utrumqtte
1675 557 1746 584 enim
1767 564 1813 585 co-

1019 599 1163 632 gnoscetis,
1179 603 1205 626 et
1219 599 1363 633 potentiam
1380 607 1476 631 meam,
1492 604 1518 626 et
1533 608 1592 627 cum
1607 601 1684 628 Patre
1698 609 1813 630 consen-

1021 650 1091 670 sum.
1105 643 1169 670 |llttd
1184 644 1265 677 enini,
1280 645 1302 671 Α
1315 645 1410 680 meipso
1425 645 1489 672 nihil
1504 645 1601 679 loquor,
1618 646 1738 674 eamdem
1754 655 1814 676 esse

1021 689 1194 716 substantiam
1210 690 1335 723 denotat,
1349 695 1376 718 et
1390 698 1419 718 se
1433 691 1499 718 nihil
1514 691 1581 718 ultra
1596 697 1735 726 paternum
1750 700 1813 721 sen-

1021 742 1079 761 sum
1094 735 1175 769 loqui.
1192 735 1303 769 Quando
1313 743 1328 763 a
1342 736 1414 763 cultu
1431 741 1520 764 vestro
1533 737 1673 770 excidetis,
1687 745 1736 764 nec
1750 745 1813 764 con-

1024 779 1135 807 ccdctur
1148 780 1223 807 vobis
1234 780 1347 815 pristino
1361 789 1436 808 more
1450 781 1535 815 ipsum
1545 782 1644 814 colere;
1656 787 1718 810 tunc
1725 783 1816 811 scietis

1022 823 1106 858 ipsmn
1130 833 1172 851 mc
1191 825 1279 853 ulcisci
1294 846 1301 858 ,
1318 827 1481 861 indignatum
1501 827 1629 855 adversus
1646 835 1693 856 eus
1710 829 1754 864 qui
1774 837 1818 859 me

1022 877 1075 896 non
1093 871 1233 898 audierunt
1246 879 1253 903 ;
1267 879 1298 899 ac
1313 872 1334 898 si
1347 872 1468 899 diceret:
1487 872 1513 899 Si
1528 873 1631 900 alienus
1644 878 1671 900 et
1684 874 1738 902 Deo
1752 882 1817 905 con-

1024 916 1119 943 trarius
1134 924 1237 949 essem,
1258 925 1310 945 non
1326 923 1425 945 tantam
1442 918 1486 946 ille
1505 923 1598 946 contra
1611 927 1659 947 vos
1673 920 1738 947 iram
1753 918 1818 948 con-

1022 961 1146 996 cepisset.
1160 962 1216 989 Hoc
1231 967 1258 990 et
1274 963 1353 990 Isaias
1368 963 1446 996 dicit,
1464 963 1540 991 Dabit
1554 965 1644 1000 impias
1662 974 1708 999 pro
1728 966 1814 1001 sepul-

1023 1011 1080 1057 tura
1094 1008 1148 1042 ejus
1159 1007 1235 1057 (lsgi.
1249 1009 1293 1057 βε.
1310 1009 1336 1043 9)
1349 1017 1356 1042 ;
1372 1014 1399 1037 et
1413 1009 1503 1042 David,
1520 1009 1589 1037 Tunc
1604 1011 1719 1044 loquetur
1729 1012 1763 1038 ad
1775 1020 1818 1038 eos

1023 1053 1048 1078 in
1064 1053 1102 1079 ira
1117 1061 1163 1080 sua
1178 1053 1262 1089 (Psal.
1279 1055 1306 1081 2.
1324 1055 1351 1090 5)
1364 1063 1370 1086 ;
1386 1060 1413 1082 et.
1428 1055 1486 1090 ipse
1496 1076 1503 1086 ,
1522 1055 1586 1083 lt‘cce
1600 1056 1754 1090 relinquetur
1768 1058 1818 1085 clo,-

1024 1107 1078 1125 mus
1100 1104 1179 1126 vestra
1192 1100 1290 1127 deserta
1305 1100 1410 1136 (Matth.
1426 1102 1471 1128 25.
1486 1102 1547 1138 58);
1565 1102 1677 1137 idipsum
1691 1107 1717 1130 et
1731 1104 1755 1130 in
1772 1111 1818 1138 prb

1024 1144 1133 1178 rabulis,
1147 1144 1214 1178 Quid
1228 1146 1302 1180 faciet
1313 1145 1429 1173 dominus
1440 1146 1515 1173 vineae
1528 1147 1604 1181 hujus
1618 1147 1736 1182 agricolis
1746 1147 1797 1174 illis
1806 1148 1819 1174 I‘

1025 1187 1109 1215 Malos
1129 1189 1196 1216 utale
1217 1190 1429 1227 pcrdct(Mutt/t.
1444 1191 1490 1218 2|.
1511 1192 1554 1219 40.
1573 1192 1633 1227 41).
1653 1192 1744 1220 Vitlcn'
1756 1201 1817 1220 eum

1025 1234 1122 1269 ubique
1136 1235 1176 1263 sic
1190 1236 1269 1271 loqui,
1282 1236 1352 1271 quod
1367 1237 1403 1264 illi
1419 1237 1537 1264 nondum
1550 1238 1698 1265 crederent.
1709 1238 1784 1272 Quod
1795 1240 1818 1266 si

1025 1279 1096 1314 ipsos
1110 1281 1214 1315 perdat,
1231 1286 1260 1308 ιιι
1276 1290 1367 1309 revera
1379 1283 1482 1317 perdet;
1501 1291 1561 1309 nam
1573 1283 1620 1316 ait,
1634 1283 1759 1311 Adducite
1771 1286 1820 1311 huc

1025 1334 1068 1353 eos
1082 1326 1125 1361 qui
1140 1334 1178 1353 me
1191 1327 1278 1353 nolunt
1291 1336 1405 1363 regnare,
1420 1333 1443 1355 et
1456 1328 1589 1362 interﬁcite
1604 1328 1679 1364 (Luc.
1695 1329 1740 1357 19.
1754 1329 1818 1364 2T);

1025 1379 1074 1399 cur
1088 1372 1152 1399 illud
1167 1379 1219 1400 non
1235 1381 1323 1407 sutun,
1338 1374 1386 1402 sed
1406 1374 1492 1401 Patris
1503 1382 1569 1409 opus
1583 1382 1643 1402 esse
1656 1375 1736 1403 dicit?
1747 1375 1778 1404 Ut
1790 1377 1820 1404 il-

1025 1417 1112 1446 lorum
1123 1426 1153 1447 se
1161 1418 1333 1446 imbecillitati
1345 1424 1513 1454 attemperet,
1525 1421 1657 1456 sininlque
1666 1421 1819 1450 Genitorem

1026 1472 1104 1491 suum
1119 1463 1243 1492 honoret.
1261 1465 1322 1492 ldco
1335 1474 1387 1492 non
1410 1466 1488 1499 dixit,
1503 1466 1635 1502 Relinque
1653 1467 1761 1495 deorum
1777 1476 1821 1496 ve-

1027 1515 1108 1537 stram
1124 1510 1274 1543 desertam;
1288 1510 1345 1543 sed,
1364 1510 1540 1547 Ιίειιλιιιιιιεξηιι·ν
1556 1513 1769 1547 imprrsonaliter
1781 1514 1821 1542 lo-

1027 1562 1121 1590 quens.
1137 1555 1202 1582 Cum
1215 1563 1294 1590 porro
1308 1555 1382 1588 dicit,
1398 1555 1499 1589 Quoties
1513 1557 1581 1583 volui
1592 1565 1743 1593 congregare
1753 1559 1821 1593 ﬁlios

1027 1606 1122 1629 vestros
1133 1622 1141 1635 ,
1157 1607 1180 1629 et
1195 1602 1309 1629 noluistis
1333 1602 1407 1637 (Luc.
1425 1603 1468 1631 l5.
1484 1603 1550 1637 5i)?
1565 1603 1714 1638 deindcqne
1728 1605 1821 1639 addit,

1028 1647 1203 1682 Relinquetur,
1219 1655 1249 1674 se
1263 1647 1434 1675 desolationis
1448 1652 1585 1676 auctorem
1600 1649 1728 1678 ostendit.
1743 1650 1820 1684 Quia,

1028 1694 1132 1730 inquit,
1149 1693 1285 1722 beneﬁciis
1301 1693 1423 1721 noluistis
1442 1694 1475 1721 ad
1490 1694 1651 1722 credendum
1667 1695 1773 1729 induci,
1788 1704 1821 1724 ex

1029 1739 1159 1774 supplicio
1179 1739 1344 1773 cognoscetis
1358 1739 1418 1774 quis
1431 1746 1489 1766 sum
1510 1747 1569 1775 ego.
1586 1739 1617 1766 Et
1634 1739 1710 1767 Pater
1726 1749 1822 1768 "tecum

1029 1789 1074 1812 est.
1089 1785 1128 1812 Ne
1142 1789 1273 1819 putarent,
1289 1784 1363 1818 illud,
1380 1784 1429 1817 Qui
1443 1785 1509 1811 misit
1523 1793 1571 1818 me,
1585 1786 1715 1814 minorem
1735 1786 1822 1822 ipsutn

1029 1831 1175 1864 declarare,
1187 1831 1270 1863 addit,
1289 1830 1389 1858 Mecum
1403 1835 1451 1858 est.
1468 1830 1546 1858 Aliud
1559 1831 1630 1858 enim
1646 1832 1823 1867 dispensatio-

1030 1877 1073 1904 nis
1083 1897 1090 1909 ,
1105 1877 1176 1904 aliud
1191 1876 1337 1904 divinitatis
1351 1881 1403 1904 est.
1424 1875 1459 1903 Et
1479 1885 1528 1903 non
1543 1877 1642 1912 reliquit
1663 1886 1703 1904 me
1721 1879 1802 1905 solum
1814 1899 1822 1911 ,

1029 1923 1098 1957 quia,
1111 1930 1167 1958 qua:
1179 1923 1271 1957 placita
1284 1927 1342 1949 sunt
1356 1923 1388 1955 ci,
1404 1922 1470 1956 facio
1481 1930 1585 1958 semper.
1602 1923 1716 1950 Rursum
1732 1924 1764 1951 ad
1776 1924 1823 1952 htt-

1031 1967 1135 1994 ntiliora
1149 1967 1302 2000 descendit,
1319 1967 1383 1994 illud
1398 1967 1553 2002 frequenter
1573 1972 1688 1995 tractans
1699 1969 1769 2004 quod
1783 1970 1824 1997 di-

1031 2013 1144 2044 cebant,
1166 2013 1251 2048 ipsum
1266 2021 1298 2040 cx
1314 2013 1367 2041 Deo
1389 2021 1441 2040 non
1461 2020 1521 2041 esse
1533 2033 1541 2046 ,
1557 2014 1750 2049 sabbatumque
1770 2024 1823 2043 non

1031 2067 1138 2088 servare
1153 2069 1160 2087 :
1176 2061 1235 2087 ideo
1246 2060 1319 2092 dicit,
1335 2060 1398 2092 Qua:
1408 2059 1501 2094 placita
1512 2064 1571 2086 sunt
1581 2061 1613 2092 ei,
1628 2060 1694 2095 facio
1704 2069 1801 2095 semper
1814 2069 1824 2089 .'

1032 2106 1152 2133 indicans
1173 2106 1294 2140 placitam
1318 2105 1367 2140 ipsi
1387 2111 1446 2132 csse
1464 2104 1566 2132 sabbati
1590 2105 1762 2133 solutionem.
1779 2106 1824 2135 Sic

1032 2159 1091 2180 cum
1105 2151 1138 2178 ad
1159 2159 1265 2178 crucem
1287 2150 1430 2177 duceretur
1440 2171 1447 2183 ,
1462 2150 1499 2177 ait
1514 2158 1521 2177 :
1539 2150 1577 2177 Au
1593 2152 1688 2185 putatis
1700 2151 1759 2186 quia
1772 2161 1824 2180 non

1033 2206 1134 2234 possunt
1147 2205 1236 2233 rogare
1248 2196 1351 2224 Patrem
1364 2203 1447 2222 meum
1458 2197 1470 2223 ?
1483 2195 1562 2231 Atqui
1578 2197 1628 2224 hoc
1641 2198 1725 2224 solum
1741 2197 1824 2234 dicto,

1035 2244 1114 2276 Quem
1124 2243 1256 2278 quwritis?
1269 2242 1379 2276 supinos
1392 2241 1452 2269 illos
1467 2243 1620 2276 prostravit.
1636 2241 1690 2269 Cur
1698 2250 1760 2278 ergo
1773 2251 1826 2272 non

1033 2290 1109 2323 dicit,
1125 2291 1165 2317 An
1178 2288 1276 2324 putatis
1295 2295 1339 2315 me
1354 2295 1406 2314 non
1430 2294 1508 2322 posse
1521 2294 1568 2314 vos
1582 2287 1713 2322 perdere?
1729 2296 1788 2315 cum
1801 2289 1826 2316 id

1035 2336 1122 2371 reipsa
1146 2333 1387 2362 demonstraverit?
1402 2332 1509 2360 Illorum
1524 2332 1668 2360 inﬁrmitati
1683 2340 1712 2360 se
1730 2338 1828 2361 attem-

1035 2386 1120 2418 perat.
1136 2382 1247 2409 Multum
1260 2381 1331 2409 enim
1345 2379 1455 2407 curabat
1469 2379 1621 2412 ostendere,
1636 2386 1665 2406 so
1679 2379 1743 2407 nihil
1755 2379 1828 2407 Patri

1036 2429 1199 2458 contrarittm
1214 2428 1311 2455 facere.
1326 2427 1370 2454 Sic
1382 2431 1410 2454 et
1424 2426 1474 2453 hoc
1487 2426 1546 2453 loco
1562 2426 1678 2452 lmmano
1699 2433 1774 2452 more
1789 2426 1826 2453 lo-

1037 2476 1135 2512 quitur.
1151 2475 1186 2503 Ut
1199 2478 1287 2501 autem
1302 2472 1376 2505 illud,
1395 2471 1455 2498 Non
1469 2471 1569 2506 reliquit
1582 2479 1620 2497 me
1631 2471 1829 2504 solum,dietnm

1038 2523 1086 2550 fuit
1099 2532 1105 2550 :
1119 2523 1158 2550 sic
1172 2525 1198 2549 et
1213 2520 1294 2552 illud,
1311 2520 1375 2553 Qua:
1396 2519 1489 2553 placita
1503 2522 1560 2544 sunt
1582 2518 1621 2550 ei,
1643 2518 1709 2551 facio
1722 2525 1830 2552 semper.

1038 2569 1083 2597 50.
1099 2567 1160 2596 Htec
1173 2567 1217 2594 illo
1233 2566 1358 2599 loquente,
1373 2564 1446 2591 multi
1459 2563 1619 2590 crediderunt
1635 2563 1660 2588 in
1676 2570 1742 2588 eum.
1763 2562 1830 2589 Cum

1039 2616 1072 2643 ad
1089 2614 1229 2642 humiliora
1248 2611 1400 2643 descendit,
1417 2616 1480 2637 tunc
1498 2608 1573 2636 multi
1589 2608 1770 2635 crediderunt.
1790 2609 1832 2635 An

1040 2664 1126 2692 adhuc
1147 2663 1296 2694 interrogas
1318 2666 1366 2685 cur
1388 2657 1523 2683 lnnnilitcr
1547 2654 1689 2689 loquatur?
1703 2655 1782 2688 Atqui
1806 2655 1831 2681 id

1040 2710 1180 2738 manifeste
1203 2705 1328 2734 iudicavit
1347 2702 1511 2737 evangelista
1531 2700 1623 2727 dicens
1640 2709 1645 2726 :
1664 2699 1724 2726 llarc
1738 2700 1784 2726 illo
1795 2700 1831 2727 lo—

1041 2761 1139 2789 quente,
1153 2753 1224 2780 multi
1238 2750 1395 2779 crediderunt
1407 2749 1432 2774 in
1447 2754 1520 2778 cum;
1536 2751 1635 2773 tantum
1652 2753 1702 2772 non
1714 2746 1832 2773 clamans

1042 2813 1074 2831 ex
1084 2803 1162 2830 rebus
1175 2800 1239 2835 ipsis
1250 2798 1304 2826 :Ne
1313 2795 1437 2828 turbcris,
1445 2794 1559 2823 auditur,
1569 2793 1590 2819 si
1602 2792 1663 2827 quid
1674 2792 1773 2819 humile
1783 2799 1831 2819 au-

1043 2852 1108 2881 dias.
1121 2849 1168 2883 Qui
1183 2846 1252 2875 enim
1263 2847 1428 2881 posttantam
1435 2840 1580 2868 doctrinam
1593 2835 1837 2873 nondumpcrsuasi
