2031 3118
240 182 314 206 erant
328 178 412 213 ipsum
423 185 436 204 a
450 177 528 204 Patre
540 181 609 205 esse,
622 173 717 200 merito
728 171 868 199 humiliora
881 171 1031 206 audierunt,

241 229 269 251 nt
281 224 430 251 crederent.
447 220 604 253 Etluecjam
623 217 745 246 defensio
761 218 927 252 praemittitur
938 225 986 253 pro
1001 219 1031 245 iis

242 278 299 305 qua!
306 275 394 304 postea
403 267 659 295 humiliter-dicturus
666 264 1030 300 est.Credideruntcrgo;non

240 320 330 342 tamen
338 318 464 348 quantunt
474 311 623 347 oportebat,
632 311 677 338 sed
689 315 840 345 utcumque,
849 310 875 337 in
883 310 1032 338 humilitate

238 361 377 388 verborum
393 358 495 393 placide
510 359 695 386 consistentes.
712 357 788 392 Quod
811 358 881 384 enim
894 364 946 384 no.1
968 365 1029 392 per-

238 407 333 434 fectam
368 405 496 432 haberent
531 405 627 437 ﬁdem,
655 408 786 431 monstrat
813 403 974 438 evangelista
1004 403 1028 429 in

236 453 428 488 sequentibus,
453 452 495 479 ttbi
517 452 565 486 ipsi
586 450 773 479 contumeliam
801 449 927 477 inferttnt.
953 449 1029 482 Quod

236 505 324 527 autem
351 499 429 527 iidem
450 499 500 534 ipsi
515 503 605 526 essent
618 519 625 531 ,
649 497 773 524 indicavit
796 497 837 524 bis
858 497 967 524 verbis:
984 497 1026 524 51.

238 546 339 573 Dicebat
355 554 413 581 ergo
429 545 506 572 Iesus
523 545 556 572 ad
573 553 614 571 co:
634 545 676 579 qui
692 544 850 570 crediderant
864 544 887 570 ei
899 542 1003 570 Judwos
1018 551 1028 570 :

236 592 266 619 Si
278 600 319 618 vos
331 592 471 618 ntmtscritis
482 592 507 617 in
521 599 634 618 sermone
648 599 713 622 mea;
722 589 866 617 ostendens
879 590 951 624 ipsos
966 597 1028 616 non-

234 637 297 664 dum
314 637 464 672 suscepisse
479 637 627 663 doctrinam
640 657 646 668 .
661 636 708 664 sed
723 636 801 663 dictis
814 637 955 663 attendere
970 641 1028 662 tau-

235 689 302 710 tttnt.
318 683 485 718 Quapropter
510 682 693 710 vehementius
720 682 846 716 loquitur.
870 681 926 709 Illic
954 682 1025 708 enim

233 729 389 763 simpliciter
403 728 517 761 dicebat,
528 728 651 760 Quwretis
666 735 722 759 me;
737 734 806 754 nunc
822 734 885 754 vero
900 727 982 759 addit,
995 726 1026 753 lu

233 775 340 809 peccatis
353 774 439 801 rastris
449 774 598 801 moriemini.
613 773 644 800 Et
655 772 789 808 quoutodo
803 772 828 799 id
840 773 883 800 ﬁat
897 773 1024 805 ostendit,

231 821 296 854 Quia
308 828 369 848 cum
384 827 416 847 eo
432 819 569 851 veneritis,
585 827 636 846 non
654 819 774 854 poteritis
789 826 831 845 me
843 826 947 853 rogare.
962 817 1025 845 llwc

231 875 287 901 qua:
305 867 394 901 loquor
412 866 438 893 in
458 866 561 892 mundo.
579 865 624 892 llis
639 865 756 892 declarat
770 872 799 892 se
812 864 866 899 jam
890 865 1022 914 exituri-un

230 912 262 938 ad
277 917 379 946 gentes.
394 912 459 939 Cum
474 919 539 938 vero
548 918 599 937 non
612 911 708 938 scirent
722 910 806 944 ipsum
816 909 849 937 dc
860 909 938 937 Patre
951 909 1023 944 prius

230 959 369 991 loqnutmn
382 965 443 985 esse
456 978 463 989 ,
480 964 584 984 rursum
598 956 631 984 de
646 956 692 983 illo
706 956 820 991 loquitur
832 977 839 989 ,
857 960 882 982 et
895 963 1002 983 causam
1012 976 1019 988 ,

227 1011 278 1030 cur
291 1003 425 1030 humiliter
440 1003 564 1037 loquutus
579 1003 623 1035 sit,
638 1001 715 1029 affert
728 1002 902 1036 evangelista.

263 1049 289 1075 5.
305 1047 332 1075 Si
346 1049 384 1075 sic
395 1056 458 1082 ergo
471 1048 623 1083 Scripturas
634 1052 759 1075 accurate
772 1047 884 1074 scrtttari
897 1048 1020 1082 velimus,

228 1102 280 1122 non
302 1094 499 1128 perfunctorie,
524 1094 638 1121 salutem
660 1093 787 1128 consequi
811 1094 977 1128 poterimus;
998 1095 1020 1121 si

227 1139 332 1166 assidue
347 1140 371 1166 in
385 1139 437 1171 illis
451 1146 606 1172 versemur,
623 1144 650 1166 ct
664 1139 690 1166 in
705 1147 767 1166 vera
780 1139 903 1166 doctrina
917 1145 943 1167 et
959 1141 1020 1168 vita:

225 1185 358 1220 probitate
372 1186 550 1213 instituentur.
567 1186 605 1213 Ac
628 1186 690 1213 licet
710 1186 793 1214 durus
813 1187 848 1213 sit
866 1188 998 1222 quispiam
1010 1209 1018 1222 ,

226 1231 345 1264 immitis,
356 1231 454 1264 mollis;
470 1232 532 1258 licet
548 1232 706 1266 prreccdenti
719 1237 838 1267 tempore
852 1233 917 1261 nihil
934 1234 1019 1262 lucra—

227 1282 268 1303 tus
283 1276 378 1309 fuerit,
395 1284 465 1304 nunc
487 1277 582 1305 saltem
611 1278 752 1312 proﬁciet,
768 1282 794 1306 et
808 1279 923 1313 aliquam
939 1300 945 1312 ,
967 1281 1018 1308 etsi

226 1331 278 1350 nott
291 1324 398 1355 sentiat,
410 1323 549 1352 utilitatem
560 1323 695 1358 decerpet.
705 1323 770 1351 Nam
782 1325 803 1351 si
816 1327 1017 1360 unguentariam

224 1369 359 1396 ofticinatn
373 1370 433 1404 quis
447 1369 556 1402 adiens,
572 1370 594 1397 si
611 1371 635 1397 in
650 1370 695 1397 illa
710 1374 831 1398 moretur
841 1392 848 1404 ,
866 1372 907 1398 vel
919 1371 1017 1399 invitus

224 1423 333 1443 suavem
353 1416 467 1451 aliquem
489 1421 666 1451 consequetur
680 1416 807 1449 odorem;
826 1417 911 1444 multo
933 1417 1016 1452 magis

224 1463 268 1497 qui
283 1462 422 1489 ecclesiam
436 1461 596 1497 frequentat.
609 1462 644 1490 Ut
658 1463 727 1490 enim
743 1470 774 1491 cx
788 1463 888 1490 desidia
902 1484 908 1495 ,
930 1464 1014 1498 negli-

224 1493 310 1540 gentia
327 1516 333 1534 :
347 1507 386 1534 sic
402 1515 434 1535 ex
455 1509 609 1543 t-peratione
622 1528 629 1540 ,
650 1508 731 1535 attittti
756 1508 836 1536 ardor
851 1509 945 1536 oritur.
961 1510 1014 1537 Etsi

222 1553 299 1579 ntalis
312 1552 349 1579 sis
362 1553 508 1580 innumeris
533 1553 658 1587 refertus,
673 1553 723 1581 etsi
737 1555 866 1590 impurus,
877 1555 931 1582 noli
946 1555 1014 1583 hanc

223 1600 305 1626 vitare
319 1598 504 1634 frequentiam.
521 1599 587 1632 Quid
601 1607 680 1632 vero,
698 1599 787 1635 inquis
798 1621 806 1634 ,
821 1602 843 1627 si
855 1601 944 1628 audita
960 1610 1013 1629 non

222 1646 369 1680 exsequar?
384 1645 442 1672 Non
459 1653 550 1680 parum
565 1646 630 1673 lucri
646 1651 687 1674 cst
697 1667 705 1679 ,
720 1647 742 1673 si
759 1651 784 1674 te
799 1648 925 1675 miserum
942 1657 1012 1683 pra:-

219 1689 360 1722 dicavcris;
373 1698 425 1718 non
438 1691 538 1718 inutilis
551 1691 594 1719 hic
607 1692 686 1719 timor
697 1697 747 1724 est,
761 1700 812 1720 non
826 1693 1012 1729 intempestiva

221 1737 335 1764 t'ortnido
349 1746 355 1763 :
367 1738 389 1764 si
405 1739 490 1764 solum
504 1738 676 1772 ingetnueris,
690 1739 760 1774 quod
770 1740 859 1767 audita
873 1748 923 1767 non
934 1749 1008 1769 exse-

218 1782 329 1816 quaris,
349 1783 491 1818 aliquando
510 1783 543 1810 ad
562 1784 693 1818 agendum
716 1789 742 1812 te
761 1786 937 1820 comparabis.
954 1787 1010 1814 Non

221 1832 307 1862 potest
323 1829 394 1855 enim
415 1829 459 1863 qui
481 1829 562 1856 beum
583 1829 747 1865 alloquitur,
766 1831 904 1867 ipsumque
918 1833 1008 1868 audit,

217 1880 272 1900 non
287 1873 385 1908 aliquid
405 1873 470 1901 lucri
492 1876 628 1910 consequi.
645 1877 738 1904 Statim
758 1878 830 1905 enim
846 1887 893 1906 nos
906 1880 1009 1915 Colligi-

217 1925 278 1945 mus
292 1925 438 1953 manusque
453 1919 596 1954 abluimus,
613 1929 672 1948 cum
689 1922 784 1949 lihruut
800 1924 921 1958 accipere
932 1925 1009 1952 volu-

217 1971 286 1990 mus.
300 1963 393 1991 Viden‘
408 1969 506 2000 quanta
521 1967 561 1993 vel
578 1971 640 1994 ante
659 1967 799 1994 lectionem
813 1969 917 2003 pietas?
932 1970 1008 2004 Quod

216 2010 238 2037 si
253 2010 394 2045 diligenter
408 2019 558 2046 pergamus,
569 2021 690 2047 magnam
702 2022 842 2049 carpemus
856 2017 1007 2045 utilitatem.

215 2055 306 2091 Neque
316 2057 388 2084 enim
401 2057 451 2085 nisi
466 2059 553 2084 anima
569 2060 610 2092 pie
623 2059 727 2092 affecta,
744 2069 838 2088 manus
849 2062 987 2091 abluentns
1000 2072 1006 2090 :

611 116 639 144 S.
660 113 799 143 JOANNIS
817 113 1053 158 CIIRYSODTOMI
1075 115 1232 144 ARClllEP.
1254 118 1520 150 CONSTANTINOP.

1827 127 1875 159 ΞΜ

1087 178 1112 201 et
1129 174 1235 208 mulier,
1249 175 1270 202 si
1285 183 1338 203 non
1351 182 1444 211 operta
1454 178 1498 210 sit,
1510 179 1598 206 statim
1611 180 1699 208 velunt
1710 184 1833 217 assumit,
1852 186 1874 212 in

1084 225 1270 254 argumentum
1283 222 1533 255 pietatisinterioris
1549 232 1556 252 :
1571 225 1620 258 vir,
1638 226 1660 253 si
1675 232 1769 261 operto
1784 229 1817 256 sit
1830 239 1872 257 ea-

1084 266 1137 300 pite
1148 286 1154 297 ,
1171 266 1251 293 nudat
1264 272 1353 301 caput.
1369 267 1461 295 Viden‘
1475 270 1608 303 quomodo
1621 277 1748 300 externus
1771 273 1873 302 habitus

1084 311 1193 338 interna:
1213 312 1246 338 sit
1260 312 1364 346 pietatis
1379 313 1522 342 indicium?
1537 315 1598 342 Inde
1612 318 1711 344 sedens
1724 318 1756 345 ad
1771 320 1871 347 audien-

1082 357 1144 384 dutn
1155 379 1161 390 ,
1175 357 1300 393 frequens
1324 359 1488 396 ingemiscit,
1508 367 1535 391 et
1556 364 1716 398 pra-teritum
1731 366 1811 392 vitam
1827 366 1873 393 da-

1081 409 1164 431 mnat.
1182 404 1326 440 Scripturis
1341 415 1404 442 ergo
1418 409 1535 436 animum
1547 410 1838 444 adhibeamus,dilecti,
1849 417 1873 440 ct

1080 449 1173 476 saltem
1188 453 1323 486 evangelia
1338 453 1457 482 studiose
1472 459 1626 485 tractemus.
1643 457 1736 484 Statim
1748 459 1819 485 enim
1833 464 1872 486 at-

1080 502 1131 529 que
1143 495 1238 524 librtun
1251 500 1389 532 aperueris
1399 520 1405 531 ,
1422 501 1521 528 Christi
1540 510 1636 530 nomen
1655 503 1755 530 videbis
1768 526 1774 537 ,
1790 510 1817 532 ct
1832 506 1870 532 di-

1079 547 1183 569 cenletn
1206 543 1279 571 illum
1304 546 1419 575 audies:
1442 546 1505 574 Iesu
1527 554 1610 576 autem
1632 550 1726 577 Cluiin
1747 554 1872 586 generatio

1078 587 1115 613 sic
1129 593 1191 614 erat.
1208 589 1270 616 Cum
1280 596 1342 617 esset
1352 592 1502 627 desponsata
1509 599 1589 621 mater
1600 595 1653 630 ejus
1669 596 1752 623 Maria
1765 596 1869 632 Joxcp/I,

1078 632 1177 660 inventa
1192 640 1227 661 est
1239 635 1264 662 in
1277 641 1346 663 utero
1360 637 1454 664 haben:
1467 639 1497 665 de
1513 639 1612 675 Spiritu
1625 647 1710 669 sancto
1727 643 1833 672 (Matt/1.
1847 646 1869 672 l.

1078 679 1134 714 18).
1149 679 1197 713 Qui
1212 687 1301 709 autent
1318 684 1374 711 hzrc
1389 685 1512 719 audierit,
1528 687 1616 714 statim
1632 689 1789 724 virginitatis
1802 699 1870 719 amo-

1077 732 1106 752 re
1117 727 1250 760 capietur,
1274 733 1376 763 partum
1389 731 1527 759 mirabitur
1538 754 1544 765 ,
1559 740 1573 760 a
1586 738 1655 761 terra
1670 736 1803 771 migrabit.
1818 738 1869 766 Nec

1077 778 1125 805 pro
1140 773 1243 801 modico
1261 774 1414 803 habendum
1429 782 1467 804 cst
1480 799 1487 810 ,
1504 779 1525 805 si
1542 781 1582 808 vel
1601 782 1712 814 carptim
1731 782 1868 818 obiterque

1077 817 1173 846 videris
1187 819 1287 854 Spiritu
1299 828 1392 850 sancto
1404 823 1539 859 dignatam
1550 825 1696 861 Virginem,
1710 830 1867 865 etangelum

1077 863 1160 898 ipsam
1178 866 1367 900 alloquetttetn.
1389 869 1451 897 llaec
1472 871 1559 900 adhuc
1578 873 1604 899 in
1624 874 1765 909 superﬁcie
1784 863 1866 904 sunt:

1074 909 1120 937 sed
1134 910 1155 938 si
1170 910 1226 938 haec
1241 914 1402 947 speculattdo
1414 923 1496 951 usque
1508 918 1533 944 in
1548 917 1627 946 ﬁncm
1643 927 1809 955 perseveres,
1820 931 1868 950 sm-

1073 955 1174 983 cularia
1184 959 1274 985 statim
1287 960 1375 987 omnia
1390 969 1516 996 rcspnes,
1532 968 1638 992 terrena
1656 967 1745 994 omnia
1763 967 1866 996 deride-

1073 1002 1114 1029 bis
1129 1011 1135 1029 :
1151 1003 1173 1030 si
1186 1004 1261 1032 dives
1275 1006 1323 1039 sis,
1337 1006 1442 1035 divitias
1459 1009 1525 1036 nihil
1539 1017 1598 1038 eSsc
1611 1011 1703 1044 duces,
1719 1014 1762 1041 ubi
1775 1014 1867 1042 audies

1073 1047 1143 1075 illaut
1159 1049 1225 1077 fabri
1245 1059 1354 1079 uxorem
1372 1053 1399 1080 in
1415 1054 1615 1090 humilidomo,
1634 1062 1744 1086 matrem
1762 1060 1865 1088 Domini

1072 1093 1168 1128 fuisse;
1181 1097 1201 1122 si
1216 1103 1316 1131 pauper
1326 1119 1334 1132 ,
1349 1098 1383 1126 de
1399 1107 1553 1135 paupertate
1567 1111 1619 1131 non
1630 1105 1791 1139 erubescas,
1805 1114 1864 1134 cuin

1071 1139 1196 1169 didiceris
1209 1143 1361 1171 Creatorem
1374 1146 1465 1174 mundi
1478 1148 1632 1177 vilissimum
1644 1157 1796 1179 casamnon
1806 1160 1865 1180 cru-

1071 1185 1172 1214 buisse.
1188 1187 1250 1216 lliec
1262 1190 1283 1216 si
1297 1191 1397 1226 cogites
1407 1212 1414 1225 ,
1429 1200 1481 1220 tton
1497 1195 1583 1229 rapies
1593 1216 1601 1229 ,
1618 1203 1670 1223 non
1683 1204 1779 1225 avarus
1794 1199 1863 1231 eris,

1071 1239 1124 1259 non
1137 1233 1162 1260 in
1175 1234 1259 1261 aliena
1275 1235 1415 1271 involabis;
1429 1239 1476 1267 sed
1488 1241 1576 1274 potius
1586 1244 1750 1278 paupertatis
1762 1251 1864 1274 amator

1069 1279 1132 1310 eris,
1148 1280 1306 1316 divitiasque
1317 1282 1450 1318 despicies
1466 1295 1472 1313 :
1485 1285 1546 1314 hinc
1560 1289 1628 1315 mala
1641 1290 1731 1317 omnia
1745 1291 1863 1319 elimina-

1054 1326 1119 1354 'bis.
1138 1327 1239 1356 Rorsas
1250 1337 1310 1356 cmn
1324 1331 1421 1359 videris
1434 1332 1524 1360 Jcsum
1534 1333 1560 1361 in
1576 1336 1706 1371 prazsepio
1716 1337 1861 1372 jacentctn,

1069 1380 1122 1400 non
1139 1374 1206 1400 ultra
1226 1375 1332 1403 curabis
1348 1377 1403 1404 filio
1421 1382 1467 1405 tuo
1482 1384 1606 1407 ornatunt
1621 1389 1731 1409 attrcutu
1746 1383 1861 1410 circuat-

1069 1426 1185 1453 ponere,
1199 1428 1251 1448 non
1265 1421 1362 1450 lectum
1376 1429 1486 1459 argento
1500 1425 1653 1455 decoratum
1668 1430 1743 1456 uxori
1758 1437 1860 1464 parare.

1067 1463 1114 1491 llis
1127 1465 1238 1499 altjectis
1251 1468 1332 1501 euris,
1345 1469 1400 1504 jam
1414 1478 1466 1498 non
1475 1472 1593 1500 avaritia:
1607 1474 1648 1501 vel
1663 1475 1762 1509 rapina:
1773 1477 1862 1504 stude-

1067 1509 1118 1537 bis.
1131 1510 1210 1538 Multa
1224 1512 1274 1539 alia
1294 1513 1355 1541 hine
1377 1515 1449 1543 lucra
1472 1523 1635 1552 sequuntur,
1651 1528 1711 1554 qute
1726 1529 1797 1549 nttuc
1810 1531 1860 1550 tton

1066 1564 1208 1592 possumus
1222 1560 1373 1596 singulatim
1392 1570 1550 1598 recensere;
1564 1566 1612 1593 sed
1624 1568 1709 1595 scient
1724 1568 1741 1596 ii
1757 1569 1801 1604 qtti
1817 1578 1861 1597 ex-

1067 1605 1218 1638 perimento
1231 1606 1384 1636 didicerint.
1399 1610 1567 1646 Quapropter
1581 1620 1655 1648 rogo,
1671 1614 1753 1642 libros
1769 1615 1860 1650 hujus-

1065 1650 1137 1677 tnodi
1153 1651 1228 1679 vobis
1247 1655 1426 1688 comparetis,
1445 1656 1574 1684 librorunt
1590 1666 1667 1686 sensa
1690 1661 1857 1696 percipiatis,

1064 1701 1144 1730 atque
1158 1697 1184 1724 in
1196 1698 1329 1727 mentibus
1345 1702 1440 1729 vestris
1454 1703 1620 1732 deseribatis.
1634 1705 1718 1734 Juda:i
1734 1715 1857 1744 namque,

1063 1742 1125 1776 quia
1140 1750 1191 1769 non
1208 1744 1325 1772 animum
1340 1746 1512 1782 adhibebant,
1524 1749 1591 1784 jussi
1607 1757 1668 1779 sunt
1684 1752 1766 1781 libros
1779 1755 1859 1782 mani-

1063 1787 1113 1814 bus
1128 1790 1282 1823 appenderc
1294 1801 1300 1818 :
1313 1799 1361 1819 nos
1372 1797 1460 1821 autent
1477 1803 1528 1822 non
1542 1796 1711 1830 inmanibus.
1726 1799 1772 1827 sed
1787 1800 1857 1829 domi

1063 1833 1231 1868 deponimus,
1244 1843 1304 1864 eum
1318 1845 1453 1872 oporteret
1468 1841 1493 1867 in
1508 1842 1588 1870 corde
1601 1851 1721 1872 exarare.
1732 1845 1777 1874 Sic
1787 1847 1856 1874 enim

1062 1879 1192 1908 abstersis
1214 1883 1275 1910 vita:
1294 1885 1431 1919 sordibus,
1451 1886 1537 1915 futura
1558 1896 1752 1925 consequentur
1767 1892 1855 1921 bona:

1062 1935 1122 1962 qum
1137 1929 1237 1956 utinam
1250 1931 1440 1966 adipiscantur,
1456 1935 1540 1968 gratia
1555 1940 1581 1962 et
1594 1936 1759 1972 benignitate
1773 1940 1856 1967 Domi-

1062 1974 1089 2000 ni
1103 1975 1187 2002 nostri
1210 1975 1272 2003 Jesu
1293 1977 1391 2005 Christi
1409 2000 1415 2011 ,
1438 1987 1484 2014 per
1504 1988 1581 2015 quem
1600 1987 1626 2009 ct
1644 1991 1704 2011 cutn
1718 1992 1772 2019 quo
1786 1986 1854 2013 Patri

1060 2020 1143 2055 gloria
1156 2042 1163 2052 ,
1179 2022 1310 2057 simulque
1327 2024 1435 2058 Spiritui
1448 2032 1554 2060 saneto,
1571 2035 1642 2055 nunc
1656 2033 1680 2055 ct
1695 2037 1816 2066 semper,
1828 2037 1854 2059 et

1061 2065 1087 2092 in
1102 2067 1199 2093 saecula
1217 2069 1387 2096 surculorum.
1405 2071 1499 2098 Amen.

213 2116 1846 2151 —————___~__

877 2157 1050 2191 HOMILIA
1070 2161 1151 2192 LIV.

212 2227 276 2254 Car.
286 2228 312 2254 8.
324 2235 350 2254 v.
363 2227 407 2254 51.
424 2226 527 2253 Diccbat
540 2234 600 2261 ergo
612 2225 686 2253 Iesus
696 2226 729 2252 ad
738 2235 781 2254 eos
791 2228 833 2262 qui
845 2229 1004 2258 crediderunt

247 2273 269 2300 ei
282 2273 388 2301 Judwos
402 2281 411 2300 .'
426 2273 455 2300 Si
470 2281 511 2299 vos
525 2271 665 2299 munsrritis
688 2272 713 2298 in
731 2280 846 2299 sermone
860 2281 914 2300 meo
925 2295 931 2305 ,
948 2283 1003 2302 vere

246 2321 365 2357 discipuli
387 2320 434 2346 mei
447 2319 516 2346 eritis
526 2339 533 2352 ,
556 2319 601 2346 52.
617 2323 640 2345 et
654 2319 806 2353 cognoscetis
820 2320 965 2354 ceritatem,
978 2326 1001 2348 et

246 2368 336 2394 veritas
351 2366 464 2393 liberabit
479 2373 533 2391 vos.

247 2415 273 2440 1.
294 2413 375 2440 Multa
389 2411 465 2438 nobis
480 2409 605 2444 patientia
627 2416 693 2443 opus
706 2413 759 2441 est,
775 2409 874 2437 dilecti.
892 2411 999 2439 Patien-

210 2461 244 2488 tia
257 2465 346 2487 autent
363 2463 426 2485 tunc
440 2456 595 2491 acquiritur,
611 2463 672 2481 etutt
685 2455 808 2490 dogmata
825 2456 849 2482 in
865 2457 944 2486 corde
957 2466 1000 2485 ra-

208 2507 282 2533 dices
293 2509 413 2540 cgcrunt.
427 2503 461 2530 Ut
471 2502 540 2529 enim
553 2509 680 2536 quercum
693 2501 828 2535 profundis
842 2502 996 2531 instructam

208 2553 341 2580 radicibus
351 2551 453 2586 qumvis
468 2549 539 2576 venti
555 2548 680 2575 violentia
696 2555 747 2574 non
763 2549 853 2576 evellit
867 2558 873 2575 :
887 2550 926 2577 sic
941 2551 998 2578 ani-

207 2607 277 2626 mant
291 2597 381 2624 divino
394 2595 524 2623 confixam
542 2594 636 2620 timore
649 2601 728 2621 nemo
741 2596 838 2628 poterit
852 2601 975 2625 evertere
988 2607 994 2626 :

206 2645 289 2671 clavis
303 2643 374 2670 enim
390 2641 499 2668 aflixutn
513 2647 573 2666 esse
586 2639 701 2673 amplius
723 2644 779 2671 est,
796 2649 873 2674 quatn
890 2643 995 2670 radica-

207 2697 261 2718 ιηιη
277 2697 345 2717 esse.
360 2688 387 2715 1d
402 2686 557 2721 preCabatnr
577 2685 721 2720 propheta,
735 2685 838 2722 Conﬁge
852 2688 940 2716 liotore
953 2695 995 2716 tuo

205 2744 294 2764 carnes
309 2742 373 2760 mem
389 2731 471 2766 (l’sal.
493 2732 550 2758 “8.
568 2731 638 2765 120).
652 2731 696 2758 Sic
709 2736 735 2760 el
747 2736 772 2759 tu
781 2734 883 2768 conlige
896 2739 923 2762 el.
932 2736 994 2763 alli-

205 2791 236 2819 ga
247 2803 254 2815 ,
268 2781 343 2817 quasi
355 2780 430 2806 clavo
442 2778 522 2806 altius
537 2778 659 2812 impacto.
673 2778 706 2806 Ut
716 2779 786 2806 enint
799 2780 838 2807 sic
852 2780 938 2808 allecti
951 2782 993 2809 vix

207 2828 361 2864 capiantur,
377 2826 415 2853 sic
437 2832 514 2854 secus
536 2825 674 2860 compositi
695 2829 772 2861 captu
795 2826 904 2862 faciles,
920 2828 993 2856 nullo

1058 2235 1165 2268 negotio
1178 2235 1346 2270 dejicinntur.
1359 2239 1433 2273 Quod
1447 2246 1507 2269 tunc
1521 2242 1606 2271 Judzei
1618 2246 1688 2279 passi
1699 2251 1771 2274 sunt.
1784 2248 1849 2276 Cum

1057 2280 1192 2308 audissent
1216 2284 1286 2310 enim
1308 2290 1334 2312 et
1355 2287 1550 2322 credidissent,
1568 2298 1659 2318 rursus
1672 2293 1758 2320 eversi
1776 2300 1850 2324 sunt.

1056 2326 1121 2354 Cum
1137 2335 1200 2362 ergo
1220 2329 1298 2357 tidctn
1314 2331 1419 2360 illorum
1433 2334 1553 2362 Christus
1575 2337 1720 2366 ﬁrmiorem
1735 2340 1853 2369 reddere

1056 2372 1147 2406 vellet,
1163 2381 1195 2401 ne
1208 2375 1273 2402 ultra
1289 2376 1314 2403 in
1326 2378 1381 2404 sola
1393 2380 1534 2414 superﬁcie
1548 2389 1667 2411 maneret
1678 2406 1685 2418 ,
1700 2385 1847 2414 vehemen-

1056 2418 1122 2444 tiore
1130 2426 1254 2451 sermone
1267 2422 1385 2451 animum
1396 2426 1513 2460 ceufigit.
1524 2426 1696 2457 Credentium
1706 2432 1777 2459 enint
1789 2437 1846 2459 erat.

1054 2464 1277 2498 reprehensiones
1286 2468 1362 2496 facile
1374 2470 1488 2499 tolerare
1501 2481 1507 2499 :
1522 2473 1559 2500 illi
1573 2483 1636 2502 vero
1645 2478 1733 2503 statim
1751 2485 1844 2505 exean-

1052 2507 1176 2537 dueruut.
1191 2510 1330 2544 Quomodo
1352 2514 1377 2541 id
1402 2517 1475 2551 agit?
1488 2517 1579 2546 Primo
1603 2520 1744 2548 hortatur:
1759 2522 1789 2550 Si
1802 2531 1842 2551 vos

1052 2556 1194 2582 manserilis
1209 2556 1235 2584 in
1249 2566 1364 2587 sermone
1379 2569 1433 2588 mea
1443 2582 1450 2594 ,
1466 2571 1522 2590 vere
1534 2565 1652 2599 discipuli
1665 2567 1714 2593 mei
1725 2568 1805 2602 erilis,
1820 2574 1843 2596 τι

1051 2602 1140 2629 veritas
1154 2604 1266 2632 liberabit
1280 2614 1322 2634 vos
1330 2615 1340 2640 ;
1350 2615 1381 2635 ac
1392 2608 1414 2635 si
1424 2609 1541 2638 diceret:
1555 2611 1642 2638 Altam
1654 2612 1771 2641 facturus
1782 2623 1838 2642 sum

1050 2647 1216 2683 incisionem;
1230 2652 1277 2679 sed
1291 2660 1324 2680 ne
1337 2655 1517 2689 exagitemini.
1534 2656 1589 2684 Imo
1600 2665 1663 2685 vero
1680 2659 1721 2686 his
1735 2659 1837 2687 illorunt

1049 2695 1202 2729 superbiam
1215 2699 1351 2732 repressit.
1366 2700 1387 2726 Α
1400 2709 1462 2736 quo,
1475 2709 1575 2736 qmcso,
1592 2703 1735 2733 liberabit?
1745 2707 1765 2733 Α
1779 2715 1837 2742 pee-

1049 2740 1126 2766 eatis.
1141 2740 1207 2774 Quid
1224 2750 1287 2778 ergo
1308 2750 1462 2778 arrogantes
1482 2746 1541 2774 illi?
1555 2748 1598 2775 55.
1617 2749 1709 2778 Semen
1731 2740 1837 2780 Abi-value

1047 2793 1150 2818 smnus,
1164 2791 1187 2813 et
1209 2789 1303 2816 nemini
1323 2790 1468 2818 seruiuimus
1489 2800 1617 2828 umqumn.
1639 2796 1734 2823 Statim
1748 2798 1836 2827 animo

1050 2830 1214 2869 deciderunt,
1234 2835 1292 2870 quia
1308 2837 1421 2864 terrenis
1437 2837 1586 2870 inhiabant.
1604 2840 1667 2868 illud
1680 2862 1687 2870 .
1702 2841 1734 2870 Si
1750 2851 1841 2870 manst-
