2031 3118
131 208 181 236 297

132 265 186 292 ritis
200 264 228 291 in
240 270 355 290 sermone
369 269 433 294 meo,
446 265 487 288 est
501 261 644 288 iudicantis
658 261 720 296 quid
735 261 762 287 in
773 260 854 287 corde
864 267 924 286 vcr—

130 315 224 339 sarent
233 331 242 344 ,
257 314 284 338 et
297 309 407 337 scientis
423 309 495 343 ipsos
508 308 654 336 credidisse
667 307 772 343 quidem
784 328 792 341 ,
807 314 860 333 nou
876 314 924 333 ειυς

132 363 184 385 tem
202 357 334 384 mansisse
348 356 375 383 in
390 355 453 382 ﬁde.
467 355 500 382 Et
524 362 649 389 maguum
665 353 798 389 quidpiam
814 353 925 388 promit-

132 405 177 437 tit,
202 404 275 438 ipsos
299 409 396 436 nempe
418 401 563 436 discipulos
585 401 644 435 ejus
671 400 739 427 fore.
765 399 830 426 Cum
854 399 925 426 enim

132 449 254 477 nonnulli
270 456 354 483 nuper
366 448 556 480 recessissent,
574 447 647 481 ipsos
658 446 832 474 sttbindicaus
846 445 925 477 dicit,

133 495 163 522 Si
179 494 323 522 manserilis
336 502 345 520 :
360 501 420 520 nam
435 493 470 520 illi
483 492 634 525 audierant,
648 491 827 524 crediderant,
847 494 873 517 et
888 498 927 518 re-

133 544 282 573 cesserant,
291 539 414 574 quoniam
424 546 476 566 non
487 542 652 566 manserant.
663 537 688 564 Μ
692 538 739 564 ulti
747 537 812 564 enim
820 537 927 572 discipu-

135 587 219 613 lorum
232 586 287 621 ejus
303 585 417 612 abierunt
430 589 506 616 retro,
523 588 545 610 et
555 584 613 618 jam
627 592 677 610 non
690 591 748 609 cum
758 583 803 609 illo
817 581 902 617 palam
917 582 925 597 ¹

135 632 299 658 antlmlabant
316 631 403 667 (Joan.
418 630 444 658 (i.
468 630 524 664 67).
542 629 701 665 Coguoscetis
716 629 845 656 veritatem
854 637 863 661 ;
877 628 928 656 hoc

134 682 174 704 est
184 697 191 708 ,
206 685 263 709 me;
277 684 336 703 nam
351 675 406 710 Ego
419 684 474 702 sum
484 676 584 701 veritas.
598 674 707 702 Iudaica
718 674 825 709 quidem
838 674 926 700 omnia

135 726 213 757 typus
224 727 317 752 erant;
332 721 469 748 veritatem
485 725 574 747 autem
589 727 603 746 a
619 727 661 747 me
671 719 793 752 discetis,
808 726 867 754 qum
880 726 926 746 vos

135 775 148 793 a
163 767 280 801 peccatis
302 767 434 794 liberabit.
450 765 679 799 Quemadmodum
704 765 775 792 enim
792 765 842 792 illis
857 765 929 792 dice—

136 813 190 845 bat,
203 812 236 839 In
249 812 356 848 peccatis
369 812 457 838 vestris
471 812 631 844 eriemiui;
644 812 682 838 sie
696 816 722 838 et
738 811 779 838 his
793 810 870 843 dixit,
885 810 928 836 Li-

136 858 230 885 berabil
245 867 298 885 vos.

172 904 288 931 Servitus
301 903 502 938 peccati—Non
514 903 596 936 dixit,
610 903 740 930 Liberabo
756 910 801 930 vos
816 910 830 929 a
844 903 929 930 servi-

137 953 207 979 tute.
223 948 270 976 sed
289 948 339 975 hoc
353 948 406 976 illis
422 948 622 983 intelligendum
639 948 758 983 reliquit.
781 947 848 981 Quid
864 955 928 982 ergo

138 994 191 1022 illi?
206 994 300 1021 Semen
314 994 422 1021 Abralue
442 1003 528 1021 sumus
539 1015 547 1027 ,
568 999 590 1020 et
610 994 703 1020 nemini
716 994 861 1020 seruiuimus
877 1001 929 1019 um-

136 1048 222 1074 quam.
237 1040 315 1075 Atqui
330 1040 352 1067 si
368 1040 558 1074 indignandum
572 1039 679 1071 fuisset,
697 1039 730 1067 de
747 1039 825 1073 priori
839 1039 928 1074 utique

137 1089 310 1119 oportuerat,
325 1093 385 1112 cuin
400 1085 484 1118 dixit,
508 1084 667 1120 Cognoscetis
682 1085 810 1111 veritatem
824 1105 830 1117 ,
844 1089 872 1111 et
888 1085 928 1111 di-

137 1131 249 1158 cendum
263 1135 337 1158 erat:
352 1131 420 1165 Quid
436 1132 520 1166 ergo?
535 1139 570 1158 an
591 1131 728 1158 veritatem
754 1131 928 1166 ignoramus?

138 1176 177 1203 lex
193 1181 298 1211 ergoet
320 1177 421 1204 notitiae
447 1181 544 1204 nostne
566 1177 703 1205 mendacia
729 1178 806 1205 sunt?
830 1177 927 1204 Verum

138 1222 193 1249 lucc
208 1230 260 1250 non
275 1223 413 1256 curabant,
430 1222 477 1250 sed
491 1222 523 1250 de
536 1223 650 1250 terrenis
665 1227 768 1250 tantum
785 1223 864 1250 rebus
880 1223 928 1249 do.

137 1269 225 1296 lebant
237 1289 244 1300 ,
260 1273 287 1296 et
302 1268 360 1296 htcc
374 1269 529 1296 servitutem
544 1273 604 1296 esse
627 1268 843 1303 suspicabantur.
860 1267 928 1295 Sunt

136 1315 206 1340 enim
219 1334 226 1346 ,
239 1319 302 1340 sunt
315 1314 404 1349 tttique
419 1322 488 1341 nunc
502 1314 580 1341 etiam
596 1313 671 1340 multi
685 1313 730 1348 qui
746 1313 778 1340 de
790 1314 870 1341 rebus
883 1314 925 1341 in-

136 1360 319 1387 dill‘ercntibus
332 1364 358 1386 et
372 1359 405 1387 de
418 1359 467 1386 hac
481 1360 610 1387 servitute
630 1359 806 1391 erubescant;
820 1359 853 1386 de
867 1367 925 1386 ser-

135 1406 220 1432 vitute
234 1406 336 1440 peccati
353 1414 405 1432 non
420 1406 502 1433 item:
519 1413 549 1432 ac
566 1405 677 1432 mallent
693 1404 790 1431 millies
806 1405 848 1431 illa
866 1412 925 1431 scr-

137 1452 218 1479 vitute
232 1452 301 1479 servi
314 1452 416 1483 vocari,
430 1460 508 1486 quant
522 1452 571 1478 hac
581 1451 677 1479 semel.
689 1451 766 1478 Tales
782 1451 819 1478 illi
836 1455 924 1484 erant,

136 1504 223 1532 neque
235 1497 312 1524 aliam
325 1502 453 1524 noverant
467 1498 620 1524 servitutem
633 1506 640 1530 ;
652 1497 796 1532 dicuntque
808 1506 815 1524 :
829 1496 928 1524 Servos

135 1543 234 1570 vocasti
245 1551 293 1570 eos
304 1543 349 1578 qui
362 1551 392 1570 ex
405 1550 503 1578 genere
517 1543 631 1570 Abrahae
644 1547 706 1570 sunt
716 1564 723 1575 ,
736 1543 839 1570 nobiles
855 1542 927 1570 illos?

135 1597 200 1623 quos
210 1589 270 1616 ideo
279 1597 330 1616 non
341 1590 478 1623 oportebat
489 1597 580 1616 servos
594 1596 700 1616 vocare.
714 1588 870 1624 Numquam,
885 1589 926 1616 in-

136 1635 242 1669 quiunt,
258 1635 412 1661 seri-inimus.
427 1635 498 1661 Talis
511 1634 662 1662 Julia-orum
675 1634 756 1661 fastus
771 1639 821 1662 est.
837 1635 926 1662 Semen

136 1680 246 1706 [lbra/ia:
257 1689 361 1713 sanius,
378 1679 500 1708 Israelita:
523 1689 619 1707 sumus.
639 1680 775 1715 Nusquam
791 1685 864 1715 gesta
880 1688 926 1707 sua

136 1731 357 1753 commemorant.
375 1726 436 1753 ideo
450 1726 474 1752 in
491 1733 537 1753 eos
552 1726 683 1753 clamabat
697 1725 824 1758 Joannes,
839 1725 928 1753 Nolite

136 1772 229 1803 dicere,
250 1771 354 1798 Patrem
378 1772 496 1798 habemus
511 1771 638 1797 Abi-ultam
652 1771 660 1806 (
674 1771 767 1798 Matth.
782 1772 808 1799 5.
824 1771 862 1806 9).
876 1772 929 1799 Cur

138 1824 297 1844 autemnon
321 1819 440 1852 coarguit
464 1818 523 1844 illos
536 1818 680 1844 Christus?
703 1817 834 1852 siquidem
857 1825 927 1852 sa‘pe

137 1864 290 1890 servierunt
314 1862 463 1898 zEgyptiis,
493 1863 664 1898 Babyloniis,
692 1863 803 1898 aliisque
825 1864 927 1890 multis.

137 1909 204 1942 Quia
220 1916 272 1935 non
288 1907 320 1934 ad
337 1908 546 1941 contentionem,
562 1908 607 1935 sed
624 1908 655 1935 ad
677 1909 788 1935 salutem
804 1908 929 1942 loquutus

138 1953 240 1985 fuerat,
258 1957 285 1980 el
305 1953 336 1980 ad
350 1953 477 1980 beneﬁcia
493 1953 643 1987 prrestanda
655 1974 662 1985 ,
679 1953 703 1979 id
722 1953 758 1979 illi
773 1961 844 1980 cura:
860 1957 928 1980 erat.

139 2001 275 2028 Potuissct
291 2000 361 2027 enim
378 1999 632 2034 qttmlrittgentorum
659 2007 790 2026 annorum
812 2000 929 2026 servitu-

139 2052 191 2073 !eut
213 2045 326 2078 all'erre,
344 2046 405 2072 hinc
415 2046 580 2080 septuaginta
605 2052 753 2077 armorum;
766 2049 792 2071 et
808 2052 866 2079 qum
882 2044 931 2071 sub

138 2090 287 2125 indicibus,
297 2090 377 2117 modo
388 2090 495 2125 viginti,
510 2090 588 2117 modo
600 2090 724 2123 duorum,
736 2089 815 2117 modo
828 2095 930 2124 septem

138 2145 285 2164 annorum:
304 2137 431 2171 potuisset
443 2137 531 2164 dicere
547 2137 618 2171 ipsos
641 2144 785 2172 numquam
799 2136 930 2163 serviendi

141 2186 220 2209 linem
233 2183 335 2210 fecisse.
351 2181 446 2209 Verum
460 2189 505 2209 eos
521 2189 571 2209 non
587 2182 722 2209 hominum
736 2189 828 2209 servos
841 2186 932 2208 osten-

140 2229 205 2255 dere
217 2229 317 2261 voluit,
331 2228 376 2255 sed
390 2228 506 2263 peccati;
518 2236 576 2263 qum
590 2229 703 2255 servitus
716 2234 754 2255 cst
765 2228 931 2263 gravissima,

140 2282 154 2300 a
164 2281 214 2309 qua
225 2275 297 2301 solus
307 2274 376 2301 Deus
389 2274 501 2301 liberare
512 2278 607 2308 potest.
624 2274 778 2301 Dimittendi
788 2275 859 2301 enim
871 2282 932 2308 pec-

140 2326 197 2346 cata
222 2324 382 2354 potestatem
410 2327 488 2346 nctno
513 2319 593 2346 habet
618 2319 668 2346 nisi
693 2320 762 2347 Deus
777 2329 782 2346 :
800 2320 878 2354 idque
895 2320 931 2346 illi

141 2365 347 2391 conlitelnnuur.
362 2364 476 2399 Ideoque
486 2365 519 2391 ad
532 2365 583 2392 hoc
597 2365 656 2392 illos
666 2365 765 2392 inducit
775 2364 816 2392 his
826 2365 931 2392 verbis:

142 2410 185 2437 51.
202 2409 291 2437 Omnis
301 2410 343 2446 qui
353 2411 412 2446 facit
424 2415 562 2445 percolunt,
577 2419 661 2437 servus
674 2416 709 2437 est
720 2411 831 2445 peccati;
844 2415 933 2438 osten-

142 2456 207 2482 dens
225 2463 255 2482 se
276 2455 347 2490 loqui
363 2455 396 2482 de
420 2456 540 2483 libertate
563 2456 596 2483 ab
619 2455 768 2490 hujusmodi
795 2457 932 2483 servitute.

141 2502 186 2529 35.
205 2502 299 2529 Servus
322 2507 404 2528 autem
429 2510 478 2528 non
502 2507 584 2528 manet
608 2502 634 2529 in
657 2502 837 2535 tlonto;/ilins
851 2508 934 2529 autem

143 2553 225 2575 manet
240 2549 265 2574 in
285 2553 416 2574 (uernum.
433 2547 536 2581 Sensim
553 2547 613 2574 hinc
629 2547 713 2582 legent
728 2547 834 2581 dcjieit,
847 2548 933 2581 priora

144 2599 263 2627 tempora
281 2591 463 2619 subindicans.
479 2592 518 2619 Ne
532 2592 602 2619 cnitn
615 2600 647 2619 co
660 2597 828 2620 recurrerent
841 2592 934 2619 dicen-

144 2645 202 2665 tes:
220 2638 355 2665 Sacriﬁcia
382 2638 509 2665 habemus
524 2645 583 2672 qua:
605 2638 708 2673 Moyses
728 2638 870 2672 pra-cepit,
892 2638 934 2664 illa

144 2691 193 2710 nos
206 2691 299 2710 eruere
313 2687 448 2717 poterunt,
462 2683 521 2710 ideo
532 2683 588 2709 haec
605 2683 702 2709 intulit.
718 2683 840 2717 Alioquin
855 2691 934 2718 quam

146 2730 201 2756 la-c
215 2729 436 2764 consequentiam
452 2729 603 2756 haberent?
621 2728 713 2755 Omnes
735 2729 802 2755 enim
816 2736 935 2764 peccave-

146 2780 213 2805 runt,
231 2780 252 2801 et
266 2781 338 2810 egent
352 2775 436 2810 gloria
452 2774 507 2808 Dei,
529 2775 663 2810 justi/itali
678 2774 756 2810 gratis
776 2783 819 2809 per
829 2774 936 2809 gratiam

146 2821 214 2847 illius
222 2821 232 2836 ⁸
242 2821 330 2855 (Itoni.
341 2822 367 2848 ὖ.
377 2821 420 2847 25.
432 2820 490 2855 2-1),
500 2820 633 2854 etiamque
644 2819 691 2854 ipsi
703 2819 864 2847 sacerdotes.
875 2819 936 2846 Ideo

178 2891 186 2905 ¹
205 2888 268 2915 Vox.
281 2887 370 2917 palam,
388 2889 413 2912 in
425 2887 568 2919 quibusdam
580 2891 633 2912 Mss.
649 2887 729 2911 deest.

180 2919 191 2933 ¹
207 2925 272 2951 uter,
283 2926 313 2952 pe
335 2917 441 2952 gratiam
453 2918 526 2949 illius,
538 2919 625 2943 desunt
641 2919 664 2942 iu
676 2917 826 2950 quibusdam.

648 205 678 231 IN
699 204 853 231 J0.\NN!§.\1
874 203 986 230 llOMlL.
1009 203 1073 230 LIV.
1094 205 1130 231 al.
1152 205 1216 232 LIII.

1712 211 1766 239 9.38

979 259 1075 286 Paulus
1085 259 1117 286 de
1125 261 1263 288 sacerdote
1271 262 1317 294 ait.
1329 261 1405 290 Debet
1416 263 1506 297 olferre
1517 273 1560 297 pro
1571 265 1605 292 sei
1608 274 1652 300 pso
1663 287 1669 297 ,
1682 273 1707 293 ut
1721 276 1766 299 pro

979 305 1091 339 populo,
1122 307 1241 340 quoniam
1272 307 1326 342 ipse
1356 309 1524 337 circumdatus
1555 316 1591 338 est
1621 311 1767 345 inﬁrmitate

979 350 1079 384 (Ilebr.
1091 352 1118 380 5.
1130 352 1156 379 5.
1171 357 1193 378 et
1210 353 1226 379 2
1236 352 1245 388 )
1256 362 1263 385 ς
1276 358 1302 380 et
1318 353 1367 381 hoc
1380 355 1511 388 signiﬁcat
1526 357 1638 383 dicendo
1654 366 1659 383 :
1674 357 1767 384 Servus

979 405 1028 424 non
1051 401 1133 424 manet
1154 399 1179 424 in
1200 399 1284 425 domo.
1301 399 1350 426 llic
1369 404 1457 427 autem
1469 405 1495 427 et
1506 409 1597 436 parem
1614 411 1673 438 cum
1689 403 1768 430 Patre

979 443 1126 476 honorem,
1144 449 1171 471 et
1193 445 1288 472 scrvia
1311 445 1393 472 libero
1412 445 1586 474 dilferentiam
1612 449 1742 483 signiﬁcat
1759 458 1766 476 :

980 497 1040 516 nam
1055 489 1106 517 hoc
1121 490 1169 517 sibi
1186 490 1241 516 vult
1259 491 1401 525 parabola;
1416 491 1441 518 id
1454 497 1495 519 est
1505 512 1512 524 ,
1530 492 1585 519 Non
1599 493 1677 520 habet
1693 499 1767 529 pote-

979 539 1074 562 statem
1084 543 1197 568 servus;
1212 536 1281 571 quod
1295 536 1426 563 iudicatur
1438 545 1485 571 per
1505 537 1567 565 illud
1577 559 1583 570 ,
1598 538 1657 565 Non
1673 546 1766 567 "umet.

1013 580 1042 607 2.
1073 580 1126 608 Cur
1140 585 1229 608 autem
1242 589 1302 609 eum
1324 582 1357 609 de
1375 582 1491 616 peccatis
1505 589 1655 610 sermonem
1671 584 1747 612 habet
1759 605 1767 616 .

979 625 1086 652 domum
1104 627 1280 653 memoravit?
1292 627 1326 654 lit
1339 627 1491 654 ostenderet
1507 628 1574 654 sicut
1585 628 1611 654 in
1626 628 1705 655 dotno
1720 631 1768 656 ha-

980 671 1026 698 bet
1041 671 1121 698 herus
1133 692 1141 704 ,
1156 672 1194 698 sic
1207 679 1236 699 se
1251 672 1277 698 in
1292 672 1380 699 omnia
1396 677 1553 707 potestatem
1576 673 1684 701 habere.
1702 674 1768 702 illud

979 724 1053 750 vero,
1067 716 1126 744 Non
1137 722 1230 751 manet,
1243 717 1338 751 idest,
1354 726 1405 745 non
1421 719 1499 746 habet
1513 719 1640 754 largiendi
1654 725 1771 755 potesta-

982 766 1045 795 tent,
1062 763 1131 797 quod
1148 771 1200 790 non
1224 764 1258 790 sit
1279 764 1375 795 herus;
1393 765 1461 791 ﬁlius
1477 773 1556 800 porro
1573 765 1653 793 herus
1668 772 1727 793 est:
1744 768 1768 794 id

981 807 1052 834 enim
1068 807 1200 842 signiﬁcat
1216 808 1281 835 illud
1294 829 1301 842 ,
1318 808 1406 836 Manet
1425 810 1451 835 in
1465 810 1586 836 sa’rulum
1599 831 1606 843 ,
1623 812 1769 839 secundum

981 852 1155 880 humanarum
1171 861 1259 881 rerutn
1282 855 1463 889 metaphoram
1479 864 1484 881 :
1498 864 1530 882 ne
1543 856 1643 890 dicant,
1658 857 1696 884 Τ11
1711 859 1770 893 quis

981 899 1030 925 es?
1046 898 1101 925 Mea
1116 902 1178 925 sunt
1190 900 1289 932 omnia;
1306 900 1386 927 Filius
1399 901 1469 927 cuitu
1485 908 1542 928 smn
1554 923 1561 935 ,
1576 906 1603 929 et
1619 903 1643 929 in
1660 908 1769 938 paterna
1784 933 1786 937 ,

981 944 1060 970 1101110
1081 952 1175 971 maneo
1195 953 1202 971 :
1218 944 1325 972 domum
1344 951 1420 973 vocat
1435 952 1603 981 potestatem.
1627 948 1692 976 Nam
1707 950 1769 977 alibi

980 997 1085 1023 quoque
1105 989 1213 1017 domum
1236 990 1321 1017 Patris
1337 997 1411 1018 vocat
1435 992 1609 1027 principatum
1627 1002 1633 1020 :
1651 993 1683 1020 In
1696 994 1771 1022 doma

983 1034 1068 1061 Putris
1082 1035 1129 1062 111ρί
1143 1036 1283 1063 mansiones
1306 1037 1392 1064 multa:
1406 1043 1464 1064 sunt
1481 1037 1570 1073 (Joan.
1588 1039 1630 1066 Μ.
1649 1039 1689 1074 2).
1703 1040 1768 1067 Nam

981 1089 1041 1108 cum
1057 1081 1091 1108 de
1105 1081 1226 1109 libertate
1240 1087 1265 1109 cl
1287 1082 1320 1110 de
1339 1083 1466 1110 servitute
1484 1084 1518 1110 sit
1532 1091 1630 1116 sermo,
1644 1085 1704 1119 jure
1719 1085 1769 1112 hac

981 1134 1044 1154 ttsus
1059 1131 1100 1154 est
1114 1127 1279 1162 metaphora,
1295 1127 1388 1154 dicens
1401 1128 1460 1154 illos
1476 1137 1527 1155 non
1542 1129 1665 1156 habuisse
1680 1130 1770 1157 dimit-

982 1172 1051 1198 tendi
1072 1177 1238 1207 polestatem.
1257 1173 1302 1200 56.
1320 1173 1351 1200 Si
1370 1181 1427 1208 ergo
1450 1173 1530 1201 Filius
1551 1183 1592 1201 vos
1619 1175 1769 1204 liberaverit.

982 1216 1074 1243 Videu’
1087 1226 1146 1244 eum
1161 1217 1230 1244 Patri
1246 1225 1306 1245 esse
1318 1219 1581 1251 consubstantialem,
1596 1226 1622 1247 et
1635 1222 1768 1256 quomodo

981 1262 1104 1290 ostendat
1117 1271 1146 1291 se
1160 1271 1251 1298 parem
1266 1264 1364 1292 habere
1386 1267 1563 1299 potestatem?
1579 1267 1609 1293 Si
1629 1275 1670 1294 vos
1685 1267 1770 1294 Filius

981 1308 1130 1340 liberaverit,
1143 1317 1220 1337 nemo
1230 1310 1395 1338 contradicet
1407 1311 1531 1346 amplius,
1546 1312 1593 1339 sed
1606 1312 1707 1340 ﬁrmam
1725 1313 1770 1340 lia-

982 1355 1077 1383 bebitis
1094 1356 1252 1383 libertatem.
1263 1356 1329 1384 Nam
1342 1357 1409 1384 Deus
1423 1362 1457 1384 cst
1470 1358 1513 1392 qui
1518 1358 1654 1393 justiﬁcat,
1666 1360 1721 1394 quis
1734 1365 1770 1387 est

980 1403 1023 1436 qui
1046 1402 1211 1429 tomlenmrt?
1228 1402 1274 1428 llic
1298 1410 1312 1428 a
1333 1408 1441 1437 pi-rcato
1464 1410 1493 1430 se
1516 1412 1609 1438 purum
1634 1405 1771 1439 ostendit,

981 1449 1106 1482 illamque
1122 1448 1253 1482 signiﬁcat
1264 1456 1322 1483 qum
1337 1450 1444 1475 nomine
1460 1454 1537 1476 tenus
1553 1454 1594 1476 est
1608 1450 1768 1482 libertatem.

980 1501 1058 1528 quam
1075 1493 1139 1520 dant
1160 1493 1280 1520 homines
1297 1502 1302 1520 :
1318 1493 1388 1520 illam
1413 1501 1475 1520 vero
1490 1494 1584 1526 aliam,
1601 1495 1673 1522 solus
1690 1495 1769 1524 Deus.

987 1539 1052 1565 lliuc
1068 1538 1120 1565 illis
1133 1538 1226 1565 suadet
1240 1546 1273 1566 ne
1288 1544 1394 1573 propter
1409 1538 1477 1566 hanc
1500 1541 1655 1567 servitutem
1671 1541 1769 1568 erubco

981 1588 1056 1611 scant
1067 1605 1073 1616 ,
1089 1584 1135 1611 sed
1152 1590 1261 1619 propter
1283 1585 1382 1619 peccati
1398 1586 1562 1611 servitutem.
1579 1585 1612 1612 Et
1625 1586 1769 1613 ostendere

981 1631 1073 1658 volens
1088 1631 1158 1665 ipsos
1168 1651 1175 1663 ,
1190 1631 1238 1657 etsi
1254 1631 1322 1657 servi
1341 1638 1392 1658 non
1407 1631 1459 1657 sint
1471 1651 1478 1662 ,
1492 1631 1552 1665 quia
1566 1631 1635 1658 illam
1659 1640 1769 1667 respue-

981 1681 1043 1702 rttnt
1068 1676 1239 1707 servitutem,
1264 1675 1348 1710 magis
1369 1680 1456 1702 tamrn
1482 1683 1574 1703 servos
1597 1677 1678 1703 factos
1695 1685 1770 1710 esse,

981 1722 1070 1748 statim
1092 1721 1196 1754 intulit,
1227 1721 1287 1747 l'ere
1309 1721 1379 1747 liberi
1401 1721 1489 1752 eritis;
1514 1721 1628 1755 indeque
1654 1722 1771 1749 declarat

982 1767 1050 1794 hanc
1065 1775 1116 1793 non
1131 1775 1189 1793 esse
1203 1774 1292 1793 verant
1315 1767 1471 1793 liberzatcm.
1491 1767 1589 1794 Deinde
1605 1775 1637 1794 ne
1652 1767 1771 1795 dicerent

982 1820 1010 1840 se
1033 1817 1170 1848 peccatum
1193 1821 1245 1839 non
1272 1812 1464 1847 ltabcre(uam
1486 1812 1613 1840 credibile
1636 1819 1693 1840 erat
1719 1815 1770 1841 hoe

982 1866 1042 1886 esse
1058 1858 1175 1885 dicturos
1189 1857 1198 1893 )
1211 1879 1218 1891 ,
1232 1857 1291 1884 vide
1304 1858 1437 1892 quomode
1453 1858 1511 1885 illos
1527 1863 1643 1885 accuset.
1659 1858 1772 1885 Omissis

982 1903 1087 1931 ca-teris
1110 1904 1135 1930 in
1158 1904 1265 1930 illorum
1289 1904 1342 1930 vita
1366 1903 1557 1938 rcprobaudis,
1585 1903 1635 1931 hoc
1651 1904 1771 1936 facinus,

983 1949 1051 1984 quod
1071 1949 1125 1983 jam
1149 1948 1302 1983 agitabant,
1324 1948 1350 1974 in
1373 1948 1489 1975 mediutu
1515 1948 1638 1975 adducit:
1654 1949 1696 1975 57.
1713 1949 1773 1975 Scio

983 1996 1041 2029 quia
1064 2003 1146 2022 semen
1166 1994 1274 2021 Abralta:
1287 1994 1360 2026 estis,
1377 1994 1420 2020 sed
1433 1995 1544 2026 quivi-itis
1563 2003 1601 2021 me
1622 1995 1771 2029 interﬁcere.

983 2040 1087 2068 Sensim
1104 2040 1176 2074 ejit-it
1191 2039 1249 2066 illos
1261 2039 1294 2066 ab
1309 2039 1422 2065 ,ΜΠ-1111111
1433 2040 1590 2073 cognatione
1604 2040 1657 2072 illa,
1673 2040 1772 2067 docens

985 2093 1018 2112 tte
1038 2085 1120 2112 altum
1137 2086 1180 2112 illa
1194 2085 1227 2112 de
1241 2092 1270 2111 re
1293 2088 1428 2119 saperent.
1450 2084 1524 2111 Sicut
1538 2085 1608 2111 enim
1625 2086 1731 2113 libertas
1747 2091 1774 2113 ct

985 2131 1100 2158 servitus
1115 2131 1148 2157 ab
1162 2129 1286 2165 operibus
1310 2130 1455 2164 pendent,.
1469 2130 1503 2156 ita
1519 2134 1545 2156 et
1568 2131 1702 2165 cognatio.
1720 2131 1774 2158 Nec

985 2177 1073 2203 statim
1087 2176 1172 2209 dixit,
1197 2176 1253 2202 Non
1265 2176 1328 2202 estis
1343 2175 1387 2202 lilii
1410 2176 1523 2203 Abraha:
1546 2176 1616 2203 illius
1628 2177 1709 2211 justi,
1726 2186 1775 2206 vos

986 2222 1143 2254 bomicidm;
1166 2221 1212 2248 sed
1235 2229 1294 2248 cum
1317 2221 1367 2248 illis
1389 2221 1476 2248 adhuc
1495 2227 1624 2249 consonat
1638 2222 1773 2257 dicitque,

986 2268 1047 2295 Srio
1062 2268 1120 2303 quia
1145 2276 1228 2294 semen
1251 2267 1359 2294 Abin/ne
1381 2267 1450 2298 estis:
1475 2275 1567 2294 verum
1594 2275 1645 2295 non
1662 2268 1713 2296 hoc
1734 2276 1775 2297 est

986 2314 1055 2349 quod
1070 2314 1198 2348 qurcritur
1213 2322 1218 2340 :
1234 2318 1262 2340 et
1282 2313 1336 2347 jam
1359 2313 1479 2347 asperius
1502 2313 1527 2339 in
1548 2313 1609 2341 illos
1629 2314 1772 2341 invehitur.

988 2361 1091 2387 Etenim
1108 2364 1136 2386 ut
1156 2360 1298 2394 plttrimutn
1319 2359 1516 2386 observandum
1539 2364 1598 2391 est,
1614 2361 1699 2395 ipsum
1715 2369 1776 2388 cum

988 2414 1112 2440 magnum
1128 2405 1261 2440 quidpiam
1276 2410 1316 2432 est
1330 2411 1497 2439 operaturus,
1515 2409 1653 2441 postquam
1668 2407 1692 2434 id
1709 2407 1779 2434 lece-

987 2451 1031 2484 rit,
1043 2452 1144 2485 majore
1161 2451 1196 2478 uti
1212 2451 1333 2485 loquendi
1349 2450 1454 2482 ﬁducia,
1466 2456 1557 2485 utpote
1568 2459 1626 2479 cum
1642 2452 1697 2486 ipsa
1712 2461 1770 2486 ope-

987 2505 1016 2524 ra
1032 2497 1212 2524 coutentiosos
1226 2497 1381 2531 reprimant.
1395 2496 1447 2523 Sed
1455 2497 1566 2531 quaeritis
1577 2506 1615 2523 me
1625 2498 1775 2531 inter/icere.

988 2544 1066 2577 Quid,
1081 2544 1101 2570 si
1114 2544 1203 2577 juste?
1219 2544 1253 2570 At
1265 2551 1318 2570 non
1332 2543 1369 2570 sic
1389 2550 1417 2570 se
1434 2550 1476 2570 res
1492 2543 1569 2570 habet
1589 2551 1596 2571 :
1616 2549 1777 2578 quapropter

989 2597 1095 2617 causam
1111 2589 1156 2616 ille
1169 2589 1254 2621 all'ert,
1270 2588 1330 2623 quia
1352 2588 1442 2615 Sermo
1465 2597 1533 2615 meus
1548 2596 1596 2614 non
1609 2588 1677 2621 capit
1691 2588 1716 2614 in
1732 2597 1774 2615 vo«

989 2636 1034 2662 bis.
1050 2635 1188 2670 Quomodo
1203 2643 1266 2669 ergo
1279 2635 1316 2661 ait
1331 2635 1357 2661 in
1383 2634 1469 2668 ipsum
1488 2633 1652 2660 credidisse?
1665 2633 1775 2666 Verum,

989 2688 1017 2710 ut
1031 2683 1102 2715 dixi,
1124 2682 1218 2709 iterum
1234 2681 1327 2707 mutati
1350 2680 1463 2706 fuerant.
1488 2680 1548 2705 Ideo
1564 2680 1735 2706 vehementer
1749 2681 1775 2707 in

989 2729 1050 2756 illos
1065 2728 1207 2755 invehitur.
1223 2727 1286 2755 Nam
1300 2725 1320 2753 si
1340 2725 1373 2753 de
1386 2725 1542 2759 cognatione
1555 2725 1597 2751 illa
1610 2724 1776 2758 gloriamini,

990 2781 1017 2803 ttt
1032 2776 1083 2802 vita
1098 2778 1227 2802 consonet
1239 2775 1353 2807 oportet.
1369 2771 1422 2798 Nec
1436 2771 1512 2802 dixit,
1528 2770 1585 2797 Non
1598 2771 1695 2805 capitis
1709 2779 1778 2798 ver-

991 2823 1066 2852 hum;
1086 2820 1143 2851 sed.
1160 2819 1249 2847 Sermo
1261 2826 1329 2845 meus
1345 2825 1394 2844 non
1410 2817 1476 2851 capit
1490 2817 1515 2842 in
1530 2816 1608 2849 vobis,
1623 2815 1777 2850 dogmatuttt

990 2873 1097 2893 suorum
1117 2864 1305 2892 sublimitatem
1326 2863 1474 2891 dvclaraus.
1493 2861 1571 2895 Atqui
1593 2868 1644 2888 non
1666 2861 1724 2888 ideo
1740 2862 1780 2888 in-

994 2911 1116 2940 terﬁcere
1131 2910 1265 2946 oportuit;
1292 2910 1345 2936 into
1367 2908 1455 2944 potius
1477 2908 1609 2935 honorare
1632 2911 1658 2935 et
1671 2906 1780 2935 colere?
