2031 3118
268 105 322 135 Ξοῦ

271 174 321 201 illis
336 173 463 208 pudorem
479 171 596 199 inferret.
610 169 689 202 Sane,
705 169 798 204 inquit,
814 167 917 196 etiamsi
931 167 964 194 de
979 166 1057 201 vulgo

269 226 368 250 essent,
385 225 437 244 non
450 220 584 251 oporteret
598 215 732 242 innoxium
748 218 835 241 morte
848 212 968 240 mulctari
979 220 987 245 ;
998 219 1057 238 cum

270 269 358 290 autem
373 263 507 289 veritatem
521 260 618 291 dicam.
631 260 785 294 nullumque
795 257 948 286 admiserim
960 264 1055 292 pecea-

271 314 336 340 tum,
350 312 428 343 atque
438 314 452 334 a
468 306 523 334 Deo
537 306 634 333 missus
642 307 727 340 major
734 306 783 333 sint
794 304 956 335 Abrahamo,
970 310 1057 330 annon

272 354 358 381 furore
374 353 441 387 pleni
457 352 552 379 frustra
569 352 705 384 laboratis,
725 358 785 378 cum
801 358 843 378 me
856 349 962 377 tentatis
974 348 1057 375 inter-

272 398 369 426 licere?
383 397 449 431 Quid
464 404 527 432 ergo
539 397 596 424 illi?
612 396 688 423 Nunc
701 396 872 431 cognoscimus
889 395 947 430 quia
962 394 1058 420 (hamo-

271 444 340 470 nium
355 443 441 470 Ιιηιιεε.
457 443 491 469 At
505 450 558 469 non
574 442 609 469 ita
619 442 801 475 Samaritana;
813 447 899 487 neqqe
910 439 980 467 enitn
993 437 1060 465 dixit

272 489 320 521 illi,
337 489 499 516 Dmmonium
511 488 610 520 habes;
627 487 673 514 sed
686 492 804 519 tantum,
818 485 950 520 Numquid
962 489 988 511 tu
1002 492 1058 510 ma-

272 535 312 566 ior
323 542 349 561 es
364 538 435 569 patre
446 537 531 560 nostro
552 532 654 559 Iacob?
669 532 698 559 lli
714 531 812 567 quippe
834 529 1019 558 contumeliosi
1031 533 1059 556 et

273 584 426 615 arrogantes
441 583 536 612 erant;
552 579 595 606 illa
611 585 675 606 vero
688 577 807 605 discendi
820 576 924 611 cupida.
941 575 1001 603 Ideo
1012 575 1060 601 dt:—

272 625 374 657 bitavit,
388 629 415 653 et
427 625 514 653 debita
527 631 586 652 cum
600 624 729 651 modestia
741 623 887 658 respondit,
903 622 1060 649 Dominum-

271 680 323 706 qtte
338 676 415 699 vocat
427 672 511 699 illum.
525 670 574 705 Qui
587 670 657 698 enim
672 671 749 705 longe
763 669 862 704 majora
878 668 1022 703 pollicitus.
1033 671 1060 694 ct.

273 717 324 744 lide
334 717 429 751 dignus
440 721 507 748 erat.
522 723 575 743 non
586 715 747 743 contumelia
760 714 927 746 afliciendus,
943 714 996 741 into
1011 713 1058 740 ad-

273 763 404 790 mirationi
414 762 551 790 habendus
565 766 623 790 erat
637 771 643 789 :
659 762 685 789 lti
700 769 763 789 vero
778 761 969 789 dmmoniacam
985 760 1058 786 illttnt

272 809 416 843 appellant.
432 808 606 836 Samaritana:
630 807 709 836 verba
725 807 869 835 dubitantis
890 811 987 838 erant;
1004 806 1061 834 lucc

271 860 359 882 autem
384 855 580 882 inerednlorum
608 859 635 882 ct
662 861 859 889 perrersorum.
888 853 1018 888 Numquid
1033 858 1059 879 ta

272 901 391 936 majores
405 905 476 936 patre
490 904 574 928 nostro
588 900 715 927 Abraham
729 900 828 936 (Joan.
842 900 870 928 4.
886 899 937 935 12)
949 900 960 925 ?
971 899 1060 933 Itaque

273 947 323 974 ltoc
334 955 394 974 cttm
407 947 536 982 majorem
552 946 624 979 facit,
639 954 717 982 quam
732 946 922 974 Abrahamunt.
935 945 1000 973 Ctun
1015 953 1060 971 an.

273 998 325 1020 tem
346 993 418 1020 illum
433 994 578 1021 exaltatum
594 993 722 1026 videritis,
745 994 830 1028 ipsum
851 993 977 1027 majorem
1000 1000 1061 1020 esse

272 1038 473 1065 cottlilebitttini.
492 1038 553 1066 Ideo
577 1037 700 1072 dicebat,
720 1038 784 1066 Cum
809 1038 978 1066 exaltaretitis
1002 1046 1060 1070 me,

273 1087 330 1109 tunc
349 1083 500 1118 cognoscetis
513 1083 573 1118 quia
592 1092 638 1119 ego
649 1092 714 1112 sum.
739 1084 774 1111 Et
799 1084 858 1111 vide
884 1084 1059 1118 prudentiam.

271 1127 371 1160 Primo,
401 1127 452 1155 illis
475 1135 490 1155 a
515 1129 674 1164 cognatione
686 1129 806 1162 semotis,
832 1129 948 1156 ostendit
972 1136 1001 1156 se
1016 1129 1061 1156 illo

271 1173 400 1207 majorem
415 1181 485 1207 esse,
501 1178 528 1200 ut
550 1174 687 1209 prophetis
709 1175 785 1210 longe
806 1173 982 1202 excellentior
1003 1181 1062 1202 esse

273 1219 476 1254 intelligeretur.
499 1219 564 1247 Cum
588 1220 658 1248 enim
686 1220 759 1247 illum
783 1228 889 1255 semper
905 1220 1060 1255 prophetam

274 1265 448 1299 appellarent,
465 1265 525 1293 ideo
549 1265 672 1294 diccbat:
689 1265 779 1294 Sermo
798 1274 868 1292 meus
888 1274 938 1293 non
953 1266 1020 1301 capit
1035 1267 1062 1293 in

273 1311 341 1336 vobis
368 1310 406 1346 (υ.
419 1310 481 1346 57).
498 1311 553 1338 Illic
576 1319 657 1346 porro
669 1311 784 1344 dicebat,
800 1318 828 1339 se
843 1316 962 1339 mortuos
977 1312 1062 1339 susci-

274 1361 350 1389 tare;
366 1356 407 1384 hic
419 1365 490 1390 vero,
507 1357 580 1384 illum
596 1358 639 1392 qui
661 1357 791 1390 crcderct,
807 1365 859 1385 non
874 1358 991 1385 visurttnt
1002 1365 1061 1385 esse

275 1407 386 1430 tnortem
402 1413 408 1430 :
423 1403 492 1438 quod
507 1404 589 1431 multo
602 1404 688 1439 majus
700 1409 757 1432 erat
768 1425 774 1437 ,
801 1412 881 1440 qttam
896 1412 949 1432 non
964 1412 1062 1432 conce-

274 1448 338 1474 dere
353 1452 379 1474 ttt
401 1455 416 1474 a
431 1453 515 1475 mmtc
539 1450 707 1476 retineretur.
730 1449 790 1476 Ideo
817 1449 900 1483 magis
919 1456 1062 1484 exaspera-

275 1494 377 1521 Itﬂtlltlf‘.
395 1493 461 1528 Quid
481 1502 544 1529 ergo
558 1494 669 1522 dicunt?
685 1495 765 1528 Quem
791 1495 897 1530 teipsum
919 1495 1006 1530 facis?
1029 1496 1063 1523 Et

274 1539 323 1566 hoc
338 1539 546 1572 contumeliose;
563 1539 612 1572 Tit,
626 1540 755 1575 inquiunt,
772 1545 797 1567 te
810 1540 939 1568 venditas.
952 1540 991 1568 Ad
1006 1541 1063 1568 lucc

273 1584 393 1612 Christus
408 1592 414 1611 :
430 1585 474 1612 5L
489 1585 520 1612 Si
539 1594 583 1621 ego
610 1586 724 1620 gloriﬁco
748 1586 868 1620 meipsam
879 1606 886 1619 ,
911 1586 993 1621 gloria
1008 1595 1062 1613 mea

273 1630 337 1656 nihil
349 1635 395 1657 est.

309 1675 336 1702 2.
358 1676 424 1708 Quid
451 1676 495 1703 hic
519 1676 609 1703 dicunt
634 1677 773 1705 lttcretici?
798 1677 914 1710 Audivit,
933 1677 1063 1714 Numquid

276 1722 357 1756 major
370 1730 395 1747 es
406 1727 476 1756 patre
488 1727 573 1748 nostro
587 1723 713 1749 Abraham
724 1723 737 1749 .9
747 1730 796 1750 nec
809 1730 890 1750 ausus
900 1728 939 1751 est
951 1731 1062 1758 respon-

276 1767 350 1799 dere,
369 1767 454 1794 Etiam
468 1775 475 1800 ;
502 1767 548 1795 sed
573 1768 685 1795 obscure
699 1768 824 1803 loquitur.
839 1768 907 1802 Quid
920 1769 1006 1804 ergo?
1021 1769 1062 1796 tti-

277 1813 347 1840 ltilnc
362 1818 402 1840 est
415 1813 498 1848 gloria
514 1814 590 1849 ejus?
605 1814 682 1849 Apud
704 1815 763 1842 illos
782 1815 855 1842 nihil.
884 1815 1062 1849 Quemadmo-

275 1859 338 1886 dum
361 1860 432 1887 enint
454 1860 529 1894 dicit,
552 1860 733 1888 Testimonium
753 1870 836 1888 nteant
849 1871 898 1890 non
911 1868 946 1889 est
961 1871 1061 1895 verum,

276 1915 372 1942 nempe
384 1907 529 1935 secundum
545 1907 649 1936 illorum
663 1908 814 1944 opinionem
832 1918 838 1924 -
854 1909 893 1936 sic
905 1914 931 1936 et
943 1909 993 1936 ltoc
1005 1909 1063 1936 loco

275 1951 349 1984 dicit,
374 1952 420 1979 Est
444 1954 486 1988 qui
507 1953 632 1988 glori/ica!
646 1962 693 1981 me.
721 1954 751 1981 Et
766 1961 813 1981 cur
827 1962 879 1981 non
893 1954 969 1988 dixit,
987 1954 1063 1982 Pater

275 1998 318 2031 qui
335 1998 406 2024 ntisit
421 1998 480 2025 mc?
496 2004 522 2025 ut
541 2006 619 2033 supra
632 1999 708 2031 dixit,
729 1999 784 2032 sed,
812 2000 892 2034 Quem
913 2008 955 2027 vos
982 2000 1063 2027 dicitis

275 2043 333 2077 quia
357 2042 424 2071 Deus
448 2049 526 2070 vester
550 2048 595 2077 est,
619 2049 643 2072 et
666 2053 716 2072 non
741 2045 842 2072 novistis
862 2045 1064 2074 eam?Volebat

275 2088 416 2117 ostendere
431 2089 503 2124 ipsos
516 2097 568 2117 non
582 2090 662 2117 modo
682 2091 798 2123 Patrem,
815 2091 862 2119 sed
883 2091 964 2118 etiam
979 2092 1062 2119 Deum

276 2135 410 2168 ignorare.
428 2134 480 2171 Ego
494 2140 576 2162 autent
587 2136 644 2163 novi
653 2145 718 2163 cum.
734 2137 822 2175 Itaque
836 2145 895 2164 cutn
910 2137 980 2171 dico,
997 2137 1064 2165 Novi

275 2189 342 2214 cum,
359 2189 409 2208 non
425 2186 466 2209 est
484 2182 625 2216 jactattlia;
641 2183 663 2209 si
679 2182 792 2210 dicerem
814 2191 857 2210 nte
885 2191 937 2210 non
965 2191 1060 2215 nosse,

277 2226 442 2254 tnendacittm
462 2231 552 2260 esset;
568 2235 616 2255 vos
630 2231 718 2254 autent
732 2235 792 2255 cum
807 2228 895 2255 dicitis
917 2236 966 2256 vos
989 2229 1062 2256 illuttt

277 2279 366 2306 nosse,
382 2273 521 2301 mendaces
534 2274 608 2301 estis.
631 2274 718 2309 Atque
735 2278 763 2301 ut
783 2281 829 2301 vos
847 2282 925 2302 nosse
941 2275 1006 2302 falso
1020 2275 1063 2302 di-

275 2319 345 2351 citis,
360 2319 393 2345 ita
407 2325 456 2353 ego
469 2326 512 2346 itte
525 2327 577 2347 non
592 2326 671 2346 nosse
686 2319 753 2347 falso
767 2319 893 2346 dicerem.
909 2319 940 2346 Si
951 2328 996 2354 ego
1009 2321 1064 2355 glo-

274 2363 346 2397 ri/ico
361 2364 492 2399 meipsttm.
503 2364 570 2398 Quia
594 2363 726 2397 dicebant,
755 2364 833 2397 Quem
855 2364 960 2399 teipsnm
980 2365 1063 2399 facis?

275 2410 418 2444 respondet
432 2411 486 2444 ille,
502 2411 532 2438 Si
545 2419 589 2446 ego
605 2411 727 2446 meipsum
742 2410 819 2444 facio,
835 2411 916 2446 gloria
935 2420 988 2438 mea
999 2413 1063 2439 nihil

274 2461 320 2484 est.
343 2456 378 2485 Ut
402 2465 466 2493 ergo
490 2457 564 2485 illum
590 2458 705 2492 perfecte
729 2458 802 2490 novi,
817 2458 856 2485 sic
870 2466 917 2486 vos
934 2459 1060 2494 ignoratis

274 2503 372 2538 ipsttm.
396 2503 430 2531 Ut
457 2511 517 2531 cum
532 2504 566 2531 de
591 2503 744 2530 Ahraltattto
765 2508 898 2539 ageretur,
914 2512 966 2531 non
978 2510 1060 2532 totttnt

273 2547 389 2579 abstulit,
405 2548 452 2576 sed
467 2548 542 2581 dixit,
556 2548 618 2576 Scio
631 2548 692 2583 quia
707 2555 798 2576 semen
815 2549 928 2576 Abraltze
943 2550 1017 2582 estis,
1032 2555 1062 2578 ut

273 2593 336 2620 hinc
351 2594 476 2627 majorem
491 2593 600 2620 inferret
619 2594 814 2621 accusationem
827 2603 834 2626 ;
849 2595 887 2622 sic
900 2599 926 2622 ct
938 2594 988 2622 ltoe
1003 2596 1061 2622 loco

273 2647 325 2666 nott
341 2644 424 2666 totum
436 2639 554 2673 abstulit,
579 2639 625 2666 sed
639 2639 723 2675 quid?
737 2640 815 2673 Quem
826 2649 868 2667 vos
882 2641 974 2668 dicitis.
987 2641 1059 2669 Illam

272 2684 422 2712 concedens
445 2684 556 2719 gloriam
567 2705 574 2717 ,
591 2685 718 2720 majorem
732 2685 822 2713 effecit
837 2687 1058 2714 criminationem.

272 2729 411 2763 Quomoth
430 2734 518 2757 autem
539 2729 614 2757 illutn
639 2731 784 2765 ignoratis?
810 2731 876 2765 Quia
900 2732 989 2760 illunt.
1015 2733 1060 2768 qui

272 2774 360 2801 omnia
375 2774 407 2801 ad
420 2774 478 2809 ejus
489 2775 600 2810 gloriam
617 2775 678 2803 facit
691 2782 717 2804 et
729 2777 803 2809 dicit,
827 2777 986 2804 contumelia
1001 2778 1061 2804 affi-

271 2819 344 2852 citis,
361 2819 422 2847 licet
437 2819 470 2847 ab
485 2820 542 2856 ipso
553 2821 648 2848 missus
666 2822 708 2850 sit.
725 2822 820 2850 Verum
836 2823 887 2850 hoc
900 2823 957 2850 sine
979 2824 1051 2850 testi-

638 111 665 138 S.
684 109 822 138 JOANNIS
841 91 1075 137 ςιιηγδοδτῶιι
1097 108 1254 136 AIICIIIEP.
1271 109 1535 138 CONSTANTINUP.

1850 113 1900 142 3N.

1112 167 1201 192 monio
1215 171 1264 198 est,
1280 167 1326 194 sed
1339 167 1409 206 quod
1423 168 1543 201 sequitur
1554 168 1585 195 ad
1599 168 1660 195 illud
1676 169 1840 204 probandunt
1853 178 1899 197 uso

1111 213 1209 240 veniet.
1286 213 1318 240 Et
1329 221 1468 240 sortttonem
1478 215 1533 249 ejus
1543 222 1623 241 servo.
1638 215 1686 242 llic
1701 216 1721 242 si
1734 215 1797 250 quid
1808 222 1899 243 contra

1112 258 1275 292 habuissent,
1299 258 1417 293 objieere
1432 264 1571 294 poterant;
1593 267 1716 295 magnum
1735 261 1832 296 quippe
1851 261 1899 289 hoc

1111 308 1168 330 erat
1182 303 1318 338 indicium,
1334 305 1419 339 ipsum
1433 312 1446 331 a
1465 305 1518 333 Deo
1530 305 1640 332 missum
1655 306 1745 334 fuisse.
1762 307 1807 334 56.
1822 307 1896 334 Abra-

1111 349 1168 375 ham
1181 354 1251 384 pater
1261 355 1339 377 vester
1351 350 1484 377 exsultavit
1497 355 1522 377 ut
1533 352 1624 378 videret
1636 352 1701 379 diem
1713 360 1794 379 meum
1806 361 1815 385 ;
1825 358 1848 379 rt
1862 355 1898 380 vi-

1111 394 1158 427 dit,
1169 399 1191 421 et
1206 395 1305 429 gavisus
1323 401 1369 422 est.
1386 395 1501 423 Rursum
1516 397 1609 431 probat
1624 397 1682 424 illos
1701 397 1734 425 ab
1749 398 1901 426 Abrahatuo

1111 440 1212 467 alienos
1227 448 1298 474 esse,
1312 441 1418 476 quando
1427 441 1460 469 de
1473 443 1568 477 quibus
1581 443 1624 469 illc
1636 443 1776 478 gaudebat,
1792 445 1841 481 ipsi
1855 445 1901 472 do-

1113 485 1178 513 lent.
1190 486 1262 513 Diem
1276 491 1365 514 autem
1375 487 1461 514 crucis
1472 487 1514 515 hic
1524 487 1641 515 indicare
1653 494 1725 523 puto,
1739 497 1818 525 qttam
1831 490 1901 517 arie-

1112 532 1146 558 tis
1157 537 1184 558 et
1199 531 1278 559 lsaaci
1292 533 1421 560 sacriﬁcio
1438 533 1662 568 prmﬁgnraverat.
1677 535 1745 568 Quid
1760 544 1824 571 ergo
1846 537 1902 563 illi?

1112 578 1156 604 57.
1175 577 1350 613 Quadraginta
1365 579 1372 594 '
1387 587 1468 606 annos
1492 580 1605 607 nondum
1624 580 1710 614 habes,
1735 587 1758 608 et
1775 582 1901 609 Abraham

1113 624 1216 651 vidisti?
1237 624 1327 658 Itaque
1346 624 1518 659 quadraginta
1544 633 1630 653 annos
1644 634 1727 662 prope
1737 627 1792 662 jam
1807 628 1902 662 attige-

1113 674 1152 696 rat
1165 669 1295 697 Christus.
1317 670 1386 697 Dixit
1404 671 1442 698 eis
1466 680 1473 698 :
1498 670 1649 708 Priusquam
1674 674 1802 700 Abraham
1815 675 1901 708 ﬁeret,

1112 723 1157 750 ego
1169 723 1233 742 sum.
1249 715 1290 742 59.
1308 715 1339 742 Et
1352 721 1501 751 acceperunt
1515 717 1621 753 lapides,
1640 723 1666 745 ut
1675 719 1788 754 jacerent
1797 720 1822 746 in
1835 728 1901 746 eunt.

1115 760 1206 787 \‘iden‘
1226 761 1360 796 quomodo
1378 769 1407 789 se
1426 762 1577 790 Abrahamo
1592 763 1719 798 majorem
1733 771 1792 792 esse
1807 765 1901 799 proha-

1114 806 1259 840 verit?Qui
1275 809 1345 834 euitn
1365 808 1471 843 gavisus
1493 813 1535 836 est
1554 814 1582 836 ttt
1603 809 1703 837 videret
1726 811 1809 843 diettt,
1834 816 1860 838 et
1877 813 1900 837 id

1114 851 1230 886 optabile
1244 855 1356 886 putavit,
1368 853 1425 880 sine
1439 853 1519 880 dttbio
1531 854 1555 881 id
1571 854 1701 882 beneficio
1722 863 1782 883 esse
1792 857 1901 890 putavit,

1113 896 1183 931 quod
1197 897 1240 925 illc
1254 898 1339 933 major
1352 903 1434 926 esset.
1449 899 1514 926 Nam
1527 907 1586 926 cuttt
1603 899 1687 927 Judzei
1703 901 1777 928 illum
1790 901 1856 928 fabri
1875 904 1901 927 ti-

1115 942 1176 969 litttn
1190 943 1309 970 dicerent
1323 943 1435 979 (Matth.
1450 944 1492 972 l5.
1508 945 1542 972 55
1553 945 1562 979 )
1574 966 1581 977 ,
1597 953 1683 980 neque
1702 946 1817 980 amplius
1829 949 1901 981 quint-

1113 995 1191 1022 quant
1204 988 1237 1015 de
1251 989 1295 1015 illo
1308 989 1504 1022 existimarent,
1523 991 1648 1024 paulatim
1661 998 1707 1018 eos
1719 991 1751 1018 ad
1768 993 1905 1019 sublimio—

1115 1042 1169 1060 rem
1200 1034 1401 1070 intelligentiam
1425 1036 1513 1072 erigit.
1533 1036 1600 1064 Cutn
1627 1044 1690 1072 ergo
1709 1037 1852 1065 audii-runt
1876 1046 1903 1065 se

1115 1080 1197 1108 Deum
1213 1088 1265 1108 non
1280 1089 1368 1115 nosse,
1383 1081 1408 1109 id
1421 1089 1472 1109 non
1493 1090 1564 1118 mgre
1579 1083 1711 1116 tulerunt;
1735 1091 1795 1112 cunt
1815 1090 1902 1112 autem

1112 1126 1270 1159 audierunt,
1292 1127 1431 1162 Antequam
1451 1128 1579 1155 Abraham
1591 1129 1672 1164 ﬁeret,
1688 1138 1733 1165 ego
1747 1139 1815 1163 sum,
1839 1139 1869 1158 ac
1882 1133 1902 1158 si

1106 1179 1205 1200 'corum
1218 1173 1340 1200 ttobilitas
1354 1173 1539 1209 degeneraret.
1551 1180 1742 1210 csasperantur
1754 1182 1781 1203 et
1804 1177 1902 1212 lapides

1112 1218 1223 1252 jaciunt.
1245 1218 1310 1245 Vidit
1326 1220 1391 1246 diem
1405 1228 1496 1251 meum,
1511 1225 1534 1247 ct
1554 1221 1654 1256 gavisus
1675 1226 1721 1249 est.
1735 1222 1858 1250 Ostendit
1873 1231 1900 1250 se

1106 1271 1167 1290 non
1184 1264 1292 1291 invitum
1309 1265 1342 1292 ad
1357 1273 1461 1293 crucem
1477 1266 1567 1294 venire
1580 1275 1587 1293 τ
1599 1267 1729 1302 siquidem
1741 1268 1833 1296 laudat
1845 1277 1903 1296 eum

1114 1310 1158 1344 qui
1173 1309 1206 1337 de
1216 1317 1293 1338 cruce
1303 1311 1409 1345 gaudet,
1423 1319 1482 1347 qua:
1495 1312 1566 1339 salus
1577 1312 1667 1340 mttndi
1682 1317 1749 1341 erat.
1763 1313 1804 1341 Illi
1817 1320 1903 1342 autent

1115 1355 1265 1390 lapidabant
1281 1357 1334 1383 :vita
1350 1361 1427 1384 erant
1447 1357 1480 1384 ad
1494 1358 1581 1384 emdes
1593 1359 1693 1393 parati,
1719 1364 1746 1387 et.
1771 1360 1831 1388 sine
1852 1361 1904 1388 ullo

1115 1401 1237 1428 examine
1257 1401 1282 1429 id
1303 1409 1334 1429 cx
1346 1409 1374 1429 se
1390 1402 1532 1430 faciebant.

1152 1445 1183 1472 1η
1199 1446 1296 1474 Christo
1305 1454 1362 1479 v01,
1379 1447 1454 1479 Sunt,
1465 1449 1652 1482 perpetuitate»:
1665 1449 1801 1484 signiﬁcat.
1814 1451 1903 1478 —Cut

1114 1500 1180 1520 vero
1191 1500 1243 1519 non
1257 1492 1333 1523 dixit,
1347 1493 1500 1527 Priusquam
1513 1493 1647 1521 Abraham
1661 1495 1746 1529 fieret,
1760 1504 1811 1531 ego
1822 1504 1902 1529 erant,

1116 1539 1174 1571 sed,
1191 1538 1246 1574 Ego
1260 1539 1336 1566 sum?
1347 1538 1420 1566 Sicut
1442 1539 1526 1574 ipsius
1539 1539 1618 1567 Pater
1633 1540 1676 1567 illa
1692 1548 1754 1568 ttsus
1766 1547 1808 1568 est
1823 1550 1887 1570 voce
1898 1564 1905 1575 ,

1117 1585 1190 1617 Sunt,
1207 1585 1244 1612 sic
1255 1589 1282 1611 ct
1296 1585 1349 1612 ille.
1364 1584 1424 1612 Ilmc
1434 1585 1531 1620 quippe
1543 1594 1591 1613 vox
1605 1586 1735 1621 significat
1746 1588 1833 1622 ipsum
1842 1597 1905 1624 .pcr~

1117 1635 1195 1665 petuo
1205 1637 1274 1661 esse,
1289 1631 1322 1656 ab
1336 1630 1408 1657 omni
1418 1630 1530 1657 liberum
1557 1636 1692 1666 tempore;
1714 1633 1828 1668 ideoque
1843 1635 1906 1669 ipsis

1118 1675 1269 1710 blaspltema
1277 1682 1325 1702 vox
1332 1682 1391 1702 csse
1398 1675 1545 1702 videbatur.
1553 1676 1601 1709 Qui
1610 1684 1673 1704 vero
1679 1679 1905 1712 comparationem

1117 1721 1187 1747 illam
1199 1728 1258 1747 cunt
1271 1721 1488 1748 Abrahamonon
1501 1721 1631 1754 ferebant,
1645 1723 1706 1750 licet
1717 1723 1760 1751 illa
1770 1732 1823 1751 non
1837 1730 1906 1752 tanta

1116 1772 1186 1794 esset
1199 1776 1206 1800 ;
1220 1768 1241 1794 si
1257 1774 1329 1802 srcpe
1343 1774 1373 1795 se
1386 1767 1456 1794 Patri
1470 1773 1644 1802 cotequasset,
1656 1777 1745 1796 annott
1756 1770 1832 1797 illurn
1848 1779 1906 1805 pcr-

1117 1817 1197 1847 pettto
1226 1813 1421 1847 intpctiissettt?
1444 1813 1547 1840 Deinde
1573 1813 1638 1848 fugit
1664 1815 1759 1841 iterum
1791 1816 1906 1843 humano

1117 1866 1200 1891 more,
1216 1863 1242 1885 et
1254 1859 1394 1886 abscondit
1407 1866 1445 1892 se,
1459 1867 1519 1886 cttm
1533 1860 1598 1887 satis
1609 1866 1655 1887 cos
1669 1860 1805 1889 docuisset
1819 1867 1847 1889 et
1861 1870 1905 1890 sua

1117 1904 1267 1938 implesset;
1293 1904 1372 1931 exivit
1388 1904 1421 1932 de
1437 1905 1546 1940 templo,
1562 1910 1590 1932 et
1608 1907 1721 1934 secessit
1731 1907 1764 1934 ad
1774 1908 1844 1935 vezrci
1858 1916 1905 1936 eu-

1117 1950 1257 1982 rationent,
1268 1950 1393 1984 operibus
1405 1950 1483 1978 fidem
1497 1951 1546 1978 sibi
1560 1952 1715 1985 concilians,
1729 1953 1800 1987 qttod
1813 1961 1906 1988 nempe

1117 2000 1179 2022 ante
1200 1995 1334 2022 Abraham
1348 2000 1429 2023 esset.
1445 1996 1496 2024 Sed
1513 1996 1581 2023 forte
1596 1997 1666 2024 dicet
1687 1998 1841 2032 quispiam:
1855 1998 1908 2026 Cur

1117 2041 1219 2068 illorum
1235 2045 1357 2068 conatum
1375 2048 1426 2068 non
1442 2041 1533 2076 fregit?
1553 2043 1591 2069 sic
1605 2043 1676 2070 ettint
1688 2043 1757 2071 forte
1776 2045 1905 2072 credidis-

1117 2090 1185 2112 sent.
1207 2085 1384 2121 Paralyticum
1404 2087 1516 2119 sanavit,
1543 2094 1593 2114 nec
1620 2087 1811 2122 crediderunt;
1837 2090 1905 2117 mille

1117 2133 1190 2166 signa
1206 2132 1277 2165 fecit,
1289 2137 1315 2160 et
1329 2133 1354 2159 in
1375 2133 1430 2167 ipsa
1444 2134 1567 2167 passione
1581 2135 1691 2169 supinos
1714 2135 1774 2163 illos
1790 2141 1906 2170 prostra-

1117 2178 1164 2210 vit,
1180 2177 1286 2204 illorum
1300 2179 1392 2205 oculos
1407 2178 1603 2209 obtencbravit.
1616 2185 1642 2206 el
1652 2188 1706 2207 non
1719 2181 1904 2214 crediderunt;

1117 2228 1144 2250 et
1157 2223 1289 2258 quomodo
1298 2224 1490 2258 «credidissent,
1512 2225 1534 2252 si
1559 2226 1611 2252 vim
1633 2231 1660 2254 et
1669 2232 1800 2255 conatum
1815 2235 1904 2256 eorum

1116 2269 1255 2296 solvisset?
1268 2270 1364 2296 Animo
1385 2270 1482 2305 quippe
1503 2271 1645 2305 desperato
1659 2273 1724 2299 nihil
1737 2273 1814 2308 pejus
1830 2283 1837 2300 :
1854 2274 1906 2300 sive

1117 2315 1191 2350 sigtta
1206 2315 1312 2348 viderit,
1328 2316 1384 2343 sive
1398 2316 1528 2350 prodigia.
1544 2318 1569 2343 itt
1583 2317 1676 2344 cadenti
1690 2323 1848 2352 perseverat
1860 2320 1906 2346 itu-

1117 2359 1251 2394 pudenlia.
1269 2360 1333 2387 Nam
1349 2361 1450 2388 Pharao
1464 2362 1536 2388 mille
1548 2362 1630 2397 plagis
1645 2363 1772 2398 acceptis,
1789 2372 1849 2392 cum
1865 2374 1906 2390 (ἐι-

1115 2406 1258 2440 stigaretur
1273 2411 1386 2440 tatttum,
1401 2407 1585 2442 resipi'scebat,
1599 2413 1630 2436 et
1641 2415 1725 2444 usque
1737 2410 1771 2436 ad
1788 2411 1904 2437 ultitnuttt

1110 2451 1185 2479 diem
1199 2452 1268 2479 idem
1280 2453 1405 2487 perstitit,
1421 2454 1481 2481 illos
1491 2461 1558 2489 quos
1569 2454 1707 2482 dimiserat
1720 2462 1904 2491 persequutus.

1117 2497 1177 2524 Ideo
1201 2497 1299 2525 Paulus
1318 2505 1389 2533 sxa-pe
1407 2499 1482 2532 dicit,
1506 2499 1548 2526 Ne
1572 2500 1710 2527 abduntur
1722 2501 1780 2535 quis
1795 2510 1826 2528 ea;
1840 2503 1905 2528 vobis

1114 2543 1219 2578 fallacia
1246 2545 1342 2578 peccati
1358 2543 1459 2579 (Hebr.
1473 2546 1498 2572 5.
1514 2546 1559 2579 8).
1579 2545 1812 2578 Quemadmodum
1836 2549 1903 2575 enim

1114 2589 1185 2615 vires
1194 2590 1314 2623 corporis
1326 2590 1335 2605 '
1346 2590 1454 2617 demum
1467 2598 1500 2618 ex
1506 2591 1683 2626 stinguuntur,
1695 2597 1720 2618 et
1730 2600 1839 2620 omnent
1848 2601 1905 2620 san-

1147 2646 1155 2661 ι
1173 2645 1210 2680 _sic
1221 2651 1307 2680 omnes
1318 2650 1369 2680 Mss.
1383 2650 1410 2671 et
1420 2647 1479 2680 miti
1492 2647 1663 2680 Chrysostomi,
1674 2652 1751 2680 atque
1763 2649 1797 2673 ita
1807 2649 1902 2680 legitur,

1113 2676 1234 2708 lttqttiunt,
1247 2677 1271 2708 in
1290 2677 1394 2708 quodam
1417 2676 1547 2702 Barheritto
1567 2678 1663 2703 leice.
1675 2676 1721 2703 Sed
1731 2676 1902 2704 alioruni'Mvi

1113 2707 1261 2741 Testatnertti
1274 2707 1451 2741 ouem-larium
1459 2712 1559 2739 recepta
1571 2708 1646 2733 lectio
1658 2713 1696 2734 est
1704 2727 1710 2737 ,
1723 2710 1901 2741 quinquaginta.

1145 2738 1155 2753 ⁸
1170 2737 1225 2767 Hic,
1238 2738 1315 2770 inquit
1325 2737 1406 2770 savii"
1416 2737 1572 2763 inserendum
1584 2737 1842 2770 conjicildoc'tissimus'
1856 2742 1901 2764 noi-

1116 2769 1174 2801 sius_._
1187 2768 1275 2801 morbis
1283 2768 1403 2801 diuturnis
1413 2769 1551 2801 exhaustae,
1565 2774 1590 2794 et
1601 2768 1700 2800 quidem
1717 2770 1809 2801 aliquid
1822 2772 1900 2799 huius-

1113 2798 1175 2822 ntodi
1187 2799 1319 2823 desiderari
1331 2799 1420 2824 clarum
1430 2804 1475 2824 est.
1483 2800 1573 2825 Verum
1584 2798 1716 2826 reclamant
1728 2798 1809 2827 munia
1821 2809 1898 2826 est-tn-

1116 2829 1196 2859 plaria,
1210 2833 1235 2853 et
1246 2831 1280 2853 sic
1292 2836 1363 2861 posse
1376 2835 1441 2855 stare
1454 2836 1548 2855 textum
1561 2831 1673 2856 arbitror.
