2031 3118
155 170 207 198 505

155 235 213 254 sunt
228 226 354 253 amittunt
365 235 372 254 :
383 226 422 254 sie
435 230 462 253 et
476 225 562 253 anima
576 225 665 253 multis
677 224 816 253 affectibus
830 224 948 256 detenta,

155 273 187 300 ad
201 274 328 300 virtutem
343 271 370 299 lit
387 272 456 299 velut
471 276 586 299 mortua.
598 271 730 307 Quidquid
746 271 794 306 ipsi
808 270 947 304 obtuleris,

155 319 221 346 nihil
235 319 335 351 sentit;
352 318 399 346 scd
414 318 470 346 sive
492 319 663 354 supplicium,
684 319 740 346 sive
760 318 865 354 quidvis
877 318 947 345 aliud

155 366 338 398 eommiueris,
350 366 409 393 sine
421 372 501 393 sensu
513 370 613 393 manet.

189 411 216 438 5.
232 411 326 439 Contra
334 411 431 438 invidos
441 420 451 443 ;
463 411 563 438 invidus
574 416 599 438 ut
612 412 690 438 alium
699 412 797 447 perdat,
808 412 861 447 ipse
871 411 946 446 perit.

167 458 378 491 --Quamobrcm
391 478 397 490 ,
422 457 535 485 obsecro
546 479 553 491 ,
573 457 659 485 donec
671 465 745 493 spem
757 458 850 486 salutis
867 458 947 485 habe-

156 511 224 536 mus,
235 503 321 531 donec
332 503 449 531 converti
462 511 613 538 possumus,
629 504 717 531 omnia
733 503 867 531 faciamus.
881 503 945 531 Natn

153 549 196 584 qni
211 556 290 577 sensu
302 554 402 582 carent.
415 554 549 585 tamquam
558 549 749 585 gubernatores
762 549 943 584 desperantes,

154 602 247 622 navem
263 595 349 622 ventis
363 595 543 628 committunt,
559 595 622 622 nihil
643 602 674 621 ex
690 601 719 622 se
733 594 892 627 atterentes;
907 595 945 622 sic

153 648 179 666 se
193 639 309 674 denique
322 640 365 667 isti
379 645 484 675 gerunt.
500 640 607 667 lnvidtts
630 639 680 667 hoc
694 648 774 667 unutn
790 644 901 675 spectat,
917 644 946 667 ttt

152 687 326 721 cupiditatem
347 694 421 713 suam
439 686 548 722 impleat
570 696 576 712 :
592 687 641 713 etsi
661 686 820 720 supplicium
831 690 858 712 et
872 693 944 711 mor-

153 737 203 758 tem
216 732 252 759 sit
271 733 417 765 subiturus,
434 732 557 759 morbum
576 732 657 759 animi
671 736 744 758 curat
759 732 862 763 solum;
878 736 906 758 ut
919 736 944 758 et

152 777 300 811 impudicus
321 783 348 805 et
376 785 480 805 avarus.
502 777 529 805 Si
558 785 622 805 vero
642 782 713 804 tanta
732 777 767 805 sit
789 777 942 804 morborum

151 824 230 850 animi
247 824 375 859 tyrannis,
393 824 476 851 nmlto
490 823 575 858 major
591 823 695 850 virtutis
711 824 750 850 vis
771 831 831 850 esse
853 823 941 850 debet.

151 869 177 896 Si
202 874 312 903 propter
340 870 383 896 iila
404 873 517 897 inottem
545 869 727 904 despicimus,
749 873 856 904 propter
876 869 943 895 hanc

151 915 232 942 mnl'o
247 915 331 950 magis
348 915 535 949 despiciamus.
551 915 579 942 Si
598 923 673 941 suatn
688 914 853 941 illi'animam
867 922 943 948 sper-

150 967 225 995 nunt,
239 962 322 988 multo
340 962 423 997 magis
439 961 515 988 nobis
529 969 576 996 pro
589 961 674 988 salute
691 961 778 988 omnia
791 961 941 996 spernenda

149 1011 219 1034 stunt.
237 1007 302 1040 Qum
316 1007 386 1034 enim
403 1007 478 1034 nolis
492 1007 543 1034 erit
556 1007 702 1039 excusatio,
725 1007 746 1034 si
766 1014 826 1034 eum
849 1006 884 1033 illi
899 1007 942 1041 qui

149 1057 271 1086 pereunt,
287 1057 385 1079 tantam
403 1052 528 1087 perniciei
542 1060 598 1080 sua:
611 1052 675 1079 dant
688 1059 809 1087 operam,
823 1059 874 1079 non
894 1059 940 1086 pa-

148 1107 202 1125 rem
227 1106 276 1125 nos
297 1106 344 1134 pro
366 1099 451 1125 salute
469 1103 558 1125 nostra
571 1099 756 1130 cxhibcamus,
773 1098 819 1126 scd
835 1106 942 1133 semper

147 1145 246 1173 invidia
274 1145 460 1172 labescmnus?
483 1145 553 1172 Nihil
582 1145 654 1172 cuitu
675 1145 771 1172 invidia
798 1144 890 1180 pejus;
913 1148 942 1172 ut

145 1191 226 1217 alium
244 1191 337 1225 perdat
350 1191 465 1224 invidus,
481 1191 538 1226 ipse
559 1191 636 1225 petit.
650 1191 731 1218 lnvidi
744 1191 834 1218 oculus
848 1190 942 1218 dolore

146 1237 267 1270 tabescit,
285 1237 310 1264 in
326 1243 410 1265 morte
427 1238 490 1265 vivit
512 1243 640 1272 perpetua
652 1259 658 1270 ,
678 1246 772 1266 etunes
795 1238 941 1265 arbitratur

143 1283 192 1310 sibi
209 1283 343 1316 inimicos,
358 1283 403 1318 qui
414 1283 494 1311 etiam
507 1283 572 1310 nihil
588 1291 617 1310 se
631 1284 766 1311 lrcserunt.
783 1284 857 1311 Dolet
870 1283 950 1319 quod

145 1329 213 1356 Deus
236 1329 393 1362 honoretur,
410 1330 508 1364 gaudet
522 1329 555 1357 de
570 1330 666 1363 quibus
688 1330 792 1357 ltetatur
808 1330 940 1358 diabolus.

143 1375 188 1402 Ille
200 1375 350 1403 honoratur
366 1376 400 1403 ab
415 1376 585 1403 hominibus?
601 1377 652 1403 Sed
669 1384 721 1404 non
733 1381 774 1404 est
786 1376 828 1404 hic
844 1376 939 1410 honor,

142 1429 174 1449 ne
197 1421 330 1450 invideas.
348 1421 401 1450 Sed
419 1430 433 1450 a
454 1422 508 1450 Deo
528 1422 693 1450 honoratur?
715 1423 821 1451 Imitare
843 1423 929 1450 illum.

684 167 716 195 l‘.\'
733 166 890 195 ,ΙΟᾹΧΝΕΜ
924 165 1037 193 ΙΙΟΜΠ..
1055 165 1120 194 L\'l.
1141 166 1175 195 al.
1199 165 1252 196 LV.

1744 173 1796 202 566

1002 223 1053 251 Sed
1070 231 1122 251 non
1139 224 1197 252 vis?
1211 224 1265 252 Cur
1279 233 1344 262 ergo
1359 227 1471 263 tcipsmn
1497 228 1571 264 perdi
1593 229 1605 257 ?
1619 237 1667 257 cur
1689 231 1795 266 projicis

1003 269 1028 297 id
1041 270 1111 305 quod
1128 270 1228 298 habes?
1241 271 1298 299 Non
1313 277 1389 307 potes
1402 274 1440 301 illi
1461 282 1508 309 par
1522 282 1583 303 esse
1594 296 1601 309 ,
1616 283 1702 312 neque
1715 277 1792 305 virtu»

1003 319 1054 342 tem
1069 316 1174 351 assequi
1183 315 1195 343 ?
1204 324 1252 343 cur
1260 317 1387 345 malitiam
1398 320 1589 354 amplecteris?
1601 321 1743 356 Oporteret
1756 323 1792 349 illi

1000 362 1138 397 gratulari,
1152 366 1179 389 ut
1193 362 1214 389 si
1229 369 1281 390 non
1292 364 1379 397 possis
1393 364 1512 392 laborum
1523 374 1636 394 consors
1650 374 1720 400 esse,
1739 368 1792 395 sal-

1001 412 1053 435 tem
1065 416 1096 435 ex
1110 408 1338 443 congratulatione
1357 410 1476 438 tuereris.
1501 411 1578 447 Sa-pe
1601 421 1715 449 namque
1731 421 1791 449 pro-

1000 454 1114 489 positum
1136 454 1233 481 sufﬁcit
1250 454 1282 481 ad
1306 463 1430 490 maguum
1455 458 1632 491 pra-standum
1650 466 1726 493 opus.
1747 460 1791 487 Ait

999 499 1096 534 quippe
1110 499 1230 526 Ezechiel
1249 501 1257 534 (
1269 499 1333 534 Cap.
1346 502 1389 528 55.
1406 502 1437 530 l5
1452 503 1471 534 ),
1485 502 1544 529 ideo
1555 503 1682 531 Moabitas
1692 505 1789 540 puniri,

998 545 1069 580 quod
1105 544 1138 572 de
1163 545 1341 573 lsraclitarum
1377 547 1453 573 malis
1486 549 1645 582 gauderent:
1672 551 1791 586 aliosque

998 590 1110 618 salutem
1125 591 1263 626 consequi,
1276 592 1345 626 quod
1360 592 1394 620 dc
1414 593 1527 620 aliorum
1542 594 1617 621 malis
1631 595 1789 630 ingemisce-

998 641 1066 664 rent.
1081 636 1156 671 Quod
1169 636 1191 664 si
1206 637 1305 671 aliquid
1318 638 1379 665 boni
1393 643 1420 666 et
1433 639 1520 666 solatii
1535 639 1569 666 sit
1583 639 1614 667 iis
1624 641 1668 676 qui
1682 648 1790 676 gemunt

996 683 1030 710 de
1042 683 1154 710 alierum
1170 684 1257 717 malis,
1269 684 1351 711 multo
1367 685 1450 720 magis
1465 685 1496 712 iis
1508 685 1551 720 qui
1567 685 1602 713 de
1612 686 1724 714 aliorum
1740 687 1788 714 ho-

998 729 1105 756 noribus
1117 729 1242 764 gaudent.
1257 729 1387 757 Moabitas
1401 731 1539 758 incusabat
1552 731 1623 767 quod
1636 731 1669 759 de
1682 731 1789 760 Israeli—

997 780 1082 802 tarmu
1096 775 1172 802 malls
1185 775 1333 810 gauderent
1350 785 1356 803 :
1374 777 1445 812 atqui
1463 777 1531 804 Deus
1546 778 1692 813 castigabat
1713 778 1789 808 illos:

996 822 1042 849 sed
1054 829 1106 849 non
1121 822 1176 850 vult
1188 830 1237 850 nos
1250 823 1367 858 gaudere
1385 823 1419 851 de
1433 825 1571 859 suppliciis
1585 825 1618 852 ab
1641 832 1670 853 se
1684 826 1765 853 illatis
1782 835 1788 852 :

996 876 1082 904 neque
1094 869 1164 896 enim
1187 869 1291 896 lmtatur
1313 870 1375 896 dtnu
1392 870 1540 898 ulciscitur.
1562 871 1638 905 Quod
1653 871 1675 899 si
1689 871 1787 899 condo-

995 914 1103 941 lcndum
1115 919 1153 941 est
1165 915 1337 949 patientibus,
1352 915 1437 942 multo
1451 917 1535 951 magis
1550 922 1657 952 oportet
1674 917 1789 944 honora—

997 961 1094 988 tisnon
1110 960 1239 988 invidere.
1255 961 1298 989 Sic
1311 962 1445 996 perierunt
1466 962 1534 990 Core
1560 967 1587 990 et
1607 962 1719 995 Dathan,
1744 964 1788 998 qui

995 1013 1051 1039 eos,
1065 1006 1161 1041 quibus
1175 1007 1338 1040 invidebant,
1349 1007 1542 1042 splendidiores
1551 1008 1736 1041 reddiderunt,
1746 1016 1790 1036 se-

995 1061 1076 1088 seque
1090 1053 1181 1081 ultioni
1198 1053 1374 1081 tradidernnt.
1398 1054 1464 1081 Fera
1480 1055 1578 1089 quippe
1598 1060 1639 1082 est
1655 1063 1788 1082 venenosa

995 1101 1103 1135 invidia,
1119 1101 1172 1128 fera
1185 1101 1305 1136 impura;
1319 1101 1418 1128 malitia
1436 1101 1592 1134 voluntaria,
1609 1109 1668 1136 qua:
1684 1102 1787 1129 veniam

995 1155 1047 1174 non
1062 1151 1205 1178 mercatur,
1222 1147 1339 1182 nequitia
1353 1155 1411 1182 qua:
1425 1147 1531 1175 delendi
1555 1148 1656 1182 nequit,
1669 1148 1787 1175 omnium

995 1191 1125 1219 malorum
1137 1199 1216 1219 causa
1229 1196 1258 1219 et
1270 1196 1364 1219 mater.
1381 1191 1443 1219 Ideo
1463 1193 1535 1219 illam
1548 1192 1787 1220 radieitusevella-

994 1238 1089 1270 lamus,
1102 1242 1130 1265 ut
1144 1243 1172 1265 et
1183 1245 1196 1264 a
1212 1238 1388 1272 praesentibus
1402 1239 1478 1265 malis
1490 1239 1644 1271 liberemur,
1659 1246 1684 1266 et
1699 1239 1786 1267 futura

993 1290 1189 1318 consequamur
1200 1283 1280 1317 bona,
1298 1284 1380 1319 gratia
1395 1288 1422 1311 ct
1439 1284 1602 1318 benignitate
1623 1285 1725 1312 Domini
1740 1293 1787 1313 uo-

995 1330 1041 1357 stri
1055 1330 1119 1357 Jesu
1131 1329 1241 1364 Christi,
1258 1337 1305 1365 per
1317 1338 1397 1366 quem
1412 1335 1438 1358 et
1457 1338 1517 1358 cum
1532 1339 1584 1366 quo
1605 1331 1675 1359 Patri
1691 1331 1785 1367 gloria,

994 1376 1126 1411 simulque
1139 1375 1249 1411 Spiritui
1261 1381 1366 1410 sancto,
1381 1384 1452 1404 nunc
1464 1381 1491 1404 et
1511 1385 1628 1413 semper,
1645 1382 1671 1406 et
1684 1378 1718 1405 in-
1737 1385 1787 1406 sa:-

995 1422 1054 1449 cula
1068 1421 1237 1449 saeculorum.
1255 1421 1349 1448 Amen.

846 1524 1015 1555 HOMlLlA
1032 1523 1111 1553 LVI.

141 1598 204 1625 liae.
228 1598 256 1626 9:
281 1606 306 1625 v.
325 1599 348 1626 l.
365 1598 397 1626 Et
412 1599 556 1634 prwlcricns
574 1598 649 1626 Jews
664 1598 724 1626 vidit
742 1599 868 1626 hominem
889 1605 938 1624 ctr-

173 1653 232 1670 cton
248 1645 410 1671 arnativitate
424 1644 468 1671 :2.
484 1650 508 1671 et
521 1645 736 1678 interrogaverunt
751 1651 806 1670 eam
819 1643 937 1678 discipuli

173 1691 230 1725 ejus
240 1711 247 1722 ,
263 1690 374 1717 dicentes
388 1699 396 1718 :
412 1690 491 1717 Rabbi
500 1711 506 1723 ,
518 1690 573 1726 quis
585 1691 704 1724 peccavit,
715 1690 764 1723 hic,
778 1698 811 1716 an
823 1694 938 1724 parentes

173 1736 244 1769 ejus,
264 1740 293 1762 ut
305 1743 384 1763 aecus
398 1736 561 1762 nasceretur?

175 1781 200 1808 1.
220 1780 255 1807 Et
272 1782 417 1815 prwteriens
430 1781 506 1808 Jems
518 1782 578 1814 cidit
591 1781 719 1809 hominem
731 1790 825 1808 omum
843 1789 859 1808 a
873 1781 938 1808 nali-

138 1827 223 1854 ritate.
257 1827 398 1854 llumautts
421 1835 482 1854 cum
507 1828 557 1860 sit,
579 1832 606 1855 et
625 1832 723 1855 nostrzc
743 1828 836 1855 salutis
861 1827 937 1862 cupi-

136 1872 197 1904 dus,
226 1877 257 1900 ut
283 1873 466 1907 improborum
492 1881 539 1900 ora
563 1873 724 1907 Obstrueret,
750 1873 814 1900 nihil
840 1873 938 1900 omittit

137 1927 232 1946 eorum
247 1927 310 1954 qua:
329 1919 456 1946 adhibere
472 1927 519 1954 par
531 1924 599 1954 erat,
621 1920 671 1947 etsi
687 1928 765 1948 nctuo
777 1920 801 1947 ei
814 1919 936 1947 attende-

137 1969 188 1991 ret.
206 1963 265 1992 Ιίδο
286 1964 379 1991 videns
396 1965 524 1999 propheta
547 1965 651 1992 dicebat
672 1975 678 1992 :
704 1965 737 1993 Ut
748 1965 898 2001 jnstiﬁceris
912 1965 937 1991 in

136 2019 147 2037 ε
163 2010 300 2037 rmonibtts
315 2011 373 2043 luis,
391 2017 413 2037 et
429 2011 513 2039 vincas
526 2019 582 2038 cum
594 2011 721 2046 jttdicaris
737 2011 822 2048 (Psal.
840 2012 884 2040 50.
897 2012 935 2048 li).

137 2056 198 2083 ldeo
214 2063 308 2089 nunc,
325 2057 385 2091 quia
406 2056 549 2084 verborum
571 2057 760 2084 sublimitatem
777 2066 830 2084 non
850 2059 938 2092 capie-

136 2101 211 2134 lHlll,
229 2102 281 2129 sed
296 2102 374 2129 etiam
389 2102 584 2130 dannoniacum
606 2103 679 2130 illttm
697 2103 836 2137 vocabant,
858 2108 938 2138 atque

135 2148 200 2175 inter
210 2149 295 2175 licere
310 2148 463 2182 tentabant,
477 2157 492 2176 e
513 2149 614 2183 templo
624 2157 758 2185 egressus,
777 2157 877 2177 etectun
893 2158 937 2177 sa-

136 2199 192 2227 nat,
210 2199 242 2222 ut
263 2199 292 2222 et
313 2195 434 2222 absentia
448 2202 495 2222 sua
514 2195 620 2222 illorqu
636 2196 752 2223 furorem
767 2196 890 2229 sedaret,
912 2201 938 2223 ct

135 2241 212 2275 signo
227 2240 303 2268 facto
318 2240 442 2267 duritiem
457 2241 561 2268 illorum
576 2241 821 2277 humanitatemque
834 2243 937 2269 emolli-

135 2291 194 2318 ret,
210 2294 243 2313 ac
260 2286 343 2313 ﬁdem
358 2286 438 2314 dictis
449 2287 621 2320 conciliaret;
642 2289 799 2323 signutnque
817 2289 872 2316 edit
885 2298 936 2316 tton

134 2332 247 2367 vulgare
258 2353 266 2365 ,
283 2333 331 2358 sed
345 2332 420 2366 quod
432 2337 495 2360 tunc
512 2333 625 2367 primum
643 2334 729 2360 visum
745 2334 839 2362 fuerat.
855 2335 876 2361 Α
890 2343 937 2361 διυ-

133 2378 205 2410 talo,
218 2378 321 2413 inquit,
332 2386 382 2404 non
392 2382 428 2405 est
436 2378 561 2412 auditum,
573 2379 641 2413 quod
652 2380 842 2415 aperueritmtis
851 2381 937 2407 οισιιίιιδ

132 2425 193 2450 ra-ci
208 2424 267 2451 nati
283 2423 378 2459 (Joau.
394 2425 421 2453 9.
435 2424 498 2460 52‘).
521 2425 590 2452 Cmci
605 2425 675 2452 enim
690 2425 781 2453 oculos
795 2426 862 2453 forte
877 2428 935 2461 quis

132 2471 294 2503 aperuerit;
312 2470 374 2497 carci
390 2470 443 2497 uati
460 2491 468 2504 ,
488 2478 540 2497 non
559 2471 631 2498 itctn.
646 2471 684 2498 A‘c
699 2471 769 2506 quod
784 2479 907 2506 egressus
922 2480 937 2500 e

132 2516 236 2551 templo
259 2516 295 2543 ad
312 2516 364 2544 hoc
378 2516 439 2544 data
454 2524 535 2551 opera
551 2518 654 2544 venerit
666 2538 673 2550 ,
693 2518 753 2545 imle
769 2518 855 2553 palam
875 2523 914 2546 est
928 2541 935 2552 ,

131 2563 202 2596 quod
220 2564 282 2596 ipse
301 2570 401 2590 ca-cum
417 2563 528 2596 viderit,
543 2571 631 2592 cmeus
647 2571 710 2591 vero
724 2564 758 2591 ad
774 2564 859 2599 ipsum
883 2573 934 2591 non

131 2608 249 2634 venerit.
277 2607 312 2635 Et
333 2613 385 2634 tam
409 2608 550 2644 diligenter
573 2609 646 2636 illum
669 2610 778 2637 intuitus
792 2615 852 2643 est,
868 2614 895 2637 ut
911 2611 934 2637 id

130 2653 259 2688 discipuli
286 2654 457 2682 adverterent
471 2675 478 2687 ,
500 2660 526 2682 et
546 2655 578 2682 ad
594 2655 809 2691 interrogandum
825 2657 935 2685 induce-

130 2704 236 2726 rentur.
254 2699 389 2727 Videnlcs
402 2700 472 2727 enim
487 2708 548 2727 eum
565 2700 684 2728 studiose
703 2703 913 2736 conspicienlcm
927 2725 933 2736 ,

129 2745 376 2779 interrogaverunt
392 2753 452 2773 emn
469 2755 475 2773 :
492 2746 553 2779 Qui:
566 2747 686 2780 peccavit,
699 2748 749 2781 hic,
765 2753 808 2774 aut
819 2754 935 2782 parentes

127 2790 184 2826 ejus
195 2790 209 2817 ?
224 2791 311 2818 Falso
326 2792 385 2818 nixa
400 2791 582 2827 interrogatio.
596 2793 735 2827 Quomodo
745 2794 814 2820 enim
827 2802 936 2829 peccas-

126 2843 167 2864 set
181 2842 336 2871 antequam
352 2839 666 2873 na~curelttriqttomodo
678 2840 713 2867 ob
725 2845 862 2875 parentum
875 2849 935 2876 pec-

127 2889 218 2912 eatum
244 2885 291 2912 hic
317 2885 422 2919 punitus
445 2887 535 2913 esset?
559 2886 698 2920 Quomodo
722 2895 785 2923 ergo
810 2887 841 2915 ad
867 2886 934 2916 hanc

993 1600 1123 1624 venerunt
1136 1595 1391 1630 interrogationem?
1405 1595 1524 1623 Antehac
1537 1603 1596 1624 cum
1611 1597 1784 1633 paralyticum

989 1643 1111 1676 sanavit,
1136 1643 1203 1670 dixit
1226 1652 1232 1669 ε
1255 1643 1319 1670 Ecce
1337 1651 1414 1670 sanus
1437 1644 1519 1677 [actus
1540 1652 1582 1675 et;
1605 1644 1658 1671 noli
1676 1645 1785 1679 amplius

991 1697 1095 1724 peccare
1110 1688 1207 1723 (Joan.
1224 1689 1250 1716 5.
1270 1688 1334 1723 Η).
1353 1688 1478 1723 Discipuli
1500 1697 1564 1724 ergo
1584 1689 1785 1717 considerantes

991 1735 1062 1761 illum
1075 1738 1185 1769 propter
1199 1737 1335 1768 peccatum
1345 1733 1373 1760 in
1384 1735 1516 1770 paralysin
1529 1735 1662 1766 incidisse.
1674 1735 1763 1764 dicunt
1778 1745 1784 1762 :

992 1782 1066 1814 Esto,
1088 1781 1133 1808 ille
1147 1786 1256 1816 propter
1270 1786 1377 1816 peccata
1393 1781 1417 1808 in
1440 1781 1573 1817 paralysin
1596 1782 1737 1815 inciderit;
1752 1783 1786 1810 do

991 1830 1042 1857 hoc
1062 1829 1125 1865 quid
1145 1829 1263 1856 dixeris?
1276 1836 1338 1856 utrm
1356 1829 1400 1856 hie
1421 1829 1560 1864 peccavit?
1582 1829 1677 1856 Verum
1692 1829 1717 1856 id
1732 1830 1786 1857 dici

991 1876 1082 1910 nequit
1100 1883 1107 1902 :
1128 1883 1187 1902 nam
1204 1883 1217 1901 a
1241 1875 1378 1902 nativitate
1401 1882 1488 1902 caecus
1507 1879 1557 1902 est.
1574 1874 1642 1901 Nutu
1657 1874 1724 1902 forte
1738 1883 1785 1910 pa-

991 1926 1079 1949 rentes
1097 1921 1173 1955 ejus?
1187 1920 1278 1955 Neque
1292 1919 1342 1947 hoc
1361 1919 1412 1947 dici
1433 1924 1519 1954 potest
1539 1928 1545 1947 :
1566 1920 1635 1947 [ilius
1649 1920 1720 1947 enim
1737 1928 1785 1955 pro

992 1971 1065 2002 patre
1081 1974 1134 1993 non
1149 1966 1194 1993 dat
1207 1973 1311 2001 pmuas.
1331 1965 1364 1992 Ut
1387 1973 1451 1999 ergo
1468 1973 1579 1999 pucrtttn
1600 1966 1694 1993 morbo
1709 1966 1780 1993 Iaho-

991 2017 1093 2039 rantcm
1114 2012 1236 2039 videntes
1249 2011 1363 2038 dicimus
1385 2019 1392 2037 :
1415 2011 1482 2044 Quid
1498 2011 1531 2038 de
1544 2011 1602 2038 -hoc
1620 2011 1762 2039 dicendum
1776 2033 1781 2045 ε

990 2057 1052 2091 quid
1078 2057 1140 2083 fecit
1162 2057 1205 2083 hic
1229 2056 1313 2090 puer?
1335 2063 1387 2083 non
1410 2056 1538 2090 rogando»,
1555 2056 1601 2083 sed
1617 2056 1783 2086 dubitando;

990 2102 1027 2128 sic
1044 2101 1166 2136 discipuli
1184 2108 1235 2128 non
1252 2106 1305 2128 tam
1322 2101 1600 2136 interrngm-doquam
1616 2101 1782 2135 dubitando,

991 2147 1015 2174 id
1030 2147 1165 2174 dicebant.
1180 2147 1249 2180 Quid
1264 2154 1328 2181 ergo
1340 2146 1463 2174 Christus
1473 2147 1485 2173 ?
1497 2148 1523 2174 5.
1539 2146 1629 2182 Neque
1643 2147 1683 2174 lu'c
1695 2156 1784 2183 perca-

989 2194 1033 2225 rit,
1051 2200 1128 2227 neque
1143 2197 1257 2227 pumiles
1272 2193 1336 2227 ejus.
1348 2191 1423 2225 Qttod
1439 2199 1491 2219 non
1506 2192 1569 2219 dicit
1579 2197 1632 2224 ,λιι
1646 2200 1693 2220 eos
1708 2200 1779 2228 pror-

989 2245 1035 2265 sus
1056 2238 1173 2273 peccatis
1187 2237 1286 2265 liberos
1305 2237 1403 2265 indicet
1418 2238 1427 2273 (
1440 2246 1526 2273 neque
1541 2239 1612 2266 cnim
1627 2239 1785 2274 simpliciter

989 2284 1073 2316 dixit,
1097 2283 1185 2318 Neque
1205 2283 1246 2310 ltic
1264 2285 1373 2319 peccavit
1386 2304 1393 2316 ,
1418 2292 1497 2318 neque
1512 2290 1629 2318 parente.)
1642 2286 1715 2320 ejus;
1736 2286 1783 2313 sed

989 2329 1118 2356 addidit':
1137 2329 1170 2357 Ut
1184 2337 1271 2357 caecus
1285 2329 1458 2365 nasceretur)
1475 2330 1511 2366 (ιι)
1523 2351 1531 2363 ,
1546 2331 1593 2358 sed
1609 2332 1783 2366 utglorilice-

990 2379 1033 2401 tur
1047 2374 1129 2402 Filius
1145 2375 1202 2402 Dei.
1216 2374 1339 2402 Peccavit
1350 2382 1464 2411 namque
1479 2375 1522 2403 hic
1534 2381 1561 2404 et
1575 2382 1698 2411 parentes
1709 2378 1782 2412 ejus:

989 2420 1034 2447 sed
1052 2427 1103 2447 non
1120 2420 1181 2448 inde
1196 2420 1303 2448 catt-itas
1317 2421 1400 2448 venit.

1025 2465 1108 2493 Nemo
1127 2466 1159 2493 de
1175 2466 1283 2501 peccatis
1297 2467 1416 2500 aliorum,
1434 2475 1466 2495 ne
1485 2467 1520 2494 de
1538 2473 1670 2503 parentum
1683 2469 1781 2504 quidem

988 2513 1031 2538 ttat
1045 2520 1133 2547 pensa.
1147 2527 1182 2532 ——
1197 2512 1259 2539 [lare
1273 2520 1352 2548 porro
1365 2513 1440 2546 dicit,
1457 2521 1510 2541 non
1526 2519 1554 2541 ut
1569 2515 1709 2547 indicaret,
1728 2523 1781 2542 non

989 2555 1059 2584 hunc
1073 2557 1196 2591 quidem,
1212 2557 1259 2585 sed
1274 2558 1343 2585 alios
1364 2558 1405 2585 his
1418 2558 1452 2586 de
1472 2559 1566 2586 causis
1578 2567 1663 2587 caecos
1680 2560 1777 2599 fuisse,

989 2609 1084 2637 nempe
1098 2602 1133 2630 ob
1149 2608 1286 2637 parenltttn
1303 2603 1466 2637 iniquitatem
1482 2611 1589 2639 mequo
1603 2604 1674 2632 cuitu
1696 2605 1757 2632 licet
1768 2627 1774 2639 ,

987 2648 1040 2675 alio
1054 2653 1180 2683 peccante
1191 2670 1197 2681 ,
1212 2650 1294 2676 alium
1308 2650 1447 2684 castigare.
1463 2650 1528 2677 Nam
1542 2650 1564 2678 si
1581 2650 1631 2677 hoc
1646 2651 1774 2678 conceda-

988 2702 1056 2726 mus,
1079 2694 1142 2721 illud
1164 2695 1243 2721 etiam
1267 2694 1449 2721 concedamus
1460 2699 1575 2729 oportet,
1598 2695 1683 2730 ipsum
1702 2701 1778 2724 antc-

987 2747 1066 2774 quam
1080 2745 1236 2766 nasceretur
1250 2739 1411 2774 peccavisse.
1430 2739 1461 2767 Ut
1472 2748 1536 2775 ergo
1550 2747 1609 2768 cum
1623 2740 1685 2768 dicit
1700 2762 1706 2774 ,
1726 2742 1779 2769 Ne-

986 2794 1034 2821 que
1055 2785 1095 2812 Itic
1119 2785 1239 2820 peccavit,
1265 2792 1319 2812 non
1343 2785 1464 2821 intelligit
1485 2785 1520 2813 ab
1543 2791 1602 2814 ortu
1627 2788 1778 2824 quempiam

1019 2862 1054 2892 (τι)
1068 2863 1132 2898 \t_qui
1151 2862 1297 2898 hmcqverha,
1319 2866 1434 2889 tttcwcns
1455 2868 1589 2890 nasceretur
1622 2872 1738 2898 nusquam
1750 2867 1774 2892 in

989 2894 1117 2924 Evangelia
1130 2895 1294 2925 reperiuntur.
