2031 3118
156 146 210 174 διιθ

158 206 248 232 honre
271 203 328 230 dies
351 207 405 236 est,
423 201 506 228 doner
523 205 633 236 pessuut
647 200 769 227 ltomines
787 200 812 226 in
827 207 870 226 me
884 205 943 225 crc-

158 251 231 281 dere,
247 249 310 276 dtnn
322 249 391 280 vivo,
408 247 572 282 operandam
587 247 650 274 mihi
664 251 714 274 est.
735 246 805 273 Venit
820 253 880 278 nor,
894 244 945 272 hoc

157 301 196 322 est
212 295 329 322 futurum
345 299 457 328 tempus,
472 294 572 327 quando
585 302 656 320 neruo
671 297 750 328 potest
764 300 872 327 operari.
888 291 944 318 Non

156 340 232 372 dixit.
246 339 358 373 Quando
368 347 417 374 ego
432 340 534 374 operari
550 347 601 365 non
615 346 720 373 possum
733 347 739 371 ;
756 339 802 366 sed
816 358 823 371 ,
838 338 944 371 Quando

157 394 227 412 uento
247 390 327 421 potest
344 385 460 420 operari;
474 385 498 411 id
512 389 567 416 est,
578 383 689 418 Quando
705 392 756 410 non
772 388 813 411 est
831 383 945 418 amplius

156 431 230 462 ﬁdes,
248 439 299 457 non
315 431 430 462 labores,
447 438 498 456 non
513 430 678 465 poenitentia.
692 429 766 463 Quod
780 430 851 456 enitn
866 429 943 455 tidem

155 485 221 511 Opus
234 477 369 511 appellat,
381 476 471 503 dicunt
484 477 507 503 ei
519 496 525 508 ,
544 475 611 509 Quid
623 476 758 510 faciemus,
776 481 803 502 ul
813 483 945 510 operentur

155 530 232 556 opera
251 521 320 549 Dei?
333 521 482 556 Respmtdet
493 542 501 553 ,
524 520 579 547 lloc
594 525 630 547 est
645 529 707 556 opus
723 520 779 552 Dei,
796 526 822 547 ut
837 521 944 547 credatis

156 568 180 594 in
200 575 255 595 cum
270 575 343 603 quem
358 567 401 594 ille
415 567 492 593 misit.
513 566 600 603 Quare
622 574 685 600 ergo
706 565 756 593 hoc
777 573 843 600 opus
865 573 943 592 nemo

154 617 242 648 polcst
255 617 317 640 tunc
328 611 453 647 operari?
466 611 531 648 Quia
546 616 608 639 ttmc
622 611 686 638 ﬁdes
701 619 753 638 non
767 611 826 644 erit,
841 611 887 638 sed
901 619 944 638 re-

155 659 212 691 lint,
237 658 334 691 nolint,
355 665 448 685 omnes
471 657 590 685 audient.
603 657 642 684 Nc
661 657 719 692 quis
735 657 804 684 enim
822 657 941 689 diceret,

155 703 227 731 illum
238 703 381 732 atnbitione
396 707 495 731 motum
509 702 558 730 hoc
569 702 665 735 facere,
680 703 794 730 ostendit
808 710 836 729 se
849 710 941 729 eorum

153 749 236 783 gratia
259 749 347 775 omnia
369 748 467 780 facere,
492 748 589 783 quippe
608 748 651 783 qui
666 747 708 775 ltic
723 747 807 774 soluto
828 747 944 775 habeant

153 795 280 823 credendi
294 795 458 828 facultatem,
472 802 522 822 nec
536 794 670 829 quidpiam
684 794 719 821 ibi
734 794 799 820 lucri
813 794 941 828 consequi

153 841 265 878 possint.
289 841 351 869 Ideo
370 849 419 868 nec
434 840 604 868 accedeutctn
627 848 726 867 caecum
741 841 851 868 curavit.
864 840 940 874 Quod

153 888 223 916 enim
235 888 330 923 dignus
341 893 413 915 esset
422 889 465 922 qui
479 893 616 915 curaretur
630 896 635 914 :
649 887 773 922 quodque
785 887 806 915 si
821 887 939 920 vidisset,

153 935 311 962 credidisset
327 935 554 969 accessissctquc;
576 938 602 962 et
621 934 643 961 si
662 934 695 962 ab
712 934 802 969 aliquo
824 934 942 961 audisset

154 985 321 1014 praesentem,
337 988 388 1007 non
403 980 573 1014 neglexisset,
588 987 619 1006 ex
637 979 667 1006 iis
682 987 740 1014 qua:
755 984 868 1014 sequuta
880 984 942 1006 sunt

154 1025 238 1059 palam
254 1031 303 1057 est,
316 1033 348 1052 ex
365 1025 516 1052 fortitudine
530 1032 624 1058 nempe
635 1029 660 1051 et
671 1032 703 1051 ex
720 1024 770 1051 ﬁde
786 1024 851 1058 ejus.
865 1024 941 1052 Pote-

152 1076 193 1098 rat
207 1072 277 1099 enim
293 1080 383 1099 secum
407 1072 524 1106 cogitare
545 1079 576 1097 ac
595 1071 683 1098 dicere
698 1080 704 1098 :
721 1071 788 1104 Quid
805 1071 854 1098 hoc
875 1071 940 1098 est?

152 1117 233 1144 lutum
256 1117 326 1150 fecit,
348 1121 376 1144 et
397 1117 487 1144 lettivit
503 1117 594 1144 oculos
613 1124 706 1150 meos;
728 1121 755 1144 ct
775 1117 840 1144 dixit
856 1117 919 1144 mihi
932 1137 942 1149 ,.

155 1161 234 1194 Vade,
255 1163 351 1189 lavare.
373 1163 466 1189 Annon
484 1166 586 1196 poterat
600 1170 693 1189 curare
715 1170 775 1195 tne,
797 1167 823 1189 et
838 1166 899 1189 tunc
914 1162 939 1189 in

151 1209 249 1236 Siloam
265 1210 371 1236 mittere
382 1209 393 1236 ?
404 1209 479 1243 Smpe
493 1209 527 1236 ibi
543 1216 585 1236 me
600 1208 649 1236 lavi
663 1216 723 1235 eum
738 1208 805 1241 aliis,
824 1207 940 1243 nihilque

151 1255 214 1282 mihi
229 1254 336 1290 profuit.
361 1254 388 1282 Si
409 1262 487 1289 quam
504 1259 662 1289 potestatem
678 1253 807 1286 haberet,
823 1261 940 1287 pnesens

151 1308 193 1327 tne
214 1300 372 1327 sanat-isset.
389 1299 464 1336 Quod
483 1300 562 1327 ctiatn
575 1299 678 1326 dicebat
692 1299 809 1326 Naaman
831 1298 938 1325 Elisa‘o.

149 1345 243 1372 .Iussus
258 1346 329 1374 enim
344 1345 431 1373 lavare
444 1353 473 1372 se
488 1345 512 1371 itt
527 1344 652 1377 Jordane,
665 1353 716 1371 non
728 1344 864 1375 credebat,
877 1351 939 1370 cum

150 1397 239 1418 tmnen
264 1395 334 1418 tanta
357 1395 428 1417 esset
449 1391 537 1417 Elisati
559 1389 625 1417 fama
642 1390 679 1425 (ι.
696 1390 758 1424 Reg.
781 1390 808 1416 5.
833 1389 890 1423 ll).
906 1389 940 1415 At

149 1444 235 1465 eamus
249 1444 301 1465 non
325 1435 373 1462 fuit
392 1435 558 1466 incredulus,
574 1443 623 1462 nec
638 1435 816 1466 contradixit,
833 1442 881 1461 nec
895 1441 938 1461 sc.

149 1490 208 1509 cum
230 1482 361 1516 reputavit
378 1491 384 1508 :
403 1482 469 1515 Quid
488 1482 537 1509 hoc
558 1482 620 1509 cst?
642 1489 674 1509 an
695 1481 779 1508 lutunt
803 1481 939 1518 imponere

148 1528 285 1562 oportuit?
297 1527 347 1555 hoc
359 1529 446 1562 potius
458 1535 556 1555 ca-cum
569 1527 717 1557 reddiderit
727 1535 733 1553 :
745 1526 803 1561 quis
814 1534 938 1561 umquam

149 1574 187 1601 sie
206 1573 292 1600 visum
313 1573 434 1608 recepit?
454 1573 504 1601 Sed
526 1573 592 1599 nihil
606 1573 699 1601 horum
713 1572 847 1607 cvgitavil,
866 1571 938 1601 Vidi-

148 1619 209 1646 stin'
226 1619 304 1647 ﬁdetn
320 1624 347 1647 et
364 1619 480 1647 anitnum
502 1618 626 1646 ﬁrmum?
645 1617 715 1644 l'euit
732 1626 791 1644 "0.1:.
814 1617 879 1645 llinc
892 1625 938 1644 os-

149 1666 242 1698 tendit,
265 1666 345 1693 etiam
363 1662 421 1700 post
437 1672 543 1692 crucem
557 1672 586 1692 se
600 1663 741 1699 itnpiorttm
757 1671 846 1691 curam
862 1662 937 1689 habi-

148 1717 236 1739 turum
251 1719 320 1743 csse,
337 1711 487 1745 multosque
501 1715 686 1737 attracturum.
703 1710 792 1736 rid/[uc
815 1709 867 1736 dies
889 1713 936 1738 est.

148 1758 264 1786 Posthac
287 1765 349 1785 vero
374 1757 435 1784 illos
459 1757 563 1792 pellitus
585 1755 738 1788 abscindct,
754 1755 823 1790 quod
839 1756 873 1783 ita
888 1754 936 1784 de-

148 1805 230 1832 clarat
246 1813 253 1832 :
273 1805 299 1831 5.
318 1804 444 1836 Quamdiu
463 1804 490 1830 in
511 1803 604 1829 mundo
618 1810 683 1834 sum,
704 1802 750 1828 lux
769 1809 824 1828 sum
839 1800 935 1827 ιιιιιιιιιῐ.

148 1849 224 1882 Quod
243 1849 322 1877 etiam
346 1848 405 1875 aliis
426 1848 492 1875 dixit
506 1857 511 1874 :
526 1847 635 1880 Credite,
657 1848 735 1876 donec
752 1847 797 1874 lita:
811 1846 936 1873 vobiscum

148 1900 183 1921 est
195 1895 282 1929 (Joan.
300 1894 341 1921 l2.
358 1893 414 1929 56).

184 1943 212 1970 '5.
231 1942 285 1969 Cur
300 1949 362 1977 ergo
377 1941 475 1968 Paulus
491 1944 647 1975 praesentem
664 1940 744 1967 vitam
759 1944 865 1969 noctem
889 1946 937 1966 vo-

148 1988 226 2021 cavit,
244 1988 314 2015 illam
328 1992 416 2015 antem
428 1987 507 2014 vitam
516 1986 606 2014 diem?
621 1986 677 2014 Non
691 1988 824 2014 contraria
838 1985 935 2013 Christi

149 2034 246 2066 verbis,
269 2033 316 2061 sed
339 2033 432 2061 eadem
457 2033 513 2068 ipsa
535 2032 626 2059 dicens
650 2036 750 2065 mente,
776 2038 828 2058 non
848 2031 934 2062 litera,

148 2087 243 2114 nempe
257 2100 264 2112 ,
290 2079 351 2106 Nox
374 2079 509 2113 prwccsst't,
542 2078 595 2104 dies
619 2082 701 2104 autem
727 2077 936 2112 apprOpiuqnat-it

148 2125 234 2160 (Rom.
252 2127 292 2153 Ιῦ.
308 2125 362 2161 12).
381 2125 491 2152 Noctem
512 2124 581 2152 enim
597 2130 715 2158 praesens
729 2128 832 2157 tempus
848 2128 934 2154 vocat,

149 2176 256 2206 propter
270 2179 316 2199 eos
329 2171 372 2206 qui
387 2170 413 2199 in
436 2170 553 2198 tenebris
574 2169 677 2201 sedent,
701 2169 741 2197 vel
757 2168 936 2203 comparando

147 2225 204 2244 eam
218 2225 278 2246 cum
293 2217 335 2244 illa
350 2216 393 2243 die
406 2225 413 2243 :
427 2216 549 2243 Christus
563 2222 626 2242 vero
639 2219 744 2242 noctem
760 2215 876 2251 appellat
895 2214 935 2241 iu-

148 2268 234 2290 tttrum
250 2267 365 2300 tempus,
379 2262 450 2297 quod
463 2266 524 2289 tunc
537 2268 551 2288 a
568 2261 702 2296 peccando
721 2267 850 2288 ccssetur.
866 2260 935 2287 Pau-

147 2310 187 2338 lus
202 2318 266 2338 vcro
290 2313 447 2345 prmsentem
468 2309 548 2336 vitam
572 2313 676 2334 noctem
698 2307 824 2342 appellat,
845 2306 904 2341 quia
918 2306 934 2332 ii

146 2357 229 2391 quiin
255 2355 370 2391 nequitia
392 2360 419 2382 et
441 2353 626 2382 incredulitate
645 2353 744 2383 vivunt.
769 2353 798 2381 in
821 2351 935 2379 tenebris

146 2407 217 2430 sunt.
232 2403 338 2430 Fideles
352 2402 430 2436 igitur
443 2402 580 2437 alloquens
593 2401 639 2431 ait.
659 2399 719 2426 No.1:
733 2399 869 2434 prwccuil,
884 2399 936 2425 dies

145 2453 227 2476 autem
251 2447 470 2483 appropinquavit,
498 2451 588 2481 utpote
612 2445 655 2480 qui
682 2445 740 2472 luce
765 2444 809 2471 illa
831 2443 934 2470 l'ruituri

144 2496 196 2522 sint
211 2503 218 2522 :
235 2499 342 2522 noctem
364 2501 428 2521 vero
449 2499 566 2521 veterem
589 2492 668 2519 vitam
682 2490 807 2526 appellat.
823 2490 935 2524 Abjicia—

146 2549 210 2573 naua,
236 2540 331 2575 inquit,
357 2547 434 2575 opera
457 2538 614 2565 tenebrarum
634 2536 742 2573 (Ibid).
757 2535 934 2563 Viden’illum

146 2593 251 2615 noctem
267 2586 332 2621 ipsis
354 2593 413 2614 esse
427 2585 536 2612 dicere?
548 2585 635 2618 Quare
650 2583 723 2613 addit
738 2591 744 2610 :
768 2581 840 2611 Sicut
855 2581 881 2607 in
894 2580 936 2606 die

145 2633 246 2659 Ιιοιιεειε
258 2631 425 2663 ambulemus,
443 2634 471 2657 ut
493 2631 536 2658 illa
550 2629 669 2656 fruamur
690 2628 758 2655 luce.
775 2627 839 2654 Nam
854 2627 875 2653 si
891 2626 933 2652 lux

146 2677 202 2704 lucc
215 2683 268 2704 tam
284 2676 393 2711 pulchra
408 2680 458 2708 est,
472 2675 557 2710 cogita
571 2674 654 2709 qualis
669 2674 719 2701 erit
732 2673 785 2700 illa.
802 2672 934 2705 Quantum

145 2724 213 2750 enim
227 2722 323 2751 solaris
337 2721 426 2748 radius
448 2726 489 2748 est
512 2721 627 2747 lucenuc
649 2719 747 2746 lumine
761 2717 934 2753 splendidior,

146 2774 227 2802 tanto,
250 2770 304 2796 imo
318 2768 394 2802 longe
415 2767 498 2802 magis
512 2767 562 2794 erit
574 2767 616 2793 lux
639 2766 682 2792 illa
697 2767 745 2791 hac
757 2763 932 2799 praestantior.

146 2815 178 2842 Et
191 2815 240 2842 ltoc
261 2813 426 2849 signiﬁcabat
448 2813 488 2841 his
504 2811 600 2844 verbis,
620 2811 665 2837 Sol
682 2809 894 2841 alittncln'nbitttt‘;
909 2808 934 2837 id

667 141 697 168 IN
716 141 870 169 JllANNEM
908 139 1022 167 ιιοιιιι..
1042 139 1108 167 LVI.
1129 139 1169 166 al.
1186 139 1241 167 LV.

1734 150 1783 178 5N

999 202 1051 230 est.
1069 198 1104 226 ob
1119 200 1170 227 vim
1193 201 1339 236 splendoris
1356 203 1426 231 illius
1449 211 1500 231 non
1514 205 1659 240 apparebit.
1674 207 1749 240 Quod
1762 209 1784 235 si

998 252 1068 272 nunc
1087 250 1116 273 ut
1138 247 1290 281 splendidas
1305 253 1331 276 et
1351 249 1420 276 bono
1442 258 1504 278 aere
1517 251 1633 279 lruentes
1653 253 1723 280 mdes
1739 253 1785 281 ba-

997 290 1117 324 lteamus,
1142 292 1257 320 inﬁnitas
1282 301 1346 328 opes
1360 296 1534 329 expendimus
1556 298 1654 326 misere
1667 299 1790 326 cxzt'dili-

997 336 1082 364 cando
1096 346 1102 364 :
1119 338 1204 372 cogita
1227 343 1290 372 quot
1314 339 1364 366 sint
1381 341 1509 368 subeundi
1525 344 1645 378 corporei
1669 344 1791 374 labores.

997 386 1026 408 ιιι,
1040 382 1192 417 splendidas
1202 384 1274 411 mdes
1288 384 1363 412 nobis
1373 385 1397 412 in
1408 386 1480 413 cadis
1492 392 1669 422 cxstruamus,
1684 390 1728 416 ubi
1741 390 1785 418 lux

997 427 1040 454 illa
1052 427 1201 455 incili-bilis.
1218 429 1264 455 llie
1278 429 1347 456 enim
1363 435 1389 457 et
1405 439 1496 466 pugnre
1517 437 1543 459 et
1557 435 1739 463 contentiones
1753 437 1769 463 d
1779 446 1792 461 ι-

997 474 1116 501 terminis
1140 479 1166 502 ct
1190 475 1353 509 parietibus:
1371 477 1404 503 ibi
1429 485 1490 504 vero
1513 479 1577 506 nihil
1599 481 1695 514 simile,
1712 483 1787 510 nulla

997 520 1092 547 invidia
1116 521 1155 547 vel
1178 520 1261 554 livor;
1286 529 1364 548 nemo
1378 523 1411 549 de
1428 523 1546 551 terminis
1562 525 1697 554 nobiscum
1718 535 1782 555 coa-

996 567 1095 594 tendct.
1124 567 1186 594 llaec
1210 575 1290 603 porro
1314 570 1464 597 necessario
1494 571 1665 606 relinquenda
1690 573 1783 601 domus

994 617 1052 645 est;
1069 613 1111 640 illa
1126 619 1253 648 perpetuo
1268 619 1356 642 manet
1371 624 1376 640 :
1390 615 1446 643 ha-c
1457 621 1574 651 tempore
1589 619 1691 650 teritur,
1705 619 1779 646 irinu-

995 659 1127 694 merisque
1149 659 1261 686 obnoxia
1276 665 1314 687 est
1331 660 1510 694 detrimentis;
1529 663 1569 689 illa
1592 671 1698 697 semper
1712 669 1775 690 stat:

995 703 1062 730 hanc
1085 712 1184 738 pauper
1205 705 1322 732 excitare
1347 706 1452 740 nequit;
1470 706 1513 733 illa
1528 707 1567 734 vel
1582 707 1684 735 duobus
1698 708 1782 735 obolis

993 750 1164 782 construitur,
1190 754 1217 777 ut
1232 750 1307 778 vidua
1324 751 1366 778 illa
1390 753 1546 779 constrinxit.
1564 752 1624 780 Ideo
1643 762 1686 786 pra
1697 753 1782 787 [οι-σι’,

993 796 1063 831 qttod
1076 801 1113 822 tot
1127 796 1202 823 nobis
1217 797 1359 831 propositis
1371 797 1456 831 bonis,
1473 799 1508 825 ita
1520 807 1615 833 segnes
1626 799 1782 834 tlcsidrsque

993 842 1085 874 simus,
1103 841 1220 876 nihilque
1235 849 1286 868 non
1302 849 1420 876 agamus,
1437 848 1463 870 ut
1485 842 1527 869 hic
1541 845 1689 878 conspicuis
1711 844 1782 871 frua-

993 897 1052 916 mur
1067 888 1178 921 a:dibns,
1203 888 1265 915 dum
1282 889 1346 915 nihil
1360 896 1484 916 curatntts
1498 895 1525 917 ut
1542 890 1566 916 in
1583 891 1656 917 cmlis
1678 891 1717 918 vel
1733 892 1780 917 mi-

994 937 1093 964 nitnunt
1108 945 1231 972 paremus
1245 938 1320 966 nobis
1333 938 1518 965 diversorium.
1544 939 1600 972 Dic,
1621 947 1722 974 qumso,
1739 938 1782 966 ubi

993 984 1036 1012 hic
1055 984 1164 1012 donmm
1187 985 1284 1013 habere
1308 985 1406 1013 velles?
1421 986 1447 1012 in
1461 985 1576 1018 deserto,
1591 990 1636 1012 aut
1654 986 1678 1012 in
1693 985 1784 1020 aliquo

994 1038 1074 1064 parvo
1087 1030 1232 1065 oppidulo?
1246 1031 1302 1057 Non
1317 1035 1380 1065 puto
1395 1039 1401 1057 :
1416 1031 1462 1057 sed
1486 1031 1511 1057 in
1528 1031 1629 1065 magnis
1651 1031 1782 1066 regiisque

993 1076 1171 1109 urbibus,,ubi
1184 1076 1269 1110 majus
1283 1076 1484 1108 commercium,
1500 1076 1542 1103 ubi
1558 1077 1684 1114 splendor
1697 1077 1782 1111 major

992 1127 1042 1148 cst.
1058 1122 1113 1156 Ego
1129 1122 1153 1150 in
1173 1122 1251 1148 talem
1275 1126 1301 1148 te
1322 1122 1391 1149 duco
1405 1122 1550 1154 civitatem,
1565 1122 1639 1157 cujus
1652 1122 1739 1156 opifex
1755 1127 1782 1149 ct

991 1172 1085 1195 auctor
1099 1173 1140 1195 est
1156 1169 1234 1195 Deus.
1249 1168 1424 1203 llic,_qn:nso,
1439 1174 1635 1201 construamus,
1653 1168 1694 1198 hic
1707 1176 1782 1195 ex:e-.

992 1213 1130 1240 diﬁccmus
1144 1214 1246 1241 minore
1268 1218 1372 1250 sumptu
1387 1218 1413 1240 et
1435 1214 1550 1241 laborc'.
1565 1214 1617 1246 llas
1631 1214 1702 1243 a'dcs
1715 1222 1778 1241 con-

992 1263 1097 1286 struunt
1111 1266 1205 1285 manus
1213 1267 1366 1293 pauperum,
1381 1259 1431 1286 hoc
1442 1260 1569 1293 optimum
1582 1260 1779 1293 csta-diﬁcium;

991 1312 1049 1339 (pne
1064 1309 1150 1331 autctn
1168 1304 1210 1331 hic
1221 1305 1410 1337 construimus,
1425 1310 1550 1332 extremae
1564 1309 1625 1335 sunt
1640 1305 1780 1332 dementia:

991 1355 1186 1384 argumentum.
1202 1349 1267 1376 Nam
1283 1350 1304 1376 si
1320 1350 1378 1384 quis
1394 1354 1418 1377 te
1434 1350 1460 1377 in
1475 1350 1609 1377 Persidem
1625 1355 1724 1387 ageret,
1740 1351 1780 1377 vi-

991 1402 1081 1422 surum
1098 1395 1168 1422 illam
1187 1395 1320 1430 regionem
1335 1401 1360 1422 et
1376 1403 1435 1422 mox
1460 1403 1645 1427 reversurum;
1662 1399 1740 1430 atque
1754 1400 1780 1424 te

991 1441 1044 1469 illic
1066 1440 1172 1475 juberet
1198 1441 1269 1468 mdes
1289 1445 1425 1468 exstruere
1446 1450 1452 1467 :
1479 1448 1566 1468 antron
1595 1440 1779 1468 stultissimum

991 1485 1065 1513 illum
1085 1485 1197 1518 diceres,
1222 1486 1265 1521 qui
1283 1486 1328 1513 tibi
1352 1487 1457 1513 inanem
1481 1491 1614 1520 sumptum
1637 1485 1779 1513 suaderet"

990 1538 1038 1558 cur
1050 1538 1113 1565 ergo
1127 1531 1152 1558 in
1169 1535 1238 1558 terra
1252 1531 1365 1565 idipsum
1383 1531 1456 1563 facis,
1473 1531 1542 1558 unde
1557 1531 1628 1558 brevi
1652 1531 1778 1566 migratu-

991 1583 1037 1603 rus
1050 1576 1099 1603 es?
1114 1577 1157 1607 At,
1175 1576 1287 1610 inquies,
1306 1576 1365 1602 liliis
1381 1576 1538 1610 relinquam.
1555 1576 1650 1603 Verum
1663 1576 1697 1603 illi
1713 1584 1778 1611 quo-

989 1631 1041 1661 que
1055 1626 1081 1649 te
1092 1622 1169 1656 paulo
1185 1625 1243 1656 post
1266 1621 1403 1656 sequuturi
1426 1626 1503 1653 sunt;
1521 1622 1573 1648 imo
1586 1629 1656 1656 saepe
1671 1625 1696 1648 te
1709 1629 1778 1656 prat-

990 1667 1094 1700 cedent,
1122 1667 1281 1702 illorumquc
1307 1666 1430 1694 similiter
1454 1667 1570 1702 posteri;
1597 1667 1710 1701 hincque
1732 1667 1778 1693 tibi

990 1714 1111 1742 maeroris
1120 1721 1208 1746 causa,
1219 1721 1279 1741 cum
1289 1713 1400 1740 heredes
1410 1721 1460 1740 non
1471 1712 1515 1739 tibi
1528 1720 1666 1747 superesse
1678 1713 1776 1740 videas.

989 1760 1026 1788 lbi
1042 1768 1105 1788 vero
1122 1759 1186 1786 nihil
1201 1759 1351 1794 hujusmodi
1368 1758 1522 1791 timendum,
1540 1758 1585 1785 sed
1602 1759 1708 1785 imtnota
1722 1767 1778 1784 ma-

990 1812 1035 1834 net
1047 1806 1178 1833 hereditas
1194 1805 1250 1838 tibi,
1266 1805 1337 1838 ﬁliis,
1351 1805 1501 1839 nepotibus,
1523 1805 1544 1832 si
1559 1804 1678 1831 conuictu
1695 1804 1778 1831 virtu-

990 1858 1041 1881 tem
1057 1853 1235 1880 imitabantur.
1253 1852 1326 1883 lllam
1341 1851 1459 1882 Christus
1475 1851 1602 1878 a‘tliﬁcat:
1620 1858 1671 1886 quo
1685 1850 1779 1885 opilice

989 1900 1069 1929 rmllis
1094 1899 1271 1930 curatoribus,
1297 1898 1365 1926 nulla
1391 1898 1567 1927 sollicitudine
1583 1903 1621 1925 est
1636 1906 1712 1932 optts.
1730 1897 1777 1924 Ubi

989 1945 1060 1975 enim
1090 1945 1159 1974 Deus
1185 1944 1210 1970 in
1234 1951 1263 1971 se
1290 1943 1399 1978 suspicit
1426 1950 1510 1978 Opus,
1536 1942 1598 1977 quid
1627 1943 1695 1969 ultra
1728 1949 1776 1968 cn-

989 1990 1118 2018 randum?
1152 1989 1198 2017 Ille
1220 1989 1308 2016 omnia
1334 1988 1457 2023 colligit,
1483 1993 1511 2015 et.
1533 1988 1641 2015 domum
1668 1987 1775 2014 excitat.

989 2037 1078 2072 Neque
1106 2035 1131 2063 id
1155 2035 1240 2062 solum
1268 2034 1388 2061 mirabile
1410 2038 1465 2065 cst;
1488 2033 1534 2060 srd
1555 2032 1626 2067 quod
1647 2033 1681 2059 ita
1706 2032 1778 2059 illam

989 2087 1108 2110 exstruat
1131 2086 1159 2108 ut
1185 2085 1286 2116 optare,
1316 2080 1370 2106 imo
1392 2079 1487 2106 melius
1509 2085 1587 2114 quam
1608 2083 1700 2113 optare
1715 2085 1777 2112 pos-

988 2130 1036 2156 sis.
1066 2128 1112 2155 Est
1131 2127 1201 2154 enim
1224 2126 1318 2153 artifex
1340 2125 1466 2160 optimus,
1495 2124 1538 2158 qui
1567 2124 1613 2150 tibi
1639 2124 1777 2150 utilissima

989 2179 1073 2202 curat.
1086 2174 1112 2201 Si
1128 2180 1227 2209 pauper
1240 2172 1286 2204 sis,
1302 2176 1328 2199 et
1340 2171 1408 2198 hanc
1418 2174 1572 2198 construere
1582 2169 1689 2196 domum
1702 2169 1777 2201 velis,

989 2220 1087 2249 nullam
1111 2218 1247 2250 invidiam,
1270 2217 1371 2244 nttllum
1396 2216 1442 2243 tibi
1456 2214 1540 2250 pariet
1560 2214 1680 2241 livorem.
1694 2213 1778 2240 Nemo

988 2267 1058 2294 enim
1073 2265 1177 2293 invidus
1192 2264 1262 2293 illam
1276 2263 1376 2295 videt’,
1398 2261 1444 2289 sed
1458 2260 1543 2294 angeli
1558 2264 1669 2292 tantum,
1685 2259 1728 2294 qui
1745 2259 1779 2286 de

990 2313 1066 2340 bonis
1078 2311 1129 2339 tuis
1143 2311 1258 2346 gaudent
1273 2319 1279 2337 :
1297 2316 1376 2337 nemo
1389 2308 1459 2335 illius
1475 2308 1540 2334 ﬁnes
1562 2306 1687 2334 invadere
1701 2310 1776 2340 pote-

989 2359 1032 2390 rit,
1047 2358 1107 2393 quia
1121 2357 1171 2384 hoc
1187 2355 1280 2383 morbo
1301 2354 1475 2382 laborantium
1500 2353 1587 2380 nttlltts
1602 2352 1703 2378 vicinus
1716 2350 1775 2378 erit.

990 2405 1095 2432 Vicinos
1109 2404 1161 2431 illic
1174 2402 1283 2430 habebis
1303 2405 1418 2434 sanctos,
1443 2399 1562 2431 Paulum,
1579 2399 1697 2430 Petrum,
1715 2405 1776 2431 pro-

990 2452 1082 2486 phetas
1092 2457 1196 2482 omnes,
1208 2452 1346 2483 martyres,
1358 2447 1511 2481 angelorum
1524 2449 1549 2472 et
1558 2443 1777 2477 archangclornm

988 2503 1083 2525 coetus.
1099 2497 1147 2523 llis
1159 2502 1222 2523 vero
1233 2494 1266 2521 de
1279 2494 1365 2521 causis
1375 2492 1513 2520 facultates
1525 2488 1682 2524 pauperibus
1694 2487 1778 2515 ell‘un-

988 2544 1093 2576 damus,
1118 2546 1146 2568 ut
1170 2541 1213 2567 illa
1235 2538 1401 2567 tabernacula
1423 2542 1626 2570 consequamur,
1651 2541 1710 2567 qua:
1729 2539 1777 2559 nos

989 2596 1080 2616 omnes
1090 2586 1200 2621 adipisci
1209 2584 1354 2618 contingat,
1364 2582 1447 2617 gratia
1458 2586 1485 2608 et
1498 2579 1658 2614 benignitate
1673 2577 1777 2604 Domini

990 2635 1071 2662 nostri
1082 2631 1259 2663 .leSquristi,
1275 2638 1322 2665 per
1329 2636 1407 2664 quem
1421 2633 1447 2655 et
1462 2634 1521 2654 cum
1536 2634 1587 2660 quo
1596 2624 1666 2651 Patri
1681 2623 1776 2658 gloria,

989 2681 1119 2715 simulque
1130 2677 1236 2713 Spiritui
1246 2681 1347 2709 sancto,
1363 2675 1388 2702 in
1399 2673 1492 2701 sarcula
1500 2671 1666 2700 smculorum.
1681 2670 1775 2696 Amen.

1021 2750 1028 2765 ι
1048 2748 1114 2773 “me.
1128 2749 1149 2770 (τι
1162 2745 1249 2771 labore,
1262 2742 1352 2773 desunt
1364 2741 1386 2773 in
1399 2738 1607 2773 qttilmslatnlptss,
1648 2767 1654 2771 _
1683 2767 1687 2770 _

1021 2764 1030 2795 ί
1047 2764 1367 2807 iféié‘uiiuififuigiinustas
1379 2764 1478 2797 in'uotis
1490 2768 1627 2797 savilianis,
1647 2767 1669 2790 in
1681 2765 1721 2792 ilt'u
1737 2764 1776 2788 Ia:—

991 2810 1056 2838 ινίΙίιι,
1070 2803 1131 2837 loco,
1144 2803 1209 2831 illittit
1223 2803 1292 2829 lidt‘t.
