2031 3118
245 141 291 169 511
607 141 634 169 S.
656 139 793 168 JOANNIS
812 137 1050 166 CllltYSOSTOMI
1071 137 1229 166 AltClllEl‘.
1247 139 1513 169 CONSTANTINOP.

1837 146 1888 171 5i!

1509 212 1516 215 _
1525 212 1876 221 ____.._~_._._‘

914 234 1087 284 'uoutua
1111 253 1202 284 Lvu.

241 347 305 373 Car.
328 345 355 373 9.
384 351 413 370 v.
429 343 456 371 6.
480 342 544 370 "(EC
566 350 622 368 tum
649 341 752 368 dixisset
775 339 862 371 Jews,
888 337 987 371 exspuit
1011 335 1037 362 iu

279 396 382 422 terram,
397 393 419 416 et
433 388 491 424 fecit
505 388 586 415 lutum
599 395 629 414 ea:
642 391 725 421 sputo,
739 384 850 412 etliniuit
865 384 946 410 Iulum
961 389 1037 415 super

277 436 362 463 oettlot
385 435 455 469 cteci,
480 438 503 462 et
526 433 589 460 dixit
606 441 615 460 :
635 433 661 459 7.
689 431 766 464 Vnde,
783 431 867 457 [τηεψ-ε
887 430 912 455 in
940 428 1037 464 piscina

278 482 360 509 Siloe.

278 529 303 556 Ι.
320 527 462 562 Scriptum
479 536 528 554 non
543 525 710 562 perfunctorie
726 523 846 559 Iegcutltc.
861 522 911 549 Cur
922 521 1036 548 Christus

240 583 335 602 meum
356 578 490 601 sanaturus
512 574 538 600 in
559 578 650 599 terram
665 570 800 606 ea‘sptterit.
816 567 882 596 Circi
908 568 961 594 uati
974 567 1037 600 fides

240 625 346 652 quanta.
360 634 396 640 —
408 619 457 653 Qui
473 619 588 654 aliquam
604 626 634 644 ex
655 616 810 644 lectionibus
825 614 965 643 utilitatem
979 620 1036 640 car-

242 674 303 701 pere
317 666 418 698 volunt,
432 672 464 692 ne
475 665 614 692 minimum
628 663 689 698 quid
709 671 732 689 nt
746 665 959 697 prrctcrcurrant.
975 659 1043 687 Ideo

243 719 356 746 namque
369 710 520 745 Seripturas
533 709 644 736 scrutari
656 708 790 743 jubcnntr,
805 706 866 742 quia
879 705 961 733 multa
976 713 1034 739 qurc

242 758 331 784 statim
360 756 446 784 facilia
472 756 610 787 videmur,
637 762 759 789 magnam
787 753 886 780 habent
910 751 1034 779 latentem

241 802 381 830 sententia:
404 801 621 837 profunditatem.
640 800 703 827 Vide
718 806 831 834 namque
845 798 906 833 quid
928 798 952 824 itt
967 805 1035 832 pra:-

241 850 309 877 scnti
335 846 507 885 proponatur.
525 848 588 875 llwc
611 856 666 874 cum
692 847 805 877 tlixissel,
831 846 925 880 inquit,
939 845 1035 879 exspuit

241 897 265 922 in
279 901 372 922 terram
387 895 421 932 (υ.
436 895 453 923 5
476 900 498 922 et
511 895 550 930 4).
571 893 624 921 Cur
639 894 704 920 hoc?
721 893 753 920 Ut
773 892 956 919 manilestctur
975 890 1034 925 glo-

242 942 278 968 tia
295 942 352 975 Dei,
377 946 403 969 ct
425 941 495 976 quod
517 946 640 976 oporteat
663 949 704 967 nte
721 940 807 967 facere
822 946 903 974 opera
917 939 974 973 ejus
990 938 1033 973 qui

241 987 313 1015 misit
337 995 389 1014 me.
414 987 505 1022 Neque
529 987 599 1014 enitn
624 987 681 1014 sittc
707 993 785 1013 causa
808 986 863 1012 huic
878 985 1035 1012 ntetttoravit

241 1033 414 1068 evangelista,
428 1033 582 1068 addiditque
605 1034 689 1067 ipsmn
713 1033 867 1067 exspuisse;
883 1031 928 1058 sed
944 1036 972 1058 ttt
986 1031 1034 1058 de-

240 1080 354 1107 clararet
375 1079 468 1107 Jesum
492 1080 616 1115 operibtts
637 1087 788 1107 sermonem
812 1079 981 1106 conﬁrmare.
1002 1079 1035 1106 Et

240 1134 286 1153 cur
302 1134 353 1153 non
367 1134 434 1161 aqua
448 1134 511 1153 usus
525 1132 576 1158 est,
590 1126 636 1154 sed
647 1132 726 1161 sputo
739 1126 770 1153 ad
781 1127 863 1153 lutmn
874 1125 1040 1153 faciendum?-

241 1171 368 1199 Missurus
387 1172 460 1199 illum
479 1177 536 1200 erat
553 1173 578 1200 in
600 1172 682 1200 Siloe.
699 1172 736 1199 Ne
750 1172 812 1207 quid
829 1180 892 1206 ergo
906 1171 971 1198 fonti
986 1171 1035 1198 ad-

240 1218 410 1250 scriberetur,
420 1218 466 1245 sed
474 1218 599 1249 diseercs,
614 1226 645 1245 ex
662 1226 709 1245 ore
720 1218 777 1252 ejus
790 1218 887 1245 cxiisse
898 1218 1040 1250 virtutem,

241 1275 300 1301 qua:
315 1267 463 1294 ellbrmavit
484 1271 511 1294 ct
527 1267 630 1301 aperuit
645 1266 866 1299 oculos,exspuit
883 1266 908 1291 in
925 1270 1033 1292 terram.

243 1312 298 1338 lloc
312 1312 464 1347 signiﬁcans
478 1311 639 1346 evangelista
655 1311 770 1343 dicebat,
789 1310 819 1337 Et
838 1311 916 1337 tutum
931 1310 988 1346 fecit
1002 1318 1032 1336 ea:

241 1363 324 1393 sputo.
342 1357 440 1385 Deinde
455 1365 488 1385 ne
501 1362 638 1393 putaretur
652 1364 718 1392 opus
729 1365 763 1384 ex
780 1361 848 1383 terra
859 1355 1031 1391 processisse,

242 1404 330 1430 lavare
350 1403 439 1438 jussit.
465 1402 518 1430 Cur
540 1411 603 1438 ergo
619 1410 671 1429 non
686 1402 773 1429 statim
791 1399 841 1428 hoc
855 1401 926 1434 fecit,
947 1401 1033 1428 sedin

241 1449 340 1475 Siluani
356 1448 446 1475 misit?
459 1447 494 1475 Ut
506 1448 569 1475 casei
584 1447 662 1474 [idem
675 1447 771 1478 discas,
789 1451 869 1481 utque
881 1446 1033 1474 Jnd:eorum

243 1495 416 1529 pt-rvieacitas
438 1495 637 1529 reprimeretur.
654 1493 787 1521 Credibile
802 1493 872 1520 enim
889 1497 929 1520 est
942 1500 1035 1521 omnes

243 1542 340 1569 vidisse
362 1542 434 1568 illum
453 1541 606 1574 abeuntem,
631 1540 781 1575 illitumque
805 1539 888 1566 ltttum
913 1539 937 1566 in
952 1539 1039 1566 oculis

243 1588 394 1615 habentem.
413 1588 467 1614 Res
480 1587 551 1615 enim
566 1587 747 1622 inexspectata
763 1587 880 1613 omnium
897 1586 987 1613 oculos
1002 1585 1035 1613 ad

243 1634 328 1666 ipsum
342 1633 474 1660 convertit
489 1640 495 1660 :
511 1636 564 1659 tum
579 1631 623 1667 qui
647 1631 779 1664 viderunt,
804 1635 858 1658 ttun
873 1631 915 1665 qui
932 1631 1036 1666 ignora-

244 1679 313 1708 bant.
330 1678 362 1705 ad
374 1678 411 1705 rei
424 1677 525 1705 exitum
539 1678 631 1704 intenti
646 1681 731 1704 erant.
742 1677 807 1710 Quia
818 1677 888 1704 enim
899 1684 950 1703 non
959 1676 1036 1704 facile

242 1725 344 1752 ereditu
360 1728 418 1751 erat
439 1732 538 1752 caecum
564 1724 647 1750 visum
662 1730 845 1757 recuperasse,
869 1730 915 1757 per
931 1723 1034 1757 longam

242 1772 312 1797 viam
327 1771 426 1798 multos
439 1774 514 1805 parat
527 1774 618 1801 testes,
632 1774 658 1796 et
674 1775 726 1796 tam
750 1769 862 1795 insolita:
877 1768 912 1795 rei
932 1774 1036 1803 specta-

243 1822 331 1849 tores;
357 1820 385 1843 ut
405 1815 561 1843 attentiorcs
583 1815 654 1845 facti.
674 1815 728 1849 jatn
745 1823 796 1841 nttn
813 1818 918 1848 possent
935 1813 1034 1846 dicere,

244 1863 292 1889 llic
304 1866 356 1895 est,
373 1869 424 1888 non
441 1865 482 1889 est
506 1861 558 1888 hic.
584 1861 623 1888 Ad
639 1861 696 1888 luce
711 1868 775 1887 vero
798 1860 851 1887 vult
866 1860 930 1887 illud
947 1865 1043 1887 esten-7

243 1909 317 1941 dere,
343 1915 373 1935 se
396 1907 480 1935 veteri
508 1907 559 1942 legi
587 1907 748 1934 contrarium
772 1914 823 1933 non
845 1914 914 1938 osse,
930 1906 992 1934 dum
1010 1906 1036 1932 in

242 1954 314 1981 Siloe
335 1953 426 1980 mittit.
452 1952 543 1987 Neque
558 1952 820 1980 enim-metuendum
846 1957 915 1985 erat,
930 1959 963 1979 nc
975 1952 1035 1978 iacti

242 1998 325 2033 gloria
335 1998 406 2026 Siloe
422 1997 577 2026 referretur.
592 1998 666 2026 Multi
681 2006 796 2033 namque
812 1998 870 2025 istic
890 1998 982 2025 oculos
996 1998 1036 2024 la-

244 2048 346 2076 verant,
362 2044 406 2079 qui
418 2043 483 2071 nihil
499 2043 560 2071 inde
575 2044 634 2070 botti
646 2048 709 2070 sunt
723 2044 878 2078 consequuti
904 2043 952 2070 llic
965 2044 1035 2071 eniut

243 2090 326 2116 virtus
340 2089 438 2117 Christi
460 2089 549 2116 onmia
571 2094 720 2124 operatur:
742 2089 855 2124 ideoque
877 2089 1036 2124 interpreta-

243 2136 343 2163 tionem
359 2135 401 2162 hie
416 2135 506 2169 adjicit
517 2135 688 2170 evangelista.
704 2134 769 2161 Cum
784 2135 894 2162 dixisset
907 2135 988 2167 enim,
1003 2134 1036 2160 In

243 2182 324 2214 Siloa,
339 2181 439 2216 adjicit,
448 2181 503 2208 Hoc
510 2186 555 2214 est,
565 2181 668 2214 Missus,
679 2186 707 2208 ut
716 2181 846 2216 intelligas
853 2181 904 2208 illic
911 2189 924 2207 a
931 2180 1037 2207 Christo

243 2232 363 2255 curatum
374 2235 443 2261 esse,
454 2233 481 2255 ut
493 2227 589 2255 Paulus
596 2228 633 2254 ait
643 2236 648 2252 :
659 2227 778 2254 Bibelmnt
786 2231 867 2253 autent
876 2226 1037 2261 despirituali

243 2279 407 2308 consequente
419 2274 476 2301 illos
489 2278 559 2308 petra
569 2281 578 2300 :
586 2278 659 2307 petra
668 2278 751 2299 autent
759 2272 930 2299 eratC/tristus
937 2272 960 2308 (ί
968 2271 1035 2299 .Cor.

246 2319 333 2355 10.4).
346 2319 381 2347 Ut
392 2320 457 2354 ergo
464 2320 584 2346 Christus
595 2323 651 2346 erat
663 2318 788 2353 spiritalis
795 2322 879 2353 petra,
887 2318 921 2344 ita
928 2317 1039 2352 etspiri-

246 2366 305 2393 talis
320 2366 401 2394 Siloe.
423 2366 534 2393 Videtur
547 2369 636 2392 autem
653 2365 717 2392 mihi
734 2365 872 2399 repentina
896 2365 940 2392 illa
962 2372 1038 2400 aqua:

247 2412 387 2446 pratscntia
420 2419 547 2439 arcanunt
581 2410 657 2438 nobis
683 2409 833 2445 signiﬁcare
870 2411 1036 2446 mysterium.

245 2457 384 2491 Quodnam
400 2457 486 2484 illud?
501 2457 714 2492 lnexspcctatum
729 2460 827 2491 przeter
840 2464 914 2491 spem
930 2465 1038 2485 onmem

246 2503 402 2531 adventum.
419 2503 471 2530 Sed
494 2502 555 2530 vide
573 2502 638 2530 mihi
653 2503 717 2529 eieci
740 2504 857 2530 animum
874 2503 899 2531 in
916 2504 1038 2532 omnibus

246 2550 446 2585 obsequentem.
459 2548 550 2583 Neque
565 2548 635 2575 enim
646 2547 722 2580 dixit,
736 2548 763 2575 Si
780 2547 862 2575 lutum
877 2553 921 2576 aut
932 2554 1036 2583 sputum

246 2595 310 2623 mihi
328 2595 468 2621 oculorum
483 2600 559 2620 usttm
576 2593 727 2626 restitttunt,
744 2593 805 2628 qttid
822 2601 887 2628 opus
898 2599 938 2621 est
950 2594 1039 2622 Siloe?

245 2642 266 2668 si
283 2647 345 2668 vero
360 2639 443 2671 Siloe.
463 2639 526 2673 quid
550 2647 616 2674 opus
636 2645 676 2667 est
698 2639 796 2674 sputo?
811 2647 858 2667 cur
872 2641 967 2674 linivit,
991 2650 1038 2669 cur

248 2687 337 2713 lavare
347 2685 444 2720 jussit?
455 2684 526 2712 Nihil
543 2685 636 2712 borum
651 2685 692 2713 vel
706 2686 843 2720 cogitavit;
859 2687 905 2714 sed
918 2695 996 2714 unttm
1012 2688 1037 2714 in

247 2731 383 2766 proposito
406 2730 531 2764 habebat,
557 2735 585 2758 ut
607 2730 709 2765 jubenti
734 2731 948 2766 obtemperaret:
973 2732 1038 2759 nihil

249 2778 334 2811 ipsum
351 2776 470 2810 rctinltit,
483 2777 549 2804 nihil
562 2777 681 2805 offendit.
696 2777 723 2805 Si
739 2778 798 2813 quis
810 2786 873 2805 vero
886 2777 967 2810 dicat,
981 2778 1038 2812 Quo

247 2828 324 2858 pacto
340 2821 395 2850 luto
408 2822 530 2857 deposito
543 2823 627 2851 visum
647 2824 768 2859 recepit?
782 2824 847 2852 nihil
863 2832 877 2851 a
900 2824 977 2851 nobis
990 2832 1037 2851 au-

248 2868 301 2895 diet
314 2867 394 2902 aliud,
411 2876 487 2904 quatit
504 2877 553 2897 nos
568 2869 675 2897 ntodtnu
688 2870 801 2898 nescire.
820 2870 852 2897 Et
867 2870 929 2905 quid
943 2871 1037 2898 mirutn

1090 337 1112 364 si
1123 339 1285 374 nesciamus,
1299 341 1405 375 quando
1421 349 1455 369 ne
1476 343 1637 377 evangelista
1652 343 1759 378 quidem
1773 343 1886 376 sciebat,

1090 391 1177 418 neque
1198 385 1278 412 etiam
1301 386 1357 421 ipse
1370 387 1414 421 qui
1429 394 1536 414 sanatus
1552 388 1618 415 fuit?
1633 388 1685 416 Sed
1699 389 1761 424 quid
1786 389 1885 417 factum

1090 428 1186 457 fuisset
1198 436 1318 464 noverat,
1335 432 1442 460 modum
1458 441 1521 460 vero
1536 433 1737 468 deprehendere
1748 442 1801 462 non
1811 440 1886 470 poto-

1090 479 1140 502 rat.
1157 475 1224 504 Illud
1242 485 1305 505 vero
1319 478 1496 512 interrogatus
1512 479 1616 507 dicebat
1630 489 1636 507 :
1652 480 1745 507 Lutum
1764 481 1886 515 imposuit

1089 521 1168 549 oculis
1179 523 1250 556 meis,
1264 529 1287 550 et
1298 524 1357 556 lavi,
1372 529 1394 551 et
1410 525 1491 553 video.
1503 525 1529 552 ld
1539 531 1627 553 autem
1641 527 1774 561 qumnodo
1787 528 1884 555 factum

1089 567 1134 601 sit,
1161 568 1252 596 dicere
1278 570 1384 604 nequit,
1405 571 1508 598 etiamsi
1535 571 1631 598 millies
1659 572 1834 607 interrogent.
1857 574 1884 600 8.

1089 613 1180 649 lioque
1203 615 1288 649 ricini,
1315 617 1409 652 inquit,
1429 623 1451 644 et
1466 619 1509 653 qui
1528 619 1641 646 viderunt
1661 628 1716 646 eum
1731 621 1810 654 prius,
1824 622 1889 655 quia

1089 660 1217 687 mendicus
1237 662 1317 694 erat‘,
1331 663 1446 690 dicebant
1460 670 1469 690 :
1482 663 1576 691 Nonne
1595 665 1636 691 ltic
1660 670 1696 692 est
1716 667 1757 699 qui
1772 666 1884 700 sedebat,

1088 709 1112 731 et
1131 706 1306 734 mendicabat?
1319 707 1345 735 9.
1366 708 1417 735 Atii
1427 708 1553 742 dicebant,
1575 708 1624 736 Hic
1637 715 1682 737 est.
1699 710 1746 738 Rei
1762 711 1884 739 insolen-

1090 750 1124 777 tia
1148 751 1180 778 ad
1203 752 1415 780 inerudelitatem
1431 753 1543 782 ducebat
1563 762 1622 787 eos,
1646 755 1706 783 licet
1722 761 1774 783 tam
1800 757 1883 784 multa

1088 796 1193 830 provisa
1210 802 1310 831 essent,
1326 806 1384 833 qua:
1401 799 1472 834 ipsos
1491 799 1524 826 ad
1537 800 1697 828 credendum
1714 801 1881 829 inducerent.

1088 843 1140 870 Alii
1159 848 1247 871 autem
1263 844 1387 872 dicebant
1403 854 1409 872 :
1427 844 1520 874 Nonne
1540 846 1581 874 ltie
1602 852 1639 875 est
1661 848 1704 881 qui
1728 848 1839 882 sedebat,
1860 854 1884 875 et

1088 889 1265 916 mentlicabnt.’

1124 934 1171 961 Dei
1184 935 1323 972 benignitas
1348 946 1407 973 erga
1432 946 1518 965 omnes
1542 940 1652 974 cujusvis
1673 941 1833 968 conditionis.
1849 956 1885 962 —-

1088 982 1166 1016 l’apre
1178 1003 1185 1015 ,
1199 989 1297 1018 quanta
1322 984 1367 1011 Dei
1394 985 1562 1013 humanitas!
1579 986 1723 1022 Quousque
1744 988 1884 1016 descendit

1088 1027 1150 1054 dtutt
1167 1036 1226 1056 eum
1244 1034 1315 1056 tanta
1330 1030 1512 1059 benevolentia
1530 1033 1666 1060 mendicos
1680 1039 1766 1066 curat,
1782 1040 1809 1061 ct
1822 1025 1897 1061 hinc-

1087 1073 1186 1102 .ludzeis
1202 1075 1335 1102 siletttium
1351 1076 1461 1111 imponit
1473 1097 1481 1111 ,
1495 1078 1555 1113 quia
1579 1086 1631 1106 non
1647 1079 1750 1113 claros,
1765 1081 1883 1107 illustres

1087 1127 1117 1146 ac
1131 1121 1262 1155 principes
1276 1122 1356 1154 viros,
1367 1123 1413 1150 sed
1425 1124 1551 1151 obscuros
1563 1126 1642 1152 etiam
1657 1133 1703 1153 sua
1717 1127 1881 1160 providentia
1896 1117 1898 1119 i

1087 1165 1245 1200 dignabatur
1262 1177 1270 1194 :
1285 1175 1344 1195 nam
1360 1168 1392 1195 ad
1407 1169 1526 1196 omnium
1542 1171 1653 1198 salutem
1671 1177 1791 1199 venerat.
1807 1173 1882 1205 Quod

1088 1217 1176 1239 autent
1192 1213 1288 1240 accidit
1303 1214 1328 1241 in
1346 1215 1490 1251 paralytico
1501 1237 1509 1249 ,
1528 1216 1570 1244 hic
1585 1225 1691 1253 qttoque
1706 1219 1805 1246 evenit.
1830 1219 1883 1246 Ne-

1087 1266 1139 1292 que
1154 1258 1225 1285 cnittt
1241 1259 1284 1286 ille
1299 1259 1358 1294 quis
1371 1267 1401 1288 se
1420 1266 1538 1288 curasset
1551 1267 1638 1295 norat,
1655 1271 1741 1298 neque
1755 1263 1809 1291 hic.
1828 1264 1883 1291 lloc

1088 1309 1176 1329 autent
1186 1303 1324 1330 aceiditob
1337 1304 1434 1332 Christi
1449 1305 1598 1333 discessum
1612 1307 1671 1342 :qni
1688 1315 1746 1335 cum
1761 1309 1881 1342 curabat,

1089 1356 1195 1383 semper
1208 1349 1334 1377 secedere
1350 1350 1469 1382 solebat,
1486 1356 1514 1378 ut
1541 1352 1610 1379 circa
1627 1353 1701 1387 signa
1725 1354 1813 1381 omnis
1835 1362 1881 1381 su-

1089 1395 1172 1428 Spicio
1189 1395 1336 1422 tolleretur.
1350 1396 1400 1430 Qui
1414 1397 1485 1424 enim
1500 1406 1552 1424 non
1566 1406 1695 1426 noverant
1719 1400 1778 1435 quis
1793 1406 1881 1434 esset,

1088 1441 1222 1475 quomodo
1239 1442 1263 1468 in
1279 1442 1336 1477 ejus
1346 1444 1456 1478 gratiam
1469 1444 1538 1472 circa
1554 1453 1596 1472 res
1609 1451 1697 1480 gestas
1712 1447 1811 1482 aliquid
1836 1448 1882 1474 litt-

1089 1487 1210 1514 xisscnt?
1225 1487 1317 1523 Neque
1329 1489 1399 1516 enim
1416 1489 1459 1517 hic
1476 1497 1562 1517 caecus
1575 1498 1636 1518 erro
1653 1492 1785 1526 quispiam
1805 1499 1863 1519 erat
1874 1514 1881 1526 ,

1089 1533 1134 1560 sed
1148 1533 1180 1560 ad
1198 1534 1287 1569 templi
1298 1535 1394 1569 januas
1408 1536 1527 1563 sedebat.
1546 1537 1731 1564 DubitautLbus
1747 1547 1811 1574 ergo
1824 1547 1866 1565 out

1090 1580 1167 1606 nibus
1181 1581 1251 1607 circa
1267 1581 1339 1607 illum
1352 1602 1359 1613 ,
1375 1581 1437 1616 quid
1453 1581 1539 1609 dicit?
1555 1582 1611 1618 Ego
1624 1591 1690 1610 sum.
1712 1583 1768 1611 Non
1793 1585 1885 1619 puduit

1091 1624 1208 1659 pristina!
1222 1625 1368 1659 C(l‘CiltlliS,
1384 1634 1435 1654 non
1457 1627 1610 1655 formidavit
1633 1629 1722 1663 populi
1747 1629 1863 1657 furorem
1876 1652 1882 1663 ,

1089 1679 1176 1706 neque
1191 1671 1290 1699 veritus
1305 1678 1345 1700 est
1357 1681 1417 1700 sese
1431 1675 1590 1708 ostendere,
1607 1680 1635 1701 ut
1649 1675 1799 1704 beneficum
1813 1685 1879 1711 prte-

1090 1716 1202 1744 dicaret.
1219 1717 1263 1744 10.
1279 1717 1374 1744 Dicunt
1385 1719 1417 1749 ei.
1435 1719 1569 1752 Quomodo
1580 1721 1660 1756 aperti
1670 1727 1727 1748 sunt
1742 1722 1785 1748 tibi
1800 1723 1884 1749 oculi?

1093 1763 1135 1789 Η.
1153 1763 1294 1798 Respondit
1309 1764 1343 1791 eis
1362 1772 1371 1791 :
1393 1764 1476 1792 llomo
1488 1765 1530 1801 qui
1541 1765 1635 1793 dicitur
1652 1766 1737 1794 Jesus.
1756 1767 1825 1801 Quid
1844 1769 1885 1794 di-

1091 1809 1129 1836 cis
1140 1809 1151 1835 ‘?
1164 1817 1197 1836 an
1215 1810 1294 1837 homo
1308 1810 1364 1838 hate
1379 1811 1525 1846 operatur?
1541 1812 1593 1840 Sed
1608 1813 1673 1840 nihil
1688 1813 1777 1841 adhuc
1798 1814 1832 1841 de
1853 1823 1885 1842 co

1091 1863 1214 1891 magnum
1230 1855 1398 1890 opinabatur.
1417 1857 1500 1885 Homo
1522 1859 1565 1893 qui
1588 1858 1680 1885 dicitur
1698 1859 1773 1886 Jesus
1784 1860 1806 1892 ²,
1828 1861 1886 1895 [erit

1091 1901 1172 1927 Iulum
1183 1906 1205 1928 et
1217 1902 1298 1928 unxit.

1125 1946 1153 1973 2.
1170 1946 1234 1974 ε(ρεί
1248 1956 1262 1973 rt
1275 1947 1372 1974 Christo
1388 1949 1468 1974 san/Ili
1484 1949 1613 1975 verucitns.
1633 1949 1643 1975 I
1649 1959 1663 1976 ιι
1686 1951 1716 1976 iis
1738 1959 1795 1986 qua:
1809 1951 1884 1976 rideri

1091 1998 1224 2027 nequeunt,
1237 1993 1288 2027 ﬁde
1300 1998 1336 2020 est
1347 2002 1419 2028 opus.
1436 1994 1501 2022 Vide
1512 2002 1591 2030 quam
1607 2003 1686 2022 verax
1703 1996 1747 2022 sit.
1769 1996 1827 2022 Non
1842 1997 1883 2022 di-

1091 2038 1129 2064 xit
1145 2038 1214 2065 unde
1228 2038 1319 2066 iecerit
1334 2046 1340 2064 :
1355 2039 1424 2074 quod
1439 2040 1509 2067 enim
1521 2048 1573 2067 non
1589 2041 1689 2068 viderat
1699 2062 1713 2074 ,.
1735 2049 1787 2069 non
1810 2042 1883 2069 dicit.

1091 2083 1181 2117 Neque
1193 2084 1264 2111 enim
1280 2084 1383 2112 viderat
1399 2085 1472 2112 illum
1489 2086 1627 2121 exspuisse
1647 2087 1672 2114 in
1695 2091 1792 2114 terram
1806 2108 1814 2120 ,
1838 2088 1883 2114 sed

1091 2129 1160 2163 quod
1179 2130 1299 2158 unxissct
1310 2151 1317 2163 ,
1332 2138 1412 2158 sensu
1427 2136 1452 2158 et
1467 2139 1501 2159 cx
1514 2136 1585 2159 tactu
1601 2138 1765 2168 perceperat.
1779 2134 1812 2160 Et
1823 2134 1885 2161 dixit

1091 2177 1152 2202 mihi
1165 2197 1172 2209 ,
1193 2176 1262 2204 Vnde
1273 2197 1280 2210 ,
1295 2177 1379 2204 lavare
1392 2178 1417 2204 in
1430 2179 1554 2205 nolntoriu
1570 2179 1658 2206 Siloe..
1668 2179 1722 2206 lloc
1739 2188 1772 2207 ex
1795 2181 1884 2207 audiit;

1093 2221 1297 2249 testitirabatur.
1311 2223 1343 2250 Et
1364 2223 1433 2251 unde
1456 2224 1554 2251 Christi
1577 2233 1669 2252 vocent
1694 2227 1827 2253 noverat?
1848 2227 1883 2253 lix

1092 2267 1150 2302 ejus
1165 2276 1224 2295 eum
1240 2268 1377 2303 discipulis
1402 2270 1547 2304 collecptio.
1573 2271 1635 2298 lla-c
1659 2272 1748 2298 omnia
1774 2278 1882 2305 narrat,

1091 2313 1171 2340 allato
1182 2321 1214 2340 ex
1230 2314 1355 2348 operibus
1370 2316 1522 2342 testimonio
1537 2324 1542 2341 :
1557 2316 1663 2343 modum
1679 2316 1769 2344 dicere
1784 2318 1881 2352 nequit.

1092 2359 1166 2393 Quod
1182 2360 1204 2386 si
1221 2360 1246 2387 itt
1262 2360 1295 2388 iis
1309 2369 1369 2395 qua:
1383 2368 1462 2388 sensu
1479 2366 1505 2389 et
1518 2366 1588 2390 tactu
1612 2363 1811 2398 percipiuntur,
1835 2364 1883 2391 lide

1091 2410 1134 2432 est
1147 2413 1232 2440 opus;
1247 2406 1332 2433 multo
1346 2407 1431 2442 magis
1445 2407 1471 2434 in
1490 2407 1522 2434 iis
1546 2415 1605 2443 qua:
1629 2408 1712 2436 videri
1737 2415 1878 2444 nequeunt.

1093 2451 1136 2478 12.
1149 2451 1241 2478 Dirum
1252 2452 1284 2485 ei,
1300 2451 1349 2479 Ubi
1362 2457 1398 2479 est
1408 2452 1470 2480 ille?
1485 2452 1634 2488 Respondit,
1648 2453 1751 2481 Nescio.
1766 2453 1792 2481 ld
1807 2462 1882 2489 porto

1091 2497 1215 2524 dicebant
1228 2518 1235 2529 ,
1257 2497 1305 2525 Ubi
1315 2502 1352 2524 est
1365 2498 1429 2525 ille?
1444 2498 1583 2526 occidendi
1597 2500 1698 2527 animo.
1717 2500 1782 2527 Vide
1797 2506 1882 2527 autem

1093 2543 1134 2570 hic
1149 2551 1226 2578 quam
1239 2543 1405 2571 sithristus
1419 2551 1433 2571 a
1448 2544 1516 2571 fastu
1530 2545 1632 2572 alienus
1642 2566 1649 2578 ,
1673 2547 1810 2581 quomodo
1833 2555 1881 2574 non

1091 2589 1181 2616 aderat
1194 2595 1253 2624 post
1266 2591 1414 2617 restitutam
1431 2591 1571 2618 sanitatem
1583 2612 1590 2625 ,
1613 2599 1665 2618 non
1680 2592 1795 2626 gloriam
1810 2613 1817 2624 ,
1833 2599 1880 2619 nou

1091 2635 1180 2670 populi
1204 2635 1325 2669 plausum
1341 2636 1489 2670 qumrebat.
1509 2636 1573 2663 Vide
1586 2642 1674 2663 autem
1689 2645 1769 2672 quam
1786 2638 1882 2665 veraci-

1092 2686 1134 2708 ter
1156 2682 1189 2709 ad
1213 2683 1300 2710 omnia
1329 2691 1416 2711 caecus
1443 2684 1613 2719 resporndcat.
1640 2684 1802 2717 Quarebant
1823 2692 1880 2719 ergo

1091 2728 1242 2763 Christum,
1258 2734 1286 2756 ut
1307 2728 1340 2756 ad
1362 2730 1516 2757 sacerdotes
1539 2729 1684 2762 ducerent;
1709 2738 1770 2757 cum
1797 2736 1878 2758 auem

1123 2783 1132 2798 ί
1150 2782 1253 2815 Vulgata
1265 2785 1354 2811 latina.
1367 2783 1423 2815 quia
1445 2783 1571 2810 mendicus
1589 2788 1651 2810 erat.
1665 2784 1692 2809 in
1705 2785 1783 2810 Editis
1794 2785 1877 2811 GI‘IBCIS

1091 2813 1216 2850 Evangelii
1230 2814 1320 2844 legitur
1332 2821 1362 2840 ὅτι
1371 2813 1442 2850 Inest;
1455 2818 1484 2844 ἦν,
1496 2816 1552 2846 quia
1564 2822 1643 2850 arcus
1651 2819 1713 2850 erat.

1092 2878 1109 2898 Ἡ
1123 2845 1133 2860 ³
1152 2845 1223 2876 lla-1:,
1246 2850 1319 2870 [Ionio
1335 2845 1376 2877 qui
1392 2845 1481 2870 dicitur
1492 2845 1578 2876 Jestts,
1598 2847 1687 2872 desunt
1703 2846 1726 2872 in
1740 2847 1878 2879 quilusdun

1092 2893 1096 2898 .
1111 2882 1144 2899 ss.
