2031 3118
168 183 218 212 5ιῖ

169 239 250 267 cunt?
262 239 307 266 ΞΘ.
326 238 399 272 Quod
413 239 453 265 hic
467 243 502 265 est
514 239 582 272 ﬁlius
601 244 693 271 noster,
716 240 807 266 sciurus
819 261 826 272 ,
849 244 871 266 et
888 241 954 274 quod

168 293 248 313 caicus
266 290 341 312 natus
358 286 409 318 sit;
426 286 469 312 2|.
486 285 609 320 quomodo
622 291 705 312 autem
719 294 784 312 tttmc
803 286 898 319 videat,
913 291 955 313 aut

167 331 221 366 quis
233 332 330 366 aperuit
343 332 397 366 ejus
410 331 505 363 oculos,
522 338 566 357 nos
581 331 714 358 nescimus.
728 331 787 366 Ipse
802 336 896 358 wtatem
909 332 954 358 lut—

167 379 218 409 bet,
235 379 288 412 ipse
302 378 333 404 de
345 386 371 404 se
386 378 510 412 loquatur.
525 377 589 404 Fide
603 378 710 412 dignum
727 378 800 404 illum
817 382 933 404 statuunt
943 397 950 410 ,

165 429 190 451 et
213 425 252 451 sic
266 431 295 451 se
310 428 436 450 excusant
453 432 459 449 :
476 423 531 450 Non
548 427 589 450 est
610 431 685 458 puer,
705 424 841 459 inquiunt,
865 431 951 458 neque

165 469 268 502 infans;
284 473 371 503 potest
382 469 415 496 de
429 476 458 496 se
478 469 655 496 testimonium
674 469 751 496 ferre.
765 470 809 495 2'2.
829 469 890 496 Ηωσ
902 477 949 495 ou-

163 521 211 543 tem
226 516 343 542 dixerant
358 519 458 550 propter
469 520 560 542 metum
572 514 730 542 Judworum.
741 514 807 542 Vide
817 515 949 550 quomodo

162 561 321 596 evangelista
338 561 441 588 illortnn
461 561 618 588 sententiam
633 561 848 596 propositumque
863 569 948 589 enun-

161 607 218 634 tiet.
235 607 297 633 llaec
311 606 370 634 dico
384 606 418 633 ob
430 607 538 634 verbum
558 606 620 634 illud
638 611 698 634 ante
712 607 810 634 dietum
820 627 828 641 ,
844 607 946 643 Αῖᾳιια-

159 653 206 679 lem
219 661 245 680 se
257 653 318 686 facit
330 651 393 679 Deo.
408 652 472 685 Quia
484 653 505 678 si
521 653 563 679 illa
578 652 670 679 fuisset
682 653 788 680 Judaica
803 654 944 686 sententia,

159 706 210 725 non
224 704 312 725 autem
322 697 419 724 Christi
430 697 558 732 judicium
568 718 575 729 ,
588 697 614 725 id
628 703 699 725 certe
711 698 853 726 addidisset
865 707 944 726 evan-

156 744 258 779 gelista,
272 743 434 777 dixissetque
447 750 503 770 eam
515 742 596 770 fuisse
610 743 760 770 Judteorum
775 745 941 772 sententiam.

156 790 222 817 Cum
238 790 316 824 igitur
326 793 449 824 parentes
462 789 521 816 illos
533 789 565 816 ad
579 796 678 816 caseum
691 793 810 816 sanatum
826 790 944 818 remisis-

153 841 230 866 sent,
247 835 341 862 itemm
356 838 515 861 vocaverunt
531 842 601 862 eum.
625 834 679 861 Nec
700 839 786 862 tamen
807 835 893 870 palam
916 841 942 863 et

154 881 320 915 impudenter
331 880 440 913 dicunt,
455 880 527 915 Nega
547 880 681 907 Christum
701 885 728 907 te
747 888 872 914 sanasse,
893 882 941 909 sed

152 926 202 954 sub
214 927 319 961 pietatis
330 927 419 961 specie
433 926 459 953 id
472 926 564 954 volunt
576 927 692 962 assequi.
714 927 758 954 24.
775 927 815 953 Da
834 927 940 962 gloriam

151 971 222 1005 Deo,
236 972 367 1006 inquiunt.
387 971 451 998 Nam
466 973 488 998 si
504 972 657 1007 parentibus
675 973 821 1006 dixissent,
840 973 939 1008 Negate

151 1017 230 1044 ﬁlium
247 1022 363 1044 vestrum
375 1024 434 1045 esse
447 1039 453 1050 ,
468 1023 495 1044 et
507 1025 604 1045 caecum
620 1023 709 1045 natum
718 1040 725 1051 ,
742 1026 784 1046 res
796 1019 937 1047 admodum

149 1065 257 1091 ridicula
271 1064 326 1090 visa
341 1069 422 1097 esset,
438 1064 604 1100 idipsumque
618 1065 672 1092 ﬁlio
686 1065 783 1097 dicere,
799 1066 936 1093 manifesta

149 1110 241 1137 fuisset
251 1110 423 1144 impudentia.
437 1110 497 1137 Ideo
508 1118 559 1138 non
569 1111 607 1138 sic
618 1111 725 1143 dicunt;
738 1112 783 1139 sed
794 1112 846 1139 alio
858 1113 937 1139 modo

148 1156 255 1183 insidias
270 1162 376 1191 parant,
395 1156 534 1183 dicentes:
550 1157 589 1183 Da
608 1157 714 1191 gloriam
733 1156 806 1190 Deo;
827 1157 853 1184 id
874 1163 914 1184 est
926 1178 934 1190 ,

147 1201 280 1228 Coulitere
299 1201 384 1236 ipsum
408 1202 471 1228 nihil
496 1201 598 1229 fecisse.
623 1201 678 1228 Nos
701 1203 794 1229 scimus
816 1203 874 1236 quia
895 1203 935 1230 hic

146 1249 219 1274 homo
234 1253 351 1282 peccator
365 1252 409 1274 est.
427 1247 480 1275 Cur
492 1255 555 1283 ergo
577 1255 628 1274 non
647 1248 855 1282 reprehendistis
873 1256 933 1276 eum

145 1301 204 1321 cum
218 1294 327 1327 diceret,
345 1294 406 1327 Quis
420 1303 450 1321 ea:
461 1295 528 1321 vobis
541 1301 631 1329 arguet
640 1302 678 1321 me
690 1295 720 1321 de
733 1299 833 1330 peccato
844 1294 931 1330 (Joan.

145 1342 170 1367 8.
185 1341 219 1368 4'6
230 1341 261 1376 )?
281 1341 350 1368 unde
364 1341 436 1368 scitis
449 1341 523 1367 illum
537 1347 596 1368 esse
610 1345 776 1376 peccatorem
787 1342 798 1368 ?
811 1341 876 1369 Cum
891 1342 932 1369 di-

145 1391 235 1414 oercnt
256 1391 344 1414 autem
365 1387 416 1419 illi,
440 1386 478 1413 Da
497 1387 603 1421 gloriam
617 1387 681 1419 Deo,
697 1392 723 1414 et
738 1388 793 1422 ipse
808 1388 873 1415 nihil
888 1396 931 1416 re-

145 1433 305 1467 spondisset,
319 1441 461 1460 occurrens
473 1434 594 1461 Christus
607 1434 722 1461 laudavit
736 1442 806 1468 eum,
822 1443 870 1462 nec
887 1443 930 1462 re-

145 1479 283 1513 prehendit
298 1480 366 1514 qnod
382 1480 491 1514 gloriam
508 1480 562 1507 Deo
577 1489 630 1507 non
644 1481 775 1514 dedisset;
791 1482 836 1509 sed
849 1482 930 1516 quid?

142 1525 229 1552 Credis
243 1527 268 1552 in
281 1525 378 1552 Filium
394 1525 441 1552 Dei
451 1526 476 1552 "l
492 1525 526 1553 Ut
537 1526 623 1554 discas
637 1527 700 1554 illud
715 1535 783 1561 esse,
798 1528 861 1555 dare
874 1531 928 1563 glo-

141 1571 207 1598 riam
224 1571 288 1599 Deo.

177 1616 261 1643 Filius
273 1617 377 1652 aequalis
395 1617 476 1644 Patri.
499 1618 564 1645 Caeci
586 1619 752 1645 testimonium
776 1620 926 1654 explicatur.

142 1662 253 1695 ——Quod
267 1663 288 1689 si
305 1663 361 1697 ipse
375 1671 426 1690 non
451 1668 521 1690 essot
542 1664 650 1698 mqualis
665 1664 734 1691 Patri
750 1685 757 1697 ,
776 1665 831 1691 ha-c
845 1666 926 1699 gloria

144 1716 195 1735 non
209 1713 290 1735 esset.
309 1708 360 1735 Sed
376 1709 500 1743 quaniam
516 1710 560 1744 qui
577 1709 669 1736 Filium
684 1710 807 1743 honorat,
820 1711 924 1738 Patrem

142 1761 247 1788 quoque
268 1753 398 1786 honorat,
411 1754 472 1789 jure
496 1762 547 1781 non
570 1755 721 1790 increpatur
739 1764 834 1783 ctecus.
859 1757 924 1783 Cum

140 1807 205 1833 ergo
213 1800 401 1834 exspectabant
415 1805 442 1826 ut
458 1806 581 1834 parentes
595 1807 741 1828 amitterent
752 1806 921 1837 ctnegarent,

142 1846 207 1872 nihil
219 1843 391 1873 dicebantisti
403 1853 476 1874 :cum
489 1854 551 1874 vero
562 1855 589 1874 se
603 1847 667 1874 nihil
677 1848 736 1874 hinc
744 1855 925 1883 consequutos

141 1891 273 1924 viderunt,
285 1892 340 1926 jam
354 1891 414 1919 huic
428 1892 518 1919 dicunt
536 1913 542 1925 ,
562 1892 611 1919 Hic
627 1898 742 1926 peccator
752 1899 799 1920 est.
814 1893 848 1921 25
875 1894 926 1921 Re.

139 1938 239 1973 spondit
251 1939 294 1965 ille
307 1943 330 1965 et
341 1939 414 1971 dixit,
430 1939 461 1966 Si
472 1944 586 1973 peccator
597 1944 642 1971 est,
654 1941 736 1966 nescia
748 1948 756 1967 :
771 1948 847 1966 unum
862 1942 923 1974 scio,

140 1985 206 2018 quod
226 1993 282 2011 cum
295 1993 374 2011 cretus
387 1993 481 2017 essem,
505 1993 570 2012 mmo
588 1986 668 2012 uideo.
693 1986 822 2021 Numquid
839 1987 925 2014 timuit

139 2038 225 2057 ett-cus
239 2031 251 2057 7
266 2031 383 2058 Minime.
408 2031 440 2058 Et
454 2038 501 2058 cur
515 2032 558 2066 qui
574 2032 676 2059 dixerat
690 2052 697 2065 ,
721 2032 850 2068 Propheta
865 2038 900 2060 est
915 2053 923 2065 ,

139 2084 209 2103 nunc
221 2076 286 2103 dicit
301 2098 308 2110 ,
332 2077 362 2104 Si
380 2082 495 2111 peccator
508 2083 542 2104 est
555 2099 562 2110 ,
580 2078 682 2105 nescio?
695 2079 751 2106 Non
764 2079 799 2106 ita
813 2079 923 2107 allectus

138 2127 194 2149 erat
214 2130 299 2157 neque
319 2123 344 2149 id
361 2123 468 2157 putabat
482 2132 489 2155 ;
504 2123 550 2150 sed
563 2124 633 2158 quod
648 2124 727 2151 vellet
742 2125 779 2152 rei
791 2125 872 2158 ipsius
886 2129 925 2152 te-

138 2169 262 2195 stimonio
277 2189 284 2200 ,
300 2176 352 2195 non
369 2176 433 2196 voce
449 2176 495 2196 sua
511 2169 531 2201 ’,
545 2169 618 2196 illum
632 2178 647 2197 a
661 2170 770 2197 crimine
786 2170 899 2198 liberare
914 2191 922 2203 ,

138 2217 162 2239 cl
175 2213 226 2240 lide
235 2213 340 2248 dignam
353 2213 447 2241 ell'erie
455 2214 636 2242 delensionem
647 2235 654 2247 ,
671 2223 703 2242 ex
718 2215 839 2243 beneﬁcii
853 2216 923 2251 ipsos

138 2258 286 2285 damnantis
298 2259 460 2287 testimonio.
472 2259 537 2286 Nam
543 2259 565 2287 si
575 2265 634 2294 post
647 2260 727 2287 multa
733 2261 813 2288 verba
820 2261 924 2289 dicente

138 2304 191 2336 Illo,
211 2304 270 2330 Nisi
280 2310 342 2332 esset
353 2305 400 2331 Dei
415 2306 513 2339 cultor,
530 2314 579 2332 non
593 2307 713 2340 potuisset
725 2307 786 2334 talia
801 2308 872 2343 signa
884 2310 923 2343 fu-

137 2358 202 2384 rere,
218 2351 252 2377 ita
267 2351 394 2386 indignati
408 2355 470 2378 sunt
484 2356 511 2379 ut
526 2351 645 2379 dicerent
658 2374 664 2384 ,
677 2353 710 2380 In
725 2355 834 2388 peccatis
848 2360 922 2381 natus

136 2404 162 2422 es
176 2400 242 2422 totus
257 2417 263 2428 ,
281 2401 302 2422 et
316 2401 342 2422 tu
358 2397 432 2423 doces
453 2405 497 2424 nos
509 2397 521 2423 ?
535 2397 556 2424 si
571 2397 604 2425 ab
624 2398 698 2425 initio
713 2398 769 2425 hmc
787 2399 897 2427 dixisset
913 2421 920 2432 ,

137 2441 198 2475 quid
213 2450 266 2468 non
283 2441 407 2470 fecissent
420 2444 431 2469 t
454 2443 516 2477 quid
530 2451 581 2471 non
597 2444 725 2471 dixissent
740 2445 750 2470 ?
765 2445 794 2472 Si
808 2451 924 2480 peccator

137 2494 182 2518 est.
198 2489 302 2521 nescio;
318 2489 342 2515 id
356 2494 406 2521 est;
423 2489 493 2516 Nihil
507 2497 537 2516 ea
557 2490 590 2517 de
611 2498 639 2517 re
655 2498 725 2518 nunc
738 2491 798 2518 dico
815 2513 822 2524 ,
837 2500 922 2526 neque

137 2535 295 2560 sententiam
318 2533 390 2561 fero:
415 2535 478 2561 illud
499 2535 580 2570 probe
598 2536 653 2562 scio
674 2540 701 2562 et
716 2537 859 2570 pronuntio
876 2558 882 2570 ,
900 2538 923 2564 si

137 2583 261 2612 peccator
276 2583 347 2606 esset
362 2601 368 2612 ,
386 2587 437 2607 non
455 2581 514 2607 talia
530 2580 643 2608 fecisset.
660 2581 760 2615 Quibus
784 2583 873 2610 verbis
894 2589 923 2610 se

136 2629 162 2650 et
176 2626 356 2652 testimonium
380 2633 456 2653 suum
477 2627 548 2653 omni
567 2627 717 2661 suspicione
730 2627 870 2661 liberavit,
894 2633 921 2655 ut

138 2670 181 2704 qui
197 2678 250 2698 non
266 2671 298 2698 ad
319 2672 430 2706 gratiam
445 2679 501 2699 rem
513 2677 612 2707 gestam
628 2679 757 2701 narraret.
780 2674 843 2707 Quia
859 2683 922 2709 ergo

138 2722 189 2742 non
210 2720 332 2750 poterant
347 2717 418 2743 illam
433 2721 552 2745 evertere
572 2719 612 2745 vel
627 2719 735 2746 abolere
752 2740 758 2751 ,
785 2727 876 2747 rursus
890 2721 922 2748 ad

138 2760 244 2788 modum
272 2762 416 2789 curationis
438 2763 629 2797 explorandum
652 2765 781 2798 redeunt,
804 2766 874 2792 velut
900 2767 921 2793 si

168 2862 175 2876 ‘
195 2862 276 2886 ttoicl.
285 2863 353 2893 legit.
364 2862 388 2887 in
402 2862 477 2886 lilium
489 2862 598 2887 limumis.

169 2894 177 2905 '
195 2893 276 2916 Morel.
289 2892 359 2923 leg“.
371 2897 393 2918 et
407 2899 460 2917 voce
471 2899 524 2917 sua.

304 2936 437 2965 l’ATnnL.
460 2938 516 2966 Cn.
542 2939 621 2969 LIX.

659 181 694 208 1N
712 180 866 208 JOANNEM
887 181 999 210 HOMIL.
1021 183 1108 213 LYiIl.
1129 188 1164 215 al.
1187 188 1260 219 LYIL

1745 203 1797 232 διε

1010 242 1125 296 quipiam
1142 243 1223 272 feram
1235 248 1348 283 undique
1366 254 1572 288 [’Iei'vestigantcs
1590 257 1608 290 ‘,
1626 243 1704 286 modo
1718 260 1769 289 ltnc
1785 283 1794 296 ,

1009 287 1087 314 modo
1101 289 1161 316 illuc
1175 298 1324 321 accurrunt.
1341 297 1380 323 Ad
1396 287 1498 331 priores
1511 309 1574 336 ergo
1594 287 1733 333 sermones
1748 287 1792 334 re:

1007 331 1088 360 dcunt
1104 354 1110 365 ,
1126 334 1151 361 id
1167 343 1290 366 curantes
1303 346 1329 366 ut
1342 341 1401 368 illos
1415 351 1463 377 per
1482 331 1589 375 erebi-as
1604 349 1791 386 interrogatio-

1006 384 1053 404 nes
1069 378 1202 408 inlirment
1217 401 1224 414 ,
1247 383 1389 420 dicuntque
1404 397 1410 414 :
1425 389 1469 415 9.6.
1491 391 1557 422 Quid
1570 393 1626 427 fecit
1642 396 1685 422 tibi
1696 378 1720 422 ΡΗ
1730 405 1792 432 quo-

1004 423 1078 472 moda
1110 427 1207 459 aperuit
1243 428 1288 454 tibi
1323 432 1435 459 oculos?
1456 435 1523 468 Quid
1553 423 1616 472 ergo
1643 440 1711 468 ille?
1736 423 1791 470 illis

1004 467 1114 521 devictis
1135 476 1162 521 et
1177 476 1315 506 prostratis
1332 497 1339 509 ,
1363 486 1414 505 non
1439 481 1505 508 ultra
1528 484 1638 512 remisse
1661 487 1786 521 loquitur.

1003 511 1093 564 Donec
1101 515 1170 542 enini
1185 525 1227 544 res
1239 521 1360 548 examine
1372 527 1396 549 et
1408 526 1597 559 perquisitione
1607 538 1671 564 opus
1685 511 1784 564 liahnit,

1001 558 1138 588 moderate
1154 570 1208 590 rem
1222 564 1365 594 declaravit
1382 577 1389 595 :
1406 574 1543 604 postquam
1563 558 1652 601 autem
1668 577 1727 603 illos
1739 562 1785 605 ce:

1001 605 1050 638 pit,
1063 607 1282 645 splendidamque
1296 613 1433 642 victoriam
1449 617 1539 644 retulit
1555 638 1562 650 ,
1588 621 1714 650 audacter
1728 624 1785 651 illos

999 652 1160 686 aggreditur,
1174 655 1263 691 aitque
1276 666 1283 684 :
1298 658 1341 685 27.
1356 658 1417 687 Diri
1431 662 1498 688 vobis
1509 665 1584 691 semrl
1598 686 1604 697 ,
1620 671 1642 692 et
1656 675 1703 693 non
1712 669 1786 695 audi-

998 697 1043 722 stis
1055 705 1066 729 ;
1078 699 1139 732 quid
1153 706 1242 728 iterum
1261 705 1334 731 vultis
1345 707 1434 733 audire
1447 709 1458 734 .7
1473 708 1593 737 Vidistin'
1605 713 1719 743 mendici,
1734 715 1779 742 ad-

997 749 1089 770 versus
1109 746 1210 774 scribas
1226 753 1254 775 et
1268 749 1417 779 Phariszcos
1430 755 1617 784 conﬁdentiam
1631 758 1643 785 τ
1659 759 1721 787 Tant
1737 762 1782 787 ﬁr-

996 795 1038 815 ma
1057 797 1099 816 res
1112 796 1152 817 est
1168 794 1263 821 veritas
1275 815 1282 826 ,
1297 802 1349 823 tam
1373 798 1506 826 inﬁrmum
1531 803 1709 832 mendacium.
1732 807 1778 834 Illa

996 836 1065 862 enim
1080 837 1150 865 viros
1165 846 1196 866 ex
1211 840 1315 868 inﬁrma
1329 843 1406 877 plebe
1419 845 1505 873 claros
1527 847 1609 876 efﬁcit
1622 858 1628 881 ;
1646 850 1697 878 hoc
1717 860 1781 880 vero

995 881 1076 929 fortes
1088 882 1221 917 deprimit.
1236 886 1263 913 ld
1280 895 1359 921 porro
1373 891 1429 917 vult
1443 899 1529 920 caecus
1544 894 1695 929 signiﬁcare
1710 906 1716 923 :
1734 897 1779 924 Di-

993 927 1043 954 ctis
1068 936 1120 956 non
1143 932 1295 966 attenditis;
1318 934 1377 962 ideo
1399 944 1451 963 non
1473 938 1540 966 ultra
1555 927 1668 975 loquar,
1693 951 1779 978 neque

992 974 1093 1002 crebris
1113 981 1142 1003 et
1156 978 1230 1004 vanis
1249 980 1500 1015 interrogationibus
1516 974 1682 1020 respondebo
1695 1009 1702 1021 ,
1717 974 1777 1016 cum

992 1027 1043 1047 non
1057 1020 1173 1049 discendi
1190 1031 1269 1052 causa
1280 1026 1402 1061 audiatis,
1419 1029 1464 1056 sed
1477 1035 1505 1056 ut
1519 1031 1588 1058 dicta
1600 1032 1776 1061 insectemini.

991 1065 1124 1102 Numquid
1136 1074 1158 1096 et
1168 1078 1211 1097 vos
1223 1072 1297 1098 vultis
1314 1073 1432 1108 discipuli
1445 1076 1501 1110 ejus
1514 1077 1569 1110 ﬁeri
1580 1078 1593 1103 ἶ)
1606 1078 1664 1105 iam
1677 1087 1706 1107 se
1721 1081 1778 1107 dis-

990 1112 1085 1146 cipulis
1097 1121 1265 1143 annumerat.
1283 1117 1350 1145 lllud
1367 1120 1448 1151 enim,
1465 1120 1599 1156 Numquid
1613 1128 1635 1149 ει
1649 1132 1692 1150 vos
1708 1146 1714 1156 ,
1737 1126 1774 1151 si-

989 1157 1095 1191 gniﬁcat
1107 1159 1192 1194 ipsum
1209 1168 1269 1189 esse
1282 1162 1450 1198 discipulum.
1463 1166 1564 1194 Deinde
1580 1176 1643 1196 vero
1658 1170 1717 1197 illos
1730 1178 1774 1198 sa-

988 1203 1021 1230 tis
1036 1205 1147 1232 traducit
1159 1212 1186 1234 et
1199 1207 1315 1236 incessit.

1022 1249 1047 1276 5.
1065 1250 1131 1278 Cum
1141 1253 1210 1279 enim
1223 1254 1303 1282 sciret
1318 1255 1368 1282 hoc
1382 1256 1441 1284 illos
1452 1258 1565 1286 maxime
1581 1268 1696 1295 pungere
1710 1283 1717 1295 ,
1733 1263 1771 1290 la-

986 1297 1108 1324 cessendi
1137 1305 1216 1325 causa
1240 1299 1331 1333 dixit;
1355 1303 1425 1337 quod
1453 1309 1510 1331 erat
1538 1307 1618 1333 animi
1643 1307 1771 1342 ﬁdentis,

985 1341 1116 1374 sublimis,
1131 1344 1289 1380 illorumque
1301 1345 1416 1375 furorem
1432 1349 1602 1384 despicientis
1615 1373 1622 1385 ,
1645 1358 1724 1388 atque
1738 1341 1770 1381 il;

985 1387 1045 1421 lius,
1061 1389 1087 1416 in
1100 1398 1152 1424 quo
1164 1391 1269 1425 ﬁdebat,
1286 1393 1439 1428 dignitatem
1453 1396 1622 1431 celebrantis,
1638 1404 1666 1426 ut
1680 1387 1770 1428 osten-

983 1435 1060 1462 deret
1081 1437 1152 1470 ipsos
1167 1438 1252 1465 virum
1272 1440 1454 1468 admirabilem
1471 1445 1631 1473 contumelia
1646 1446 1767 1480 allicere;

984 1480 1070 1515 ipsum
1084 1487 1170 1510 autem
1184 1491 1236 1511 non
1251 1493 1313 1512 vere
1327 1486 1397 1514 allici
1413 1490 1573 1516 contumelia
1588 1512 1594 1523 ,
1610 1491 1655 1518 sed
1671 1498 1767 1520 contu-

983 1529 1088 1556 meliam
1103 1530 1201 1557 illatam
1214 1531 1238 1558 in
1253 1531 1382 1560 honorem
1393 1535 1441 1562 sibi
1456 1542 1557 1569 rapere.
1569 1536 1612 1564 28.
1628 1537 1667 1564 Tu
1677 1547 1703 1564 es
1717 1539 1768 1564 dis-

981 1575 1080 1608 cipulus
1088 1576 1289 1612 cjus,inquiunt;
1302 1587 1347 1605 nos
1357 1586 1438 1607 autem
1448 1581 1766 1619 discipulistmmslloysis.

982 1620 1078 1647 Verum
1089 1621 1113 1648 id
1123 1630 1174 1649 non
1184 1624 1285 1650 ratione
1295 1626 1384 1652 nixum
1395 1632 1445 1653 est.
1457 1627 1509 1654 Vos
1522 1629 1591 1655 enim
1601 1637 1685 1664 neque
1696 1631 1768 1666 Mor

981 1665 1028 1698 sis,
1046 1675 1132 1701 neque
1144 1667 1222 1702 hujus
1232 1669 1354 1704 discipuli
1367 1673 1440 1699 estis.
1454 1673 1479 1700 Si
1495 1674 1592 1709 Moysis
1609 1677 1702 1703 essetis
1716 1697 1724 1709 ,
1739 1665 1767 1704 et

980 1710 1077 1738 Christi
1104 1714 1207 1740 essetis.
1235 1714 1297 1742 Ideo
1320 1715 1441 1743 Christus
1464 1725 1543 1752 supra
1569 1720 1674 1747 diccbat
1689 1722 1763 1747 illis:

980 1755 1010 1783 Si
1023 1757 1156 1785 crederetis
1177 1759 1261 1794 Moysi
1277 1781 1283 1792 ,
1297 1762 1428 1789 crederetis
1441 1764 1525 1798 utique
1546 1770 1568 1791 et
1588 1766 1649 1792 mihi
1663 1775 1671 1792 :
1686 1767 1716 1793 de
1727 1776 1766 1793 me

979 1803 1096 1830 enimille
1110 1805 1209 1838 scripsit
1219 1805 1305 1838 (Joan.
1323 1809 1349 1835 5.
1366 1809 1410 1844 46)
1423 1819 1428 1835 :
1444 1811 1569 1844 quoniam
1585 1812 1617 1838 ad
1632 1812 1680 1839 hos
1695 1821 1766 1840 sem-

979 1856 1027 1883 per
1051 1857 1188 1878 sermones
1210 1852 1405 1887 confugiebant.
1432 1856 1477 1882 29.
1501 1856 1557 1883 Nos
1580 1858 1671 1885 scimus
1694 1860 1762 1894 quod

979 1893 1064 1929 Moysi
1074 1896 1189 1930 loquutus
1202 1902 1236 1923 est
1250 1897 1328 1925 Deus.
1345 1899 1402 1932 Quo
1418 1902 1560 1928 narrante?
1574 1910 1625 1937 quo
1638 1893 1763 1931 nuntiau-

978 1943 1003 1966 te
1017 1940 1027 1965 ?
1040 1940 1192 1975 Majoribus,
1205 1943 1287 1976 aiunt,
1301 1945 1409 1971 nostris.
1425 1947 1519 1973 Annon
1531 1947 1583 1974 illis
1597 1948 1649 1975 ﬁde
1659 1949 1763 1983 dignior

977 1991 1027 2019 est,
1042 1987 1086 2021 qui
1100 1987 1150 2014 hoc
1164 1996 1212 2022 per
1226 1989 1300 2024 signa
1315 1991 1472 2024 conﬁrmat,
1484 1999 1545 2019 cum
1558 1993 1622 2020 dicit
1637 2001 1665 2021 se
1680 2003 1695 2022 a
1709 1995 1763 2022 Deo

976 2033 1067 2060 venire
1080 2038 1108 2060 et
1116 2034 1230 2061 ctelestia
1245 2035 1315 2070 loqui
1329 2036 1340 2062 'l
1354 2037 1445 2071 Neque
1455 2038 1588 2071 dixerunt,
1604 2040 1763 2068 Audivitnus

975 2078 1046 2112 quod
1063 2079 1144 2114 Moysi
1158 2080 1281 2114 loquutus
1294 2082 1329 2108 sit
1347 2082 1434 2114 Deus;
1450 2083 1507 2115 sed,
1523 2082 1633 2111 Scimus.
1649 2085 1714 2118 Qua:
1729 2094 1760 2113 es

975 2120 1069 2148 auditu
1084 2122 1171 2155 scitis,
1188 2130 1204 2149 ο
1214 2122 1310 2157 Ιιιάωἱ,
1326 2125 1481 2161 allii-matis;
1495 2131 1520 2154 et
1533 2135 1592 2162 quae
1606 2128 1666 2156 visu
1680 2131 1766 2164 perci-

973 2166 1048 2200 pitis,
1066 2169 1172 2196 minora
1188 2170 1288 2204 putatis
1299 2171 1377 2199 esse?
1388 2172 1468 2207 Atqui
1482 2173 1527 2201 illa
1538 2174 1647 2209 quidem
1659 2183 1714 2203 non
1725 2177 1766 2204 vi-

973 2211 1064 2246 distis,
1082 2214 1129 2241 sed
1144 2215 1270 2248 audistis,
1288 2216 1346 2244 haec
1367 2225 1432 2245 vero
1448 2227 1501 2245 non
1521 2220 1647 2253 audistis,
1664 2221 1710 2249 sed
1725 2222 1766 2249 vi-

976 2260 1060 2287 distis.
1074 2261 1140 2294 Quid
1154 2269 1216 2296 ergo
1228 2269 1314 2289 cazcns
1329 2262 1339 2289 ?
1352 2263 1396 2290 50.
1412 2262 1443 2290 In
1459 2265 1505 2290 hoc
1517 2265 1583 2291 enim
1593 2271 1627 2292 est
1639 2267 1762 2298 mirabile,

975 2306 1042 2340 quod
1059 2314 1101 2332 vos
1116 2307 1215 2334 nescitis
1229 2308 1295 2334 unde
1311 2309 1362 2342 sit,
1387 2314 1414 2336 et
1429 2310 1488 2336 talia
1503 2310 1578 2345 signa
1593 2311 1655 2339 facit
1671 2321 1676 2338 :
1692 2313 1762 2347 quod

976 2352 1016 2378 vir
1025 2359 1078 2379 non
1092 2353 1202 2387 insignis
1217 2354 1285 2388 apud
1303 2362 1349 2381 vos
1362 2374 1369 2387 ,
1386 2363 1471 2389 neque
1485 2356 1572 2383 clarus
1589 2356 1628 2384 vel
1642 2357 1761 2390 illustris,

977 2397 1038 2424 talia
1050 2398 1149 2432 possit:
1165 2403 1192 2425 ut
1202 2400 1310 2425 omnino
1323 2400 1491 2428 manifestum
1511 2402 1547 2434 sit
1558 2423 1564 2435 ,
1579 2409 1640 2430 esse
1655 2403 1736 2430 Dctttll
1752 2425 1759 2435 ,

976 2443 1020 2477 qui
1041 2451 1073 2470 ne
1091 2444 1200 2470 minimo
1220 2445 1325 2479 quidem
1347 2446 1463 2474 humano
1484 2453 1560 2482 egeat
1583 2448 1692 2475 auxilio.
1716 2448 1760 2475 51.

976 2488 1077 2516 Scimus
1087 2495 1170 2516 autent
1182 2491 1250 2525 quod
1264 2490 1333 2518 Deus
1348 2497 1489 2526 peccatores
1503 2501 1553 2520 non
1566 2494 1679 2521 exaudit.
1693 2493 1760 2521 Cum

976 2535 1046 2562 enim
1060 2541 1135 2562 antea
1152 2536 1297 2564 dixissent:
1316 2537 1447 2569 Quomodo
1462 2543 1542 2573 potest
1559 2538 1633 2565 homo
1646 2543 1761 2572 peccator

977 2582 1037 2609 talia
1049 2582 1121 2617 signa
1134 2584 1217 2618 facere
1228 2583 1241 2609 ἰ)
1251 2590 1342 2610 eorum
1359 2583 1452 2610 nititur
1463 2583 1574 2618 judicio,
1585 2588 1611 2611 et
1626 2584 1684 2610 inec
1698 2584 1761 2618 ipsis

976 2629 1003 2655 in
1018 2633 1132 2656 tuentem
1144 2635 1258 2656 revocat.
1276 2629 1340 2658 llaec
1353 2630 1495 2663 sententia,
1510 2630 1605 2664 inquit,
1617 2635 1644 2658 et
1659 2631 1722 2658 mihi
1734 2637 1762 2658 et

975 2673 1051 2700 vobis
1069 2675 1217 2702 communis
1230 2679 1271 2701 est
1285 2683 1291 2700 :
1310 2675 1334 2703 in
1351 2676 1400 2702 hac
1420 2675 1564 2709 pcrsistite.
1577 2675 1612 2704 Et
1624 2675 1683 2703 vide
1698 2676 1761 2703 mihi

976 2719 1153 2753 prudentiam.
1170 2719 1278 2754 Signum
1296 2727 1402 2755 semper
1423 2721 1449 2748 iu
1465 2727 1511 2748 ore
1534 2727 1638 2754 versat,
1654 2722 1714 2756 quia
1728 2722 1762 2748 il-

976 2765 1020 2792 lttd
1037 2765 1128 2792 tollere
1139 2773 1191 2792 non
1206 2771 1336 2799 poterant,
1351 2771 1378 2794 et
1388 2767 1450 2794 inde
1471 2767 1651 2794 ratiocinator.
1668 2767 1762 2795 Vidcn'

975 2819 1035 2838 enm
1050 2832 1056 2843 ,
1071 2819 1130 2838 cum
1152 2811 1225 2838 initio
1238 2811 1356 2840 diceret.
1372 2812 1401 2839 Si
1416 2817 1531 2846 peccator
1543 2818 1580 2839 est
1593 2834 1600 2847 ,
1616 2813 1698 2840 nescio
1711 2833 1718 2846 ,
1734 2814 1760 2841 id

1008 2868 1015 2882 ¹
1035 2866 1077 2891 Alii
1095 2867 1260 2896 leguntwclut
1271 2868 1453 2892 sicutmt'rrnm
1464 2867 1488 2891 in
1501 2871 1549 2891 tuto
1563 2867 1672 2894 latentem
1691 2867 1765 2893 undi-

977 2905 1022 2930 que
1034 2898 1221 2929 perrexiiquutos.

1548 2945 1588 2974 ρο
