2031 3118
225 189 310 218 δη.

229 255 282 273 non
296 242 441 272 dubitando
454 239 568 268 dixisse?
585 238 673 270 absit,
692 241 769 263 norat
789 234 861 262 enim
881 240 934 260 non
956 239 1015 260 esse

230 296 406 326 peceatorem.
423 287 497 314 Nunc
511 285 554 313 ubi
568 288 746 320 opportunum
757 286 798 309 est
811 286 917 316 tempus
934 300 940 312 ,
956 278 1016 305 vide

229 336 362 371 quomodo
376 331 543 367 respondeat.
558 331 659 359 Scimus
672 334 754 356 autem
768 329 835 363 quod
846 327 914 354 Deus
927 333 1016 361 pecca-

231 389 297 409 tores
312 389 361 408 non
374 378 479 410 audiat;
492 378 536 404 sed
548 378 569 404 si
581 377 636 411 quis
652 375 698 402 Dei
712 375 794 401 cultor
806 378 842 400 est
856 394 862 406 ,
885 377 908 399 et
923 371 1014 398 uolun-

232 432 306 453 tatem
315 426 373 461 ejus
385 424 455 459 facit.
468 423 515 450 llic
527 430 579 449 non
592 420 670 448 modo
681 428 694 446 a
710 419 824 454 peccatis
832 417 956 449 absolvit,
973 415 1020 442 sed

232 477 258 499 et
282 471 336 498 Deo
356 474 493 504 acceptum
510 489 517 501 ,
534 473 561 496 et
581 467 626 494 Dei
647 473 727 500 opera
751 465 890 491 facientem
916 462 1019 497 probat.

232 518 298 552 Quia
311 517 381 543 enim
394 515 429 542 illi
446 522 474 542 sc
487 515 530 541 Dei
548 513 664 541 cultores
676 511 819 542 dicebant,
834 509 893 537 idco
908 507 1019 540 addidit,

234 563 267 590 Et
281 565 433 590 voluntatem
447 561 502 595 ejus
512 562 584 595 facit.
598 558 654 585 Non
666 557 730 585 satis
742 561 782 584 est
796 576 804 589 ,
818 555 902 590 inquit
917 575 924 588 ,
938 554 1021 581 Deum

233 615 404 644 cognoscere,
421 606 466 634 sed
480 606 537 640 ejus
546 610 586 632 est
597 603 713 631 facienda
723 603 854 629 voluntas.
865 599 929 628 Inde
941 600 1022 626 mira-

235 655 323 682 culum
339 652 452 680 extollit.
469 651 502 679 5‘2
525 651 545 677 Α
559 649 650 677 saeculo
660 657 708 676 non
718 653 752 675 est
763 647 877 674 auditum
888 646 956 680 quod
964 654 1025 679 ape-

235 702 313 728 ruerit
331 700 387 733 quis
405 699 490 726 oculos
517 697 577 723 ca'rt'
602 696 665 722 nati.
688 695 714 722 Si
738 701 800 728 ergo
825 692 988 720 c0ntitcmini
1003 692 1023 724 ³,

239 748 319 775 Deum
335 754 386 774 non
402 745 529 772 exaudire
546 748 716 778 peccatores;
731 741 773 768 hic
787 747 856 768 vero
870 738 1024 766 miraculum

238 793 350 827 patravit
363 812 369 823 ,
394 797 421 818 ct
434 791 487 823 tale
502 789 674 821 miraculum,
691 787 770 823 quale
790 794 868 814 nemo
883 784 964 812 fecit:
981 791 1025 819 pa-

238 841 288 866 lam
300 843 340 866 est
355 838 427 864 ilhun
441 837 537 863 virtute
551 835 638 863 omnia
649 840 790 869 superasse
800 853 808 866 ,
825 832 936 866 ejusque
950 834 1026 864 pote-

238 889 331 912 statem
346 883 404 918 plus
417 889 494 917 quam
511 881 653 908 humanam
666 887 734 907 esse.
748 878 815 913 Quid
829 885 894 912 ergo
911 876 969 904 illi?
982 875 1026 902 54.

241 931 272 956 In
287 929 395 965 peccatis
409 934 481 954 natus
495 936 520 954 es
530 932 604 957 totus,
619 931 641 953 et
655 931 680 952 tu
692 926 765 952 doces
775 924 840 950 nos?
854 923 944 950 Donec
957 922 1027 948 enim

240 980 395 1010 negaturum
410 981 471 1001 cum
485 973 637 1008 sperabant,
651 971 702 998 ﬁde
715 970 822 1005 digitum
837 973 969 1004 putantes,
984 974 1028 994 se—

241 1023 294 1049 mel
319 1027 345 1049 et
370 1022 464 1048 ilcl‘ttm
486 1023 625 1046 vocarunt.
647 1017 722 1052 Quod
741 1018 762 1043 si
783 1016 833 1043 fide
852 1015 960 1050 dignum
977 1021 1030 1040 non

243 1068 376 1103 putabatis
391 1069 412 1099 ¹,
428 1067 544 1101 inquiin,
565 1073 613 1092 cur
630 1064 746 1091 voeaslis
766 1068 793 1090 et
816 1061 934 1089 secundo
947 1060 1030 1087 inter-

239 1115 353 1150 wgastis
369 1115 380 1140 ?
394 1113 459 1141 Cum
480 1120 558 1148 porro
573 1111 636 1138 nihil
653 1111 764 1143 veritus,
778 1116 838 1136 vera
854 1108 1007 1143 loqueretur
1023 1127 1030 1139 ,

242 1161 348 1197 quando
369 1161 484 1188 maxime
507 1158 597 1185 mirari
614 1157 688 1184 illum
702 1155 858 1190 oportebat,
879 1159 942 1181 tunc
957 1152 1031 1180 illum

243 1210 378 1234 damnant.
394 1206 462 1240 Quid
477 1212 556 1239 porro
570 1203 619 1230 sibi
635 1203 690 1230 vult
702 1201 777 1234 ilhnl,
795 1200 826 1227 In
840 1199 947 1235 peccatis
959 1203 1034 1225 natm

244 1263 269 1281 es
280 1254 362 1280 totus?
374 1253 420 1279 llic
435 1252 471 1278 illi
486 1251 631 1277 cmcitatem
641 1247 811 1283 exprobrant.
827 1254 859 1273 ac
868 1245 889 1273 si
902 1244 1033 1272 die-rent:

246 1301 265 1327 Λ
283 1299 366 1335 prima
381 1303 460 1324 uitale
475 1297 499 1323 in
515 1295 631 1331 peccatis
642 1301 688 1326 es;
703 1300 735 1319 ac
757 1292 780 1319 si
800 1291 860 1318 ideo
872 1297 959 1317 cmcus
970 1289 1036 1316 fuis«

246 1350 296 1375 set,
311 1343 381 1379 quod
398 1347 493 1377 pra-ter
504 1341 633 1368 rationem
649 1344 699 1367 est.
715 1338 769 1365 llae
784 1337 809 1364 in
824 1345 853 1364 re
867 1337 952 1371 ipsum
969 1342 1035 1364 con-

247 1393 338 1419 solans
352 1389 471 1418 Christus
479 1387 584 1415 diccbat
600 1395 606 1412 :
622 1385 654 1412 1η
665 1385 788 1421 judicium
802 1391 846 1418 ego
863 1383 949 1409 ucniin
966 1389 1038 1407 mun-

248 1439 318 1470 dum,
335 1441 362 1463 ut
387 1444 436 1462 non
449 1435 559 1461 videntes
575 1432 683 1464 videant,
698 1435 720 1458 ct
731 1430 773 1465 qui
788 1430 880 1461 vident,
893 1428 951 1454 ca'ci
964 1428 1037 1461 ﬁant.

249 1484 281 1510 In
293 1482 398 1519 peccatis
413 1486 485 1507 natus
496 1488 521 1506 es
532 1484 608 1510 lotus,
621 1483 644 1504 et
655 1482 681 1504 tu
691 1477 764 1503 doces
774 1484 818 1502 nos
830 1473 918 1510 (Joan.
931 1473 957 1500 9.
973 1471 1038 1507 59)?

253 1517 321 1564 Quid
337 1529 442 1556 dixerat
460 1527 503 1553 ille
514 1526 525 1552 Ἰ
543 1532 605 1552 ιιιιιιι
619 1531 694 1551 suam
710 1521 869 1550 sententiam
887 1519 1011 1546 attulerat
1027 1517 1039 1542 ’ἔ

249 1584 338 1604 nnnon
351 1575 438 1610 potius
451 1579 620 1600 communem
634 1590 640 1601 ,
655 1577 716 1597 cum
731 1568 842 1600 diceret,
859 1566 960 1594 Scimus
971 1564 1040 1600 quod

251 1623 319 1649 Deus
330 1625 471 1655 peccatores
485 1626 534 1644 non
548 1615 671 1644 exaudit?
689 1622 777 1641 nonne
793 1620 824 1640 ea
839 1619 898 1648 qua:
909 1618 956 1637 vos
967 1610 1041 1637 dixe-

251 1669 315 1696 ratis
327 1669 351 1694 in
367 1665 484 1693 medium
497 1662 600 1690 attulit?
616 1660 647 1687 Et
662 1661 786 1695 ejccerunt
801 1666 857 1685 eum
873 1659 952 1693 foras.
971 1655 1042 1682 Vidi-

244 1715 314 1741 »stin‘
327 1712 448 1740 veritatis
459 1717 608 1745 prmconem
621 1728 628 1740 ,
643 1712 669 1734 et
679 1704 813 1741 quomodo
824 1707 968 1740 paupertas
981 1702 1042 1737 phi-

254 1758 401 1793 kv50phiam
418 1765 470 1783 non
485 1753 678 1782 interturbarit.
698 1750 788 1778 Viden‘
802 1753 867 1784 quot
877 1753 904 1776 et
917 1752 1014 1783 quanta
1029 1755 1043 1774 a

253 1805 384 1840 principio
403 1802 517 1830 audierit
534 1806 561 1827 et
578 1806 671 1835 passus
689 1797 748 1825 sit?
762 1801 790 1824 et
804 1794 938 1830 quomodo
956 1793 1044 1821 verbis

256 1857 283 1879 et
297 1850 423 1886 operibus
440 1848 595 1875 testiﬁcatus
608 1845 642 1872 sit
655 1845 666 1870 ζ’

291 1898 318 1925 4.
335 1896 397 1924 lla:c
411 1902 490 1930 porro
503 1893 600 1927 scripta
615 1894 676 1918 sunt
689 1910 695 1920 ,
719 1893 746 1916 ut
767 1895 816 1915 nos
834 1887 879 1914 illa
895 1887 1042 1914 imitemur.

257 1945 321 1972 Nam
333 1944 355 1972 si
373 1942 521 1973 mendicus,
538 1946 634 1970 carens,
651 1937 693 1972 qui
708 1936 843 1963 Christum
859 1941 910 1960 non
926 1933 1045 1965 viderat,

258 1995 360 2018 tantum
387 1989 490 2016 ﬁduciae
512 1986 600 2013 statim
618 1983 737 2011 ostendit
760 1987 821 2009 ante
839 1980 935 2008 Christi
959 1980 1047 2006 horta-

258 2043 360 2070 menta,
372 2039 446 2063 stans
464 2037 557 2061 contra
573 2030 698 2066 p0pulum
718 2033 813 2060 totum,
828 2027 928 2054 caedem
941 2026 1046 2061 spiran-

257 2088 310 2111 tem
325 2102 334 2115 ,
356 2089 372 2108 a
402 2079 525 2107 dzemone
547 2080 634 2103 actum
651 2095 657 2107 ,
675 2074 805 2101 furentem
819 2094 826 2105 ,
844 2080 877 2099 ex
901 2071 959 2106 ejus
985 2077 1049 2096 voce

258 2128 393 2157 Christum
407 2126 535 2153 damnare
543 2122 694 2157 cupientem
710 2129 717 2147 :
733 2125 819 2154 neque
831 2117 913 2145 cessit
925 2116 968 2143 ille
983 2137 989 2148 ,
1004 2123 1050 2142 nes

257 2183 310 2210 que
321 2172 441 2204 recessit,
454 2170 502 2198 sed
517 2169 630 2196 lidenter
646 2167 706 2194 illos
720 2164 866 2193 confutavit
880 2184 887 2197 ,
905 2162 1051 2196 maluitqu

260 2207 330 2248 foras
344 2218 403 2254 ejici
416 2238 424 2250 ,
440 2223 519 2252 quam
539 2214 680 2241 veritatem
695 2210 809 2246 prodere
826 2218 833 2236 :
851 2213 950 2244 quanto
963 2207 1049 2242 magis

261 2274 320 2298 nos,
332 2265 375 2300 qui
390 2262 487 2290 tamdiu
500 2263 524 2288 in
537 2260 588 2288 ﬁde
600 2259 723 2289 viximus,
735 2256 779 2292 qui
792 2263 838 2290 per
849 2254 928 2282 ﬁdem
941 2260 1053 2300 sexcen-

257 2319 287 2340 ta
299 2299 426 2339 miracula
441 2308 556 2336 vidimus
573 2327 581 2340 ,
599 2305 643 2341 qui
658 2303 759 2338 majora
773 2309 853 2337 quam
867 2301 911 2328 ille
925 2299 1052 2327 beneficia

262 2357 415 2392 accepimus
428 2375 436 2388 ,
459 2354 504 2389 qui
523 2350 694 2380 interioribus
710 2347 794 2375 oculis
810 2353 905 2373 arcana
927 2345 1053 2380 mysteria

263 2403 390 2435 vidimus,
405 2405 431 2428 et
445 2400 478 2427 ad
490 2403 596 2429 tantum
617 2396 745 2423 honorem
770 2392 856 2420 vocati
877 2399 968 2419 sumus
979 2411 986 2422 ,
998 2398 1056 2418 om-

265 2458 325 2477 nem
354 2447 478 2475 ﬁduciam
501 2443 627 2472 exhibere
651 2445 758 2476 oportet
783 2438 912 2466 adversus
936 2445 983 2465 eos
1011 2437 1056 2471 qui

265 2495 432 2523 Christianos
448 2494 572 2519 accusant
587 2510 594 2522 ,
610 2488 722 2522 illosque
734 2485 875 2513 confutare
891 2505 898 2518 ,
914 2491 1001 2519 neque
1017 2484 1056 2511 eis

271 2549 373 2570 temere
386 2545 498 2575 parcere
507 2538 519 2564 Ῡ

303 2590 496 2625 Scripturarum
510 2585 609 2613 lectioni
618 2584 656 2610 vel
667 2581 789 2610 auditioni
800 2581 900 2608 assidue
907 2579 1057 2606 vacandum.

268 2639 362 2666 Contra
374 2633 576 2671 spectaculorum
590 2630 768 2666 frequentiam.
777 2643 812 2649 —-
827 2628 882 2655 lloc
894 2635 959 2655 vero
971 2626 1059 2654 facere

267 2684 427 2720 poterimus,
442 2680 466 2709 si
488 2679 610 2706 ﬁduciam
626 2683 792 2704 assumamus
812 2680 839 2702 ct
856 2673 1002 2708 Scripturis
1016 2678 1058 2700 at-

264 2719 411 2759 icndamus
424 2749 430 2759 .
448 2734 533 2761 neque
547 2723 725 2760 perfunctorie
738 2723 796 2750 illas
818 2721 967 2749 audiamus.
994 2719 1060 2746 Nam

303 2778 312 2793 ι
330 2775 402 2801 Hune
413 2773 492 2799 10cum
505 2772 540 2797 sic
564 2770 638 2796 effert
654 2773 696 2795 us.
708 2767 778 2801 savii.
802 2766 959 2801 orientalis...
978 2774 989 2788 ι
1004 2771 1062 2801 pple-

269 2796 351 2835 τιιργῖί
355 2796 580 2837 mobilitasque
591 2800 641 2837 uoti
651 2799 781 2837 3._Deinde
803 2796 1062 2837 ratiociuptur‘i‘z‘lte

273 2828 321 2874 ὶιῖιῖι
331 2828 423 2863 "ei-isis
433 2828 554 2862 maia/ia
566 2835 641 2866 posset
653 2832 699 2857 tale
711 2831 799 2862 facere.
811 2828 877 2859 Quod
889 2828 910 2853 si
921 2828 945 2852 in
957 2828 1063 2858 confesso

275 2875 314 2917 ἔτ’
328 2875 395 2926 [illim
408 2902 446 2924 ats.
460 2898 543 2928 habet,
556 2895 677 2928 putabant,
691 2898 716 2919 et
727 2899 793 2923 mox,
805 2891 991 2923 iutcrrogartmt.

597 181 623 209 5.
643 177 783 208 JOANNIS
793 171 1026 204 CHRYSOSTOMI
1046 170 1202 198 ARCIHEI’.
1223 170 1487 199 CONSI'ANTINOP.

1807 167 1858 196 3‘10

1073 228 1094 255 si
1110 227 1170 262 quis
1183 227 1289 256 assidue
1301 227 1412 261 veniat,
1433 226 1536 254 etiamsi
1550 226 1621 254 domi
1635 233 1687 253 non
1704 225 1774 261 legat
1788 247 1796 260 ,
1812 226 1859 254 sed

1073 273 1116 301 hie
1130 273 1207 301 dictis
1222 272 1342 301 attendat
1356 282 1362 300 :
1377 273 1439 300 anni
1459 272 1538 299 unius
1553 272 1639 307 spatio
1660 272 1759 308 poterit.
1780 271 1861 298 multa

1073 320 1184 348 discere.
1200 320 1291 354 Neque
1303 320 1375 347 enim
1389 319 1468 346 hodie
1483 319 1530 346 has
1541 340 1547 351 ,
1559 326 1618 346 cras
1631 319 1698 346 alias
1711 318 1862 353 Scripturas

1074 367 1197 402 legimus,
1213 366 1259 394 sed
1275 374 1381 401 semper
1391 366 1509 393 easdem.
1525 366 1648 392 Attamen
1672 365 1747 392 multi
1762 365 1797 392 ita
1812 365 1863 392 mi-

1075 420 1136 440 sere
1150 412 1237 439 al'fccti
1247 416 1319 445 sunt,
1335 416 1363 439 ut
1373 416 1433 446 post
1441 416 1543 438 tantam
1554 411 1697 439 lectionem
1709 418 1743 438 ne
1756 411 1865 438 nomina

1075 458 1183 493 quidem
1198 458 1324 485 librorum
1344 458 1448 490 sciant;
1471 465 1522 485 nec
1540 462 1666 485 verentur
1682 477 1691 489 ,
1706 465 1795 492 neque
1810 457 1866 484 fur-

1077 504 1179 531 midant
1187 509 1239 531 tam
1251 504 1414 539 negligenter
1424 503 1456 531 ad
1465 503 1582 531 divinam
1590 503 1690 538 ingredi
1698 504 1866 531 concionem.

1078 550 1130 578 Sed
1143 551 1166 578 si
1178 550 1356 583 citharoedus,
1367 551 1390 578 si
1405 550 1517 578 saltator
1529 550 1570 577 vel
1585 550 1652 578 alius
1667 550 1753 585 quivis
1765 550 1799 577 ad
1814 557 1868 577 sce-

1078 604 1138 623 nam
1152 596 1254 624 vocarit
1267 596 1400 623 civitatem
1419 616 1427 629 ,
1445 596 1586 631 diligenter
1595 603 1688 623 omnes
1702 600 1846 622 accurrunt
1861 615 1867 628 ,

1079 647 1102 668 et
1115 641 1215 676 gratias
1228 641 1327 668 habent
1338 641 1444 668 vocanti
1456 662 1463 674 ,
1478 645 1557 675 atque
1569 641 1594 668 in
1611 641 1764 675 spectaculo
1778 640 1870 674 hujus-

1081 688 1151 714 uunli
1173 687 1311 714 dimidium
1332 687 1386 714 diei
1407 688 1543 714 insumunt
1559 695 1565 713 :
1589 687 1642 714 Deo
1653 691 1743 714 autem
1759 694 1809 714 nos
1823 694 1871 722 per

1081 733 1224 768 prophetas
1248 737 1276 760 et
1295 733 1432 768 apostolos
1451 733 1602 768 alloquente
1616 753 1624 766 ,
1639 733 1783 760 oscitamus
1797 754 1805 766 ,
1823 741 1871 761 nos

1081 780 1234 814 scalpimus,
1252 779 1411 807 fastidimus.
1427 779 1454 806 In
1469 784 1561 807 aestate
1570 780 1676 814 quidem
1687 784 1714 807 et
1730 785 1798 807 testu
1814 788 1871 807 ma-

1081 827 1152 861 gno‘
1170 827 1256 854 forum
1270 826 1403 862 petimus;
1419 827 1444 854 in
1460 826 1547 854 hieme
1561 834 1624 854 vero
1642 835 1657 854 a
1673 827 1760 862 pluvia
1776 832 1803 854 ct
1818 827 1873 853 luto

1083 872 1153 899 domi
1166 873 1345 900 coutinemur.
1358 872 1391 899 At
1407 873 1432 899 in
1448 872 1631 907 hlppodromis
1642 895 1649 906 ,
1662 873 1706 900 ubi
1719 873 1820 900 nullum
1834 877 1874 900 est

1084 922 1184 946 tectum
1200 917 1270 953 quod
1284 925 1299 945 τι
1316 918 1403 952 pluvia
1417 918 1553 951 defendat,
1566 918 1639 945 multi
1651 940 1658 951 ,
1676 919 1763 946 imbre
1779 927 1875 947 urcea.

1085 964 1130 990 tim
1145 964 1261 996 labente,
1279 969 1358 991 vento
1369 972 1464 999 aquam
1477 964 1503 991 in
1516 964 1616 991 vultum
1632 964 1734 992 ferente
1748 985 1755 997 ,
1771 965 1875 993 insania

1085 1009 1156 1037 ducti
1173 1014 1253 1042 stant,
1269 1009 1379 1046 frigore,
1394 1010 1494 1045 pluvia,
1507 1010 1572 1043 luto,
1585 1011 1634 1038 vite
1648 1011 1816 1046 longitudine
1826 1011 1876 1039 de-

1085 1057 1200 1091 spectis;
1218 1056 1283 1084 nihil
1294 1064 1341 1084 eos
1349 1056 1422 1084 domi
1438 1058 1545 1089 retinet,
1563 1057 1627 1084 nihil
1639 1065 1653 1084 a
1668 1058 1823 1093 spectaculo
1832 1066 1878 1084 co-

1088 1101 1180 1128 hibere
1208 1106 1318 1136 potest:
1336 1101 1387 1129 huc
1415 1106 1504 1128 autent
1532 1102 1575 1129 ubi
1602 1106 1700 1129 tectum
1717 1123 1723 1133 ,
1742 1102 1787 1130 tibi
1811 1103 1879 1130 miro

1090 1151 1253 1182 temperatus
1265 1147 1340 1174 calor
1352 1167 1359 1178 ,
1383 1147 1474 1174 venire
1489 1146 1641 1182 refugiunt,
1659 1155 1719 1174 cum
1734 1147 1768 1175 de
1784 1148 1880 1174 anima:

1089 1192 1174 1219 salute
1195 1197 1298 1226 agatur.
1324 1192 1446 1219 llmccinc
1460 1213 1467 1226 ,
1481 1200 1572 1227 qumso
1585 1214 1591 1225 ,
1607 1193 1761 1220 toleranda?
1775 1192 1838 1220 Ideo
1853 1193 1880 1219 in

1091 1238 1143 1265 illis
1155 1238 1275 1273 apprime
1291 1238 1389 1270 edocti,
1400 1238 1425 1265 in
1438 1239 1597 1266 necessariis
1610 1238 1789 1274 imperitiores
1802 1246 1880 1274 quam

1090 1283 1194 1318 pueruli
1208 1291 1309 1311 sumus.
1323 1283 1398 1317 Quod
1411 1283 1433 1310 si
1443 1284 1502 1318 quis
1514 1288 1539 1311 te
1548 1285 1664 1319 aurigam
1676 1284 1717 1311 vel
1726 1284 1881 1311 saltatorem

1091 1329 1208 1364 appellet
1224 1350 1231 1362 ,
1254 1329 1280 1356 id
1293 1329 1480 1356 contumeliam
1496 1329 1563 1356 dicis
1578 1350 1585 1361 ,
1601 1329 1662 1357 licet
1674 1329 1741 1356 nihil
1752 1337 1804 1357 non
1819 1337 1883 1364 agas

1091 1379 1120 1402 ut
1136 1375 1182 1402 tibi
1203 1375 1254 1402 hoc
1266 1375 1426 1409 vituperium
1440 1375 1560 1403 attrahas
1573 1384 1580 1408 ;
1592 1376 1614 1403 si
1637 1384 1702 1404 vero
1715 1376 1748 1403 ad
1765 1377 1802 1403 rei
1817 1383 1884 1411 spe-

1092 1421 1225 1449 ctaculum
1239 1426 1343 1455 evocet,
1355 1429 1407 1449 non
1421 1422 1508 1449 resilis
1520 1428 1527 1455 ;
1541 1426 1688 1457 artemque,
1699 1422 1776 1457 cujus
1788 1430 1884 1449 nomen

1093 1466 1193 1502 refugis
1208 1489 1217 1501 ,
1244 1472 1328 1494 totam
1341 1467 1396 1495 fere
1412 1468 1591 1503 prosequeris.
1609 1467 1658 1495 libi
1671 1475 1736 1495 vero
1748 1473 1776 1495 et
1787 1476 1846 1495 rem
1857 1473 1883 1495 et

1095 1520 1190 1540 nomen
1208 1517 1298 1540 tenere
1310 1512 1392 1540 debes
1406 1514 1415 1528 ¹
1424 1534 1431 1545 ,
1445 1517 1526 1548 atque
1538 1521 1598 1540 esse
1611 1518 1638 1540 et
1651 1514 1739 1541 vocari
1754 1513 1885 1541 Christia-

1096 1567 1156 1591 nus,
1167 1559 1308 1594 nequidem
1321 1559 1383 1594 quid
1397 1559 1423 1591 id
1433 1559 1467 1586 sit
1480 1559 1616 1594 intelligis.
1629 1559 1697 1593 Quid
1706 1559 1757 1588 hat:
1768 1560 1885 1587 amentia

1097 1605 1171 1640 pejus
1185 1605 1197 1632 ?
1212 1605 1274 1632 Haec
1289 1605 1444 1640 frequenter
1453 1605 1527 1632 vobis
1539 1605 1628 1633 dicere
1639 1605 1733 1639 velim;
1747 1606 1794 1633 sed
1807 1606 1886 1632 timeo

1097 1658 1129 1678 ne
1144 1650 1241 1678 frustra
1256 1656 1283 1678 et
1294 1651 1351 1678 sine
1366 1651 1420 1678 ullo
1435 1651 1523 1679 fructu
1537 1652 1612 1679 vobis
1633 1652 1683 1679 sim
1697 1652 1818 1679 odiosus.
1843 1652 1885 1678 Vi-

1097 1695 1149 1724 deo
1168 1704 1284 1732 namque
1306 1697 1468 1724 insanientes
1484 1717 1490 1729 ,
1507 1705 1560 1724 non
1586 1697 1666 1725 modo
1687 1697 1802 1732 juvenes
1819 1719 1825 1730 ,
1842 1697 1886 1724 sed

1098 1743 1178 1770 etiam
1191 1750 1270 1770 senes
1285 1751 1292 1770 :
1313 1751 1424 1778 quorum
1441 1743 1555 1770 maxime
1566 1751 1644 1770 causa
1659 1744 1789 1771 erubesco
1804 1763 1811 1774 ,
1828 1750 1886 1770 cum

1099 1790 1184 1816 virum
1195 1796 1276 1816 rerno
1287 1789 1382 1816 canitie
1398 1788 1589 1822 venerandum,
1602 1796 1684 1816 canos
1699 1788 1886 1820 dehonestare,

1100 1841 1124 1862 et
1139 1835 1223 1861 ﬁlium
1239 1842 1329 1862 secum
1344 1833 1460 1861 trahere.
1473 1834 1541 1868 Quid
1557 1835 1641 1869 magis
1652 1833 1792 1861 ridiculum
1806 1833 1888 1868 ?quid

1101 1881 1203 1914 turpius
1216 1880 1227 1906 ?
1243 1880 1312 1907 filius
1331 1887 1346 1907 a
1369 1879 1568 1915 patreturpiter
1583 1887 1663 1914 agere
1676 1878 1799 1906 docetur.

1136 1928 1162 1954 5.
1176 1927 1384 1961 Spectaculorum
1394 1931 1517 1953 mnatorcs
1539 1927 1743 1961 redarguuntur:
1763 1925 1890 1960 quodnam

1101 1974 1132 1999 sit
1156 1973 1355 2007 spectaculorum
1378 1971 1683 1999 damnum—Mordent
1707 1971 1764 1998 lucc
1787 1971 1891 1998 verba?

1102 2019 1159 2046 lloc
1171 2027 1219 2053 ego
1235 2019 1295 2046 Volo
1307 2039 1314 2050 ,
1330 2023 1360 2045 ut
1378 2025 1520 2046 mmrorcm
1535 2018 1615 2045 verba
1631 2017 1749 2052 pariant,
1764 2021 1792 2044 ut
1806 2016 1891 2051 reipsa

1103 2073 1116 2090 a
1135 2069 1204 2091 tanta
1232 2064 1394 2098 turpitudine
1409 2063 1569 2091 liberemini.
1595 2063 1663 2090 Sunt
1676 2063 1748 2090 enim
1773 2062 1893 2089 nonnulli

1104 2109 1146 2136 his
1161 2110 1238 2144 longe
1262 2109 1422 2144 frigidiores,
1439 2116 1506 2143 quos
1522 2108 1672 2143 hujusmodi
1686 2107 1828 2135 verborum
1843 2115 1894 2134 non

1105 2156 1194 2191 pudet,
1208 2155 1254 2182 scd
1271 2155 1376 2190 longam
1392 2158 1484 2182 texunt
1497 2153 1546 2182 hac
1560 2153 1594 2181 de
1608 2161 1636 2181 re
1652 2154 1813 2180 orationem.
1825 2153 1897 2186 Quos

1106 2202 1126 2227 si
1144 2201 1350 2235 interrogaveris
1365 2201 1424 2235 quis
1438 2200 1473 2227 sit
1495 2200 1577 2227 Amos
1589 2221 1596 2232 ,
1611 2200 1670 2234 quis
1692 2198 1792 2226 Abdias
1803 2220 1810 2230 ,
1834 2203 1900 2233 quot

1107 2247 1254 2281 prophetia,
1271 2250 1335 2281 quot
1349 2246 1473 2280 apostoli,
1485 2254 1517 2272 ue
1533 2245 1636 2272 hiscere
1649 2245 1756 2280 quidem
1773 2249 1898 2279 possunt;

1107 2293 1153 2319 sed
1170 2293 1241 2320 circa
1261 2301 1344 2328 equos
1358 2298 1385 2320 et
1399 2293 1521 2327 aurigas,
1539 2292 1687 2326 graviorem
1703 2298 1784 2327 quan:
1807 2290 1900 2325 sophi-

1108 2343 1156 2365 sta:
1171 2343 1198 2365 et
1213 2339 1335 2366 rhetores
1359 2339 1473 2366 afferunt
1494 2337 1679 2366 defensionem
1694 2345 1702 2364 ς
1717 2343 1745 2366 et
1760 2342 1822 2373 post
1844 2337 1901 2364 haec

1109 2385 1196 2412 omnia
1210 2384 1301 2412 dictmt
1313 2393 1319 2411 :
1336 2384 1439 2420 Ecquid
1453 2384 1514 2412 hinc
1527 2383 1702 2411 detrimenti?
1717 2383 1781 2418 quid
1795 2383 1903 2410 damni?

1109 2431 1171 2459 Ideo
1192 2431 1355 2466 ingemisco,
1371 2430 1441 2466 quod
1466 2431 1572 2458 noxiam
1595 2437 1655 2457 csse
1676 2437 1733 2457 rem
1753 2430 1879 2457 nesciatis
1896 2450 1904 2462 ,

1112 2486 1197 2512 neque
1214 2478 1238 2504 in
1263 2485 1372 2504 sensum
1387 2477 1519 2504 malorum
1542 2476 1678 2504 veneritis.
1705 2475 1773 2503 Vita:
1798 2480 1905 2510 tempus

1111 2524 1183 2552 dedit
1197 2523 1242 2551 tibi
1257 2523 1343 2555 Dens,
1358 2527 1386 2550 nt
1401 2523 1486 2557 ipsum
1506 2521 1578 2549 colas
1600 2530 1607 2550 :
1632 2526 1659 2549 tu
1675 2529 1741 2548 vero
1761 2520 1860 2547 frustra
1877 2526 1904 2547 et

1112 2570 1242 2596 inutiliter
1267 2575 1429 2596 consumens
1452 2567 1516 2595 illud
1528 2589 1536 2601 ,
1550 2567 1649 2602 qumris
1664 2566 1752 2594 adhuc
1764 2587 1771 2598 ,
1786 2565 1856 2600 quod
1871 2566 1906 2592 sit

1113 2615 1256 2643 damnum?
1280 2614 1307 2642 Si
1323 2614 1455 2642 tantillum
1479 2614 1576 2641 frustra
1593 2613 1711 2641 insumas
1726 2612 1864 2647 pecunizc,
1880 2612 1906 2638 id

1113 2662 1239 2689 damnum
1254 2669 1332 2688 vocas
1346 2669 1353 2694 ς
1372 2660 1435 2688 dum
1451 2666 1514 2687 vero
1535 2659 1593 2686 dies
1609 2659 1727 2693 integros
1741 2658 1767 2684 in
1781 2657 1907 2685 satauicis

1114 2709 1218 2744 pompis
1232 2707 1344 2734 insumis
1357 2727 1364 2740 ,
1381 2706 1447 2734 nihil
1462 2705 1577 2733 absurde
1592 2710 1618 2732 te
1629 2705 1715 2732 facere
1728 2703 1826 2740 putas?
1841 2702 1907 2730 Cum

1114 2759 1249 2791 oporteret
1271 2753 1394 2790 precibus
1407 2753 1417 2768 ³
1433 2757 1460 2780 et
1483 2750 1715 2780 obsecrationibus
1730 2756 1814 2778 totam
1827 2751 1907 2778 vitam

1147 2825 1154 2841 ι
1173 2823 1219 2848 Alii
1229 2822 1314 2853 legunt
1326 2825 1418 2853 tantum
1429 2828 1433 2844 :
1443 2824 1469 2853 In
1480 2823 1540 2845 testu
1550 2825 1644 2853 magno.

1147 2856 1157 2871 ¹
1174 2858 1215 2878 sis.
1228 2848 1319 2878 Orient.
1333 2852 1402 2877 savii.
1417 2852 1501 2879 habet.
1514 2848 1657 2882 cupisfpro,
1667 2848 1751 2882 debes.

1152 2887 1161 2902 ³
1180 2885 1242 2911 Editi
1254 2885 1355 2914 habent,
1367 2882 1531 2914 ctecmosynis,
1542 2888 1594 2913 pro,
1606 2881 1725 2913 precibus.
