2031 3118
166 184 222 214 3'5!’

164 244 319 278 itttpettdete
331 265 338 277 ,
354 250 381 273 tu
395 246 420 273 itt
435 247 612 283 clamoribus,
629 250 654 277 itt
672 251 782 279 tuntultu
793 272 800 285 ,
815 253 951 281 obscoenis

164 289 247 316 verbis
258 310 264 321 ,
282 291 375 324 pugnis
386 311 395 322 ,
420 292 613 328 intempestivis
629 296 806 332 voluptatibus
819 301 949 334 ,rprzesti-

158 335 223 370 giis,
241 340 322 362 totam
337 337 415 364 vitam
432 340 587 372 consumis;
607 341 685 376 idque
697 342 793 371 frustra
808 350 834 371 ct
847 345 871 372 itt
887 354 945 379 pcr-

159 381 255 407 niciem
278 386 360 409 tttant.
385 383 416 410 Et
432 389 490 418 post
504 385 561 412 haec
584 387 673 414 omnia
689 387 853 425 interrogas,
877 391 947 426 quod

155 426 192 452 sit
207 425 333 455 damnum
349 437 355 454 :
370 436 455 463 neque
468 430 603 466 intelligis,
615 432 679 460 nihil
694 435 798 468 parcius
812 435 948 463 insumen-

156 469 220 497 dum
236 479 296 500 esse
311 481 389 507 quam
405 478 509 509 tempus
522 476 540 502 ι.
557 477 658 504 Aurum
672 479 694 506 si
709 479 887 514 impenderis.
902 488 947 509 re-

155 524 285 550 cuperare
295 520 411 552 poteris;
423 521 550 549 amissum
562 527 664 559 tempus
675 523 782 553 difﬁcile
791 533 944 562 recupetes.

155 562 239 590 Breve
253 572 367 599 namque
381 566 438 601 ejus
459 568 572 602 spatium
585 569 609 596 itt
624 569 673 598 hac
686 572 738 598 vita
761 573 837 601 nobis
850 582 944 603 conce-

154 609 245 643 ditur;
261 619 314 646 quo
330 613 379 640 uisi
399 618 426 640 ιιι
442 621 490 648 par
503 620 544 643 est
564 620 684 651 tttamnr,
707 619 770 653 quid
793 620 838 647 illo
861 621 943 649 adve-

155 655 260 683 nientes
279 656 425 685 dicemus?
450 659 515 693 Dic,
541 669 652 696 quaeso,
678 664 698 689 si
725 672 803 699 quem
830 666 942 694 filiorum

154 705 258 728 tttorttm
272 701 380 736 juberes
394 708 478 732 artem
503 708 654 742 quampiam
670 709 804 744 ediscere,
821 712 864 739 ille
878 721 942 741 vero

153 746 195 772 vel
218 745 290 773 domi
311 748 352 775 vel
366 749 429 777 alibi
451 754 555 786 tempus
577 757 690 787 tereret,
706 763 795 783 attnon
817 759 942 793 magister

152 791 225 818 illum
250 792 386 821 deferret?
402 803 489 823 atttton
510 797 610 825 diceret
624 800 669 826 tibi
686 809 692 827 :
708 800 815 829 Pactum
837 811 940 832 tttecuut

151 837 250 871 scripto
266 837 366 871 fecisti,
384 845 541 877 tempusque
556 843 697 872 definivisti
720 855 726 873 :
746 847 768 875 si
783 855 844 876 vero
871 850 940 878 tilitts

152 889 212 911 tuus
225 891 277 915 non
294 886 358 913 velit
380 891 483 922 tempus
503 889 571 924 apud
587 898 637 918 nos
651 892 803 925 insumere.
816 895 863 922 sed
877 896 938 924 alibi

151 934 236 957 terere
248 950 255 963 ,
271 932 403 966 quomodo
417 935 563 968 poterimus
584 937 630 963 tibi
645 937 802 972 discipulum
823 942 939 970 sistere?

150 973 212 1003 llaec
231 984 280 1003 nos
296 985 402 1012 quoque
423 979 512 1008 dicere
534 982 665 1016 cogimur.
680 983 746 1012 Nam
769 985 840 1014 dicet
862 988 938 1017 nobis

151 1019 218 1047 Deus
237 1030 243 1047 :
265 1021 380 1057 Tempus
395 1025 526 1059 assignari
543 1027 618 1055 vobis
631 1049 637 1060 ,
653 1037 705 1064 quo
728 1030 834 1065 pietatis
854 1038 937 1061 artem

148 1066 317 1100 ediscere-tis;
342 1077 389 1097 cur
410 1070 509 1099 frustra
526 1077 552 1100 et
578 1074 712 1102 incassum
741 1081 846 1112 tempus
872 1080 936 1108 illud

148 1112 326 1148 insmttpsistis
335 1115 346 1141 ?
354 1123 402 1143 cur
413 1124 464 1143 non
477 1119 630 1153 magistrum
645 1122 750 1150 assidue
763 1124 881 1152 adiistis?
890 1134 936 1154 cur

147 1156 223 1183 (lictis
239 1166 291 1185 ttott
307 1161 476 1189 attendistis?
490 1163 564 1196 Quod
580 1166 649 1192 enittt
662 1167 745 1201 pietas
760 1169 793 1197 sit
807 1178 850 1197 ars
861 1179 934 1206 qua:-

147 1202 221 1235 dam,
244 1204 305 1230 audi
322 1206 478 1240 prophetam
496 1209 628 1237 dicentem
645 1221 651 1238 :
682 1212 766 1241 Venite
779 1235 785 1247 ,
800 1216 848 1249 ﬁlii
859 1202 877 1250 ,-
886 1226 933 1244 nu-

147 1246 197 1274 dite
210 1256 265 1282 me,
277 1250 390 1277 timorem
404 1251 508 1280 Domini
527 1255 618 1283 docebo
634 1265 675 1285 t'os
691 1257 783 1294 (Paul.
803 1261 847 1288 55.
872 1262 932 1299 l2);

147 1297 175 1319 et
194 1293 292 1321 iterum
302 1316 309 1328 ,
325 1295 418 1324 Beatus
431 1299 468 1325 vir
486 1308 558 1334 quem
572 1308 598 1328 tu
620 1304 757 1338 ei'ttdiet'is,
774 1305 880 1336 Domine
890 1329 896 1341 ,
911 1314 933 1336 et

145 1339 176 1367 de
191 1339 245 1374 lege
266 1346 309 1367 tua
330 1343 445 1372 docueris
467 1354 523 1373 cum
545 1347 628 1383 (Psol.
647 1350 689 1377 95.
710 1350 764 1388 12).
780 1353 845 1380 Cum
869 1339 932 1391 ergo

176 1406 183 1420 ¹
203 1406 230 1450 In
242 1407 328 1444 iisdem
345 1409 384 1434 hic
392 1411 427 1435 sic
438 1412 541 1450 habetur
553 1413 628 1442 locus.
640 1422 716 1450 neque
727 1418 838 1450 (luendis,
846 1423 868 1445 te
879 1428 932 1447 nta-

142 1436 207 1461 xime
217 1439 331 1469 temporis
343 1447 399 1466 usus
411 1436 528 1468 rationem
539 1436 763 1472 e’sSé‘Féiiuu’unini.’

728 194 879 222 JUANNEM
902 196 1005 224 liOlilL
1038 198 1104 228 LIX.
1125 203 1158 230 al.
1181 203 1269 234 LVI”.

1741 223 1810 250 521'

1006 259 1109 290 tempus
1125 258 1254 288 inutiliter
1267 269 1463 302 consumpseris
1476 291 1483 302 ,
1499 279 1575 306 quattt
1591 279 1790 307 excusationem

1003 301 1135 338 habebis?
1151 305 1184 332 Et
1197 314 1254 340 cur,
1267 301 1390 345 inquies,
1407 314 1484 342 ttobis
1497 317 1578 346 breve
1594 325 1697 356 tempus
1718 332 1788 358 pra:-

1649 347 1656 356 ι
1669 347 1695 350 η

1002 347 1128 383 Scripsit?
1147 351 1169 377 0
1185 351 1379 388 insipientiam!
1394 365 1410 385 0
1426 359 1555 395 ingratum
1571 367 1707 395 animum?
1718 347 1787 403 XQuia

1002 393 1028 403 ,ει
1042 394 1046 398 -
1066 394 1070 403 l
1092 395 1097 403 1
1227 399 1231 403 -

1002 393 1047 420 tibi
1064 394 1169 424 labores
1184 399 1347 436 sudoresque
1362 404 1475 440 minuit,
1492 415 1522 436 ac
1538 413 1655 446 requiem
1671 393 1791 444 tibidtna

1001 442 1104 466 turnam
1118 446 1145 468 et
1158 442 1333 474 immortalem
1351 450 1473 484 paravit,
1490 453 1549 482 ideo
1565 457 1669 487 incusas
1682 465 1709 488 et
1732 470 1789 490 ntu—

999 482 1064 511 leste
1075 484 1147 513 fers?
1158 487 1210 516 Sed
1222 492 1313 519 nescio
1327 495 1459 527 quomodo
1473 506 1624 530 sermonem
1638 505 1689 533 huc
1701 513 1788 536 trans-

999 529 1117 565 tulimus,
1131 537 1157 560 et
1169 535 1267 564 tamdiu
1282 545 1447 571 peroremus.
1464 543 1694 585 Quapmpterjam
1707 554 1786 584 finem

999 574 1020 585 ,4
1031 583 1038 585 Α
1047 584 1053 585 γ
1273 582 1294 585 __

998 574 1087 604 facere
1111 586 1178 614 opus
1195 585 1245 608 est.
1271 582 1337 611 Nam
1360 585 1411 613 hoc
1434 595 1539 624 quoque
1560 574 1674 624 miseria:
1690 606 1787 629 nostra:

997 621 1185 659 tribuendum,
1210 628 1278 661 quod
1301 629 1323 656 si
1349 630 1392 658 ltie
1422 632 1499 669 longa
1523 636 1558 664 sit
1585 641 1690 676 oratio,
1714 645 1786 674 illam

996 675 1088 696 omnes
1112 670 1288 708 fastidiamus;
1307 676 1362 704 illic
1387 686 1450 707 vero
1465 688 1480 708 a
1502 684 1614 713 meridie
1630 689 1704 723 orsi,
1725 699 1784 721 cum

996 713 1049 723 Ι...Α
1089 715 1095 721 ”
1205 718 1211 723 ¹
1297 721 1318 723 ’-

1634 713 1683 716 η-.
1697 713 1704 723 ,

995 713 1111 743 lucernis
1133 718 1269 747 recedant.
1297 721 1394 751 Verum
1421 733 1454 753 ne
1478 734 1584 763 semper
1609 731 1784 769 incusemus.

994 767 1118 795 rogamus
1132 771 1178 791 vos
1193 769 1220 792 et
1237 766 1409 798 obsecramus
1425 781 1431 799 :
1455 773 1523 802 hanc
1538 781 1564 803 et
1578 778 1655 806 nobis
1670 785 1696 809 et
1710 784 1784 812 vobis

993 807 1105 840 gratiam
1119 811 1274 845 concedite,
1289 818 1317 840 ut
1329 815 1388 843 aliis
1403 819 1510 847 omissis
1523 824 1647 852 ontttihus
1660 846 1667 858 ,
1683 827 1723 855 his
1740 829 1780 856 itt-

993 853 1161 881 cmnbantus.
1191 856 1326 892 Siquidem
1357 861 1413 890 hcce
1437 871 1470 891 ex
1501 867 1577 894 vobis
1600 869 1781 910 lucrabimur.

993 897 1114 910 nuntii...“
1152 900 1157 910 |
1187 902 1224 910 ,κα
1306 905 1312 910 .
1359 906 1365 910 .
1465 909 1469 910 ν

992 897 1115 930 gaudium
1128 919 1136 932 ,
1152 900 1269 930 helitiant
1281 925 1288 936 ,
1306 905 1430 941 laudent,
1446 909 1556 943 gloriam
1571 918 1598 940 et
1618 897 1781 948 mercedem:

993 942 1088 971 Totum
1102 950 1190 973 autem
1211 950 1346 982 pra'ntinm
1363 960 1410 980 vos
1422 954 1587 985 lucrahitnini
1599 980 1606 993 ,
1623 963 1693 996 qttod
1707 970 1782 993 ante—

992 987 1042 1015 hac
1065 989 1098 1016 ad
1122 991 1238 1020 furorem
1263 1002 1347 1030 usque
1362 998 1508 1028 orchestra:
1531 987 1657 1039 addicti?
1675 1008 1710 1036 ob
1735 987 1782 1038 Dei

992 1033 1115 1062 timorem
1129 1041 1156 1063 et
1165 1037 1376 1069 cohortationcnt
1389 1050 1517 1080 ttostram,
1530 1055 1577 1076 vos
1586 1050 1619 1077 ab
1631 1051 1780 1087 hujusmodi

990 1079 1084 1106 ntorbo
1096 1083 1218 1109 erueritis
1228 1105 1235 1116 ,
1247 1090 1272 1112 et
1289 1086 1401 1115 vinculis
1413 1090 1507 1118 solutis
1518 1112 1524 1124 ,
1537 1094 1569 1120 ad
1590 1079 1674 1124 Donni
1688 1106 1781 1128 accur-

989 1124 1088 1152 reritis.
1104 1126 1195 1162 Neque
1207 1129 1242 1157 ibi
1257 1131 1344 1160 solum
1360 1136 1509 1164 mercedem
1523 1140 1655 1175 recipietis
1668 1152 1674 1177 ;
1688 1153 1778 1174 verum

989 1169 1068 1196 etiam
1084 1171 1108 1198 itt
1125 1172 1176 1200 ltae
1196 1175 1246 1201 vita
1263 1183 1352 1205 veram
1379 1185 1577 1217 conscqueutini
1606 1189 1777 1224 voluptatein.

989 1214 1010 1224 η,
1028 1215 1044 1224 ..
1112 1218 1117 1222 .
1205 1220 1210 1224 .

1469 1214 1477 1217 _
1626 1214 1646 1216 η
1667 1214 1777 1224 ,ν----....

989 1214 1060 1243 Talis
1075 1218 1172 1252 quippe
1186 1220 1270 1248 virtus
1286 1227 1327 1250 est
1352 1234 1359 1252 :
1387 1233 1484 1260 praeter
1499 1237 1612 1260 coronas
1637 1235 1712 1270 illas,
1736 1238 1779 1266 hic

966 1268 970 1273 ·
988 1269 1093 1297 quoque
1107 1272 1217 1294 suavem
1232 1269 1307 1296 nobis
1317 1271 1396 1298 vitam
1411 1281 1494 1307 parnt.
1509 1276 1589 1305 Dictis
1599 1287 1661 1315 ergo
1675 1268 1779 1313 obtem-

988 1313 1130 1343 percmus,
1145 1315 1172 1338 ut
1188 1311 1245 1340 haec
1265 1319 1292 1342 et
1307 1315 1350 1342 illa
1372 1325 1567 1355 consequamur
1589 1325 1674 1360 bona,
1691 1331 1778 1364 gratia

986 1357 1013 1379 ct
1037 1354 1219 1385 misericordia
1236 1359 1340 1388 Domini
1357 1365 1439 1391 nostri
1455 1354 1518 1394 .lesu
1533 1368 1630 1398 Christi
1644 1392 1651 1405 ,
1669 1354 1775 1408 qtiicum

987 1397 1030 1408 η..
1051 1399 1056 1404 -
1096 1401 1102 1408 π
1138 1402 1143 1407 -
1219 1405 1223 1408 -
1276 1406 1280 1408 ·

986 1397 1057 1426 Patri
1077 1401 1178 1436 gloria,
1203 1405 1335 1442 simulque
1357 1408 1465 1443 Spiritui
1492 1419 1603 1449 saneto,
1631 1418 1656 1445 itt
1676 1397 1776 1449 lsa-cula

985 1445 1154 1474 smculorttm.
1173 1451 1268 1478 Amen.

796 1536 968 1570 HOMILIA
990 1542 1071 1574 LIX.

141 1593 206 1621 Enr.
222 1595 248 1622 9.
262 1603 287 1623 ν.
304 1597 346 1625 55.
359 1598 392 1624 Et
407 1599 531 1634 ejecerunt
545 1609 601 1629 cum
616 1605 684 1638 foras
694 1613 702 1631 :
712 1610 734 1632 et
749 1607 844 1635 audivit
859 1609 934 1638 Jcsns

176 1649 237 1676 qum
247 1642 371 1677 ejecerunt
382 1653 436 1672 cum
448 1648 516 1678 foras
529 1655 537 1673 :
548 1653 635 1674 etcum
646 1650 778 1679 inuertisset
788 1662 854 1687 cum,
867 1656 932 1684 dixit

173 1686 197 1712 ci
209 1694 217 1713 :
227 1686 267 1713 Tu
285 1689 364 1715 credis
379 1690 405 1716 in
421 1690 516 1719 Filium
530 1693 596 1720 Dei?
610 1695 654 1722 56.
670 1695 810 1732 Respondit
833 1686 855 1727 ci
866 1723 873 1736 ,
899 1703 932 1730 Et

175 1734 232 1766 quis
245 1738 291 1766 est,
307 1735 424 1769 Domine,
438 1743 465 1764 ut
477 1739 576 1766 credam
588 1741 614 1767 in
628 1749 682 1768 eum
691 1743 704 1769 ?
720 1749 770 1772 etc.

175 1779 201 1804 Iv.
219 1778 388 1809 Contumetias
405 1783 498 1810 Christi
517 1793 594 1812 causa
613 1788 734 1822 patientes
753 1794 878 1825 quomodo
891 1803 932 1822 rb

139 1830 307 1853 inniterentur.
327 1827 414 1855 Ctecus
429 1835 503 1857 natus
525 1831 551 1858 in
573 1832 752 1866 discipulorum
767 1837 871 1866 chorum
884 1842 930 1867 ad—

137 1871 223 1898 scitur.
233 1887 268 1891 —-
278 1873 326 1906 Qui
342 1879 451 1909 propter
467 1877 604 1904 veritatem
626 1883 652 1906 et
666 1880 764 1909 Christi
780 1884 928 1913 confessio-

137 1923 208 1949 nem,
232 1918 302 1945 malo
324 1920 364 1945 vel
389 1923 550 1949 contumelia
570 1924 684 1958 quadam
706 1927 874 1964 afticiuntur,
903 1932 926 1959 lti

136 1962 251 1989 maxime
262 1971 277 1990 a
290 1965 343 1991 Deo
356 1965 530 1995 honorantur.
546 1969 577 1996 Ut
590 1970 659 1997 enim
671 1972 714 2006 qui
728 1979 836 2009 propter
846 1977 926 2004 Deum

135 2008 262 2040 pecunias
278 2010 408 2044 perdidit,
431 2012 473 2040 hic
495 2015 610 2042 maxime
633 2016 690 2043 illas
712 2018 826 2054 invenit;
843 2026 868 2048 et
882 2024 925 2057 qui

135 2053 191 2080 odit
206 2054 321 2082 animam
337 2064 430 2090 suam,
453 2058 496 2086 hic
509 2061 675 2095 potissimum
688 2063 773 2099 diligit
785 2066 856 2094 illam
870 2076 876 2094 :
888 2070 926 2096 sic

134 2099 176 2133 qui
191 2102 352 2129 contumelia
369 2103 484 2132 afficitur
494 2126 500 2138 ,
528 2107 569 2134 hic
584 2109 748 2142 potissimum
763 2111 863 2141 honore
877 2122 925 2142 cu-

135 2146 264 2179 mulatur;
281 2148 305 2175 id
321 2150 391 2183 quod
406 2158 476 2178 cmco
487 2153 591 2180 accidit.
604 2154 680 2182 llluttt
695 2156 772 2191 igitur
784 2166 815 2185 cx
828 2161 925 2194 templo

132 2190 218 2219 Judaei
232 2193 381 2228 ejecerunt,
398 2201 424 2223 et
439 2197 539 2225 invenit
552 2199 624 2227 illurn
641 2190 730 2237 templi
748 2203 885 2233 Dominus.
901 2207 924 2233 A

132 2237 260 2270 pestifero
273 2246 400 2268 consessu
417 2242 561 2278 liberatus,
584 2246 748 2274 salutiferam
773 2249 869 2277 fontem
885 2257 925 2279 est

132 2289 312 2318 consequutus
329 2294 336 2313 :
355 2286 545 2316 deltonestatus
567 2295 609 2318 est
627 2292 661 2319 ab
681 2292 711 2320 iis
730 2295 773 2328 qui
789 2294 922 2324 Christum

130 2328 341 2358 deltonestarunt
354 2353 361 2366 ,
385 2337 411 2360 et
435 2335 579 2363 ltonoratus
600 2342 640 2365 est
655 2339 688 2366 ab
702 2342 854 2375 angelorum
870 2343 922 2370 Do-

129 2375 212 2402 mino.
233 2375 295 2404 "me
315 2383 379 2405 sunt
392 2380 519 2409 .veritatis
540 2384 659 2416 prretttia.
673 2385 716 2412 Sic
730 2390 755 2413 et
770 2395 819 2414 nos
839 2389 859 2415 si
880 2389 922 2416 hic

129 2421 256 2454 pecunias
269 2423 437 2458 amittamus,
453 2426 508 2454 illic
523 2427 645 2456 fiduciatn
659 2431 807 2465 reperimus
820 2442 826 2465 ;
841 2434 863 2461 si
878 2434 921 2462 ltic

128 2468 288 2496 mrumnosis
302 2469 454 2504 largiamur,
470 2474 667 2508 requiescemus
680 2477 705 2503 in
720 2479 807 2511 cmlis;
825 2480 845 2507 si
859 2488 920 2515 pro-

129 2515 187 2545 pter
203 2513 285 2540 Deunt
299 2517 468 2545 contumeliis
482 2519 644 2554 afficiantur,
666 2528 693 2550 et
709 2523 751 2551 ltic
765 2530 791 2552 et
804 2513 919 2555 illic-ho-

127 2564 220 2585 norem
234 2562 432 2596 consequimur.
449 2564 567 2599 Ejectum
579 2575 593 2594 e
605 2570 703 2603 templo
720 2571 818 2599 invenit
831 2571 918 2601 Jesus.

125 2603 263 2638 Significat
278 2608 441 2643 evangelista
460 2611 521 2638 ideo
537 2614 649 2647 venisse,
662 2620 688 2642 ιιι
705 2616 740 2643 illi
756 2624 917 2647 occurreret.

126 2649 158 2676 Et
172 2651 312 2679 considera
326 2655 396 2688 quod
412 2655 461 2690 ipsi
478 2659 613 2691 prazmium
628 2661 746 2689 conferat
758 2673 765 2690 :
777 2671 854 2699 caput
868 2666 917 2694 bo-

125 2703 231 2723 norum.
247 2697 281 2725 Se
295 2707 411 2735 namque
423 2703 447 2729 ei
463 2707 554 2731 notum
569 2705 629 2733 facit
646 2707 719 2742 prius
733 2710 875 2746 ignoranti,
891 2717 918 2740 et

124 2747 185 2766 ettnt
206 2742 232 2769 in
248 2743 440 2778 discipulorum
455 2749 566 2776 cltorum
586 2751 707 2780 adscivit.
723 2754 762 2781 Tu
778 2763 839 2783 vero
853 2765 916 2785 con-

123 2785 225 2814 sideres
246 2789 324 2816 velint
340 2794 474 2825 quomodo
493 2795 550 2830 ejus
571 2797 732 2832 diligentiam
755 2804 915 2837 evangelista

122 2832 258 2861 exhibeat.
276 2835 322 2864 lllo
338 2838 408 2865 enint
423 2840 539 2875 dicente,
555 2842 593 2869 Tu
605 2846 685 2873 credis
698 2847 723 2874 in
739 2848 835 2876 Filium
847 2850 916 2880 Dei?

122 2879 287 2913 respondet,
308 2882 434 2918 Domine,
456 2887 512 2920 quia
525 2893 563 2915 est
574 2889 587 2915 ?
605 2890 726 2919 Nondum
742 2895 812 2922 cttittt
828 2897 913 2932 ipstnn

124 2928 210 2959 norat,
224 2926 276 2954 etsi
290 2935 415 2965 sanatus,
438 2933 497 2967 quia
512 2942 597 2962 caecus
611 2935 694 2964 fuerat
709 2940 859 2977 priusquam
880 2946 911 2973 ad

988 1615 1134 1646 beneficum
1151 1622 1299 1657 accederet,
1315 1630 1340 1652 et
1354 1633 1412 1661 post
1428 1636 1563 1666 receptum
1577 1636 1661 1664 visum
1677 1646 1691 1666 a
1702 1642 1776 1668 cani-

985 1660 1035 1689 bus
1049 1663 1101 1690 illis
1117 1667 1282 1697 trahebatur.
1296 1671 1374 1700 Jcsus
1389 1681 1452 1709 ergo
1468 1684 1515 1704 cett
1532 1682 1690 1714 agonotlteta
1703 1688 1776 1719 quis-

1548 1709 1562 1714 -
1654 1709 1690 1711 η
1704 1709 1760 1719 .,_.-

985 1709 1055 1742 piant
1069 1711 1194 1741 athletam
1206 1722 1266 1750 post
1278 1719 1376 1746 multos
1388 1721 1492 1749 labores
1503 1731 1657 1756 coronatttm
1666 1733 1773 1767 excipit.

985 1753 1015 1767 17.
1038 1757 1097 1767 ...ΑΙ
1119 1759 1135 1767 1·
1156 1760 1192 1767 -.η
1211 1761 1227 1767 η
1268 1763 1283 1767 ..
1311 1765 1316 1767 .
1354 1765 1372 1767 λ

984 1753 1017 1781 Et
1036 1757 1097 1791 quid
1110 1759 1192 1786 dicit?
1208 1761 1294 1791 Credis
1308 1765 1332 1791 in
1348 1765 1442 1794 Filium
1460 1769 1528 1797 Dei?

984 1803 1083 1829 tantam
1095 1812 1155 1832 eum
1168 1805 1266 1834 Iudaeis
1278 1809 1517 1851 disceptationem,
1542 1803 1603 1851 post
1619 1824 1657 1848 tot
1677 1824 1755 1852 verba
1767 1847 1773 1857 ,

1511 1845 1549 1851 ν,
1597 1845 1655 1848 η-.
1681 1845 1773 1857 .-.--.

983 1845 1128 1883 interrogat
1143 1858 1204 1878 num
1220 1854 1332 1882 credat?
1346 1856 1403 1884 Non
1420 1860 1488 1893 quod
1505 1861 1627 1899 ignoret,
1643 1868 1690 1894 sed
1705 1872 1773 1904 qttod

983 1892 1041 1904 multa
1059 1901 1084 1904 λ-
1103 1901 1116 1904 μ
1140 1900 1145 1904 -
1215 1898 1224 1904 '

981 1892 1043 1918 velit
1058 1901 1086 1920 se
1103 1900 1192 1923 notum
1213 1898 1319 1934 facere,
1343 1907 1369 1929 et
1388 1892 1478 1939 quanti
1499 1906 1577 1936 faciat
1597 1892 1654 1946 ejus
1675 1892 1751 1942 fidem
1764 1939 1771 1946 .

981 1940 1133 1968 ostendere.
1158 1942 1199 1971 Me
1220 1949 1398 1982 contumelia,
1424 1951 1524 1987 inquit,
1553 1940 1639 1984 tantus
1660 1963 1773 1995 populus

981 1984 1065 1995 ..η’
1095 1993 1101 1995 Α
1133 1987 1138 1995 .
1170 1989 1215 1995 ....

980 1984 1078 2019 affecit,
1092 1987 1138 2014 sed
1150 1989 1215 2016 nihil
1230 1998 1309 2025 curo;
1333 2001 1413 2021 tinum
1429 1984 1502 2032 opto,
1517 2005 1544 2026 ttt
1560 1984 1773 2035 credasfhiclior

980 2030 1077 2065 quippe
1089 2037 1130 2060 est
1144 2042 1212 2062 unus
1229 2037 1273 2071 qui
1296 2038 1358 2066 facit
1370 2030 1534 2071 voluntatem
1550 2046 1673 2083 Domini,
1692 2061 1771 2086 quam

980 2075 1100 2086 _._:.._.,.
1141 2079 1198 2086 ....
1233 2081 1248 2086 ..
1280 2083 1308 2086 ,Α
1336 2084 1358 2086 γ.

979 2075 1050 2103 tttille
1065 2077 1147 2112 iniqui
1164 2079 1257 2115 (Eucti.
1276 2083 1318 2110 16.
1335 2084 1373 2119 5).
1390 2085 1428 2113 Tu
1444 2090 1525 2117 credis
1545 2092 1570 2118 in
1591 2075 1782 2126 Filiuiit-lDeili‘

979 2119 1013 2147 Ut
1026 2128 1143 2155 pra-scus
1159 2129 1184 2151 et
1197 2124 1266 2154 dicta
1281 2129 1424 2164 excipiens,
1438 2134 1476 2161 sic
1487 2135 1646 2173 interrogat;
1661 2145 1686 2168 et
1698 2144 1771 2177 prius

979 2165 1147 2177 ,_,.,,__..
1182 2170 1245 2177 ...
1358 2176 1362 2177 ν

978 2165 1003 2192 itt
1021 2167 1066 2194 illo
1079 2169 1118 2195 sui
1131 2169 1292 2200 desiderium
1306 2176 1412 2203 excitat.
1427 2178 1484 2206 Non
1501 2180 1566 2209 dixit
1581 2165 1661 2218 evnim,
1674 2165 1768 2217 Stratim

977 2214 1066 2248 crede,
1084 2216 1131 2243 sed
1147 2218 1327 2256 interrogavit.
1345 2223 1411 2257 Quid
1430 2226 1510 2261 igitur
1523 2229 1586 2256 ille?
1603 2231 1635 2258 Et
1647 2235 1702 2266 quis
1716 2242 1768 2269 cst,

982 2258 1013 2269 τι.
1047 2261 1052 2266 ¹
1138 2267 1142 2269 Α
1210 2265 1214 2269 ⁵
1282 2268 1286 2269 ⁷

1439 2258 1451 2261 γ
1653 2258 1701 2266 1⁷⁷⁷⁷
1716 2258 1750 2263 -νυ
1761 2259 1768 2269 ν

976 2258 1097 2295 Domine,
1115 2267 1142 2289 ut
1155 2265 1257 2292 credam
1277 2268 1302 2294 in
1318 2277 1373 2296 etnn
1384 2270 1397 2296 ?
1417 2271 1539 2306 Optantis
1552 2283 1582 2303 ac
1598 2278 1768 2310 vehementer

976 2304 1152 2336 desiderantis
1164 2311 1284 2339 verbum.
1296 2313 1347 2341 Pro
1358 2323 1409 2350 quo
1420 2323 1490 2346 tanta
1503 2320 1626 2356 loquutus
1637 2330 1687 2358 cst,
1699 2327 1768 2355 hunc

976 2350 1087 2386 ignorat,
1098 2358 1126 2381 ut
1136 2355 1223 2384 discas
1234 2366 1311 2393 qttam
1323 2362 1441 2390 veritatis
1451 2373 1542 2394 amans
1553 2374 1633 2397 esset.
1646 2371 1766 2401 Nondum

975 2398 1044 2424 enim
1061 2399 1147 2434 ipsum
1168 2403 1279 2431 viderat.
1294 2405 1336 2433 57.
1353 2407 1421 2434 Dicit
1441 2411 1463 2436 ci
1479 2419 1488 2437 .·
1505 2411 1535 2438 Et
1555 2414 1639 2442 vidisti
1659 2426 1725 2452 eum,
1744 2425 1766 2446 et

973 2443 1015 2476 qui
1028 2444 1138 2479 loquitur
1153 2452 1232 2475 tecum
1245 2471 1252 2482 ,
1267 2450 1310 2477 ille
1323 2457 1368 2479 est.
1383 2453 1439 2480 Non
1454 2456 1537 2489 dixit,
1554 2459 1679 2496 l‘Igorsum
1693 2484 1699 2496 ,
1717 2443 1765 2491 sed

973 2489 1110 2518 remissius
1125 2492 1212 2520 adhuc
1223 2515 1229 2526 ,
1256 2495 1289 2522 Et
1304 2497 1387 2525 vidisti
1402 2508 1466 2527 ctun.
1488 2501 1553 2529 illud
1570 2489 1657 2534 cidliuc
1670 2489 1766 2536 obscu-

973 2542 1030 2561 rtnn
1045 2541 1116 2570 crat;
1134 2538 1193 2566 ideo
1205 2541 1302 2568 claritts
1317 2543 1398 2575 addit,
1417 2546 1465 2577 Qui
1476 2546 1587 2581 loquitur
1602 2555 1681 2578 tecum
1693 2575 1701 2586 ,
1721 2555 1766 2582 ille

972 2586 1018 2608 cst.
1037 2581 1183 2617 Respondit
1201 2585 1245 2612 ille
1261 2595 1267 2613 :
1281 2588 1324 2614 58.
1347 2588 1427 2616 Credo
1438 2611 1444 2623 ,
1471 2592 1576 2620 Domine
1593 2601 1637 2622 :ct
1651 2581 1764 2627 adorauit

971 2634 1026 2652 eum
1040 2629 1133 2654 statim.
1148 2629 1239 2665 Neque
1254 2632 1318 2658 dixit
1329 2654 1335 2665 ,
1360 2633 1415 2669 Ego
1429 2643 1486 2662 sum
1503 2638 1546 2672 qui
1560 2642 1650 2668 sanavi
1668 2647 1702 2675 te,
1718 2647 1762 2679 qui

970 2671 1023 2698 dixi
1039 2673 1096 2707 tibi,
1116 2675 1197 2709 Vade,
1212 2677 1300 2705 lavare
1314 2679 1337 2705 itt
1354 2679 1427 2708 Siloe
1441 2690 1446 2707 :
1459 2683 1506 2710 sed
1523 2683 1563 2711 his
1576 2686 1681 2715 silentio
1695 2691 1762 2718 mis-

970 2716 1006 2743 εἰς
1018 2738 1025 2750 ,
1051 2718 1086 2745 ait
1099 2728 1105 2746 :
1118 2719 1205 2748 Credis
1219 2722 1245 2750 in
1261 2722 1356 2750 Filium
1375 2724 1443 2752 Dei?
1458 2727 1559 2756 Dcittde
1575 2730 1632 2764 ille,
1651 2734 1761 2762 mttltunt

969 2764 1097 2792 exhibens
1111 2766 1232 2794 affectum
1248 2789 1254 2800 ,
1276 2772 1364 2797 statim
1380 2772 1499 2800 adoravit
1512 2783 1571 2802 etutt
1584 2787 1590 2805 :
1601 2780 1670 2813 quod
1685 2783 1760 2816 pauci

968 2816 999 2835 ex
1017 2809 1048 2836 iis
1062 2811 1106 2845 qui
1121 2813 1205 2839 curati
1225 2819 1303 2848 sunt,
1323 2816 1459 2852 fecerunt,
1476 2826 1504 2847 ut
1517 2821 1615 2857 lcprosi
1630 2809 1725 2860 illi,.et
1738 2830 1759 2855 si

967 2855 1011 2889 qui
1031 2856 1074 2883 alii
1087 2865 1094 2884 :
1107 2857 1168 2885 hinc
1190 2861 1306 2887 ostendit
1325 2862 1441 2891 divinam
1467 2873 1541 2894 suam
1567 2870 1702 2900 virtutem.
1721 2873 1760 2902 Ne

966 2902 1025 2935 quis
1039 2903 1110 2930 enim
1123 2909 1224 2938 putaret
1236 2905 1293 2934 lure
1305 2908 1384 2935 verba
1399 2915 1500 2938 tantmtt
1514 2921 1584 2949 055e,
1597 2916 1681 2952 ipsunt
1693 2927 1759 2953 opus

967 2948 1077 2976 addidit.
1104 2950 1150 2977 lllo
1173 2956 1259 2979 autem
1285 2953 1430 2989 adorante,
1455 2957 1489 2984 ait
1511 2958 1701 2991 Cltzistnsziiti
1730 2965 1760 2991 In
