2031 3118
247 197 300 226 523

245 253 368 290 judicium
382 258 426 285 ego
441 248 495 275 veni
508 245 533 273 in
549 245 682 276 mundum,
698 250 723 272 ut
734 252 784 271 non
796 243 904 270 ridentes
919 241 1033 271 rideant,

247 286 271 327 et
288 299 330 334 qui
344 297 443 327 vident,
464 293 522 321 circi
538 293 608 327 ﬁant.
632 291 747 326 ldipsutn
763 290 860 317 Paulus
873 288 954 316 dicit:
969 286 1036 319 Quid

246 333 306 378 ergo
329 340 455 369 dicimus?
473 338 547 372 Quod
571 342 653 373 gentes
676 345 727 363 non
750 340 877 370 sequentes
894 333 1035 369 justitiam,

247 376 396 422 adceperunt
414 385 556 420 justitiam,
576 382 702 418 justitiam
724 385 807 407 autent
822 387 877 414 qua:
891 383 970 405 estea:
987 376 1038 411 [ide

249 433 312 460 Jcsu
327 440 336 459 :
349 430 430 458 Israel
449 435 532 456 autent
556 435 659 463 sequens
680 427 759 462 legem
776 425 900 461 justitiaz,
919 424 946 450 in
961 424 1038 457 legem

247 477 354 511 iustitia:
366 485 415 504 non
430 475 494 503 venit
508 474 596 510 (fiant.
619 473 646 500 9.
665 473 722 506 30).
737 471 803 499 Cum
826 469 892 496 dixit
905 467 1039 497 Christus,

251 524 284 552 In
293 524 419 560 justitiam
430 522 485 549 ueni
497 522 523 548 in
535 522 601 548 hunc
614 519 753 551 mundum;
766 521 792 545 et
805 517 878 544 illum
893 514 953 542 iidci
966 518 1041 541 tena-

252 571 352 598 ciorent
366 568 471 600 effecit,
494 572 521 595 et
540 569 682 601 sequentes
695 572 724 592 se
738 562 862 591 excitavit
875 571 881 589 :
894 568 955 588 nam
968 559 1039 587 Pha-

251 616 321 644 risa'i
337 615 516 650 sequebantur
529 613 620 644 illum,
642 611 674 638 In
691 610 818 646 judicium
840 615 919 643 porro
933 610 990 639 est,
1014 606 1040 632 in

253 662 340 697 majus
355 660 531 695 supplicium;
554 657 698 685 ostendens
710 664 756 683 eos
769 655 814 690 qui
828 662 858 681 se
868 654 1040 684 damnarent,

252 715 312 735 esse
326 707 479 738 damnatos,
494 709 521 732 et
534 705 578 740 qui
592 711 620 731 sc
634 707 799 738 peccatorem
820 700 1040 736 pronuntiarent,

253 754 326 788 ipsos
341 760 401 780 esse
414 756 523 787 peccato
537 749 677 777 obnoxios.
691 748 738 775 llic
750 754 813 774 vero
825 746 958 780 duplicem
970 744 1042 770 visus

254 799 448 826 restitutionem
462 801 488 824 et
498 796 630 830 duplicem
643 794 789 821 ca-citatem
804 795 942 820 memorat,
958 788 1042 816 sensi-

255 844 335 872 bilem
349 850 446 878 ttcmpe
457 863 465 876 ,
484 846 510 869 et
524 840 698 876 spiritttalem.
711 838 777 865 Tum
792 838 882 864 dicunt
898 835 921 863 ei
935 834 1041 870 quidam

252 895 283 915 ex
310 884 490 921 sequentibus
506 892 512 910 :
529 883 574 910 40.
591 880 727 916 Numquid
748 884 772 906 et
787 888 833 907 nos
855 879 917 906 ca-ci
934 877 1044 905 suntus."

254 932 285 959 Et
298 936 327 960 ut
341 932 404 959 alibi
419 931 556 962 dicebant,
573 927 680 955 Nemini
693 926 846 954 seruiuimus
859 932 991 960 unquam;
1006 927 1044 956 et,

254 979 315 1006 Non
332 986 364 1005 ea:
384 977 559 1012 fornicatione
575 975 633 1002 nati
651 982 740 1001 sumus
762 971 852 999 lloan.
868 972 895 998 8.
913 971 958 998 55.
977 968 1019 1005 Η)
1037 976 1044 994 :

257 1025 292 1051 ita
307 1029 333 1051 et
349 1031 418 1050 nttttc
432 1022 601 1050 sensibilihus
615 1024 715 1047 tantum
729 1018 842 1050 inhiant,
855 1022 882 1044 et
897 1017 974 1051 hujus
986 1016 1045 1042 illos

258 1070 373 1106 pudebat
393 1069 529 1096 excitatis.
555 1067 654 1094 Deinde
678 1065 821 1093 ostendens
848 1064 942 1091 melius
968 1070 1044 1096 esse,

258 1118 329 1152 ipsos
343 1123 403 1143 esse
414 1121 499 1142 caecos
508 1121 587 1148 quam
599 1112 699 1144 videre,
710 1112 745 1138 ait
758 1120 763 1138 :
774 1111 818 1138 Al.
834 1110 863 1137 Si
879 1109 937 1136 ειεςί
950 1108 1043 1140 essetis,

258 1172 307 1190 non
320 1162 442 1189 haberetis
458 1166 596 1196 peccatum.
607 1159 673 1187 Cum
687 1159 863 1187 calamitatem
877 1157 959 1188 illam,
974 1156 1048 1191 igno-

259 1209 367 1236 tttiniam
382 1215 442 1235 esse
458 1211 579 1242 putarent
593 1227 599 1238 ,
614 1205 640 1233 id
657 1206 681 1232 in
696 1206 811 1240 ipsorum
824 1208 903 1239 caput
917 1203 1048 1230 convertit

260 1256 369 1286 dicens,
394 1253 451 1281 Hoc
466 1253 541 1280 voltis
565 1252 727 1279 tolerabilius
743 1251 865 1278 redderet
879 1249 1047 1284 supplicium.

261 1302 299 1328 Ita
315 1307 420 1334 semper
432 1298 562 1325 humanos
582 1304 676 1325 sensus
699 1301 819 1328 resecat,
840 1301 867 1323 et
879 1295 912 1322 ad
926 1301 1049 1329 magnam

261 1345 463 1380 mirabilemque
480 1344 666 1379 cogitationem
686 1343 773 1377 erigit.
797 1341 874 1368 Num:
900 1345 981 1368 autent
1007 1347 1050 1366 vos

262 1393 346 1419 videre
364 1392 454 1418 dicitis.
471 1391 544 1418 Sicut
560 1390 594 1417 ibi
615 1389 693 1423 dicit,
715 1389 794 1421 Quem
806 1397 848 1416 vos
860 1387 977 1415 dicebatis
991 1387 1051 1422 quia

263 1440 331 1467 Deus
346 1445 422 1466 vester
437 1443 473 1466 est
486 1446 495 1465 :
506 1438 543 1465 sic
556 1442 582 1465 et
592 1437 643 1464 ltoc
656 1437 723 1469 loco,
738 1436 812 1462 Nunc
822 1440 904 1462 autent
917 1443 959 1462 vos
970 1435 1052 1461 uidere

262 1486 343 1513 dicitis
359 1493 369 1512 :
384 1492 469 1519 neque
493 1484 563 1510 enittt
588 1482 692 1509 videtis.
716 1482 763 1508 llic
781 1481 850 1516 quod
868 1481 918 1508 sibi
937 1480 1052 1507 maxime

263 1530 333 1558 laudi
346 1538 406 1558 esse
422 1529 636 1560 arbitrabantur,
657 1527 684 1554 id
705 1527 833 1562 supplicio
853 1525 911 1553 fore
924 1524 1050 1553 ostendit.

265 1578 296 1604 Et
305 1584 404 1604 caecum
419 1579 507 1602 natum
521 1574 554 1602 de
566 1574 653 1609 priore
667 1572 786 1600 caecitate
797 1571 965 1599 consolatur:
980 1574 1053 1604 post-

264 1631 294 1649 ra
304 1623 337 1649 de
346 1622 453 1649 illorum
465 1621 583 1648 catcitate
594 1619 719 1654 loquitur.
730 1618 892 1646 Nedicerent
901 1617 970 1644 enim
979 1625 985 1642 :
995 1616 1051 1643 Non

267 1677 298 1695 cx
313 1669 431 1696 excitate
445 1668 577 1702 provenit,
589 1665 659 1701 quod
674 1665 707 1692 ad
721 1669 746 1692 te
759 1672 810 1692 non
824 1663 991 1696 accedamus,
1007 1662 1053 1690 sed

266 1720 290 1740 te
304 1718 331 1740 ut
344 1713 513 1747 deccptorcm
526 1719 699 1742 aversantur;
713 1718 743 1737 ea
758 1710 842 1736 solunt
854 1709 886 1735 de
897 1716 927 1735 re
936 1707 1051 1735 disserit.

301 1759 328 1785 ‘3.
352 1758 406 1786 Nec
423 1758 479 1785 sine
493 1765 571 1784 causa
588 1755 749 1790 evangelista
764 1754 890 1786 narravit,
906 1753 1054 1781 Pharisatus

266 1804 406 1839 quosdam,
416 1803 459 1838 qui
471 1811 530 1830 cum
542 1802 587 1829 illo
595 1808 681 1834 crant,
694 1801 750 1828 hinc
761 1799 893 1827 audivisse
903 1806 934 1826 ac
944 1798 1052 1831 dixisse,

268 1849 400 1884 Numquid
410 1853 433 1875 ct
448 1856 493 1875 nos
506 1848 565 1875 (περὶ
579 1855 665 1874 sumus
674 1846 687 1873 ?
700 1845 746 1873 scd
763 1850 789 1872 ut
801 1845 846 1872 tibi
859 1845 885 1872 in
900 1844 1053 1871 memoriam

268 1898 407 1922 revocaret
419 1901 465 1922 cos
481 1894 552 1928 ipsos
563 1900 633 1926 esse,
645 1892 689 1927 qui
701 1896 762 1918 ante
775 1891 808 1918 ab
821 1890 866 1917 illo
878 1894 1054 1921 recesserant,

267 1942 394 1975 illumque
411 1940 574 1974 lapidabattt.
588 1939 668 1965 Erant
682 1937 752 1965 enim
768 1936 872 1971 quidam
888 1936 931 1971 qui
947 1935 1056 1970 peritiu-

266 1987 349 2013 ctorie
365 1986 551 2020 sequebantur,
569 1988 595 2010 ct
610 1983 686 2010 facile
700 1983 726 2009 in
744 1981 905 2009 contrarium
918 1980 1056 2007 verteban-

268 2037 319 2058 tur.
337 2031 473 2059 Undenaut
490 2037 553 2064 ergo
566 2037 595 2056 se
611 2029 714 2064 probat,
731 2035 783 2054 non
798 2027 968 2060 deceptorem
980 2046 987 2058 ,
1008 2025 1055 2052 sed

268 2083 401 2113 pastorem
422 2077 503 2104 esse?
523 2075 618 2103 Allatis
639 2075 762 2109 utrinque
786 2073 890 2100 ittdiciis
902 2077 927 2100 et
943 2072 1056 2106 pastoris

267 2129 294 2152 ct
306 2124 465 2158 deceptoris,
477 2127 504 2150 et
514 2122 575 2149 hitte
589 2122 640 2148 illis
651 2119 819 2155 explorandae
834 2119 951 2146 veritatis
964 2125 1055 2144 ansam

269 2170 379 2205 prmbet.
403 2169 436 2196 Et
459 2168 544 2203 primo
558 2167 618 2202 quis
633 2166 668 2193 sit
688 2166 815 2200 deceptor
830 2169 857 2191 et
871 2164 912 2190 fur
924 2163 1056 2196 ostendit,

268 2224 301 2243 ex
315 2215 458 2250 Scripturis
479 2214 518 2242 sic
533 2219 631 2240 vocans
648 2212 723 2239 illuni
744 2211 785 2237 his
799 2210 886 2237 verbis
899 2209 973 2244 (Cap.
994 2208 1055 2244 l0):

269 2263 296 2289 1.
312 2261 401 2292 Amen,
415 2268 488 2287 amen
503 2259 558 2286 dico
572 2258 650 2289 vobis,
663 2257 705 2292 qui
718 2264 768 2282 non
781 2256 857 2282 intrat
873 2263 916 2290 per
929 2255 1018 2281 ostium
1032 2254 1058 2280 in

268 2307 332 2334 ovile
347 2306 439 2338 ovium,
454 2305 498 2332 sed
511 2304 622 2331 ascendit
642 2301 759 2334 aliunde,
775 2301 818 2328 ille
832 2301 874 2334 [ur
887 2305 930 2326 .est
943 2304 966 2326 et
982 2299 1056 2326 latro.

272 2352 336 2380 Vide
347 2352 457 2379 latronis
468 2352 557 2385 signa;
574 2349 669 2384 primo,
684 2355 737 2374 non
754 2347 838 2381 palam
851 2346 947 2378 intrat;
962 2352 1058 2373 secun-

270 2398 316 2432 do,
330 2405 382 2425 tton
397 2405 444 2431 per
455 2396 650 2429 Scripturarum
665 2391 842 2420 testimonium
854 2401 860 2418 :
875 2391 924 2418 ltoc
935 2391 1006 2418 enim
1018 2394 1059 2417 est

271 2452 323 2471 non
339 2443 439 2470 intrare
452 2448 499 2476 per
512 2440 621 2466 ostium.
639 2437 687 2465 Hic
699 2444 780 2472 porro
793 2443 818 2464 ct
834 2437 878 2471 qui
892 2436 998 2463 fuerunt
1008 2456 1016 2469 ,
1032 2439 1060 2463 et

270 2491 315 2525 qui
330 2489 409 2517 futttri
421 2491 499 2515 erant
508 2485 617 2517 indicat,
627 2483 830 2516 Anticltristum,
841 2483 920 2510 falsos
928 2481 1058 2515 Cltristos,

271 2536 365 2564 Jttdam
379 2538 406 2562 et
417 2531 565 2563 Theudam,
581 2534 608 2557 et
619 2530 685 2557 alios
705 2528 872 2563 huiusmodi;
892 2528 951 2562 jure
971 2532 1058 2554 autem

273 2581 372 2609 Ostium
392 2579 543 2613 Seripturas
557 2580 643 2603 vocat.
665 2575 710 2603 Ha:
730 2582 844 2610 namque
857 2582 905 2602 nos
921 2574 955 2601 ad
976 2574 1059 2601 Deum

272 2629 381 2659 duetutt,
396 2630 423 2652 ct
435 2624 479 2651 Dei
490 2623 666 2658 cognitionem
677 2622 814 2657 aperiunt:
825 2621 865 2648 ha:
875 2628 939 2648 oves
950 2620 1059 2652 faciunt,

273 2675 315 2701 ita:
329 2671 479 2700 custodiunt
493 2692 501 2704 ,
525 2677 574 2697 nec
586 2670 662 2704 lupos
677 2668 777 2704 ingredi
793 2669 892 2695 sinunt.
914 2667 1060 2700 Tamquam

273 2721 345 2747 cttint
366 2723 450 2746 tutum
469 2717 565 2744 ostium
577 2737 584 2750 ,
608 2716 748 2743 luereticos
761 2715 794 2742 ab
808 2715 928 2750 ingressu
951 2718 1060 2746 arcent,

274 2773 375 2802 nosque
396 2766 421 2793 itt
444 2765 585 2792 securitate
598 2771 648 2799 qua
663 2763 784 2790 volumus
806 2762 968 2790 constituunt
981 2781 988 2793 ,
1013 2767 1063 2787 nec

275 2813 364 2840 sinunt
381 2818 483 2839 errare.
497 2810 530 2838 Et
542 2810 564 2838 si
579 2810 629 2837 ltoc
642 2809 740 2837 ostium
756 2816 808 2835 non
830 2807 975 2843 pendamus
987 2827 995 2839 ,
1010 2814 1062 2832 nott

277 2860 376 2886 erimus
399 2857 513 2886 inimicis
535 2861 614 2892 captu
639 2856 738 2884 faciles.
765 2855 832 2884 lline
853 2861 911 2886 eos,
936 2853 979 2887 qtti
1001 2858 1063 2878 vere

279 2911 406 2942 pastores,
418 2910 444 2934 et
454 2905 497 2940 qui
509 2911 560 2933 non
573 2908 692 2939 pastores
702 2907 773 2934 sunt,
783 2907 982 2936 cognoscemus.
994 2897 1062 2930 Quid

614 189 640 215 S.
662 185 799 215 JOANNIS
819 181 1052 214 CIIDYSOSTOMI
1071 182 1226 211 ARCIIIEP.
1248 180 1349 209 CONS’l
1358 181 1511 210 ΑΝΤΙΧΟΡ.

1825 181 1875 210 εει

1088 237 1138 266 sibi
1152 239 1207 266 vult
1218 243 1305 267 autem
1317 261 1324 272 ,
1343 239 1374 266 In
1388 241 1472 268 ovile?
1485 241 1512 268 id
1531 246 1587 273 est,
1605 242 1644 270 Ad
1660 243 1789 272 curandas
1802 254 1876 274 ours.

1089 283 1138 317 Qui
1156 284 1227 311 enim
1250 292 1324 312 sacra
1347 293 1400 313 non
1421 287 1504 314 utitur
1526 287 1677 323 Scriptura,
1701 290 1747 318 sed
1771 291 1878 319 aliunde

1088 332 1224 365 ascendit;
1241 332 1266 360 id
1281 339 1331 366 est,
1347 334 1391 368 qtti
1409 334 1458 361 sibi
1473 335 1550 361 aliam
1565 340 1591 362 ct
1604 343 1656 363 tton
1670 341 1796 364 statutam
1810 338 1878 366 viam

1091 379 1177 412 aperit
1190 387 1196 406 :
1209 378 1251 405 hic
1264 379 1306 405 fur
1317 383 1367 406 est.
1386 379 1479 407 Viden‘
1494 380 1554 408 ltinc
1568 389 1627 408 cttnt
1642 390 1701 409 cum
1720 383 1799 411 Patre
1813 391 1878 412 con-

1091 423 1191 451 sentire
1201 444 1209 455 ,
1228 424 1291 451 dum
1314 424 1465 460 Scripturas
1478 427 1504 453 in
1519 427 1634 454 medium
1649 428 1741 456 affert?
1761 429 1824 457 ideo
1835 429 1881 457 Ju-

1092 468 1158 496 daeis
1171 469 1285 501 dicebat,
1299 470 1455 498 Scrutomini
1470 472 1616 507 Scripturas
1630 474 1718 509 (Joan.
1737 476 1764 503 5.
1776 475 1839 509 59);
1857 482 1882 504 ct

1093 514 1201 550 Moysen
1223 515 1249 542 in
1264 516 1381 544 medium
1398 516 1511 544 adduxit
1525 519 1550 545 in
1565 523 1658 546 testem
1669 540 1676 552 ,
1702 528 1805 548 necnon
1822 529 1883 556 pro-

1094 559 1187 595 phetas
1202 568 1305 589 omnes.
1320 561 1420 603 Omnes,
1438 564 1532 599 inquit,
1548 565 1591 600 qui
1604 566 1710 592 audiunt
1727 568 1864 602 prap/tetas
1874 589 1881 599 ,

1094 606 1190 633 venient
1203 607 1237 633 ad
1255 616 1316 640 me;
1336 613 1362 636 et
1371 629 1379 642 ,
1404 609 1434 636 Si
1447 610 1582 637 crederetis
1596 610 1680 646 Moysi
1691 632 1699 644 ,
1713 612 1846 640 crederetis
1861 618 1883 640 ct

1095 653 1157 679 milii
1170 652 1248 689 (Ibid.
1263 661 1286 681 υ.
1298 654 1352 688 46).
1368 655 1417 682 llic
1430 663 1510 690 porro
1524 657 1587 684 illttd
1603 657 1686 692 ipsunt
1701 658 1884 693 metaphorice

1095 700 1178 734 ponit.
1191 699 1258 727 Cum
1283 700 1350 727 dixit
1373 705 1473 735 autent,
1502 702 1620 730 Ascendit
1643 704 1757 736 aliunde,
1782 704 1884 731 scribas

1096 744 1274 772 subindicavit
1284 766 1290 777 ,
1311 747 1371 781 quia
1386 746 1517 774 docebant
1534 753 1675 782 praecepta,
1689 749 1825 777 doctrinas
1837 749 1884 776 lto-

1095 790 1196 817 minum
1215 790 1381 826 (Matt/1.15.
1396 791 1434 828 9),
1456 797 1483 820 ct
1505 793 1590 828 legem
1609 795 1882 829 transgrediebantur,

1095 835 1166 870 quod
1185 837 1248 871 ipsis
1267 837 1429 871 exprobrans
1451 838 1554 866 dicebat
1567 848 1573 866 :
1586 840 1666 867 Nemo
1688 845 1797 867 oestrum
1824 841 1884 876 facit

1097 884 1174 918 legem
1186 884 1272 921 (Joatt.
1288 883 1379 919 7.19).
1393 885 1430 913 Ac
1442 886 1524 921 probe
1534 886 1610 920 dixit,
1625 886 1751 919 Ascendit,
1766 895 1829 920 non,
1845 887 1885 914 ln~

1097 929 1224 964 greditur,
1236 931 1306 965 quod
1320 936 1361 958 est
1373 931 1439 958 furis
1454 933 1580 966 parietem
1596 933 1749 968 supergredi
1766 934 1884 964 nitentis,

1097 979 1191 1002 etcum
1204 976 1321 1010 periculo
1328 977 1416 1003 omnia
1424 977 1650 1004 facientis.Viden’
1660 977 1793 1012 quomodo
1802 977 1886 1005 iurent

1098 1021 1319 1055 descripsittJatn
1332 1023 1444 1056 pastoris
1459 1023 1584 1050 indicium
1597 1023 1787 1051 animadverte.
1796 1024 1888 1057 Quod-

1099 1074 1160 1094 nam
1177 1066 1239 1094 illud
1260 1068 1322 1094 cst?
1342 1068 1368 1094 2.
1391 1068 1441 1100 Qui
1459 1069 1536 1095 intrat
1558 1077 1602 1103 per
1625 1069 1732 1102 ostium,
1755 1075 1840 1104 pastor
1852 1074 1890 1097 est

1099 1113 1191 1140 ovium.
1209 1114 1234 1140 5.
1252 1113 1317 1141 Huic
1329 1114 1446 1141 ostiarius
1458 1115 1549 1149 aperit,
1572 1119 1596 1141 et
1615 1123 1696 1142 uocem
1708 1116 1762 1151 ejus
1774 1124 1830 1143 ores
1843 1125 1891 1142 an-

1100 1160 1182 1192 diuut,
1197 1165 1219 1186 et
1232 1161 1347 1195 proprias
1360 1166 1431 1187 vocat
1443 1161 1609 1194 nominatim;
1623 1162 1649 1188 4.
1665 1166 1688 1188 et
1701 1169 1758 1188 cum
1770 1170 1813 1189 eas
1826 1162 1889 1188 enti-

1101 1207 1159 1232 serit
1172 1225 1179 1238 ,
1202 1211 1260 1233 ante
1274 1215 1316 1233 eas
1331 1207 1408 1234 rodit.
1424 1206 1521 1234 Indicia
1541 1207 1629 1242 posuit
1642 1211 1668 1234 et
1680 1207 1795 1242 pastoris
1811 1211 1838 1234 et
1853 1207 1891 1233 la-

1102 1251 1195 1278 tronis.
1218 1251 1362 1280 Videamus
1381 1260 1434 1287 quo
1456 1257 1532 1287 pacto
1548 1252 1598 1280 illis
1613 1253 1749 1287 sequentia
1765 1252 1891 1287 applicet.

1103 1296 1182 1329 Huic,
1198 1297 1291 1332 inquit,
1307 1298 1425 1325 ostiarius
1438 1299 1528 1333 aperit.
1546 1298 1573 1325 in
1594 1298 1747 1333 metaphora
1761 1299 1893 1334 persistit,

1102 1347 1133 1370 ttt
1152 1344 1344 1378 significantius
1366 1344 1498 1379 loquatur.
1524 1344 1600 1378 Quod
1621 1345 1643 1372 si
1659 1345 1793 1380 parabola:
1811 1345 1892 1373 verba

1103 1389 1204 1424 singula
1227 1390 1368 1425 explorare
1390 1390 1473 1422 velis,
1498 1391 1563 1418 nihil
1583 1390 1671 1418 obstat
1690 1391 1832 1425 quominus
1850 1391 1894 1417 hic

1103 1434 1241 1462 ostiarium
1265 1435 1443 1470 intelligamus
1457 1436 1574 1472 Moysen.
1590 1435 1628 1463 llli
1644 1443 1758 1471 namque
1778 1436 1825 1463 Dei
1839 1436 1894 1463 clo-

1104 1481 1164 1515 quia
1180 1481 1279 1509 credita
1293 1487 1363 1516 sunt,
1377 1483 1452 1518 cujus
1465 1490 1557 1510 vocent
1571 1490 1635 1510 oves
1649 1482 1768 1515 audiunt,
1786 1482 1818 1509 Et
1833 1491 1894 1516 pro-

1106 1527 1175 1561 prios
1195 1532 1266 1554 vocat
1286 1529 1443 1554 nominatim.
1467 1527 1533 1555 Cum
1553 1528 1624 1555 enim
1644 1527 1719 1555 illum
1741 1528 1896 1562 frequenter

1105 1573 1274 1608 deceptorcm
1287 1572 1425 1606 vocarent,
1439 1574 1518 1609 idque
1531 1582 1564 1601 ex
1578 1573 1761 1602 incredulitate
1771 1581 1818 1601 sua
1831 1581 1896 1601 con—-

1107 1618 1243 1646 firmarent
1264 1619 1398 1652 dicentes,
1417 1619 1479 1652 Quis
1499 1620 1644 1654 ptincipum
1664 1619 1770 1647 credidit
1792 1620 1818 1647 in
1838 1628 1896 1648 eum

1108 1663 1197 1699 (Joan.
1213 1665 1239 1691 7.
1256 1665 1319 1699 48)?
1335 1672 1387 1692 non
1403 1673 1435 1693 ex
1450 1666 1566 1700 ipsorum
1585 1665 1770 1693 incredulitate
1782 1673 1829 1696 se,
1848 1665 1897 1692 sed

1107 1710 1166 1737 illos
1187 1710 1343 1746 decepIOres
1355 1715 1383 1738 ct
1398 1711 1561 1744 perniciosos
1580 1718 1640 1738 esse
1663 1711 1798 1738 vocandus
1813 1711 1896 1742 dicit.

1107 1757 1176 1792 quod
1191 1757 1239 1784 sibi
1255 1765 1307 1784 non
1323 1757 1508 1789 attenderem,
1525 1765 1556 1784 ac
1571 1757 1681 1792 proinde
1693 1765 1727 1784 ex
1740 1757 1831 1784 ovium
1846 1765 1897 1783 nu-

1108 1810 1181 1830 mero
1192 1803 1252 1837 jure
1271 1803 1348 1837 ejecti
1364 1807 1462 1830 essent.
1477 1802 1542 1830 Natu
1557 1803 1578 1830 si
1595 1802 1708 1837 pastoris
1725 1807 1765 1829 est
1779 1809 1827 1836 per
1841 1806 1898 1828 sta-

1109 1853 1192 1876 tutum
1213 1849 1314 1884 ingredi
1328 1849 1425 1876 ostittm
1436 1870 1444 1882 ,
1457 1853 1483 1875 et
1496 1848 1552 1883 ipse
1564 1856 1612 1884 per
1625 1848 1676 1875 hoc
1690 1848 1825 1883 ingressus
1839 1852 1897 1879 cst;

1108 1895 1153 1930 qtti
1165 1899 1310 1929 sequuntur
1324 1902 1426 1926 omnes,
1442 1902 1506 1922 oves
1518 1901 1577 1922 esse
1593 1897 1731 1928 poterunt;
1747 1893 1792 1928 qui
1807 1898 1896 1920 autem

1108 1947 1137 1967 se
1150 1943 1357 1974 sequestrarunt.
1373 1947 1424 1966 non
1437 1939 1496 1966 ideo
1510 1939 1608 1974 pastori
1623 1946 1748 1971 nocuere,
1761 1939 1809 1965 sed
1823 1946 1852 1966 sc
1865 1946 1898 1966 cx

1109 1986 1199 2012 ovium
1214 1986 1340 2013 societate
1360 1985 1554 2020 disjunxcruttt.
1571 1985 1646 2018 Quod
1659 1985 1680 2012 si
1693 1984 1793 2019 seipse
1806 1989 1898 2019 postea

1109 2032 1206 2058 ostium
1219 2031 1299 2064 dicit,
1313 2038 1391 2058 nemo
1405 2031 1574 2066 perturbetur
1586 2039 1592 2057 :
1605 2038 1665 2057 nam
1680 2037 1709 2057 se
1723 2035 1750 2057 et
1764 2035 1898 2064 pastorem

1110 2077 1171 2104 dicit
1192 2081 1218 2104 et
1239 2084 1333 2109 ovem,
1354 2075 1500 2103 secundum
1520 2076 1639 2103 diversas
1659 2075 1817 2103 (nconontia:
1843 2082 1900 2101 sua:

1111 2123 1236 2150 rationes.
1256 2122 1321 2149 Nam
1336 2121 1441 2156 quando
1463 2129 1512 2149 nos
1535 2121 1606 2148 Patri
1630 2120 1725 2154 oﬂ‘ert,
1746 2128 1776 2147 se
1800 2120 1900 2147 ostium

1110 2169 1242 2204 appellat;
1258 2176 1318 2195 cum
1329 2168 1413 2196 nostri
1428 2174 1518 2195 curam
1529 2167 1605 2202 gerit,
1618 2171 1762 2201 pastorem.
1776 2166 1814 2193 Nc
1828 2167 1900 2193 enim

1111 2216 1195 2242 solunt
1209 2215 1266 2250 ejus
1281 2222 1347 2249 opus
1361 2222 1420 2242 esse
1436 2218 1511 2248 putes
1521 2234 1528 2246 ,
1547 2212 1616 2248 quod
1640 2220 1688 2239 nos
1702 2212 1773 2239 Patri
1789 2212 1882 2239 ol‘lcrat
1892 2233 1901 2243 .

1111 2269 1140 2288 se
1153 2265 1284 2296 pastorem
1300 2265 1386 2288 vocat.
1399 2260 1432 2287 Et
1442 2268 1498 2288 oves
1511 2267 1594 2286 vocem
1606 2259 1660 2293 ejus
1673 2258 1790 2290 audiunt,
1803 2263 1826 2284 et
1839 2267 1902 2293 pro—

1111 2307 1179 2342 prius
1192 2314 1248 2333 aves
1258 2311 1338 2338 vocnt,
1353 2311 1375 2334 et
1387 2306 1470 2332 educit
1485 2313 1526 2332 eos
1537 2326 1544 2338 ,
1560 2309 1583 2332 et
1601 2310 1660 2331 ante
1671 2313 1714 2330 eos
1727 2304 1805 2331 vadit.
1822 2303 1903 2338 Atqui

1111 2356 1203 2380 contra
1215 2373 1221 2385 ,
1238 2356 1356 2387 pastores
1371 2355 1517 2386 sequuntur
1531 2357 1604 2378 oves.
1619 2349 1719 2377 Verum
1734 2349 1779 2376 ille
1789 2370 1796 2380 ,
1815 2353 1842 2375 ιιι
1856 2356 1904 2375 os-

1112 2398 1203 2426 tendat
1211 2405 1239 2425 se
1249 2405 1342 2425 omnes
1352 2397 1384 2424 ad
1396 2398 1534 2424 veritatem
1545 2395 1719 2424 deducturum
1728 2402 1798 2426 esse,
1808 2399 1905 2422 contra

1112 2448 1248 2480 pastorum
1262 2450 1363 2470 morem
1377 2442 1430 2477 agit
1442 2452 1448 2468 :
1461 2446 1586 2469 utautem
1600 2449 1659 2468 cum
1671 2448 1736 2468 Oves
1749 2440 1846 2470 emisit.
1864 2440 1906 2474 (α)

1115 2491 1178 2526 (non
1195 2494 1283 2522 extra,
1306 2489 1353 2516 sed
1372 2488 1398 2515 in
1422 2487 1536 2515 medium
1560 2487 1681 2522 luporttnt
1703 2485 1815 2521 emisit).
1835 2485 1904 2513 Nam

1113 2536 1190 2571 longe
1202 2535 1349 2562 mirabilior
1363 2538 1452 2561 nostra
1467 2533 1525 2560 ham
1539 2533 1679 2568 pastoralis
1693 2539 1756 2559 cura
1772 2535 1824 2559 est.

1148 2583 1174 2610 5.
1188 2582 1221 2608 lu
1241 2589 1290 2617 quo
1303 2581 1469 2616 distinguatur
1483 2587 1554 2606 verus
1567 2579 1680 2606 Christus
1699 2586 1716 2604 α
1737 2579 1809 2613 falsis
1830 2577 1906 2604 Citri-

1112 2629 1166 2655 stis.
1180 2643 1214 2648 -—
1226 2627 1336 2654 Videtur
1349 2631 1438 2654 autem
1458 2625 1522 2652 mihi
1538 2624 1582 2652 hic
1601 2632 1700 2652 cmcum
1722 2623 1886 2650 subindicar't
1899 2643 1907 2653 ,

1113 2681 1191 2708 quem
1204 2673 1308 2700 vocavit
1321 2680 1354 2700 ex
1370 2672 1458 2699 medio
1473 2671 1635 2700 Judacorum.
1648 2674 1674 2697 et
1687 2670 1733 2697 ille
1743 2677 1834 2695 vocent
1845 2668 1908 2701 ejus

1113 2720 1213 2747 audivit
1225 2723 1252 2746 et
1264 2719 1346 2745 novit.
1404 2717 1522 2744 Alienum
1539 2725 1596 2743 vero
1617 2724 1667 2743 non
1682 2721 1830 2751 sequuntur,
1845 2729 1850 2739 ρ
1864 2715 1909 2740 uia

1114 2766 1253 2792 alienorum
1265 2773 1346 2792 vocem
1360 2765 1481 2792 nesciunt.
1496 2764 1544 2791 llic
1556 2763 1672 2790 Thcttdre
1690 2767 1735 2789 aut
1745 2761 1821 2789 Iuda:
1830 2769 1908 2787 asse-

1115 2812 1170 2839 clas
1183 2811 1246 2839 dicit
1258 2812 1334 2846 (nam
1349 2811 1485 2845 Quotquot,
1503 2810 1600 2845 inquit,
1616 2810 1643 2836 in
1659 2808 1718 2835 illos
1734 2808 1910 2838 credidi-runt,

1112 2905 1123 2921 κ
1149 2870 1185 2923 ip)
1202 2873 1257 2898 anc
1276 2868 1370 2893 uncinis
1382 2867 1535 2897 clauduntur,
1548 2868 1572 2891 itt
1581 2866 1725 2898 quibusdam
1737 2868 1789 2890 uss.
1809 2863 1905 2888 (missi

1112 2907 1156 2923 :un
1173 2920 1178 2923 .

1112 2907 1166 2923 Slllll
1173 2920 1178 2925 .
