2031 3118
127 137 179 166 025

128 192 237 226 dispersi
251 195 307 218 sunt
322 190 388 226 (Act.
399 189 426 217 5.
438 189 482 217 56.
494 189 557 224 57);
571 189 627 216 sive
636 191 715 216 etiam
725 189 827 216 futuros
840 197 914 223 pseu«

127 235 279 266 doc‘nristos
293 237 337 272 qui
352 236 448 264 multos
462 240 552 270 postea
572 235 703 262 scducturi
717 239 802 262 erant.
817 234 856 262 Ne
875 235 917 261 di-

129 283 317 316 ρει-0111011101,
332 289 361 310 se
375 281 515 317 quemdam
535 282 652 315 ipsorum
666 288 736 313 esse,
753 281 829 315 longe
843 289 871 308 se
884 281 918 308 ab

130 329 182 357 11115
199 329 333 356 diversqu
349 328 475 355 ostendit.
490 327 606 354 Primam
620 327 796 354 differentiam
822 326 896 354 affert
907 347 915 359 ,

129 375 276 403 doctrinam
289 383 322 402 ex
332 374 476 408 Scripturis
487 378 631 408 sumptam,
644 381 754 407 quarum
769 373 848 400 ductu
860 373 918 400 illos

129 421 223 457 agebat
244 430 250 449 :
271 421 314 447 alii
341 428 404 448 vero
424 427 512 447 secus.
540 420 660 447 Secunda
684 419 832 446 differentia
860 423 918 446 erat

129 468 215 494 ovium
232 466 393 493 obedientia.
411 465 461 500 ipsi
477 473 589 500 namque
610 472 661 491 non
684 465 781 492 viventi
798 469 914 498 tantum,

131 513 178 539 scd
192 513 272 540 etiam
287 518 391 540 mortuo
404 512 574 540 crediderunt
589 521 595 539 :
611 512 669 538 illos
683 519 745 539 vero
768 512 855 539 statim
873 519 917 539 re-

129 557 274 592 liquerunt.
291 558 406 585 Tertiam
421 565 470 585 nec
491 557 623 585 modicam
638 557 752 591 adjicere
765 565 916 591 possumus.

129 604 167 630 1111
183 608 211 630 111
227 604 330 639 tyranni
345 603 377 631 ad
390 604 563 631 defectionem
578 603 666 630 omnia
681 602 814 630 faciebant
836 611 842 628 :
862 603 918 637 ipsc

130 654 230 676 tantum
244 657 258 676 a
275 650 318 677 tali
330 649 482 684 suspicione
494 649 594 682 aberat,
608 653 705 675 utcqu
719 648 817 675 vellent.
831 649 916 683 ipsum

128 702 217 729 regem
233 694 331 729 facere,
348 695 461 730 fugerit;
483 699 509 721 et
522 701 582 721 cum
600 695 793 728 interrogarent
806 700 839 720 an
853 693 919 720 licc-

128 745 169 768 ret
180 748 289 768 censum
308 741 371 768 dare
384 742 484 768 Cazsari
496 763 504 775 ,
522 742 626 769 solvere
636 741 753 777 juberct,
769 745 847 776 atque
862 741 918 775 ipse

128 785 208 813 etiam
219 786 372 814 didrachma
384 787 470 814 daret.
486 788 525 814 Ad
537 787 594 815 hate
606 788 661 822 ipse
674 795 722 822 pro
732 787 817 814 salute
829 787 916 814 ovium

127 832 211 864 venit,
228 837 256 859 ut
278 833 358 859 vitam
373 833 515 866 haberent,
532 837 558 860 et
575 833 750 860 abundantius
765 832 893 860 haberent
908 840 914 859 :

129 877 168 904 ilii
188 885 251 904 vero
263 879 387 912 prmscnti
410 879 489 906 etiam
502 879 554 905 vita
578 885 641 906 suos
656 879 801 913 privarunt.
817 877 855 904 llli
871 884 917 905 eos

128 923 172 957 qui
200 923 250 950 sibi
274 923 366 950 crediti
394 929 470 950 erant
490 924 686 958 prodiderunt,
712 928 739 951 et
765 923 888 958 fugerunt
908 932 915 950 :

127 966 250 994 Christus
262 976 324 995 vero
340 969 375 995 ita
391 968 495 995 fortiter
509 970 595 1002 stetit,
612 974 639 996 ut
652 969 765 996 animam
778 976 851 995 suam
865 974 918 995 tra-

128 1013 212 1040 deret.
228 1013 266 1040 illi
287 1013 361 1040 inviti
372 1034 380 1047 ,
396 1015 480 1041 coacti
495 1019 522 1041 ct
537 1014 667 1049 fugientes
683 1015 753 1048 passi
768 1018 830 1041 sunt
844 1023 850 1040 :
874 1013 917 1040 hic

129 1059 215 1086 11110115
229 1065 257 1087 et
270 1061 362 1087 volens
384 1062 472 1087 omnia
489 1061 607 1095 pertulit.
625 1061 652 1088 6.
681 1060 738 1087 Hoc
761 1060 917 1094 proverbium

130 1105 193 1131 dixit
206 1105 241 1132 eis
252 1105 338 1132 Jesus.
355 1105 401 1132 Illi
414 1111 497 1132 autent
513 1114 562 1133 non
583 1111 750 1141 cognoverunt
761 1106 820 1140 quid
833 1105 919 1140 loque—

129 1154 197 1177 retur
218 1151 264 1177 eis.
288 1150 343 1178 Cur
365 1151 479 1178 obscure
503 1151 678 1186 loquebatur?
704 1151 739 1179 Ut
762 1152 918 1178 attentiorcs

129 1195 262 1223 redderet.
277 1196 326 1224 Ubi
342 1202 431 1224 autem
448 1197 512 1224 illud
526 1197 613 1224 effecit
623 1218 629 1229 ,
644 1198 831 1224 obscuritatem
849 1196 916 1223 tollit

130 1240 170 1267 his
182 1241 288 1268 verbis:
303 1241 329 1268 9.
346 1241 402 1277 Ego
417 1251 473 1269 sitm
485 1243 576 1269 ostium
590 1250 598 1269 :
613 1251 656 1277 per
667 1251 706 1269 me
718 1242 803 1273 siquis
814 1242 916 1268 introie—

130 1286 178 1318 rit,
193 1286 346 1320 ingredietur
359 1291 382 1314 et
400 1287 550 1322 egredietur,
571 1293 593 1314 et
613 1295 705 1322 pascua
721 1287 835 1314 inveniet.
863 1287 918 1314 lloc

130 1335 187 1364 est,
203 1331 230 1358 In
245 1333 386 1360 securitate
398 1339 424 1360 et
436 1334 558 1361 libertate
571 1334 641 1361 vivet
657 1335 765 1369 (pascua
779 1339 866 1360 autem
877 1334 919 1360 hie

130 1383 205 1405 Vocat
217 1379 341 1412 pabulum
354 1379 452 1413 ovium,
467 1384 676 1415 potestatemque
688 1385 714 1407 et
724 1380 918 1415 dominatum);

131 1422 181 1450 1100
195 1427 247 1456 est,
265 1423 337 1452 Intus
353 1426 479 1459 manebit,
496 1430 521 1452 ct
534 1433 612 1453 nemo
624 1426 684 1453 inde
697 1426 812 1460 expellet
825 1434 831 1453 :
846 1425 916 1460 quod

131 1469 211 1496 etiam
233 1471 363 1504 apostolis
378 1472 482 1504 evenit,
499 1472 543 1506 qui
558 1472 639 1498 libere
658 1471 792 1498 intrabant
813 1475 840 1498 et
861 1471 918 1498 cxi-

132 1513 206 1546 bant,
221 1515 296 1549 quasi
309 1515 426 1542 universi
442 1516 513 1542 orbis
527 1516 643 1548 domini;
656 1524 788 1551 nemoque
802 1516 860 1543 illos
873 1516 921 1550 eji-

131 1566 192 1586 cere
208 1559 302 1593 potuit.
318 1560 343 1587 8.
361 1560 452 1587 Omnes
472 1566 592 1596 quotquot
605 1566 662 1588 ante
675 1569 713 1588 me
724 1566 857 1594 venerunt,
878 1563 919 1596 fu-

132 1612 171 1632 res
181 1610 242 1632 sunt
256 1610 278 1632 et
292 1606 401 1633 latrones
411 1615 420 1638 ;
429 1608 473 1633 sed
485 1615 533 1633 non
545 1607 676 1633 audierunt
688 1615 728 1634 eos
743 1615 809 1634 ores.
821 1607 875 1634 Non
888 1607 920 1633 de

133 1649 273 1684 prophetis
285 1650 328 1677 hic
350 1651 474 1684 loquitur,
490 1656 519 1678 ut
532 1652 605 1678 aiunt
620 1652 735 1678 harrctici
759 1652 831 1687 (illos
850 1653 919 1678 enim

132 1695 289 1728 audierunt,
318 1700 346 1724 et
371 1704 418 1730 per
442 1698 501 1725 illos
537 1697 708 1725 crediderunt
740 1702 867 1732 quotquot
895 1698 920 1724 in

133 1739 268 1768 Christum
282 1741 465 1778 crediderunt)
478 1751 484 1774 ;
501 1743 546 1769 sed
558 1742 590 1769 de
600 1742 706 1769 'l'heuda
722 1747 748 1769 et
762 1742 829 1769 .luda
850 1743 922 1770 aliis-

135 1793 186 1820 que
200 1786 335 1813 seditiosis
354 1788 417 1822 agit.
433 1787 567 1815 Prmtcrea
584 1788 693 1815 verbum
707 1788 788 1820 illud,
802 1787 862 1814 Non
876 1796 922 1814 au-

135 1832 233 1859 dierunt
247 1841 317 1865 oves,
335 1833 361 1860 in
377 1841 468 1860 earum
492 1834 597 1861 laudem
613 1834 676 1861 dicit
691 1843 699 1862 τ
714 1843 841 1870 nusquam
857 1843 920 1862 vero

134 1877 223 1904 laudat
246 1886 292 1905 eos
313 1879 357 1913 qui
382 1879 524 1913 prophetas
539 1887 590 1906 non
611 1880 769 1913 audierunt;
786 1881 839 1907 imo
864 1881 921 1907 illos

135 1923 276 1950 admodum
294 1924 423 1958 improbat
437 1929 461 1951 ct
473 1925 650 1959 reprehendit.
665 1925 730 1952 111110
739 1926 823 1960 palam
837 1931 877 1953 est
890 1926 922 1952 11-

134 1967 190 2001 11111,
209 1969 268 1996 Νοη
289 1970 422 1996 audierunt
433 1992 439 2002 ,
455 1970 488 1997 dc
503 1971 636 1998 seditiosis
655 1971 705 1998 illis
717 1971 815 1998 dictutn
830 1972 920 1999 fuisse.

136 2014 180 2041 10.
195 2014 250 2041 Fur
266 2024 315 2042 non
326 2017 400 2049 venit,
416 2017 464 2042 nisi
481 2021 509 2043 ut
527 2019 624 2051 [aretur
639 2022 661 2043 et
677 2023 766 2044 mactet
778 2023 801 2044 et
816 2019 922 2052 perdat:

135 2065 163 2086 ut
178 2060 221 2087 1110
236 2061 363 2096 contigit;
379 2069 472 2089 omnes
487 2063 556 2089 cuitu
571 2063 677 2090 mactati
698 2063 829 2098 occisique
851 2068 921 2091 sunt.

137 2104 190 2140 Ego
204 2111 286 2132 autem
301 2108 356 2134 veni
374 2113 400 2134 ut
414 2110 489 2134 vitam
508 2108 614 2135 habeant
627 2129 633 2140 ,
650 2114 673 2135 et
686 2109 855 2136 abundantius
875 2111 923 2138 Ita-

136 2150 220 2178 beant.
235 2152 302 2185 Quid
315 2174 321 2185 ,
339 2161 444 2187 quaeso,
462 2154 514 2181 vita
529 2154 725 2181 abundantius?
737 2155 856 2189 Regnum
872 2164 923 2183 eie-

136 2194 233 2224 lorum.
251 2197 347 2224 Verum
364 2198 388 2224 id
405 2198 520 2225 nondum
535 2198 616 2230 dicit,
631 2199 677 2226 scd
691 2199 750 2226 vita:
769 2207 864 2227 nomen
885 2199 923 2226 af-

136 2241 186 2268 fert
197 2262 205 2272 ,
221 2246 248 2268 ut
262 2247 352 2268 notum
367 2243 428 2269 illis.
445 2244 488 2270 11.
505 2243 561 2278 Ego
578 2252 636 2270 sum
657 2249 743 2279 pastor
762 2246 849 2274 bonus.
876 2245 924 2272 llic

135 2286 243 2314 demum
265 2287 297 2314 de
322 2289 445 2322 passione
468 2289 592 2323 loquitur,
614 2290 758 2317 ostendens
778 2291 847 2317 illam
876 2299 923 2325 pro

136 2332 226 2359 mundi
251 2333 335 2359 salute
359 2333 472 2361 futuram
499 2342 578 2367 esse,
596 2342 644 2362 nec
668 2343 696 2362 se
722 2336 829 2362 invitum
853 2337 922 2363 illam

136 2377 219 2403 adire.
247 2378 347 2405 Deinde
372 2380 521 2413 exemplum
546 2387 638 2407 rursus
662 2380 739 2407 affert
761 2382 872 2415 pastoris
898 2387 924 2409 ct

137 2423 305 2450 mercenarii.
323 2423 409 2450 Bonus
431 2425 498 2451 enim
521 2430 607 2459 pastor
627 2426 736 2452 animum
750 2435 821 2453 suam
843 2428 922 2462 ponit.

138 2468 180 2496 12.
197 2468 371 2495 Mercenarius
384 2474 466 2496 autem
478 2491 485 2502 ,
506 2471 547 2504 qui
561 2479 610 2497 non
625 2476 661 2497 est
676 2477 771 2506 pastor,
789 2473 860 2506 cujus
875 2481 924 2499 non

137 2519 193 2540 sunt
207 2522 265 2540 ores
280 2515 406 2550 proprite,
422 2516 487 2542 videt
503 2516 591 2551 lupum
612 2518 747 2545 venientem
757 2539 763 2550 ,
787 2523 810 2545 (ι
824 2519 924 2546 dimittit

137 2568 191 2586 ores
203 2581 210 2592 ,
227 2565 248 2586 et
263 2561 343 2595 fugit,
355 2566 377 2588 et
388 2562 452 2588 venit
466 2562 550 2596 lupus,
566 2568 588 2589 et
609 2565 675 2598 rupit
689 2572 740 2590 eas.
755 2564 803 2591 1110
817 2573 846 2592 50
865 2573 925 2599 pcr-

138 2606 198 2633 inde
217 2611 297 2641 atque
321 2608 425 2635 Patrem
454 2609 627 2643 ituperantem
647 2610 770 2643 exhibet;
795 2611 924 2646 siquidem

138 2657 228 2686 pastor
242 2653 300 2687 ipse
313 2659 353 2680 est
366 2654 442 2689 cujus
455 2656 567 2690 propria:
586 2662 646 2683 sunt
660 2665 732 2684 oves.
750 2658 842 2685 Viden”
857 2667 924 2693 quo-

138 2698 216 2725 modo
230 2699 256 2726 in
272 2701 406 2734 parabolis
420 2701 559 2728 sublimius
572 2702 705 2737 loquatur,
725 2704 767 2730 ubi
789 2704 926 2732 obscurior

140 2749 177 2771 est
191 2752 280 2772 sermo
291 2767 297 2778 ,
312 2753 399 2780 neque
421 2747 588 2774 auditoribus
600 2749 723 2782 carpendi
748 2757 838 2776 ansam
859 2758 926 2784 pne-

138 2789 196 2818 11001
207 2792 219 2818 ?
232 2791 300 2824 Quid
315 2800 379 2827 ergo
392 2792 452 2819 facit
468 2794 668 2821 mercenarius?
694 2794 764 2821 Videt
778 2795 865 2830 lupum
885 2804 926 2822 ue-

137 2838 245 2864 nientem
258 2858 266 2872 ,
287 2842 310 2864 et
323 2837 422 2866 dimittit
436 2846 504 2873 ores,
520 2844 542 2867 et
558 2840 622 2867 venit
643 2840 725 2879 lupus,
741 2845 765 2868 et
787 2842 853 2876 rapit
870 2849 921 2869 eas.

632 131 665 160 ΙΝ
685 131 837 160 ,ΙΟᾹΝΝΕΜ
858 128 973 158 llOMlL.
994 129 1058 158 LIX.
1080 132 1114 158 al.
1135 131 1223 161 LVIII.

1707 139 1763 166 7‘10

973 187 1028 216 1100
1044 190 1080 218 illi
1097 191 1223 224 fecerunt,
1238 193 1293 228 ipse
1304 198 1405 222 contra.
1420 195 1523 224 Etenim
1537 204 1595 224 eum
1609 200 1761 233 approbent

971 241 1016 261 sus
1031 235 1089 268 fuit,
1105 236 1190 264 dixit:
1205 238 1287 265 Sinite
1298 240 1356 266 illos
1372 241 1439 268 abire
1454 241 1540 276 (Jaan.
1557 243 1600 271 18.
1613 244 1652 279 8),
1667 249 1694 271 111
1708 245 1758 272 1111-

971 280 1088 314 pleretur
1100 289 1202 314 sermo.
1219 284 1288 318 quod
1303 286 1389 313 nullus
1405 295 1495 314 eorum
1510 291 1627 324 perierit.
1644 291 1690 318 llic
1706 299 1753 326 po—

972 329 1024 352 test
1039 327 1116 352 etiam
1132 328 1275 361 spiritualis
1290 330 1366 364 lupus
1382 332 1505 368 intelligi,
1529 342 1607 369 quem
1627 344 1679 363 uon
1695 338 1756 364 sivit

971 378 1035 398 oves
1051 371 1180 406 abripere.
1199 373 1255 400 Non
1272 374 1348 409 lupus
1364 381 1463 404 tantum
1486 378 1529 406 1110
1541 385 1598 414 est,
1614 383 1660 409 sed
1676 384 1754 410 etiam

971 416 1021 442 lt‘o.
1039 416 1103 443 Nam
1120 417 1283 446 Adversarius
1295 426 1377 447 noster
1388 422 1502 450 diabolus
1518 430 1644 461 tamquam
1658 428 1695 455 leo
1712 437 1756 455 ru-

970 462 1039 496 giens
1051 463 1139 489 circuit
1152 463 1176 499 (1
1204 463 1261 491 Pet.
1276 466 1303 498 5,
1319 467 1356 501 8).
1374 467 1421 494 llic
1437 475 1546 504 serpens
1556 477 1584 498 et
1596 472 1675 500 draco
1690 480 1732 502 est
1747 484 1758 503 :-

971 507 1072 536 Calcale
1081 518 1157 544 super
1171 516 1296 545 serpentes
1311 517 1334 539 et
1354 515 1495 549 scorpiones
1507 516 1580 553 (Luc.
1600 519 1643 546 10.
1661 521 1717 555 19).

1005 555 1031 581 ιι.
1053 554 1108 582 Vox
1119 555 1212 583 Clu-isti
1225 558 1351 585 audienda
1361 559 1458 595 ipsique
1466 562 1513 588 soli
1521 563 1675 593 Itan'endum.
1690 554 1755 594 Ava-

969 600 1028 627 ritia
1056 601 1159 627 servitus
1192 603 1304 630 omnium
1327 604 1468 632 deterrima.
1494 607 1658 644 Eleemosyna
1685 620 1754 639 eont-

969 646 1110 673 mendatur.
1125 662 1161 667 —
1175 647 1261 681 Quare
1288 657 1352 685 rogo
1365 671 1372 683 ,
1389 659 1543 680 maneamus
1568 655 1617 681 sub
1642 659 1753 690 pastoris

970 699 1031 718 cura
1048 701 1054 719 :
1072 694 1237 722 manebimus
1251 701 1339 723 autem
1354 697 1375 724 si
1388 706 1479 725 vocent
1494 700 1551 734 ejus
1567 701 1716 737 audiamus,
1732 706 1753 731 si

969 737 1018 771 ipsi
1045 747 1145 766 morctu
1171 748 1312 776 geramus,
1340 743 1361 770 si
1385 744 1500 773 alienum
1527 755 1579 774 non
1602 756 1753 784 sequamur.

969 782 1059 818 Ecqua
1070 792 1120 812 vox
1131 786 1187 820 cjtts
1196 787 1253 814 cst?
1265 787 1337 814 Beati
1343 798 1463 823 pauperes
1471 792 1560 826 spiritu
1569 801 1578 819 :
1586 782 1651 820 beati
1660 797 1754 823 mundo

969 831 1063 858 corde:
1078 832 1142 859 benti
1155 834 1325 862 misericordes
1340 834 1444 872 (Matth.
1461 838 1487 865 5.
1502 837 1528 865 5.
1545 839 1570 866 8.
1588 840 1626 876 7).
1648 841 1676 869 Si
1698 842 1754 871 lucc

969 884 1123 912 servemus,
1145 879 1194 906 sub
1223 885 1326 914 pastore
1347 883 1531 918 manebimus,
1557 890 1583 914 et
1608 886 1685 922 lupus
1713 889 1754 916 111-

969 922 1042 956 grcdi
1064 931 1115 950 non
1141 925 1246 957 poterit.
1264 926 1315 953 Sed
1339 929 1441 956 etiamsi
1466 930 1570 965 irruat,
1594 932 1619 959 id
1645 934 1671 960 in
1695 942 1756 969 per-

969 968 1065 995 niciem
1080 977 1153 996 suam
1176 970 1264 998 faciet.
1279 972 1414 1000 Pastorem
1441 976 1510 1003 enim
1535 977 1570 1004 ita
1593 986 1640 1006 nos
1660 987 1754 1007 amau-

970 1018 1022 1041 tcm
1050 1015 1197 1050 habemus,
1223 1022 1250 1044 ut
1274 1019 1388 1047 animam
1409 1028 1482 1049 suam
1506 1030 1554 1057 pro
1570 1025 1645 1052 uobis
1672 1027 1755 1054 tradi-

969 1060 1047 1086 derit.
1072 1060 1138 1088 Cuin
1166 1070 1229 1097 ergo
1254 1068 1280 1090 et
1309 1069 1403 1098 potens
1432 1067 1466 1094 sit
1499 1073 1525 1095 et
1552 1070 1660 1105 diligat,
1688 1073 1752 1107 quid

969 1106 1078 1140 impedit
1093 1109 1234 1142 quominus
1252 1111 1363 1138 salutem
1378 1116 1587 1148 consequamur?
1598 1117 1667 1145 Nihil
1678 1140 1685 1150 ,
1699 1106 1753 1147 uisi

970 1160 1018 1179 nos
1035 1153 1082 1187 ipsi
1098 1154 1261 1183 deficiamus.
1273 1157 1411 1190 Quomodo
1425 1159 1600 1189 dcficicmus?
1615 1163 1690 1192 Illum
1703 1174 1751 1193 au-

970 1198 995 1225 di
1009 1199 1141 1226 diccntcm
1158 1209 1165 1227 :
1189 1201 1249 1228 Non
1272 1205 1372 1237 potestis
1395 1205 1491 1233 duobus
1510 1207 1618 1236 dominis
1637 1212 1728 1238 servire
1744 1233 1752 1245 ,

970 1244 1023 1270 Deo
1037 1250 1058 1271 et
1071 1253 1194 1273 mantona:
1204 1247 1308 1283 (Matt/1.
1324 1250 1349 1276 6.
1360 1250 1393 1276 21,
1405 1251 1423 1285 ).
1437 1252 1462 1278 Si
1478 1260 1541 1287 ergo
1566 1254 1628 1282 huic
1654 1257 1753 1283 servia-

971 1298 1045 1322 mus,
1062 1291 1131 1318 illius
1151 1293 1281 1327 tyrannidi
1297 1295 1408 1328 subjecti
1429 1304 1480 1323 non
1496 1299 1605 1326 erimus.
1622 1300 1687 1328 Nam
1710 1306 1750 1337 ty-

970 1336 1080 1363 rannide
1092 1338 1183 1372 quavis
1196 1339 1316 1366 acerbior
1326 1346 1366 1368 est
1380 1343 1549 1375 pecuniarqu
1565 1336 1754 1381 concnpisceu-

973 1383 1018 1410 tia.
1032 1383 1134 1410 Nullam
1148 1384 1225 1412 habet
1237 1386 1397 1421 voluptatem
1409 1408 1416 1420 ,
1432 1390 1478 1416 sed
1492 1391 1695 1426 sollicitudines,
1714 1394 1753 1421 in-

970 1429 1077 1463 vidiam,
1093 1431 1208 1464 insidias,
1225 1433 1324 1464 odium,
1342 1435 1537 1470 sycophantias,
1553 1443 1580 1466 et
1589 1440 1659 1467 mille
1672 1441 1755 1475 virtu—

972 1474 1006 1502 tis
1022 1475 1220 1510 impcdimcula,
1242 1477 1369 1506 desidiam
1382 1501 1389 1513 ,
1417 1481 1569 1517 lasciviam,
1597 1486 1733 1514 avaritiam
1745 1508 1755 1520 ,

971 1520 1126 1548 ebrietatem
1137 1542 1143 1554 ,
1169 1530 1227 1556 qua:
1248 1523 1346 1550 liberos
1362 1525 1388 1551 in
1404 1526 1557 1554 servitutem
1579 1529 1711 1564 redigunt,
1728 1537 1755 1558 et

974 1567 1058 1593 501115
1073 1567 1220 1596 deteriores
1236 1570 1400 1598 constituunt
1415 1580 1421 1597 :
1438 1579 1529 1600 servos
1543 1595 1548 1606 .
1564 1574 1682 1609 inquam,
1695 1577 1756 1604 red-

972 1612 1056 1645 dunt,
1080 1620 1132 1640 non
1149 1614 1301 1648 hominum,
1318 1617 1363 1643 sed
1378 1618 1525 1652 gravissimi
1540 1621 1658 1648 omnium
1673 1623 1754 1650 animi

973 1658 1135 1685 morborum.
1167 1659 1215 1687 1110
1237 1662 1317 1688 multa
1332 1663 1411 1690 audet
1433 1671 1491 1698 qua:
1506 1672 1554 1692 nec
1577 1666 1630 1694 Deo
1644 1674 1693 1695 nec
1707 1668 1756 1696 ho-

974 1703 1089 1730 minibus
1106 1704 1218 1738 placent,
1231 1711 1351 1733 metuens
1366 1715 1397 1734 uc
1410 1709 1468 1742 quis
1483 1717 1512 1736 se
1522 1710 1555 1736 ab
1567 1710 1614 1738 hac
1624 1713 1753 1741 servitute

973 1749 1078 1776 liberet.
1099 1750 1120 1776 Ο
1133 1751 1254 1778 acerbam
1276 1752 1447 1786 servitutem,
1468 1759 1495 1781 et
1509 1755 1664 1785 diabolicam
1682 1763 1757 1792 pote-

974 1796 1083 1822 statem!
1100 1795 1161 1823 11110
1171 1797 1266 1832 quippe
1278 1799 1446 1827 cstomuium
1457 1801 1622 1834 gravissima,
1636 1804 1705 1837 quod
1720 1808 1758 1832 tot

974 1842 1075 1870 detenti
1091 1843 1167 1870 malis
1183 1843 1356 1878 delectemur,
1376 1850 1402 1873 et
1415 1851 1523 1874 catenas
1546 1849 1738 1882 amplectamur
1749 1872 1757 1884 ,

974 1893 1000 1916 et
1014 1889 1084 1923 quod
1099 1889 1266 1917 tenebrosum
1287 1898 1422 1919 carcerem
1436 1891 1595 1927 habitantes,
1612 1895 1698 1923 lucem
1715 1896 1757 1924 fu-

974 1935 1087 1970 giamus.
1105 1936 1150 1962 sed
1173 1943 1220 1963 nos
1239 1937 1316 1963 malis
1336 1939 1565 1973 constringamus,
1581 1942 1647 1968 etin
1663 1943 1759 1970 morbo

974 1981 1148 2007 oblectamur.
1162 1981 1249 2014 Quare
1262 1983 1424 2011 necliherari
1438 1992 1578 2018 possumus
1588 2007 1594 2019 ,
1620 1993 1646 2015 et
1667 1989 1759 2023 pejore

975 2033 1052 2060 quatit
1067 2025 1111 2060 qui
1130 2027 1235 2053 metalla
1252 2027 1355 2054 fodiunt
1370 2029 1522 2059 conditione
1536 2038 1637 2066 sumus,
1650 2033 1712 2060 dum
1721 2034 1761 2060 la-

975 2070 1040 2098 bore
1058 2075 1086 2098 et
1107 2071 1213 2098 miseria
1226 2071 1325 2106 obruti,
1347 2073 1446 2100 nullum
1461 2075 1522 2105 inde
1541 2076 1653 2104 fructum
1672 2080 1761 2113 perci-

976 2116 1072 2149 pimus.
1089 2116 1219 2150 Quodquc
1234 2117 1351 2144 omnium
1367 2118 1597 2154 delerrimumest.
1607 2123 1628 2149 si
1639 2124 1698 2158 quis
1711 2132 1761 2152 nos

976 2161 1009 2189 ab
1023 2162 1117 2188 acerba
1130 2161 1281 2196 hujusmodi
1296 2164 1449 2197 captivitate
1464 2173 1559 2193 eruere
1575 2168 1647 2200 velit,
1663 2169 1689 2196 id
1705 2177 1760 2198 non

975 2208 1110 2242 patimur;
1127 2208 1181 2234 11110
1204 2209 1281 2235 etiam
1300 2217 1370 2243 mgre
1395 2210 1502 2238 ferimus
1524 2215 1551 2240 et
1573 2213 1761 2249 indignamur;

977 2253 1041 2280 nihil
1063 2254 1156 2280 melius
1168 2253 1254 2281 affecti
1266 2262 1344 2289 quam
1358 2256 1403 2290 qui
1422 2256 1522 2284 insania
1532 2259 1601 2292 capti
1617 2249 1690 2293 sunt,
1706 2261 1761 2289 imo

977 2300 1056 2335 longe
1069 2299 1276 2327 miserabiliores
1289 2300 1350 2332 illis,
1377 2301 1447 2335 quod
1472 2303 1586 2332 nolimus
1607 2305 1640 2332 ab
1660 2306 1761 2334 insania

976 2345 1094 2375 liberari.
1121 2345 1254 2379 Numquid
1267 2353 1298 2373 ea
1313 2346 1346 2373 de
1361 2354 1441 2374 causa
1462 2348 1488 2374 in
1505 2350 1632 2378 mundum
1648 2353 1742 2380 veniin
1754 2373 1761 2385 .

977 2399 993 2419 ο
1008 2391 1088 2435 homo
1101 2391 1112 2418 ‘t
1125 2399 1157 2418 an
1174 2391 1235 2418 ideo
1255 2391 1335 2419 homo
1350 2391 1434 2420 factus
1452 2400 1480 2420 es
1493 2414 1500 2426 ,
1523 2399 1552 2421 ut
1575 2395 1631 2423 111110
1656 2398 1761 2425 metalla

977 2438 1128 2472 operareris
1143 2441 1168 2464 et
1187 2445 1279 2464 aurum
1301 2439 1465 2473 colligeres‘t
1488 2440 1546 2467 Non
1562 2441 1621 2469 ideo
1643 2449 1717 2472 certe
1729 2445 1763 2471 ad

979 2484 1121 2517 imaginem
1148 2490 1223 2511 suain
1241 2488 1267 2510 te
1280 2483 1423 2516 formavit;
1451 2485 1497 2513 sed
1512 2490 1540 2514 ut
1555 2486 1603 2521 ipsi
1621 2488 1739 2522 placeres
1755 2510 1762 2521 ,

978 2536 1007 2558 ut
1029 2530 1114 2558 futura
1138 2530 1341 2564 conseque-reris
1356 2551 1363 2562 ,
1390 2536 1418 2559 ut
1443 2539 1505 2559 cum
1527 2534 1629 2567 angelis
1650 2535 1763 2562 choreas

978 2584 1071 2612 ageres
1081 2577 1100 2603 ¹.
1123 2576 1176 2603 Cur
1190 2581 1215 2603 te
1228 2576 1262 2603 ab
1276 2576 1324 2603 hac
1335 2577 1473 2604 nobilitate
1484 2577 1575 2612 ejicis,
1596 2580 1761 2607 0111101110-

979 2631 1049 2651 mam
1060 2623 1170 2657 conjicis
1181 2623 1372 2658 ignobilitatem
1385 2628 1412 2650 et
1425 2623 1581 2651 infamiam?
1603 2625 1652 2659 Qui
1668 2627 1762 2654 eodem

979 2678 1032 2705 quo
1047 2676 1073 2697 tu
1088 2675 1164 2706 partu
1178 2676 1256 2698 natus
1266 2675 1316 2702 est,
1333 2675 1408 2704 partu
1425 2670 1484 2697 dico
1495 2671 1634 2704 spirituali,
1646 2672 1764 2700 famcta-

979 2717 1082 2744 bcscit:
1099 2721 1126 2743 tu
1146 2716 1222 2751 copia
1235 2723 1325 2743 rerum
1347 2715 1518 2750 dirumparis.
1541 2715 1636 2746 Frater
1663 2718 1764 2746 nudum

1012 2843 1020 2859 ³
1038 2843 1097 2869 llaec
1105 2862 1111 2872 ,
1119 2843 1144 2867 ut
1153 2847 1207 2867 cum
1217 2838 1307 2871 angelis
1319 2838 1418 2864 choreas
1430 2837 1636 2870 ageres,decraut
1648 2838 1673 2863 111
1685 2839 1756 2864 Μοιύι
