2031 3118
266 146 317 178 ΈΞῚ

270 212 367 240 corpus
379 202 531 232 circumfert
550 211 557 230 z
573 207 598 230 ta
616 207 703 230 vestes
719 202 837 230 vestibus
861 202 936 230 addis
947 223 954 235 ,
977 201 1054 229 tineis

271 249 341 278 hunc
355 251 480 277 amictum
494 255 636 284 apparatis.
653 248 758 281 Quanto
782 248 878 276 melius
903 253 974 276 esset
989 256 1057 283 pau-

270 304 361 331 perum
385 302 496 330 corpora
509 294 549 321 his
574 294 718 330 obtegere?
730 294 766 321 lta
781 295 851 322 enim
870 294 913 322 illa
930 298 982 322 non
994 302 1058 321 con-

267 344 449 371 sumerentur.
471 344 496 366 te
504 347 567 366 cura
579 340 650 366 omni
669 338 825 372 liberarent,
841 343 868 367 et
880 340 994 367 futuram
1010 339 1056 366 tibi

269 390 392 421 parerent
408 386 498 412 vitam.
515 385 542 412 Si
557 386 624 412 nolis
633 393 686 412 eaa
700 385 776 412 tineis
788 386 908 413 consumi
922 405 930 418 ,
945 385 977 411 da
995 393 1058 419 pan-

269 431 375 466 peribus
391 439 398 457 :
416 430 454 457 illi
470 438 585 466 namque
601 430 657 457 [nec
683 435 842 458 vestimenta
860 432 943 465 probe
969 431 1058 458 sciunt

269 482 408 504 excutere.
431 477 530 504 (Zhristi
546 485 660 511 namque
672 484 771 512 corpus
782 477 898 511 qualibet
914 485 974 504 arca
999 484 1059 511 pre-

271 523 365 550 tiosius
388 528 415 550 ct
440 523 523 550 ttttins
544 527 604 555 est;
626 531 712 557 tteqne
728 528 829 550 tantum
844 531 874 550 ea
888 523 1003 550 custodit
1019 524 1058 550 in-

271 573 396 604 eorrupta
408 589 415 602 ,
433 569 479 596 sed
493 569 571 596 etiam
595 569 776 603 Splendidiora
790 569 886 596 reddit.
902 570 969 596 Area
986 577 1058 605 stupe

270 624 330 643 ctun
341 616 459 643 vestibus
472 615 580 650 abrepta
597 620 717 642 extremo
730 619 755 642 te
769 615 857 642 affecit
869 615 978 642 damno:
992 615 1060 643 hanc

274 669 339 690 vero
359 661 507 688 custodiam
530 669 564 688 ne
578 668 650 687 ntors
664 661 771 695 quidem
786 666 873 695 potest
888 661 1058 688 labefactare.

278 707 368 742 Neque
383 708 453 734 enim
477 707 560 741 portis
574 711 619 733 aut
633 706 752 733 vectibus
767 706 811 734 hic
826 706 902 733 nobis
916 711 956 734 est
966 714 1034 741 Opus
1050 728 1058 740 ,

276 761 329 780 non
348 753 431 780 servis
446 752 623 787 vigilantibus,
638 759 687 779 nec
701 752 750 778 alia
766 752 857 786 quavis
869 752 1002 779 cautione.
1020 752 1060 779 Ab

272 799 379 827 insidiis
395 806 504 834 prorsus
520 798 600 825 libera
613 803 673 824 sunt
688 818 695 830 ,
711 802 739 824 ut
759 805 806 832 par
819 803 875 830 est,
893 805 951 832 qua:
969 798 994 824 itt
1005 806 1059 825 cat-

275 846 307 873 lis
320 850 382 873 sunt
395 844 543 872 recondita.
559 844 645 871 Laeus
667 845 737 871 enim
760 844 806 871 ille
819 851 832 870 a
846 844 963 879 nequitia
988 844 1059 871 nulla

275 891 343 918 adiri
369 894 466 925 potest.
490 890 552 917 llzec
566 896 614 916 nos
629 889 734 917 dicendi
751 890 830 917 finem
849 898 901 916 non
926 889 1036 917 facimus
1051 910 1058 923 ,

276 944 376 972 vosque
391 935 531 963 audientes
543 944 594 963 non
611 936 811 970 obtemperans.
832 936 912 971 Cujus
925 937 961 963 rei
981 944 1060 964 causa

273 989 325 1016 est,
343 982 414 1017 quod
431 983 518 1018 pusilli
534 983 616 1010 simtts
631 983 722 1015 animi,
748 987 775 1009 et
791 983 902 1009 terrenis
916 983 1058 1011 inhientus.

272 1027 327 1055 imo
337 1029 405 1055 absit
417 1033 444 1055 ut
457 1035 552 1055 omnes
566 1036 613 1055 vos
627 1028 769 1060 damnent,
783 1035 814 1054 ac
833 1028 855 1055 si
870 1035 963 1055 omnes
979 1029 1057 1056 incu-

274 1073 394 1101 rabiliter
418 1074 564 1108 :rgrotctis.
580 1073 689 1100 Etiamsi
705 1074 774 1101 cniut
789 1074 805 1100 ii
831 1074 874 1109 qui
896 1074 994 1102 divitiis
1005 1075 1060 1102 inc.

275 1119 394 1146 briantur
407 1140 415 1153 ,
434 1119 573 1146 obstrttant
599 1126 677 1146 aures
695 1126 727 1145 ne
749 1119 876 1151 audiant;
900 1123 925 1146 at
949 1119 964 1146 ii
977 1120 1019 1154 qui
1033 1120 1060 1146 itt

275 1169 429 1199 paupertate
447 1165 528 1191 vitam
541 1169 640 1199 agunt,
656 1164 734 1191 dictis
763 1165 900 1192 attetulere
924 1170 1060 1200 poterunt.

275 1210 307 1237 lit
319 1210 381 1245 quid
397 1210 454 1237 hate
467 1210 499 1237 ad
512 1217 642 1244 pauperes
654 1231 661 1243 ,
688 1211 800 1245 inquies,
821 1211 864 1245 qui
887 1219 936 1238 nec
955 1220 1059 1245 aurum,

274 1264 322 1282 nec
334 1256 490 1282 vestimenta
505 1255 656 1289 huiusmodi
671 1255 788 1282 habent?
808 1256 903 1283 \‘crum
920 1257 954 1283 illi
967 1265 1060 1291 panem

275 1302 373 1328 habent
393 1305 420 1328 et
439 1308 533 1335 aquam
555 1300 692 1335 frigidam;
709 1301 807 1328 Itabent
827 1302 894 1328 duos
919 1303 1010 1331 oimlos
1035 1310 1062 1332 et

275 1347 366 1380 pedes,
383 1346 459 1381 queis
472 1354 558 1381 aegros
572 1346 704 1379 invisant;
721 1346 820 1374 ltabeut
840 1347 954 1383 linguam
968 1355 993 1376 et
1003 1358 1061 1377 scr-

276 1399 381 1418 tuoncm
393 1411 400 1423 ,
417 1396 445 1417 ttt
460 1391 631 1418 consolentur
645 1392 714 1418 tnalc
734 1392 857 1419 affectum
871 1402 877 1423 ;
903 1393 1002 1421 habent
1014 1395 1062 1423 do-

636 147 663 176 S.
685 146 822 174 JOANNIS
840 144 1075 175 CiIRYSOSTOMI
1096 144 1251 174 ARCHIEP.
1272 144 1536 174 CONSTANTINOP.
1851 145 1902 173 3⁵8

1111 210 1183 230 mum
1198 207 1225 230 et
1237 207 1407 237 tectnm,quo
1421 203 1548 237 recipiant
1565 202 1709 237 hospitem.
1727 203 1818 238 Neque
1829 205 1901 230 enim

1111 251 1150 275 tot
1165 252 1192 275 et
1211 252 1248 275 tot
1263 248 1361 275 talenta
1381 249 1437 276 auri
1454 256 1467 276 a
1484 248 1661 284 pauperibus,
1678 249 1725 276 sed
1744 258 1758 276 ι
1773 249 1902 277 divitibus

1111 293 1251 327 exigimus.
1263 292 1338 326 Quod
1351 294 1372 320 si
1388 294 1419 320 ad
1434 294 1559 329 pattperis
1573 295 1670 321 ostium
1690 295 1793 323 venerit
1807 296 1883 322 Domi
1893 311 1900 316 ι

1112 346 1177 369 nus.
1195 346 1246 365 non
1269 338 1376 373 pudebit
1390 346 1450 366 eunt
1473 339 1513 366 vel
1529 339 1636 366 obolttm
1652 340 1789 374 accipere;
1806 341 1854 368 sed
1874 349 1903 368 se

1111 385 1187 419 plura
1195 385 1330 418 accepisse
1346 385 1425 418 dicet,
1436 393 1514 420 quam
1529 385 1562 412 ab
1577 385 1609 413 iis
1620 386 1663 421 qui
1676 386 1757 413 multa
1769 387 1904 421 deposue-

1112 435 1182 457 runt.
1198 431 1267 465 Quot
1281 439 1350 458 nunc
1360 431 1478 458 homines
1490 432 1535 458 illo
1545 437 1664 466 tempore
1672 432 1752 460 fuisse
1765 437 1901 467 optarent,

1112 484 1164 511 quo
1177 475 1298 503 Christus
1313 477 1337 502 in
1352 484 1432 504 carne
1446 482 1542 504 terram
1561 477 1660 510 obibat,
1684 483 1710 505 ut
1724 479 1851 514 colloquii
1875 484 1903 506 et

1115 529 1214 549 mensae
1228 530 1287 548 cum
1300 530 1332 549 eo
1348 527 1487 550 consortes
1506 527 1596 550 essent
1615 525 1621 550 !
1650 524 1718 551 Ecce
1736 525 1791 559 jam
1819 525 1881 552 licet
1893 546 1902 557 ,

1113 575 1251 602 possuutus
1267 568 1339 594 illum
1352 568 1384 595 ad
1401 569 1540 602 prandium
1554 577 1650 597 vocare
1662 591 1669 603 ,
1689 578 1749 597 cum
1767 571 1825 605 ipso
1837 578 1903 598 cou-

1112 613 1206 644 vivari,
1221 617 1245 640 et
1269 621 1328 640 ctnn
1344 614 1437 648 majori
1453 614 1537 641 lucro.
1561 615 1658 642 Eorum
1684 616 1755 643 enim
1777 619 1821 651 qui
1841 625 1902 644 eum

1113 659 1375 687 illoconvivabantur
1389 660 1463 687 mttlti
1477 661 1622 695 perierunt,
1636 666 1665 689 ιιι
1678 662 1760 690 .ludas
1775 668 1800 690 ct
1810 663 1902 697 hujus-

1114 705 1184 732 modi
1207 705 1343 738 homines;
1369 706 1529 741 quicumque
1554 713 1618 735 vero
1638 708 1711 735 illum
1727 709 1780 743 jam
1791 709 1902 736 domum

1114 751 1257 785 vocabunt,
1274 756 1302 778 ut
1317 759 1417 779 mensae
1431 757 1458 779 et
1475 753 1535 780 tecti
1549 758 1699 781 consortem
1709 755 1843 787 efficiant,
1858 755 1905 783 btt-

1113 798 1265 825 nedEctione
1288 806 1382 833 magna
1397 798 1526 826 fruentur.
1556 798 1653 833 Venite,
1668 801 1763 835 inquit,
1780 801 1901 829 benedirtt

1114 843 1199 870 Patris
1208 845 1265 876 mei,
1279 844 1402 879 possidete
1416 850 1586 879 pra’paratum
1613 846 1681 873 vobis
1694 855 1798 881 regnant
1811 856 1828 874 a
1842 855 1902 873 ron—

1112 890 1240 916 stitutione
1251 891 1346 917 mundi.
1362 891 1463 918 Esurivi
1475 893 1548 923 enim,
1564 897 1587 919 et
1601 892 1704 920 dedistis
1717 894 1779 920 mihi
1792 895 1901 921 mundu-

1113 945 1171 963 care
1187 945 1196 964 :
1210 937 1286 969 sitiet,
1301 943 1324 964 et
1338 938 1443 964 (tt-distis
1450 939 1518 965 .mihi
1532 939 1613 966 bibere
1629 949 1636 967 :
1660 939 1750 974 hospes
1775 949 1855 973 eram,
1878 946 1901 968 et

1113 983 1255 1016 suscepistis
1264 991 1302 1010 me
1311 992 1320 1010 :
1329 984 1453 1018 inﬁrmus,
1462 989 1484 1011 et
1493 985 1609 1012 visitauis
1620 994 1658 1012 me
1665 994 1674 1012 .'
1681 987 1707 1012 in
1717 994 1815 1013 carcere
1822 995 1900 1020 erant,

1114 1034 1135 1055 et
1154 1030 1253 1056 venistis
1272 1030 1305 1056 ad
1326 1039 1364 1057 me
1380 1030 1496 1066 (Matth.
1508 1032 1552 1059 ‘25.
1572 1033 1654 1060 Eii-56
1666 1032 1686 1068 ).
1703 1033 1736 1061 Ut
1759 1041 1823 1069 ergo
1846 1035 1901 1062 hac

1113 1075 1253 1102 audiamus
1264 1075 1353 1108 verba,
1367 1076 1466 1103 nudum
1481 1077 1634 1110 vestiamns,
1649 1079 1807 1113 colligamus
1818 1080 1901 1114 hospi-

1115 1125 1166 1147 teut
1182 1142 1189 1154 ,
1203 1121 1348 1149 nutriamus
1359 1122 1535 1155 esurientem,
1553 1124 1651 1151 sitienti
1668 1129 1758 1159 potum
1785 1125 1878 1153 demus
1893 1147 1899 1156 ,

1115 1175 1214 1202 a'grum
1229 1172 1373 1196 etcarcere
1388 1169 1525 1196 detentum
1547 1170 1692 1198 invisamus
1706 1192 1713 1203 ,
1729 1176 1757 1198 ut
1779 1171 1899 1199 fiduciam

1115 1218 1141 1240 et
1164 1214 1268 1240 veniam
1285 1219 1452 1248 peccatorum
1467 1216 1642 1250 accipiamus,
1658 1221 1685 1244 et
1706 1217 1749 1244 illa
1762 1217 1831 1244 bona
1844 1226 1902 1252 qua:

1114 1266 1220 1285 onmem
1237 1266 1387 1287 sermonem
1397 1265 1424 1287 Cl
1432 1266 1546 1288 ιιιοιιιοιιι
1558 1267 1684 1296 ευμοτπιλι
1695 1270 1899 1297 οοιιεθψιειιιιιιιετ

1114 1312 1173 1339 (μιτο
1187 1306 1285 1331 utinam
1301 1312 1394 1332 omnes
1406 1306 1594 1340 adipiScamur,
1607 1308 1690 1341 gratia
1700 1312 1727 1334 et
1741 1307 1901 1343 benignitate

1116 1351 1217 1378 Domini
1230 1351 1313 1378 nostri
1329 1350 1391 1378 Jesu
1404 1350 1515 1384 Christi,
1529 1352 1570 1379 cui
1586 1352 1668 1387 gloria
1684 1358 1708 1380 et
1721 1353 1860 1388 imperium
1876 1355 1900 1381 in

1115 1397 1210 1424 smcula
1227 1397 1394 1423 seculorum.
1407 1398 1500 1424 Anton.

959 1496 1130 1529 IlOMlLIA
1153 1499 1220 1529 LX.

273 1567 337 1594 Car.
359 1566 401 1594 10.
423 1573 450 1593 v.
471 1566 514 1592 Μ,
536 1565 591 1600 Ego
612 1573 666 1591 sunt
688 1569 774 1600 pastor
789 1566 884 1598 bonus,
899 1570 922 1592 et
943 1574 1064 1601 cognosco

309 1619 365 1639 aves
377 1619 455 1644 meas,
470 1615 493 1638 et
506 1614 656 1645 cognoscunt
669 1618 707 1636 me
720 1618 791 1637 mem.
804 1611 846 1638 15.
860 1610 931 1638 Sicut
945 1613 1011 1638 novit
1026 1621 1065 1639 nte

311 1657 406 1690 Pater,
420 1662 443 1684 et
461 1664 506 1691 ego
525 1663 646 1691 cognosco
669 1655 771 1683 Patrem
785 1676 792 1688 ,
809 1661 831 1683 et
853 1657 963 1684 animant
984 1666 1063 1685 meam

311 1710 377 1736 pono
392 1710 437 1735 pro
451 1701 536 1728 ovibus
551 1701 622 1728 meis.

311 1749 338 1774 1.
359 1746 452 1773 Pastor
467 1745 585 1773 Ecclesia:
603 1746 676 1781 fortis
696 1754 749 1773 esse
767 1746 847 1774 debet.
866 1746 984 1775 Pastores
1004 1748 1065 1776 ntali

274 1795 328 1828 qui.
342 1806 376 1812 —
388 1792 509 1827 Magnum
524 1791 657 1826 quidpiam
670 1812 677 1824 ,
694 1799 817 1826 magnum
831 1798 902 1819 certe
915 1797 956 1820 est
972 1793 1064 1821 Eccle-

274 1839 322 1865 sitc
336 1837 500 1872 pmfectura,
514 1844 572 1871 qua:
585 1836 667 1864 multa
681 1841 758 1871 egeat
772 1837 940 1872 philosophia
951 1842 978 1865 et
991 1838 1065 1865 forti-

276 1883 376 1915 tudine,
391 1890 422 1910 ac
433 1887 530 1917 quanta
544 1881 666 1909 Christus
679 1882 755 1914 dixit,
767 1882 802 1909 ita
815 1887 843 1909 ut
856 1883 970 1910 animam
985 1889 1064 1918 ponat

275 1938 324 1964 pro
338 1928 446 1960 ovibus,
463 1935 604 1962 numquam
619 1927 676 1954 illas
693 1927 798 1955 deserat
808 1949 814 1960 ,
828 1932 856 1956 et
868 1933 959 1955 contra
975 1929 1063 1963 lupunt

274 1979 326 2003 :tet
341 1975 453 2002 fortiter.
470 1974 497 2001 ln
519 1974 568 2000 hoc
582 1973 669 2000 differt
691 1978 781 2008 pastor
795 1981 808 2000 a
825 1974 999 2001 merccnario.
1017 1975 1064 2002 llic

275 2022 346 2048 enim
364 2021 524 2054 contemptis
537 2020 631 2047 ovibus
647 2021 759 2054 propria:
774 2021 852 2047 saluti
871 2028 977 2055 semper
990 2021 1064 2048 advi-

275 2067 338 2100 t'ilat
353 2076 359 2093 :
376 2067 419 2093 ille
435 2073 499 2093 vero
512 2086 519 2098 ,
536 2073 582 2092 sua
598 2065 711 2092 demissa
723 2085 730 2098 ,
748 2066 858 2093 salutem
873 2071 948 2092 curat
962 2067 1061 2093 ovium.

275 2113 338 2140 l‘ost
349 2113 410 2140 data
423 2119 486 2147 ergo
499 2111 614 2146 pastoris
628 2111 723 2138 iudicia
736 2131 742 2143 ,
758 2110 824 2138 duos
844 2112 916 2146 gregi
933 2112 1064 2146 pernicio-

274 2165 320 2185 SOS
333 2162 464 2185 memorat
478 2167 485 2185 ζ
502 2157 585 2184 furem
603 2161 761 2184 mactantem
774 2161 802 2184 ct
817 2157 961 2191 rapientem
978 2165 1041 2184 0"05
1054 2166 1061 2190 ς

275 2209 302 2231 et
316 2204 427 2231 alterunt
446 2203 490 2238 qui
506 2211 557 2229 nott
574 2203 630 2238 ipse
645 2202 731 2236 perdit
742 2222 750 2234 ,
764 2201 809 2229 sed
826 2201 910 2229 furem
925 2210 976 2229 non
992 2207 1064 2229 arcet

276 2257 325 2277 ttcc
346 2248 464 2283 impedit.
487 2248 537 2275 Per
556 2248 628 2273 illum
648 2251 736 2274 antetn
758 2246 894 2273 Thctnlam
914 2247 1061 2281 significat,

276 2301 324 2328 per
343 2294 413 2320 htme
427 2293 577 2320 Judtcorum
593 2293 716 2319 doctores
729 2291 860 2325 traducit,
882 2292 926 2326 qui
941 2292 974 2319 de
986 2300 1062 2320 cont-

277 2339 365 2366 missis
384 2337 433 2364 sibi
453 2337 545 2364 ovibus
564 2337 660 2363 nttllam
683 2336 813 2363 habebant
833 2343 940 2369 curam;
961 2345 1011 2372 qtta
1029 2338 1063 2365 dc

276 2391 305 2411 re
317 2383 371 2418 jam
385 2382 447 2409 olim
463 2381 583 2409 Ezechiel
600 2381 659 2408 illos
681 2380 818 2408 incusabat
833 2380 874 2407 his
887 2381 975 2408 verbis
991 2391 997 2408 :
1019 2381 1062 2409 Va:

277 2428 417 2464 pastoribus
426 2427 526 2455 Israel!
537 2427 629 2454 Nonne
637 2432 747 2462 pastores
759 2427 892 2461 pascebant
899 2429 983 2454 scutati
985 2437 1042 2463 psos
1050 2429 1062 2455 ?

276 2481 358 2502 nonae
372 2481 428 2501 oues
441 2477 577 2508 pascuntur
587 2481 603 2499 a
616 2472 756 2508 pastoribus
770 2472 876 2506 (Esca/t.
891 2473 933 2500 5i.
948 2473 997 2508 2)?
1009 2474 1061 2502 Sed

276 2522 312 2549 illi
328 2519 491 2549 contrarium
511 2518 642 2546 faciebant
653 2539 660 2551 ,
673 2518 742 2554 quod
759 2518 865 2545 malitia:
879 2519 999 2546 maximae
1013 2527 1060 2554 ge-

276 2574 325 2593 nus
345 2570 406 2598 est,
426 2565 592 2598 aliorumque
612 2571 690 2591 causa
710 2563 850 2591 ntalorum.
867 2564 929 2592 Ideo
947 2573 1060 2600 namque

273 2611 337 2639 dicit
352 2620 359 2639 :
373 2611 463 2646 Neque
476 2615 595 2638 errantes
611 2617 675 2638 oves
689 2610 851 2638 reducebant
864 2631 871 2644 ,
888 2619 974 2646 neque
989 2612 1059 2646 quod

275 2659 389 2692 perierat
398 2656 553 2692 qumrebant
563 2655 643 2691 (Ibid.
654 2664 678 2683 υ.
690 2656 728 2690 4),
741 2663 825 2691 neque
835 2656 904 2691 quod
916 2657 1059 2684 contritunt

274 2707 330 2730 erat
343 2702 499 2737 alligabunt,
514 2709 598 2736 neque
610 2702 679 2736 quod
695 2701 827 2728 infirmum
842 2702 969 2729 curabant
979 2723 985 2734 ,
999 2710 1059 2737 quia

275 2748 376 2783 seipsos
388 2767 396 2779 ,
416 2755 467 2773 tton
489 2754 551 2774 Oves
563 2767 570 2780 ,
595 2747 746 2782 pascebant.
767 2747 880 2781 ldipsum
897 2747 993 2775 Paulus
1006 2747 1059 2774 alio

276 2792 355 2818 verbo
367 2792 531 2827 significabat
547 2801 553 2819 :
571 2792 662 2819 Omnes
675 2800 731 2827 qua:
742 2801 788 2819 sua
802 2798 858 2820 sunt
871 2797 996 2826 qmcrunt,
1008 2801 1058 2819 non

274 2845 330 2872 qua
341 2836 402 2864 Jcnt
424 2837 516 2865 Christi
533 2837 649 2874 (Philip.
664 2839 689 2865 2.
708 2839 739 2865 21
757 2842 782 2873 );
799 2844 824 2866 ct
840 2845 959 2870 rursum,
978 2837 1058 2864 Nemo

1115 1577 1171 1603 qntL‘
1183 1577 1229 1596 sua
1242 1573 1299 1596 sunt
1312 1575 1416 1604 quanat,
1431 1571 1475 1597 sed
1487 1571 1596 1605 proximi
1610 1573 1777 1608 immanisque
1790 1573 1826 1609 (Ι.
1843 1573 1900 1601 Cor.

1116 1616 1159 1642 10.
1173 1616 1231 1650 24).
1245 1615 1284 1642 Ab
1300 1620 1411 1650 utroque
1425 1624 1522 1650 genere
1535 1625 1565 1644 se
1579 1617 1700 1646 Christus
1712 1625 1834 1654 segregat
1848 1629 1854 1646 :
1870 1621 1904 1646 ab

1116 1661 1167 1688 illis
1181 1663 1225 1696 qui
1239 1661 1271 1688 ad
1289 1662 1432 1696 pernicicnt
1449 1663 1572 1695 veniunt,
1587 1671 1647 1690 cum
1661 1664 1715 1696 ait,
1731 1663 1793 1692 Idea
1810 1666 1863 1692 veni
1877 1670 1905 1691 ut

1115 1709 1189 1734 t'i'am
1212 1707 1340 1741 habeant,
1354 1712 1378 1734 et
1401 1707 1570 1735 abundantius
1593 1709 1717 1742 habeant;
1731 1710 1765 1738 ab
1784 1711 1825 1737 his
1841 1719 1903 1738 vero

1115 1753 1159 1787 qui
1176 1753 1238 1780 nihil
1254 1759 1358 1785 curant,
1375 1754 1396 1780 si
1411 1761 1475 1781 oves
1490 1762 1503 1781 a
1521 1754 1589 1789 lupis
1603 1755 1754 1790 rapiantur;
1769 1765 1829 1783 ctttn
1846 1757 1903 1784 illas

1114 1806 1167 1826 non
1179 1798 1312 1833 relinquit,
1325 1799 1370 1826 sed
1383 1800 1496 1826 animant
1507 1807 1581 1827 suam
1594 1801 1665 1834 ponit
1676 1809 1709 1828 nc
1721 1801 1772 1829 illm
1783 1809 1900 1836 pereant.

1115 1844 1179 1871 Cum
1195 1844 1264 1871 eniut
1280 1845 1462 1872 consultarent
1483 1845 1554 1872 illnnt
1570 1846 1689 1873 occidere
1702 1868 1709 1879 ,
1726 1855 1812 1882 neque
1823 1855 1841 1874 ει
1853 1848 1902 1874 do—

1114 1891 1197 1918 ctrina
1212 1891 1328 1923 destitit,
1346 1899 1430 1925 ncqtte
1446 1892 1584 1919 credentes
1599 1893 1729 1927 prodidit;
1746 1894 1793 1921 sed
1812 1895 1883 1921 stetit
1894 1916 1901 1924 ,

1115 1941 1139 1963 et
1152 1941 1262 1963 mortem
1275 1936 1363 1963 subiit.
1378 1935 1439 1963 ideo
1450 1937 1546 1971 ubique
1557 1937 1671 1970 dicebat,
1684 1937 1737 1974 Ego
1747 1947 1803 1965 sum
1817 1945 1903 1973 paslor

1114 1981 1202 2009 bonus.
1220 1982 1317 2009 Deinde
1331 1989 1390 2009 cum
1407 1983 1508 2009 nullunt
1521 1983 1614 2010 adesse
1628 1983 1762 2011 videretur
1777 1985 1814 2011 rei
1830 1985 1902 2011 testi-

1114 2027 1231 2054 monium
1243 2027 1314 2062 (nam
1328 2028 1401 2060 illud,
1413 2029 1529 2054 Animam
1542 2037 1622 2056 nteant
1633 2037 1707 2063 pono,
1723 2030 1795 2057 brevi
1811 2035 1900 2064 postea

1114 2073 1227 2105 accidit;
1243 2073 1306 2100 illud
1322 2082 1383 2101 vero
1395 2095 1402 2105 ,
1417 2079 1443 2100 ut
1459 2076 1534 2101 vitam
1554 2075 1678 2107 habeant,
1696 2080 1718 2102 et
1731 2076 1901 2102 abundantius

1114 2119 1239 2152 habeant,
1256 2124 1316 2154 post
1336 2127 1413 2147 suum
1429 2128 1461 2147 ex
1481 2121 1530 2148 hac
1548 2121 1600 2148 vita
1615 2121 1761 2149 discessum
1785 2122 1899 2149 futurum

1113 2165 1193 2199 erat),
1206 2165 1267 2200 quid
1285 2165 1363 2192 facit?
1378 2166 1497 2193 Alterum
1513 2165 1545 2193 ab
1560 2167 1645 2193 altero
1658 2167 1815 2199 confirmat;
1828 2175 1902 2194 nem-

1113 2218 1146 2245 pc
1161 2218 1193 2238 ex
1213 2218 1244 2238 co
1260 2210 1328 2245 quod
1347 2210 1391 2238 det
1411 2212 1525 2238 animant
1540 2232 1547 2245 ,
1563 2212 1632 2246 quod
1653 2212 1698 2239 det
1715 2213 1794 2239 ctiant
1809 2214 1898 2239 vitam.

1112 2255 1187 2288 Quod
1200 2261 1227 2283 et
1241 2256 1338 2284 Paulus
1352 2257 1455 2284 dicebat
1470 2266 1477 2284 :
1491 2256 1521 2284 Si
1538 2265 1594 2283 cum
1610 2257 1705 2284 inimici
1717 2266 1827 2285 essemus
1838 2279 1846 2290 ,
1863 2267 1900 2285 rc-

1112 2302 1238 2329 conciliati
1251 2310 1336 2330 sumus
1350 2301 1404 2329 Deo
1418 2311 1463 2337 per
1475 2307 1578 2330 mortem
1592 2302 1654 2330 Filii
1668 2305 1722 2338 ejus
1736 2311 1746 2330 :
1756 2305 1835 2330 multo
1849 2312 1900 2330 mtt-

1111 2349 1150 2383 gis
1163 2349 1316 2376 reconciliati
1334 2349 1398 2376 salvi
1411 2349 1503 2376 erimus
1516 2349 1525 2384 (
1538 2349 1610 2376 Rom.
1623 2349 1649 2377 5.
1666 2348 1730 2385 10
1748 2350 1782 2377 Ει
1796 2358 1898 2377 rursum

1111 2393 1172 2421 alibi
1183 2402 1190 2420 :
1202 2394 1252 2428 Qui
1260 2395 1333 2421 etiam
1343 2393 1462 2422 Filiosuo
1471 2403 1520 2422 non
1535 2395 1653 2430 pepercit,
1663 2396 1699 2432 (a)
1709 2395 1765 2432 [sed
1772 2405 1819 2431 pro
1831 2397 1898 2423 nobis

1111 2439 1224 2466 omnibus
1243 2439 1347 2466 tradidit
1366 2440 1438 2466 illum
1450 2439 1470 2476 ,]
1482 2441 1608 2475 quomodo
1628 2449 1679 2467 non
1697 2442 1772 2468 etiam
1786 2450 1842 2468 cum
1858 2442 1898 2468 illa

1111 2486 1195 2512 omnia
1216 2486 1286 2512 nobis
1300 2485 1402 2513 donabit
1415 2487 1423 2520 (
1436 2486 1509 2513 Rom.
1523 2486 1550 2514 8.
1565 2487 1599 2514 52
1609 2486 1618 2521 )
1628 2486 1640 2513 ?
1652 2486 1705 2514 Sed
1719 2495 1766 2514 cur
1780 2495 1832 2514 nott
1846 2487 1897 2522 jam

1111 2537 1236 2560 accusant
1249 2533 1325 2560 illum
1338 2537 1366 2559 ut
1380 2533 1453 2567 prius
1463 2553 1470 2565 ,
1486 2533 1624 2560 dicentes:
1640 2532 1677 2559 Tu
1691 2533 1722 2559 de
1736 2533 1815 2567 teipse
1831 2533 1898 2560 Iasti-

1110 2579 1221 2605 monium
1240 2579 1373 2613 perhibes,
1397 2579 1565 2606 testimonium
1589 2583 1660 2605 tuum
1681 2586 1731 2605 non
1755 2584 1792 2605 est
1817 2586 1897 2605 verum

1111 2623 1206 2657 (Joan.
1220 2624 1246 2651 8.
1263 2623 1337 2659 £5)?
1351 2624 1416 2658 Quia
1432 2631 1503 2659 smpe
1517 2625 1577 2652 illos
1591 2624 1670 2652 silere
1684 2629 1825 2659 coegerat:
1841 2630 1867 2652 et
1883 2632 1896 2651 a

1109 2670 1192 2705 signis
1214 2670 1298 2705 major
1319 2674 1469 2698 accesserat
1491 2670 1604 2702 ﬁducia,
1626 2675 1655 2697 ut
1674 2670 1726 2696 illis
1746 2670 1894 2697 obsisteret.

1111 2716 1210 2743 Deinde
1224 2716 1284 2751 quia
1299 2716 1420 2751 superius
1434 2716 1537 2743 dixerat
1550 2724 1557 2742 :
1572 2715 1605 2742 Et
1621 2723 1677 2742 oves
1690 2723 1774 2742 vocem
1786 2715 1841 2751 (jus
1853 2722 1895 2741 au—

1109 2763 1191 2796 diunt,
1203 2767 1225 2789 et
1239 2767 1375 2797 sequuntur
1386 2769 1460 2794 eum;
1476 2769 1509 2789 ne
1522 2761 1582 2796 quis
1593 2761 1704 2795 diceret,
1717 2760 1785 2795 Quid
1799 2760 1832 2788 ad
1846 2767 1894 2787 non

1139 2841 1175 2870 (η)
1188 2840 1281 2865 L‘ncinis
1296 2839 1375 2865 clausa
1387 2841 1474 2865 desunt
1487 2847 1511 2865 In
1523 2839 1665 2871 quibusdam
1674 2842 1725 2863 Mss.
