2031 3118
125 152 184 180 ’ΞΜ

135 208 296 238 credentes?
314 206 374 234 audi
387 205 449 241 quid
463 203 542 231 addat
557 211 563 230 :
579 203 612 229 Et
630 210 751 238 cognosco
766 209 821 229 oues
835 209 902 228 meas
913 222 920 233 ,

135 261 158 283 et
173 257 324 290 cognoscunt
339 260 377 278 me
392 258 461 277 mete.
483 249 557 283 Quod
578 253 607 276 et
625 248 722 276 Paulus
742 247 900 282 signiﬁcavit
915 256 921 274 :

137 301 198 328 Non
218 300 311 333 repulit
333 297 403 325 Deus
426 296 547 332 populum
569 303 641 322 suum
662 303 733 329 quem
755 294 923 329 prwcogttovit

137 346 226 381 (Rom.
242 346 285 372 Η.
301 344 344 378 l);
360 348 387 370 et
402 342 505 377 Moyses
520 350 526 368 :
543 341 662 375 Cognovit
676 340 798 367 Dominus
810 340 852 375 qui
865 344 923 366 sunt

136 392 190 426 ejus
200 391 238 424 (2.
255 389 359 417 Timﬂ.
374 388 418 422 l9)
432 397 438 414 :
450 388 510 414 illos
520 386 590 417 dico,
602 386 700 418 inqttit,
712 393 778 420 quos
791 385 920 420 prtescivi.

139 437 237 463 Deinde
257 443 290 463 ne
311 442 401 469 parem
415 433 574 467 cognitionis
593 431 699 458 modutn
720 435 825 463 putares
837 450 844 463 ,
861 429 921 457 audi

136 481 268 517 quomodo
280 480 344 508 illud
360 487 406 514 per
418 478 554 514 sequentia
565 477 687 511 corrigat.
703 476 830 512 Cognosce
843 484 919 508 meas,

138 529 239 563 inquit,
253 532 276 554 et
294 529 444 561 cognoscunt
461 533 501 551 me
518 531 588 551 mete.
610 523 662 550 Sed
684 530 738 549 non
756 522 864 557 mqualis
881 525 922 549 est

136 572 330 609 coguitio:sed
350 571 395 599 ubi
418 570 526 605 (aqualis
548 569 607 596 est?
623 568 650 595 In
672 568 750 595 Patre
773 567 840 594 etin
856 574 919 593 me:

137 627 196 646 nam
208 619 280 646 Sicut
292 620 416 653 cognoscit
427 624 466 642 me
479 615 566 647 Pater,
579 618 601 640 et
614 622 658 649 ego
670 621 791 649 cognosco
806 612 919 639 Patrem.

136 665 188 692 Nisi
207 664 278 691 enim
296 664 346 690 hoc
360 662 472 697 probare
488 661 632 691 voluisset,
648 667 695 686 cur
715 658 740 686 id
755 657 920 686 addidisset?

136 711 199 745 Quia
213 710 284 737 enim
297 716 326 736 se
341 708 492 743 frequenter
507 707 531 733 itt
548 710 704 732 ett-terorum
717 704 810 731 ordine
825 703 897 737 ponit
910 723 918 735 ,

135 766 168 785 ne
184 757 244 792 quis
265 760 368 791 putaret
387 762 415 782 se
437 755 473 781 ita
492 759 654 787 cognoscere
672 751 777 778 Patrem
793 755 821 776 ιιι
839 750 920 776 homo

133 803 286 838 cognoscit,
299 802 414 829 subdidit
429 809 435 826 :
449 800 522 827 Sicut
540 799 665 834 cognoscit
679 806 718 824 me
735 797 821 829 Pater,
837 801 860 823 et
874 804 919 830 ego

132 857 255 885 cognosco
269 848 382 875 Patrem.
396 848 432 874 Ita
445 846 562 882 perfecte
575 845 661 878 ipsum
674 850 813 878 cognosco,
825 847 852 869 ut
863 842 920 876 ipse

132 903 184 923 me.
200 895 261 921 ideo
275 893 388 924 dicebat,
405 891 487 919 Nemo
500 890 626 926 cognoscit
640 889 748 920 Filium,
766 888 814 914 nisi
829 887 917 920 Pater,

131 945 154 967 et
166 940 280 972 Patrem,
291 940 339 966 nisi
349 938 433 965 Filius
445 937 518 973 (an.
531 937 576 964 10.
586 935 642 971 22).
656 935 814 970 peculiarem
825 941 917 968 quam-

131 986 190 1013 dam
202 985 380 1020 cognitionem
396 983 526 1015 indicans,
540 986 567 1008 et
581 981 684 1016 qualem
700 987 777 1006 nemo
789 979 856 1006 alius
871 986 917 1012 po-

131 1036 182 1060 test
193 1032 333 1066 attingere.
349 1030 404 1064 Ego
419 1037 484 1064 pono
498 1029 607 1054 anitttam
621 1035 709 1053 meam.
724 1025 751 1053 ld
767 1025 917 1060 frequenter

129 1079 203 1112 dicit,
219 1085 250 1105 se
264 1085 316 1105 non
332 1077 502 1110 deceptoretn
515 1082 574 1102 esse
587 1074 733 1101 declat-aus.
748 1071 918 1106 Quandoqui-

128 1123 188 1151 dem
213 1123 350 1158 apostolus
370 1127 398 1149 ut
416 1129 445 1149 se
464 1129 555 1149 verum
575 1120 728 1154 magistrum
744 1117 914 1149 ostenderet,

129 1176 211 1204 seque
225 1168 298 1196 falsis
313 1167 440 1203 apostolis
454 1170 610 1202 opponeret,
625 1173 657 1192 ex
673 1164 795 1198 periculis
808 1168 834 1191 et
849 1171 916 1190 mor-

129 1214 198 1241 tibus
208 1221 267 1241 sese
278 1213 446 1240 commendat
457 1211 549 1239 dicens
562 1218 568 1237 :
580 1210 612 1237 In
623 1210 704 1245 plagis
715 1217 792 1244 supra
803 1208 913 1239 modum,

118 1260 152 1286 in
168 1259 287 1286 mortibus
299 1259 439 1294 frequenter
450 1257 489 1293 ('2.
504 1257 562 1284 Cor.
578 1257 619 1283 Η.
636 1255 692 1290 25).
709 1255 774 1282 Cum
788 1254 857 1281 enim
872 1253 914 1281 di-

118 1309 209 1338 rcot'et,
221 1304 285 1332 Sunt
298 1304 351 1337 luat,
364 1303 428 1331 Sunt
436 1304 493 1336 vita,
506 1311 538 1330 ex
547 1302 615 1329 fastu
629 1301 698 1336 loqui
710 1300 777 1335 apud
791 1300 914 1335 insipien-

126 1355 166 1378 tes
180 1351 337 1384 videbatur;
351 1357 409 1378 cum
425 1357 488 1377 vero
504 1349 605 1376 dicebat
617 1369 623 1380 ,
639 1347 706 1375 Mori
721 1347 781 1374 volo
793 1367 799 1379 ,
814 1347 913 1373 nullam

126 1397 174 1424 sibi
200 1396 324 1423 invidiam
348 1396 476 1430 pariebat.
498 1394 559 1421 Ideo
582 1394 624 1420 hic
647 1401 698 1420 non
715 1393 806 1420 dicunt
819 1392 858 1424 ei,
876 1391 913 1418 Tu

126 1443 292 1471 testimonium
305 1442 416 1478 pur/tilica
428 1441 458 1470 dc
472 1441 559 1478 teipso,
573 1440 738 1468 testimonium
750 1445 818 1465 tuum
829 1447 911 1465 rerum

125 1498 173 1516 non
181 1494 227 1516 est.
238 1490 293 1516 lloc
299 1489 378 1516 verbo
387 1497 507 1523 magnam
517 1488 661 1516 exhibebat
669 1494 768 1518 curam,
778 1485 911 1522 siquidem

125 1541 172 1569 pro
187 1534 363 1569 lapidantibus
376 1534 480 1561 volebat
491 1541 520 1560 se
533 1533 645 1560 tradere.

158 1579 185 1606 2.
210 1580 353 1614 Propterea
383 1579 417 1606 de
445 1578 568 1613 gentibus
591 1582 739 1612 opportune
760 1584 910 1604 sermonem

125 1625 236 1652 iudttcit.
253 1625 296 1652 16.
315 1624 412 1651 Etenim
427 1623 490 1650 alia;
505 1631 560 1650 om
572 1623 661 1656 habeo,
684 1630 739 1656 qutu
752 1630 801 1648 non
814 1627 870 1649 sunt
882 1630 912 1648 ea:

124 1671 171 1696 ltoc
185 1671 244 1696 ovili
260 1678 269 1696 :
284 1675 306 1696 et
325 1670 382 1696 illas
396 1673 492 1704 oportet
507 1677 545 1695 me
558 1668 693 1694 adducere.
709 1668 747 1693 En
763 1674 853 1694 rursus
864 1675 911 1694 vo-

122 1723 182 1742 cem
198 1714 302 1750 Oportet
316 1715 434 1747 adhibet,
448 1721 506 1748 qua:
523 1721 575 1740 non
597 1713 781 1740 necessitatem
797 1711 908 1745 indicat,

124 1761 170 1788 sed
184 1768 240 1788 rem
261 1768 370 1796 prorsus
387 1767 447 1787 esse
460 1759 594 1790 futurum;
615 1765 645 1785 ac
668 1758 690 1785 si
709 1758 826 1785 diceret:
842 1757 910 1791 Quid

124 1805 268 1838 miramini,
282 1805 304 1832 si
318 1805 344 1832 hi
354 1813 396 1832 me
409 1803 546 1839 sequuturi
558 1807 629 1836 sunt,
646 1807 672 1830 ct
696 1803 717 1829 si
741 1810 803 1829 oves
818 1809 909 1829 vocem

123 1859 210 1880 meam
224 1852 277 1879 sint
289 1851 436 1878 auditune?
456 1851 524 1878 Cum
538 1850 608 1877 cnim
628 1849 693 1876 alias
706 1856 748 1875 tite
770 1852 911 1883 sequentes

125 1897 259 1931 videbitis,
274 1902 301 1924 et
313 1905 405 1924 vocem
419 1903 504 1924 meam
519 1895 666 1927 audientes,
682 1899 744 1922 tune
765 1894 848 1929 magis
860 1894 910 1921 ob-

123 1944 292 1976 stttpcscctis.
307 1942 362 1968 Etsi
373 1949 436 1968 vero
447 1941 528 1972 dicat,
541 1940 603 1973 Qua:
613 1948 662 1966 non
673 1943 729 1966 sunt
739 1947 770 1966 ex
780 1940 826 1965 Itoc
840 1938 908 1971 ovili,

125 1996 158 2016 ne
178 1988 302 2015 turberis.
322 1987 474 2014 Dill'ercntia
492 1986 563 2013 enim
585 1985 611 2011 in
632 1985 691 2019 lege
711 1984 796 2012 solum
816 1989 866 2016 est,
883 1988 910 2011 ut

123 2036 161 2062 ait
171 2035 268 2062 Paulus
285 2043 291 2061 :
304 2034 328 2060 Ν
332 2042 392 2068 eque
401 2032 555 2060 circumcisio
565 2031 660 2066 aliquid
671 2031 744 2064 ualet,
759 2038 836 2065 neque
846 2037 909 2065 prte-

124 2081 233 2116 ptttiunt.
246 2079 279 2106 Et
293 2080 351 2106 illas
364 2083 460 2113 oportet
482 2085 521 2104 me
535 2077 659 2104 adducere
671 2076 713 2111 (Ι.
728 2075 786 2103 Cor.
803 2076 828 2102 7.
845 2076 877 2102 19
888 2075 908 2110 ).

125 2127 246 2154 Declarat
265 2131 387 2160 utrosque
400 2125 533 2159 dispersos
547 2127 574 2151 et
588 2122 746 2151 commixtos
765 2129 834 2154 esse,
853 2122 910 2149 sine

124 2171 285 2206 pastoribus,
298 2178 358 2197 cum
378 2169 494 2197 ttondum
516 2173 606 2203 pastor
625 2168 668 2195 ille
681 2167 766 2194 bonus
781 2167 908 2194 venisset.

126 2217 225 2243 Deinde
240 2217 354 2242 futuram
375 2215 479 2242 illorum
499 2214 713 2248 coniunctionem
726 2213 885 2248 praenuntiat
901 2221 907 2240 :

125 2263 156 2289 Et
170 2263 214 2289 erit
234 2270 311 2288 unum
335 2262 408 2288 ovile.
424 2261 498 2294 Quod
515 2261 601 2295 ipsum
614 2259 712 2287 Paulus
732 2258 908 2294 signiﬁcavit:

126 2309 157 2335 Ut
171 2309 234 2335 duo:
248 2308 339 2334 condat
357 2308 382 2334 in
399 2308 529 2341 semetipso
548 2307 574 2332 in
590 2314 667 2332 unum
680 2313 770 2332 novum
785 2305 910 2332 hominem

125 2353 238 2387 (Ep/tea.
254 2353 281 2379 2.
297 2351 356 2388 15).
371 2353 413 2379 l7.
430 2351 566 2386 Propterea
587 2359 626 2377 tne
640 2351 720 2386 dtligit
738 2350 826 2382 Pater,
852 2351 910 2385 quia

125 2407 169 2433 ego
180 2399 291 2424 animam
297 2406 377 2424 meant
385 2406 459 2432 pono,
470 2402 495 2423 ut
506 2398 595 2424 iterum
605 2397 725 2431 accipiant
736 2404 799 2423 eam.
808 2396 911 2430 Ecquid

127 2444 174 2471 hoc
190 2444 272 2471 verbo
293 2443 439 2470 humilius?
456 2443 588 2478 siquidem
600 2447 709 2478 propter
723 2450 772 2470 nos
784 2443 910 2469 Dominus

125 2489 253 2516 amandus
263 2493 316 2520 est,
332 2489 455 2523 quoniam
468 2496 515 2523 pro
529 2488 605 2515 nobis
617 2488 737 2515 moritur.
754 2487 820 2521 Quid
835 2495 908 2522 ergo,

125 2536 167 2562 dic
181 2535 267 2562 mihi?
284 2544 316 2562 an
331 2536 460 2570 superiori
477 2541 594 2569 tempore
610 2543 662 2562 non
676 2535 842 2569 diligebatur,
863 2534 910 2561 sed

126 2588 195 2608 nunc
218 2581 330 2616 diligere
353 2581 449 2614 incepit
464 2581 550 2613 Pater,
564 2585 590 2606 et
600 2588 648 2606 nos
669 2580 695 2606 itt
710 2587 789 2606 causa
813 2579 910 2605 amoris

127 2626 173 2659 ipsi
187 2626 304 2653 luimus?
318 2626 410 2653 Viden‘
424 2631 549 2660 quatttum
564 2631 662 2653 nostra:
685 2633 714 2652 se
727 2624 911 2652 accommodet

128 2671 290 2698 inﬁrmitati?
310 2671 377 2704 Quid
400 2671 442 2698 hic
455 2679 518 2707 ergo
536 2672 591 2698 vult
604 2671 730 2706 probare?
757 2671 823 2698 Cum
845 2671 910 2698 alie-

127 2718 275 2744 utuuillutu
288 2725 303 2744 a
316 2717 394 2744 Patre
411 2722 437 2744 et
449 2717 617 2751 deceptoretn
629 2716 757 2748 dicerent,
774 2717 912 2750 ipsumque

129 2762 152 2788 itt
166 2767 266 2796 pestem
280 2770 311 2789 ac
326 2762 470 2797 perniciem
488 2762 603 2794 venisse,
621 2762 685 2788 dicit
705 2761 749 2787 ille
772 2771 778 2788 :
804 2760 831 2787 Si
860 2768 910 2787 non

127 2808 206 2840 aliud,
223 2807 287 2834 illud
302 2808 397 2834 saltem
412 2815 453 2834 tne
466 2806 500 2833 ad
512 2814 558 2833 vos
573 2806 703 2833 amandos
715 2806 827 2838 induxit,
841 2805 911 2840 quod

130 2859 189 2886 vos,
202 2859 226 2879 ut
243 2858 271 2881 et
284 2860 344 2888 ρει),
362 2860 376 2879 a
391 2851 466 2879 l'atre
480 2851 651 2884 amemini,et
666 2851 723 2878 ideo
738 2851 771 2877 ab
782 2851 827 2877 illo
839 2858 911 2877 antc-

663 145 695 173 [Ν
713 145 866 174 JOANNl-IM
887 145 997 173 lltlillL.
1020 145 1075 172 LX.
1097 147 1130 173 al.
1151 146 1215 175 LIX.

1709 153 1763 181 δερ

979 201 1053 234 mini,
1067 201 1127 235 quia
1141 209 1189 236 ego
1201 210 1249 236 pro
1265 203 1338 230 vobis
1350 204 1459 231 morior.
1478 204 1613 233 Prmterea
1626 205 1691 234 illud
1704 209 1761 236 vult

976 244 1169 280 demonstrare,
1181 253 1209 273 se
1223 255 1275 274 non
1290 249 1399 276 invitum
1415 254 1526 282 mortem
1541 250 1632 284 adire;
1648 252 1726 287 (nam
1740 253 1762 281 si

976 290 1072 318 invitus
1085 291 1244 324 morei'etur,
1258 294 1390 327 quomodo
1401 295 1426 322 id
1440 296 1537 323 amoris
1551 297 1684 325 vinculum
1699 298 1762 325 fuis-

974 337 1030 371 set)
1041 337 1052 363 ?
1063 342 1089 364 ct
1106 338 1175 372 quod
1188 345 1219 365 ea
1240 339 1354 367 maxime
1367 341 1401 367 sit
1416 340 1501 369 Patris
1524 342 1654 370 voluntas.
1668 343 1694 371 Si
1715 351 1762 370 au-

975 386 1027 409 tem
1039 382 1154 410 uthomo
1168 383 1217 410 hoc
1230 384 1361 418 loquatur,
1377 393 1409 412 ne
1423 387 1525 414 mireris
1541 397 1546 415 :
1562 395 1633 423 smpe
1648 397 1762 424 namque

975 428 1051 463 hujus
1063 428 1101 455 rei
1125 436 1231 456 causam
1246 429 1360 458 diximus
1372 450 1378 462 ,
1393 432 1607 467 superﬁuutnque
1621 439 1648 461 et
1662 442 1760 462 onero-

974 481 1032 501 sum
1044 479 1115 502 esset
1127 475 1153 502 id
1165 480 1296 510 repetere.
1311 476 1368 512 Ego
1380 485 1445 511 pono
1455 479 1564 505 animant
1575 488 1663 514 nteant,
1675 487 1700 508 ut
1714 483 1760 509 ite-

973 529 1029 546 rum
1052 529 1149 548 sumam
1173 529 1226 548 eam
1241 522 1304 549 :18.
1320 527 1343 548 et
1357 531 1429 549 nemo
1452 524 1516 550 tollit
1534 533 1590 551 eam
1601 533 1617 552 α
1630 535 1677 553 me.
1702 527 1758 563 Ego

973 574 1038 601 pono
1050 575 1103 593 eam
1116 575 1131 593 a
1146 568 1251 602 meipso.
1271 567 1419 595 l’otestatetn
1435 569 1513 596 Itabea
1527 571 1636 605 ponetttli
1648 573 1758 600 animum

973 619 1062 644 nteant,
1075 618 1096 638 et
1108 618 1253 647 potestatem
1276 613 1353 640 Itabeo
1368 614 1482 641 sumendi
1504 623 1575 641 eant.
1599 616 1664 649 Quia
1685 618 1756 645 enim

971 665 1043 693 διηῃο
1057 659 1197 686 consilium
1214 660 1328 686 ittierant
1342 665 1368 687 ut
1383 660 1456 687 illum
1470 661 1659 694 interﬁcerent,
1675 663 1756 692 dicit:

971 705 1013 732 ille
1037 705 1163 738 nolente,
1189 706 1289 733 inutilis
1314 707 1389 733 labor
1415 712 1502 734 vester
1527 708 1592 740 erit;
1607 713 1661 736 cta
1677 710 1756 744 priori

971 750 1115 777 secundum
1129 751 1284 783 conﬁrmat,
1300 758 1315 778 a
1330 756 1415 779 morte
1443 753 1674 780 resurrectionem.
1703 755 1757 782 lloc

970 796 1042 823 enim
1054 797 1213 831 stupendum
1228 797 1464 832 admirandumque
1479 804 1527 825 cst.
1540 799 1643 826 Etenim
1653 805 1739 828 utrum
1749 816 1757 822 -

970 849 1023 876 que
1047 849 1144 869 novum
1161 842 1206 869 fuit
1220 847 1247 870 et
1268 848 1366 877 printer
1390 850 1558 871 communem
1585 847 1756 874 consuetudi-

970 893 1031 913 nem
1039 908 1042 910 η

1005 932 1118 967 Christus
1134 934 1258 967 quomodo
1279 939 1422 968 potestatcttt
1439 935 1511 962 ltubct
1525 936 1633 970 ponendi
1653 943 1674 963 et
1687 946 1756 964 resu-

969 978 1052 1005 mendi
1065 979 1310 1006 animam—Dicto
1327 979 1406 1014 igitur
1419 980 1559 1015 diligenter
1578 983 1754 1010 attendamus.

969 1022 1122 1050 Potesttttem
1135 1024 1223 1057 Imbro,
1244 1025 1336 1059 ittqtlit,
1358 1027 1467 1060 ponendi
1479 1027 1589 1053 animum
1601 1036 1690 1055 nteant.
1704 1030 1754 1056 Ec-

968 1069 1027 1103 quis
1041 1073 1197 1104 potestatctn
1212 1078 1263 1096 non
1286 1071 1379 1097 habent
1393 1072 1506 1106 ponendi
1521 1073 1635 1100 animam
1659 1075 1755 1100 suam?

966 1115 1083 1150 Quisque
1101 1116 1170 1142 enim
1184 1122 1272 1151 potest
1288 1124 1316 1143 se
1336 1117 1496 1144 interimere.
1515 1118 1612 1145 Verum
1636 1127 1687 1146 llOtt
1704 1119 1753 1147 hoc

967 1168 1046 1187 sensu
1059 1161 1182 1195 loquitur.
1198 1162 1336 1194 Quomodo
1352 1162 1435 1196 ergo?
1450 1163 1485 1189 lla
1502 1168 1657 1197 potestatem
1670 1164 1753 1192 ltabeo

968 1206 1080 1240 ponendi
1108 1214 1165 1233 eam
1180 1227 1186 1240 ,
1205 1213 1232 1233 ιιι
1247 1215 1326 1234 nemo
1340 1209 1424 1242 possit
1439 1217 1479 1235 me
1495 1209 1601 1237 nolente
1617 1211 1640 1236 id
1655 1210 1750 1238 facere.

967 1251 1048 1278 Set-us
1069 1256 1156 1278 autem
1179 1253 1267 1279 cmteri
1292 1252 1422 1281 homines.
1436 1254 1490 1281 Nos
1503 1255 1573 1282 enim
1597 1261 1752 1290 potestatem

967 1304 1018 1323 non
1042 1297 1169 1324 habemus
1187 1298 1301 1325 anitnam
1320 1299 1433 1332 ponendi
1445 1320 1452 1332 ,
1474 1300 1524 1326 nisi
1540 1301 1687 1328 occidendo
1701 1309 1752 1329 nos

967 1342 1049 1376 ipsos.
1065 1342 1093 1369 Si
1108 1348 1197 1370 autem
1215 1344 1241 1370 in
1267 1343 1435 1371 insidiatores
1449 1344 1606 1377 incidamus,
1620 1346 1665 1380 qui
1682 1347 1752 1374 occi-

965 1388 1028 1414 dere
1042 1388 1152 1424 possint,
1166 1396 1218 1417 non
1234 1389 1302 1418 ultra
1319 1393 1476 1425 potestatem
1488 1390 1749 1428 habetnusloncndi,

965 1441 1065 1466 necne;
1080 1435 1126 1462 sed
1148 1436 1237 1462 invitis
1256 1436 1333 1463 nobis
1347 1437 1384 1463 illi
1398 1437 1530 1464 occiduttt.
1548 1438 1575 1465 in
1590 1439 1696 1467 Christo
1708 1448 1750 1468 se-

965 1489 1012 1507 cus
1027 1490 1033 1508 :
1051 1489 1110 1508 nam
1124 1482 1181 1508 aliis
1197 1482 1390 1516 insidiantibus,
1408 1488 1510 1518 poterat
1525 1485 1568 1512 illc
1585 1494 1636 1512 non
1652 1495 1750 1521 ponere

964 1526 1088 1552 attitttam.
1103 1526 1168 1553 Cum
1191 1527 1303 1554 dixisset
1320 1535 1392 1562 ergo,
1409 1527 1491 1555 Nemo
1506 1530 1570 1556 tollit
1595 1539 1649 1557 eam
1664 1540 1679 1557 α
1692 1541 1749 1565 me;

963 1571 1073 1604 addidit,
1089 1570 1243 1598 Potcslatem
1256 1572 1333 1599 Italico
1353 1573 1461 1607 ponendi
1482 1575 1591 1600 animam
1611 1584 1707 1609 nteant;
1724 1578 1748 1604 id

963 1621 1012 1647 est,
1030 1616 1084 1650 Ego
1099 1617 1172 1643 solus
1183 1624 1288 1651 possum
1304 1625 1402 1651 ponere
1414 1618 1484 1645 illatn
1500 1628 1505 1644 :
1523 1620 1592 1654 quod
1608 1621 1681 1648 vobis
1697 1630 1748 1649 non

963 1662 1098 1696 competit.
1112 1661 1178 1688 Nam
1190 1662 1262 1688 multi
1277 1662 1319 1688 alii
1336 1669 1446 1697 possunt
1459 1666 1573 1691 animam
1589 1667 1665 1692 nobis
1680 1667 1748 1694 abri-

963 1715 1035 1741 pere.
1048 1707 1100 1734 Sed
1117 1708 1165 1734 hoc
1186 1707 1211 1734 itt
1234 1708 1363 1742 principio
1378 1716 1430 1735 non
1442 1709 1524 1742 dixit;
1540 1718 1625 1745 neque
1638 1713 1708 1738 enim
1722 1713 1748 1740 id

963 1753 1091 1780 creditum
1107 1753 1210 1785 fuisset,
1224 1753 1270 1781 scd
1285 1761 1343 1781 cum
1357 1762 1389 1781 ex
1401 1755 1480 1782 rebus
1495 1755 1557 1790 ipsis
1569 1758 1748 1786 testimonium

963 1799 1072 1834 accepit,
1084 1807 1115 1826 ac
1128 1807 1197 1834 same
1209 1800 1362 1827 insidiantes
1373 1807 1424 1827 non
1438 1805 1579 1835 potuerunt
1598 1810 1658 1829 etim
1673 1810 1747 1831 com-

963 1844 1126 1878 prehendere
1137 1845 1387 1885 (lrequculcr,enim
1399 1853 1429 1871 ex
1444 1846 1564 1873 manibus
1583 1855 1675 1875 eorum
1694 1849 1748 1876 eia.

963 1897 1025 1924 psus
1040 1891 1098 1924 est)
1110 1910 1118 1923 ,
1141 1894 1202 1917 tuttc
1222 1890 1328 1917 demum
1343 1891 1378 1917 ait
1395 1900 1401 1918 :
1417 1890 1498 1918 Nemo
1522 1891 1586 1918 tollit
1600 1900 1655 1919 eam
1668 1902 1684 1920 α
1698 1902 1746 1920 me.

962 1935 988 1962 Si
1005 1936 1054 1962 hoc
1065 1943 1154 1962 verum
1172 1939 1222 1968 est,
1238 1935 1300 1962 hinc
1313 1935 1432 1970 sequitur
1446 1943 1506 1963 cum
1523 1936 1636 1964 libenter
1647 1937 1683 1965 ad
1699 1938 1749 1966 hoc

963 1981 1083 2013 venisse;
1099 1980 1214 2015 indeque
1228 1981 1408 2011 conﬁrmatur,
1435 1981 1509 2008 illum
1529 1989 1606 2016 posse
1624 1990 1683 2010 cum
1698 1991 1748 2011 vo-

963 2026 1040 2053 luerit
1052 2033 1111 2053 eatn
1131 2033 1275 2053 resumere.
1289 2025 1355 2052 Nam
1368 2027 1390 2053 si
1405 2026 1438 2053 ita
1451 2027 1517 2053 mori
1533 2027 1590 2061 plus
1604 2036 1682 2062 quam
1697 2029 1747 2055 hu-

962 2079 1068 2099 manum
1079 2076 1129 2104 est,
1146 2072 1178 2098 de
1188 2072 1290 2106 reliquo
1303 2079 1336 2099 ne
1349 2071 1460 2098 dubites.
1480 2072 1585 2099 Etenim
1600 2081 1658 2100 cutn
1670 2075 1744 2102 solus

962 2119 997 2144 sit
1007 2117 1085 2144 vitam
1097 2117 1209 2152 ponendi
1220 2117 1353 2150 dominus,
1363 2125 1422 2144 cum
1433 2118 1525 2146 eadem
1536 2124 1666 2154 patestate
1675 2121 1745 2148 illam

962 2171 1021 2190 cuin
1037 2163 1149 2190 voluerit
1172 2167 1299 2190 resumct.
1317 2163 1407 2190 Vidett'
1423 2163 1556 2198 quomodo
1571 2173 1584 2191 a
1607 2165 1686 2199 priori
1702 2173 1745 2193 se-

962 2209 1075 2237 cuttdunt
1089 2209 1192 2243 probet,
1213 2213 1240 2236 et
1254 2217 1268 2235 a
1282 2213 1367 2235 morte
1375 2209 1595 2236 resurrectionem
1618 2210 1747 2238 indubita-

963 2261 1016 2284 tam
1029 2255 1168 2283 ostendat?
1195 2255 1250 2282 Hoc
1263 2260 1413 2291 prteccptum
1425 2255 1510 2290 accepi
1525 2264 1541 2282 a
1559 2256 1636 2282 Patre
1648 2256 1656 2291 (
1668 2255 1744 2284 Joan.

963 2303 1006 2330 l2.
1022 2302 1056 2329 49
1068 2303 1087 2336 ).
1100 2301 1260 2334 Quodnam?
1274 2301 1308 2328 Ut
1320 2301 1417 2328 moriar
1432 2309 1480 2336 pro
1493 2301 1601 2329 tnundo.
1616 2301 1746 2335 Numex-

962 2350 1092 2383 spectavit
1102 2348 1186 2374 donec
1195 2347 1313 2380 audiret,
1327 2352 1353 2374 ct
1366 2351 1427 2374 tunc
1439 2348 1583 2382 acquievit,
1597 2353 1624 2375 et
1635 2355 1669 2374 an
1679 2355 1747 2382 Opus

963 2393 1052 2421 habuit
1071 2393 1192 2420 discere?
1207 2392 1303 2426 Ecquis
1317 2400 1397 2419 sanus
1411 2392 1462 2419 hoc
1474 2393 1588 2420 dixerit?
1604 2393 1701 2420 Verum
1716 2398 1749 2420 ut

963 2447 1041 2473 supra
1057 2446 1115 2465 cum
1131 2438 1209 2469 dicit,
1228 2438 1364 2473 Propterea
1376 2447 1415 2465 me
1428 2438 1504 2464 Pater
1526 2439 1617 2474 diligit,
1634 2439 1745 2466 liberant

963 2483 1079 2512 ostendit
1097 2484 1267 2516 voluntatem,
1284 2490 1310 2510 ct
1321 2485 1480 2511 contrariam
1495 2485 1594 2511 amovit
1616 2485 1745 2520 suspicio-

964 2538 1023 2558 nem
1040 2538 1046 2556 :
1063 2537 1102 2556 διο
1121 2535 1147 2556 et
1162 2530 1212 2556 ltoc
1225 2530 1282 2557 loco
1293 2537 1352 2556 cum
1368 2530 1430 2557 dicit
1448 2538 1478 2557 se
1492 2535 1653 2565 praeceptum
1667 2538 1747 2558 acce~

964 2576 1056 2610 pissea
1070 2575 1158 2608 Patre,
1170 2575 1233 2602 nihil
1247 2575 1316 2603 aliud
1328 2575 1455 2608 declarat,
1470 2583 1547 2610 quam
1563 2576 1631 2602 l’atri
1644 2576 1747 2610 placere

964 2620 1032 2655 quod
1046 2621 1101 2655 ipse
1113 2621 1190 2653 facit;
1205 2628 1238 2647 ne
1252 2621 1366 2647 occisum
1383 2626 1472 2654 postea
1487 2621 1570 2652 illttm,
1585 2628 1599 2646 a
1615 2621 1691 2647 Patre
1704 2629 1747 2655 pu-

965 2671 1050 2694 tarent
1065 2666 1221 2693 derelictum
1236 2671 1262 2693 et
1274 2666 1416 2700 proditum,
1432 2673 1480 2692 uec
1494 2666 1704 2700 exprobrarent,
1722 2671 1747 2694 ul

964 2719 1055 2739 revera
1086 2711 1278 2745 exprobrarant
1293 2721 1299 2737 :
1313 2711 1381 2737 Alios
1395 2712 1476 2737 salvos
1487 2712 1545 2745 fecit
1556 2732 1564 2744 ,
1578 2713 1687 2746 seipsttm
1701 2720 1749 2738 mm

965 2762 1043 2791 potest
1054 2757 1150 2783 soluunt
1166 2756 1248 2790 facere
1261 2764 1269 2787 ,'
1281 2761 1317 2788 et,
1334 2756 1362 2782 Si
1377 2755 1459 2782 Filius
1476 2756 1521 2782 Dei
1539 2764 1574 2786 es.
1593 2756 1751 2782 descettdctte

966 2811 1038 2828 cruce
1049 2803 1153 2837 (Matt/1.
1167 2802 1210 2828 ‘27.
1224 2802 1266 2828 l2.
1276 2807 1298 2828 et
1309 2802 1362 2837 40).
1375 2802 1452 2835 Atqui
1467 2802 1526 2828 ideo
1537 2810 1590 2829 non
1602 2802 1747 2830 descendo.

967 2856 984 2882 q
997 2858 1026 2875 ra
1044 2849 1081 2875 Ftl
1096 2858 1124 2875 ll:
1138 2847 1181 2875 Dei
1198 2855 1247 2875 est.
