2036 3119
151 110 203 137 535

187 165 275 198 O/ﬁriu
288 163 430 190 Christiana
442 172 516 198 quam
528 165 624 199 facilia.
638 179 673 184 --
683 165 749 198 Quid
762 166 832 192 euiut
843 173 935 199 grave,

148 210 211 245 quid
225 218 369 237 onerosum
382 218 397 236 a
411 211 488 238 nobis
502 211 592 246 exigit,
613 210 675 246 quid
688 219 740 237 non
762 211 937 237 facillimum?

149 257 240 292 Neque
251 258 322 283 enim
331 257 407 289 dixit,
420 257 543 284 Inhrntus
551 265 635 290 cratn,
649 261 676 284 et
688 265 740 284 nott
751 257 864 284 sanastis
875 265 935 290 me;

148 303 205 335 sed,
223 301 283 329 Non
296 302 413 329 visitaslis
424 310 471 328 me.
488 301 544 329 Non
558 302 634 333 dixit.
649 302 677 329 In
691 310 798 330 carcere
812 309 896 335 eram,
910 306 938 330 et

149 355 203 375 non
216 348 347 375 eduxistis
361 355 422 380 nte;
446 347 505 380 sed,
522 347 582 374 Non
602 348 702 375 venistis
714 348 747 374 ad
767 356 815 375 me.
832 347 937 381 Quanto

148 394 230 428 igitur
243 394 362 421 faciliora
381 398 443 421 sunt
467 399 610 429 prtecepta,
634 398 708 421 tanto
733 394 820 429 ntajus
841 393 938 428 suppli-

147 439 220 466 cium
244 446 297 466 non
325 439 503 466 servantibus.
528 438 597 473 Quid
610 439 692 470 enim,
708 446 808 473 qttmso,
823 438 935 472 facilius,

147 492 228 520 quam
243 492 379 512 carcerem
394 484 491 512 adire?
511 485 574 520 quid
598 485 729 512 suavius?
751 484 816 512 Cum
839 485 937 512 videris

147 531 216 558 alios
231 530 342 563 vinctos,
357 531 423 558 alios
438 530 582 566 squalidos,
597 535 726 562 comatos,
740 535 767 558 et
786 531 880 565 pannis
894 530 936 557 in-

148 575 238 609 dutos,
252 576 320 603 alios
344 575 413 603 fante
429 575 605 608 tabescentes,
632 580 660 603 et
686 575 719 603 ad
742 575 822 610 pedes
840 583 935 603 canunt

148 629 225 649 more
236 626 415 654 accurrentes,
435 621 501 648 alios
516 620 658 656 discerptis
669 621 807 654 lateribus,
822 620 890 648 alios
903 628 937 648 cx

147 667 208 694 foro
222 667 315 702 ligatos
328 672 502 699 revertentes,
517 667 561 701 qui
571 671 624 694 tota
636 666 681 694 die
695 666 889 699 mendicantes,
903 673 938 693 ne

147 713 237 741 cibum
265 713 370 748 quidem
397 713 577 740 necessarium
603 713 795 747 collegerunt;
825 719 937 747 vespere

147 764 238 786 autem
255 767 269 786 a
283 758 437 786 custodibus
455 758 490 786 ad
512 758 671 786 laboriosum
686 762 714 786 et
726 759 841 786 immane
857 757 937 785 mini-

147 805 259 832 sterium
274 809 380 832 coaetos
394 813 402 838 ;
422 804 527 832 etiamsi
549 804 616 840 lapis
630 812 713 837 esses,
730 804 937 832 humanissimus

147 850 211 878 hinc
217 851 332 879 evades:
343 851 446 877 etiamsi
459 851 540 878 vitam
553 851 659 878 mollem
671 850 880 885 dissolutamque
892 850 937 877 du-

147 903 204 927 cas,
228 895 290 923 hinc
311 895 387 930 plane
407 895 581 930 philosophus
598 895 709 928 evades,
729 896 792 923 dum
815 896 937 923 humana:

148 941 210 967 vita:
224 940 400 967 conditionem
418 940 443 967 in
457 939 552 967 alienis
570 940 764 969 calamitatibus
783 941 935 969 intueberis.

149 987 223 1013 Tmte
237 987 263 1014 in
279 992 393 1014 mentem
407 987 496 1014 veniet
509 986 661 1014 tretnendus
673 987 718 1014 ille
732 986 799 1019 dies,
813 987 937 1022 variaque

147 1033 287 1068 supplicia.
303 1033 365 1060 Haec
377 1033 466 1060 animo
477 1040 596 1065 versans,
614 1033 692 1066 iram,
701 1033 875 1070 voluptatem,
888 1041 938 1061 sac-

147 1079 277 1105 cularium
298 1086 386 1106 rerum
408 1086 525 1106 amorem
540 1078 658 1113 abjicies,
678 1083 705 1106 et
718 1079 858 1114 tranquillo
870 1085 937 1114 quo-

148 1125 189 1151 vis
203 1128 280 1159 portu
294 1124 502 1160 tranquilliorem
517 1124 632 1152 animam
650 1124 760 1152 efficies.
782 1125 820 1152 De
838 1124 938 1159 judicio

148 1171 193 1198 illo
208 1170 447 1206 philosophaberis,
462 1175 548 1198 tecum
559 1175 694 1206 reputans,
705 1170 728 1198 si
737 1170 806 1206 apud
816 1170 938 1198 homines

149 1222 237 1244 tantus
250 1217 316 1244 ordo
333 1224 430 1249 rerum,
444 1221 531 1244 tantus
543 1221 640 1250 terror,
659 1220 738 1243 tanta:
755 1216 939 1244 comminatio.

150 1270 207 1294 tres,
221 1263 304 1290 multo
316 1263 400 1298 magis
411 1262 480 1297 apud
494 1262 588 1290 Deum.
600 1262 681 1290 Nulla
694 1263 759 1289 enim
772 1267 880 1298 potestas
891 1266 936 1294 est,

149 1308 198 1334 nisi
215 1317 231 1335 a
247 1309 300 1336 Deo
313 1309 401 1344 (Rom.
423 1309 467 1336 15.
484 1309 523 1344 1).
542 1309 592 1342 Qui
613 1308 776 1344 principibus
792 1308 848 1335 haec
866 1307 938 1335 ordi-

149 1354 237 1382 nanda
251 1355 395 1387 commisit,
409 1355 493 1382 multo
511 1354 594 1389 magis
607 1355 663 1391 ipse
677 1359 845 1389 exsequetur.

185 1400 212 1426 5.
229 1399 317 1435 Maqu
330 1407 360 1426 ea;
374 1400 453 1435 ofﬁcio
465 1400 576 1426 caritatis
591 1408 665 1435 quam
680 1409 693 1427 e
706 1399 868 1426 theatralibus
881 1406 938 1433 spe-

149 1445 255 1471 tluculis
268 1445 388 1480 gaudium
403 1446 550 1480 percipitur.
580 1445 680 1472 Visendi
700 1450 757 1472 sunt
777 1445 937 1472 incarcerati.

150 1489 252 1516 —l\'am
267 1489 318 1517 nisi
337 1490 380 1517 ille
395 1490 506 1517 instaret
519 1490 607 1523 timor,
618 1490 707 1518 omnia
724 1498 789 1518 sane
802 1491 936 1526 perirent:

149 1536 258 1570 quando
271 1540 309 1563 tot
318 1536 514 1564 imminentibus
523 1537 657 1572 suppliciis
670 1537 742 1564 multi
751 1536 784 1564 ad
795 1537 938 1572 nequitiam

151 1587 211 1608 sese
219 1581 369 1608 conferunt.
380 1581 442 1608 IIa-c
454 1582 474 1609 si
487 1581 689 1616 philosopheris,
703 1582 735 1609 ad
743 1582 938 1618 eleemosynam

150 1626 206 1652 eris
220 1627 378 1661 promptior,
390 1634 483 1660 magna
497 1627 592 1654 frueris
603 1627 745 1661 voluptate,
761 1631 788 1654 et
800 1627 877 1662 longe
885 1635 940 1654 ma-

150 1671 219 1705 jore,
232 1679 311 1706 quam
324 1672 367 1707 qui
382 1680 397 1699 a
409 1673 512 1700 theatro
525 1672 697 1699 descendunt.
709 1673 774 1700 Nam
786 1673 829 1707 qui
840 1680 855 1700 a
867 1672 940 1700 thea-

152 1721 194 1743 tro
208 1722 330 1752 surgunt,
343 1718 555 1753 concupiscentia
567 1718 670 1746 ardent.
686 1718 754 1746 Cum
767 1719 857 1747 vident
869 1719 939 1747 enim

153 1763 211 1790 illas
227 1764 253 1790 in
267 1771 345 1791 scena
365 1764 500 1796 mulieres,
517 1764 653 1792 ornatibus
669 1765 850 1799 splendentes,
867 1766 940 1793 mille

152 1809 240 1836 all'ccti
258 1809 421 1842 vulneribus,
437 1810 519 1837 instar
532 1810 614 1837 maris
627 1811 762 1837 mstuantis
776 1815 863 1843 erunt,
878 1807 939 1838 dum

153 1862 244 1882 earnm
263 1859 381 1889 aspectu,
404 1855 510 1888 habitu,
528 1855 625 1886 verbis.
643 1856 763 1889 incassu,
784 1857 940 1892 cmterisque

153 1900 278 1926 onutibus
289 1901 393 1927 animus
405 1899 551 1928 obsidetur.
563 1900 611 1934 Qui
622 1906 710 1928 autetn
719 1901 806 1928 abillo
814 1901 867 1929 alio
878 1909 940 1937 spe-

153 1946 258 1973 ctaculo
272 1947 453 1981 egrediuntur,
470 1946 535 1973 nihil
552 1946 604 1974 tale
617 1947 759 1981 patientur,
778 1947 831 1974 imo
846 1955 940 1983 magna

153 1992 276 2019 fructttnr
290 1992 486 2027 tranquillitate.
502 1992 677 2027 Compuuetio
696 1993 766 2020 enint
786 2001 817 2020 ex
841 1993 942 2020 vincto-

154 2045 211 2063 rum
233 2041 340 2071 aspectu
363 2042 436 2072 parta
459 2037 610 2072 hujusmodi
631 2037 717 2073 ignem
741 2042 823 2065 totutn
839 2039 940 2066 exstin-

153 2084 217 2118 guit.
231 2083 258 2111 Si
273 2085 380 2111 exeunti
395 2092 427 2111 ex
439 2091 546 2111 carcere
559 2088 681 2111 occurrat
696 2084 791 2111 lasciva
804 2084 940 2117 meretrix,

153 2129 217 2155 nihil
233 2129 268 2155 illi
283 2129 343 2156 tnali
359 2129 464 2156 inferet.
480 2129 544 2156 Nam
561 2129 621 2156 fuco
636 2129 699 2156 nulli
712 2128 851 2163 obnoxius,
863 2137 941 2164 aspe-

152 2180 210 2201 ctus
225 2174 376 2208 hujusmodi
391 2175 491 2202 retibus
506 2182 558 2202 non
573 2175 701 2210 capietur,
714 2183 774 2202 cum
795 2180 885 2202 contra
901 2181 941 2203 ta-

154 2220 205 2246 lem
220 2225 357 2254 aspectum
373 2225 459 2247 mctus
472 2220 562 2254 judicii
582 2221 616 2248 ob
630 2221 720 2247 oculos
736 2225 864 2248 versetur.
881 2221 942 2249 Ideo

152 2266 197 2292 ille
210 2267 253 2300 qui
268 2274 347 2293 ontne
361 2267 502 2301 voluptatis
517 2274 600 2301 genus
612 2271 737 2301 expertus
748 2272 814 2300 erat,
826 2267 940 2301 dicebat,

152 2310 246 2338 Melius
258 2316 294 2338 est
306 2312 341 2338 ire
358 2312 384 2338 in
399 2312 499 2339 domum
512 2312 604 2345 luctus,
624 2321 699 2348 quam
718 2313 744 2339 in
763 2313 864 2340 domum
878 2313 943 2340 risus

152 2355 253 2387 (Ecde.
275 2357 301 2383 7.
323 2357 361 2391 5).
384 2357 416 2384 Et
437 2357 479 2384 hic
502 2357 580 2384 talem
603 2363 717 2385 sectatus
737 2357 941 2393 philosophiam,

152 2401 206 2428 illic
221 2402 373 2429 beatissima
383 2402 471 2430 audiet
483 2404 573 2430 verba.
584 2403 622 2430 Ne
630 2411 692 2438 ergo
702 2403 765 2430 illud
780 2404 943 2439 negligamus

151 2454 229 2481 opus.
245 2447 354 2474 Etiamsi
367 2448 438 2475 enitn
454 2455 505 2475 non
526 2449 658 2483 possinms
677 2456 710 2476 eo
725 2449 812 2476 cibum
833 2449 941 2483 inferre,

153 2501 202 2520 nec
217 2498 368 2528 argentum,
387 2499 413 2521 at
428 2495 572 2529 poterimus
595 2495 684 2522 verbis
700 2495 802 2530 lapsum
826 2496 942 2522 animum

151 2539 296 2570 consolari,
307 2544 334 2566 et
345 2539 371 2566 in
384 2539 443 2566 aliis
457 2541 545 2567 tnultis
555 2541 658 2575 juvare,
675 2541 730 2568 sive
741 2548 786 2568 cos
795 2541 871 2576 quiin
883 2550 943 2568 car-

153 2591 241 2610 cerem
263 2589 399 2611 truserunt
413 2585 587 2620 alloquentes,
604 2586 659 2613 sive
678 2585 801 2613 custodes
818 2594 943 2616 mansue-

154 2629 236 2656 tiores
254 2629 405 2662 reddenles.
422 2635 449 2658 et
467 2631 508 2658 vel
524 2631 795 2666 quantulumcumque
807 2633 864 2667 opis
878 2633 943 2659 alie-

155 2682 254 2701 remus.
280 2675 307 2703 Si
326 2676 436 2707 dixeris.
461 2684 510 2704 nec
524 2677 590 2711 frugi
611 2685 659 2704 nec
682 2678 780 2712 probos
798 2678 869 2706 viros
892 2678 945 2705 illic

154 2727 223 2752 esse,
240 2721 287 2747 sed
303 2720 460 2755 homicidas,
481 2722 663 2756 sepulcrorum
684 2723 843 2757 cﬂ‘ossores,
862 2723 944 2755 fures,

155 2766 285 2799 moechos,
295 2767 417 2799 lascivos,
428 2767 568 2802 multisque
580 2768 725 2796 sceleribus
733 2769 870 2803 obnoxios,
884 2777 945 2796 rur-

155 2817 199 2836 sus
210 2811 274 2838 mihi
290 2812 468 2839 necessarium
483 2813 554 2839 hunc
568 2813 668 2840 aditum
683 2814 787 2849 probas.
803 2814 860 2842 Non
874 2815 944 2843 enittt

321 2860 456 2892 ΡΑτιιοι.
480 2862 537 2893 Gn.
563 2862 642 2892 LIX.

699 109 730 136 ΙΝ
750 109 904 137 ,ιΟΛΝΝΕΧΙ
925 111 1036 138 ιιολιιι.
1059 111 1113 137 LX.
1134 111 1167 138 al.
1189 111 1255 138 LIX.

1725 113 1776 141 355

989 166 1110 200 iubemur
1125 167 1207 194 bonos
1221 168 1353 200 miserari,
1370 173 1397 195 et
1420 169 1503 195 malos
1521 169 1633 202 punire;
1661 172 1705 196 sed
1724 169 1776 196 hu-

988 212 1102 244 jusmodi
1124 212 1312 241 humanitatem
1336 214 1460 241 outnibus
1483 214 1630 249 impertire.
1646 214 1713 242 Nam
1728 216 1775 246 ait.

990 255 1076 284 Eslole
1090 257 1182 284 similes
1202 257 1276 285 Patri
1297 264 1386 291 vestro,
1407 260 1449 294 qui
1469 260 1494 287 in
1509 261 1576 287 aclis
1592 266 1637 294 est,
1653 261 1695 295 qui
1716 262 1776 288 oriri

989 302 1050 338 facit
1067 302 1144 329 solent
1160 311 1231 329 suum
1251 312 1327 338 super
1347 304 1428 332 malos
1442 311 1464 332 et
1479 305 1565 338 bonos,
1580 311 1603 332 et
1624 305 1688 340 pluit
1701 314 1778 341 super

983 347 1068 381 justas
1082 352 1105 374 et
1117 348 1224 382 iniustos
1244 348 1347 384 (Matth.
1360 350 1387 377 5.
1401 350 1458 385 45).
1474 350 1511 378 Ne
1525 359 1588 386 ergo
1610 352 1676 379 alios
1688 353 1776 379 acrius

989 392 1138 424 inseetcris,
1155 400 1222 420 neve
1236 393 1274 420 sis
1293 393 1375 427 judex
1396 393 1588 427 vehementior,
1604 396 1650 424 sed
1665 396 1737 424 mitis
1750 401 1778 424 et

989 437 1130 465 humanus.
1147 437 1202 466 Nos
1226 438 1326 466 etenim
1351 439 1400 466 etsi
1415 447 1467 466 non
1491 441 1588 468 tttteclti
1612 441 1704 473 simus.
1722 449 1777 469 non

987 483 1171 517 sepulcrorum
1194 483 1346 515 effossores,
1370 492 1421 511 ttott
1445 484 1529 519 fures,
1543 486 1590 513 sed
1611 487 1670 514 aliis
1684 494 1777 515 smnus

987 528 1094 555 obnoxii
1109 528 1192 561 vitiis,
1208 537 1267 563 qua:
1288 529 1360 556 ntillc
1375 530 1513 565 suppliciis
1527 531 1604 566 digna
1623 537 1692 559 sunt.
1710 532 1775 560 Nam

988 575 1030 602 vel
1040 575 1149 602 fratrem
1161 566 1269 602 fatuum,
1275 575 1437 609 vocavimus,
1446 576 1515 611 quod
1529 584 1578 603 nos
1586 577 1713 612 gehennm
1724 578 1776 604 ob-

988 621 1082 647 noxios
1096 620 1182 648 reddit
1195 629 1203 653 ;
1218 621 1261 648 vel
1276 621 1402 648 mulieres
1423 621 1562 655 impudicis
1574 621 1657 648 oculis
1670 622 1777 656 aspexi.

988 672 1057 698 mus,
1072 665 1141 700 quod
1164 664 1205 693 est
1218 670 1430 693 consumntatum
1455 666 1615 694 adulterium
1629 675 1636 693 :
1651 666 1776 702 quodque

988 711 1106 739 omnium
1122 713 1307 747 gravissimum
1321 717 1372 746 est,
1387 712 1494 747 indigne
1515 713 1641 748 mysteria
1667 713 1777 748 partici-

988 756 1119 791 pavimus,
1129 756 1198 791 quod
1211 764 1271 784 reos
1283 757 1344 784 facit
1354 757 1475 792 corporis
1485 763 1511 785 et
1523 758 1659 792 sanguinis
1667 757 1776 785 Christi.

988 801 1027 829 Ne
1040 808 1104 836 ergo
1121 802 1210 829 acerbi
1233 801 1345 829 aliorutn
1359 806 1522 830 scrutatores
1538 803 1640 835 simus;
1661 802 1708 830 sed
1729 810 1777 829 no-

988 851 1041 874 stra
1054 847 1211 881 cogitemus,
1226 851 1253 874 et
1267 847 1306 874 sic
1320 846 1541 875 iultumanitatcm
1560 847 1629 874 hanc
1642 852 1669 875 et
1680 847 1777 874 crude-

988 893 1089 921 litatem
1105 893 1266 921 sed-abimus.
1288 893 1328 921 Ad
1353 893 1410 921 haec
1432 901 1496 922 vero
1516 893 1658 921 dicenduut
1682 893 1774 924 etiam,

989 947 1038 968 nos
1062 941 1097 967 ibi
1121 940 1220 975 probos
1244 941 1316 968 viros
1338 941 1435 968 multos
1459 944 1613 976 reperturos
1637 946 1706 972 esse,
1727 939 1776 966 toti

989 986 1146 1020 plcrutnque
1160 986 1259 1013 civitati
1282 985 1470 1020 exaequandos.
1492 985 1557 1013 Nam
1576 993 1668 1012 carcer
1682 985 1736 1018 ille,
1748 985 1775 1011 in

988 1039 1041 1067 quo
1064 1031 1162 1066 Joseph
1183 1036 1251 1065 erat,
1275 1031 1373 1059 multos
1398 1031 1534 1066 improbos
1554 1030 1724 1063 continebat;
1749 1034 1776 1057 et

989 1081 1076 1105 tamen
1089 1077 1206 1104 omnium
1219 1084 1310 1104 curam
1325 1077 1434 1112 gerebat
1444 1076 1532 1111 justus
1545 1077 1598 1109 ille,
1609 1080 1634 1103 et
1645 1083 1706 1103 cum
1717 1075 1776 1102 aliis

989 1122 1110 1151 occultus
1124 1126 1191 1149 erat.
1209 1122 1273 1149 Nam
1286 1129 1347 1149 cum
1363 1122 1409 1149 toti
1425 1121 1540 1157 Egypto
1554 1125 1623 1148 esset
1639 1127 1776 1154 extr-quau-

989 1167 1055 1201 dus,
1084 1167 1110 1194 in
1135 1174 1242 1195 carcere
1268 1171 1356 1194 tamen
1379 1171 1437 1194 erat
1461 1166 1560 1194 nemini
1586 1170 1674 1193 ttotus.
1701 1164 1776 1193 Nunc

989 1220 1094 1248 quoque
1107 1212 1251 1241 verisimile
1263 1218 1304 1240 est
1318 1212 1352 1240 ibi
1367 1212 1466 1240 ntultos
1479 1219 1540 1239 esse
1554 1212 1651 1247 probos
1666 1216 1693 1238 et
1708 1210 1776 1245 frugi

990 1261 1072 1294 viros,
1086 1260 1136 1287 etsi
1150 1267 1204 1291 non
1217 1260 1341 1287 omnibus
1354 1263 1448 1292 notos;
1463 1263 1491 1287 et
1504 1266 1567 1286 cura
1581 1258 1633 1285 illis
1646 1257 1773 1289 exhibita,

989 1305 1107 1334 ofﬁciunt
1132 1305 1192 1332 aliis
1225 1305 1371 1340 prmstitum
1399 1304 1504 1332 abunde
1533 1303 1579 1331 tibi
1609 1307 1775 1338 compensat.

989 1351 1100 1379 Etiamsi
1116 1359 1180 1379 vero
1194 1351 1284 1378 nullus
1299 1350 1333 1378 ibi
1348 1351 1409 1378 talis
1422 1354 1504 1382 esset,
1518 1357 1612 1384 magna
1628 1354 1714 1376 tamen
1729 1347 1776 1375 tibi

989 1399 1106 1434 repasita
1120 1404 1161 1426 est
1180 1405 1293 1425 merces.
1306 1397 1385 1425 Certe
1406 1397 1532 1424 Dominus
1551 1401 1612 1423 tuus
1626 1403 1677 1422 non
1690 1394 1776 1429 justas

990 1444 1070 1472 tnodo
1091 1444 1284 1478 alloquebatur,
1310 1451 1359 1470 nec
1381 1443 1499 1477 impuros
1523 1442 1657 1477 fugiebat;
1681 1440 1728 1468 sed
1751 1442 1787 1467 ct'

989 1489 1166 1517 Cltananmam
1188 1496 1248 1516 cum
1262 1488 1343 1516 multa
1359 1487 1543 1515 benevolentia
1557 1487 1674 1521 excepit,
1688 1490 1716 1513 et
1726 1485 1773 1512 Sa-

991 1536 1147 1564 maritanam
1161 1535 1300 1562 scelestam
1316 1539 1342 1561 et
1358 1533 1500 1568 impuram,
1515 1533 1646 1567 aliamque
1656 1530 1776 1559 meretri-

989 1590 1058 1615 cetn,
1075 1581 1145 1617 quod
1163 1580 1248 1608 Judmi
1271 1579 1476 1614 exprobrarunt,
1492 1577 1598 1611 excepit
1617 1581 1643 1604 et
1663 1575 1776 1608 curavit,

991 1635 1136 1664 passu5que
1147 1632 1188 1655 est
1202 1632 1231 1654 ut
1243 1627 1353 1661 impura:
1366 1624 1484 1652 mulieris
1498 1622 1623 1658 lacrymis
1635 1621 1716 1658 pedes
1736 1621 1777 1648 sui

991 1673 1150 1709 rigarcntur,
1165 1677 1193 1699 ut
1208 1679 1257 1699 nos
1273 1671 1382 1698 doceret
1404 1670 1520 1697 humane
1539 1672 1693 1704 peccatores
1706 1667 1778 1694 exei-

991 1726 1065 1754 pere.
1083 1718 1144 1745 lltcc
1155 1718 1224 1745 enim
1239 1717 1353 1744 maxima
1369 1715 1518 1743 hutnanitas
1539 1718 1589 1741 est.
1608 1713 1676 1747 Quid
1691 1712 1774 1740 dicis?

991 1764 1064 1792 fures
1077 1770 1104 1791 et
1118 1763 1300 1799 sepulcrorqu
1313 1761 1457 1789 etl‘ossores
1475 1766 1610 1788 carcerem
1630 1758 1780 1793 occupanti

991 1811 1069 1843 Num,
1080 1817 1170 1845 qumso
1181 1808 1294 1836 civitatis
1310 1807 1404 1835 incola:
1418 1813 1511 1834 omnes
1522 1806 1586 1841 justi
1597 1804 1677 1832 sunt?
1690 1811 1779 1831 anno.

992 1857 1036 1884 hic
1056 1855 1132 1883 multi
1154 1854 1259 1889 pejores
1274 1858 1345 1887 sunt,
1361 1852 1406 1888 qui
1432 1851 1613 1886 impudentius
1639 1849 1780 1876 furantur?

992 1901 1043 1929 Alii
1057 1901 1128 1928 enim
1141 1899 1311 1927 solitudinem
1327 1898 1421 1926 saltem
1438 1901 1465 1925 et
1485 1897 1609 1924 tenebras
1621 1894 1778 1926 obtenduttt,

993 1951 1018 1974 et
1033 1947 1090 1974 hzcc
1107 1946 1175 1973 clam
1191 1945 1290 1972 faciunt
1304 1953 1310 1970 :
1325 1944 1381 1977 alii,
1395 1943 1480 1978 posita
1496 1942 1578 1974 larva,
1594 1940 1665 1968 nudo
1679 1939 1776 1974 capite,

993 1992 1062 2019 mala
1082 1993 1246 2026 perpetrant,
1270 1988 1389 2021 violenti,
1411 1991 1543 2022 raptores,
1560 1986 1643 2013 avari.
1668 1985 1779 2012 Difﬁcile

993 2045 1108 2073 namque
1119 2041 1161 2064 est
1171 2037 1257 2063 virum
1271 2035 1388 2070 reperire
1399 2034 1542 2061 insontem.

1029 2084 1055 2111 6.
1076 2082 1152 2116 Quod
1172 2082 1193 2109 si
1216 2089 1268 2108 non
1282 2088 1376 2107 aurum
1398 2081 1527 2114 rapimus,
1542 2078 1564 2105 si
1580 2085 1634 2105 non
1650 2082 1687 2104 tot
1702 2081 1728 2104 et
1744 2080 1781 2104 tot

991 2130 1082 2165 jugera
1094 2133 1183 2159 terrae,
1193 2133 1219 2154 at
1234 2125 1328 2153 fraude
1347 2130 1372 2152 ct
1386 2124 1455 2152 furto
1468 2124 1582 2158 idlpsum
1595 2123 1621 2150 in
1634 2122 1780 2150 minoribus

994 2182 1043 2210 pro
1071 2174 1140 2201 virili
1162 2173 1282 2200 facimus.
1305 2171 1370 2198 Nam
1391 2178 1452 2198 cum
1476 2170 1503 2197 in
1525 2169 1686 2198 commercio
1700 2189 1708 2201 ,
1738 2168 1779 2194 \'cl

995 2221 1021 2249 in
1041 2219 1155 2248 entettdo
1178 2224 1204 2246 et
1227 2217 1376 2251 vendendo,
1396 2217 1484 2244 minus
1504 2223 1582 2251 quam
1605 2219 1710 2250 oportet
1730 2221 1781 2241 nu-

994 2274 1098 2294 merare
1121 2264 1318 2297 contendimus,
1339 2269 1498 2297 omnemque
1518 2261 1668 2289 machinam
1689 2267 1781 2287 move-

995 2321 1064 2344 mus,
1077 2319 1164 2339 annon
1182 2309 1245 2337 illud
1266 2308 1434 2336 latrocittium
1451 2307 1511 2336 est?
1532 2315 1619 2334 annon
1637 2306 1734 2332 Iurtunt
1756 2309 1784 2332 et

995 2358 1106 2392 rapina?
1125 2356 1164 2384 Ne
1179 2356 1243 2383 mihi
1255 2355 1364 2387 dixeris,
1381 2359 1407 2382 te
1422 2361 1471 2381 nec
1493 2353 1601 2381 domutn
1615 2359 1663 2379 nec
1676 2358 1782 2379 servutn

995 2402 1146 2430 abstulisse.
1169 2399 1301 2435 lnjustitia
1318 2407 1432 2434 namque
1447 2406 1499 2425 tton
1520 2402 1603 2433 raplm
1626 2397 1664 2424 rei
1688 2396 1781 2430 pretio,

996 2448 1042 2475 sed
1068 2447 1196 2482 rapientis
1211 2446 1347 2473 voluntate
1362 2444 1498 2480 penditur.
1514 2443 1618 2471 Justitia
1634 2449 1747 2477 namque
1757 2445 1785 2468 et

996 2493 1125 2528 iujustitia
1141 2493 1167 2519 in
1183 2492 1286 2527 magnis
1297 2496 1325 2518 et
1339 2490 1428 2526 parvis
1441 2489 1521 2517 rebus
1531 2488 1653 2516 eamdem
1664 2488 1716 2514 vim
1735 2486 1783 2513 lta-

997 2527 1076 2568 bent:
1091 2545 1116 2567 ct
1130 2527 1213 2566 furem
1225 2538 1330 2573 appello
1344 2542 1396 2564 tam
1407 2544 1467 2564 euttt
1479 2536 1521 2570 qui
1537 2539 1642 2562 exsecta
1657 2540 1784 2561 crumena

997 2594 1091 2613 aurum
1105 2585 1214 2619 abripit,
1223 2591 1301 2619 quam
1316 2588 1460 2614 ementem,
1473 2581 1516 2616 qui
1534 2579 1631 2614 aliquid
1645 2577 1786 2606 defraudat

997 2632 1031 2658 dc
1046 2631 1145 2665 pretio;
1157 2634 1184 2657 et
1196 2629 1301 2664 parietis
1317 2628 1471 2655 elfossorem
1483 2633 1558 2656 voco,
1569 2632 1621 2651 non
1631 2631 1692 2651 ettm
1706 2622 1785 2649 modo

998 2678 1054 2712 qui,
1072 2681 1149 2711 rupto
1163 2677 1275 2710 pariete,
1290 2672 1388 2707 aliquid
1404 2672 1474 2698 intus
1490 2670 1611 2702 furatur;
1635 2668 1681 2695 sed
1703 2668 1783 2694 ctiam

999 2731 1059 2751 cum
1074 2723 1130 2758 qui,
1148 2723 1208 2757 jure
1223 2719 1331 2752 violato,
1346 2717 1444 2753 aliquid
1460 2724 1474 2743 a
1490 2715 1610 2752 proximo
1630 2714 1725 2742 aufert.
1747 2712 1786 2739 Ne

999 2777 1062 2804 ergo
1077 2769 1156 2796 rebus
1167 2765 1266 2795 nostris
1279 2765 1396 2798 omissis,
1409 2762 1555 2792 alienarum
1566 2762 1669 2797 judiccs
1687 2760 1786 2792 simus;

1001 2823 1088 2850 neque
1107 2814 1170 2842 dum
1185 2811 1359 2841 humanitatis
1369 2815 1473 2846 tempus
1486 2814 1537 2842 est,
1553 2808 1698 2842 nequitiam
1711 2813 1787 2834 εστι·

1564 2855 1601 2884 21
