2031 3118
264 116 315 143 335

246 177 249 179 ‘
266 181 351 201 temur
365 183 370 200 :
384 173 431 201 sed
445 174 590 207 cogitantes
603 173 736 207 quomodo
749 180 798 200 nos
812 173 875 200 olim
890 173 975 201 affecti
989 174 1046 201 fue-

265 222 359 253 rimus,
375 220 456 246 simus
472 220 577 246 tandem
593 219 721 246 mansueti
736 225 762 245 et
779 220 895 254 benigni.
909 220 1046 254 Quomodo

265 273 329 299 ergo
343 265 428 292 affecti
451 264 577 291 eramus?
599 264 667 291 Audi
688 264 797 292 Paulum
811 265 942 292 dicentem
957 275 963 291 :
981 265 1045 291 Era-

265 320 320 337 mus
333 311 397 337 enim
420 311 556 345 aliquando
578 315 600 336 et
624 319 670 337 nos
695 311 872 343 inobedientes,
891 311 1045 344 insipientes,

264 360 385 387 errantes.
396 355 529 382 servientes
542 355 672 382 desideriis
683 360 706 381 et
716 356 882 389 voluptatibus
896 356 980 387 rariis,
992 356 1047 381 odi-

264 401 336 433 bilu,
351 401 462 427 edicam
473 401 577 427 invicem
591 400 654 435 (Tit.
666 401 691 427 5.
705 401 731 434 5)
743 409 751 432 ;
768 406 794 427 et
807 408 924 434 rursum,
941 400 1047 427 Eranms

262 446 328 472 enim
341 450 432 472 natura
444 445 491 479 [iiii
502 446 548 472 ira:
561 445 667 480 (Epltex.
677 446 703 472 ‘2.
716 446 754 478 3).
765 445 817 472 Sed
830 446 899 473 Deus
914 453 962 472 nos
973 446 1046 480 quasi

263 492 289 517 in
311 498 419 518 earoere
439 491 562 518 detentos
577 491 680 523 videns,
694 495 722 517 et
741 491 864 525 gravibus
889 492 1047 518 constrictos

262 537 376 569 catenis,
394 544 454 572 qua:
475 537 568 564 ferreis
589 536 666 570 longe
689 536 835 571 graviores.
857 544 908 563 nou
931 537 1045 569 erubuit,

262 581 308 608 sed
324 582 395 608 venit
417 582 443 608 in
465 589 610 611 carcerem.
625 586 651 608 et
667 581 813 608 innumeris
831 581 925 615 dignos
945 581 1047 616 suppli-

264 627 314 653 eiis
332 627 424 654 eduxit
444 627 516 657 inde.
541 631 567 653 et
595 627 620 653 in
646 633 757 661 regnum
781 625 902 658 induxit;
929 627 1048 660 ueloque

262 671 459 706 splendidiores
475 671 572 699 effecit.
587 677 612 698 ut
636 676 661 698 et
676 679 726 698 nos
745 679 792 705 pro
806 671 873 699 virili
889 676 977 699 nostra
998 672 1048 700 hoc

263 719 349 751 Ipsum
373 717 508 744 faciamus.
533 716 597 743 Nam
618 724 678 743 cum
702 716 841 751 discipulis
861 716 925 744 dicit
939 725 946 744 :
961 717 990 743 Si
1002 725 1047 751 ego

263 761 314 788 lavi
335 762 410 796 pedes
424 767 518 789 vestros
533 761 654 788 Dominus
674 767 696 789 et
715 761 844 797 Magister,
858 767 881 788 et
900 770 942 788 nor
955 762 1047 789 debetis

262 807 327 832 alter
337 807 442 833 alterius
455 807 539 833 lavare
552 807 628 841 pedes
641 814 650 833 :
665 807 804 841 exemplum
817 807 881 834 enim
901 808 958 833 dedi
967 808 1045 841 vobis.

262 857 289 878 ut
297 852 507 886 quemadmodum
518 860 563 887 ego
573 852 621 887 feci
632 852 709 884 vobis,
719 852 754 878 ita
765 856 788 879 et
799 860 840 878 vos
849 852 948 886 faciatis
958 852 1045 888 (Joan.

262 897 306 924 15.
322 896 367 932 14)
380 905 386 922 :
400 904 453 924 non
466 897 500 924 de
514 897 634 924 lavandis
650 896 760 931 pedibus
774 902 874 924 tantum
897 897 940 924 hic
961 897 1046 932 legent

261 941 315 972 dat,
331 941 377 968 sed
392 946 418 969 et
431 942 464 969 de
476 942 536 969 aliis
549 942 682 974 omnibus,
694 949 753 976 qua:
767 942 822 976 ipse
835 942 911 969 nobis
924 943 1044 970 contulit.

263 986 398 1013 llomicida
413 991 454 1014 est
473 987 499 1014 in
516 988 647 1014 carcere?
672 988 706 1013 At
717 994 764 1013 uos
777 987 844 1013 bene
859 986 946 1013 facere
957 994 990 1014 ne
1001 987 1047 1014 dc-

261 1031 397 1058 sistamus.
419 1031 609 1066 Sepulcrorum
633 1031 746 1059 etfossor
765 1036 818 1064 est,
841 1036 886 1058 aut
909 1032 1046 1059 machus?

262 1076 314 1103 Sed
330 1085 362 1104 ne
377 1077 494 1109 malitiae.
504 1084 595 1105 verum
606 1076 765 1104 calamitatis
780 1077 1047 1115 misereantur.S:epe

261 1127 361 1153 autent.
381 1126 411 1149 ut
431 1121 496 1155 dixi,
518 1122 668 1156 reperietur
691 1121 727 1148 ibi
749 1121 879 1156 quispiam
902 1122 1047 1149 innumeris

262 1169 325 1195 viris
339 1167 538 1202 exaequandus;
562 1172 588 1195 et
608 1168 629 1194 si
653 1175 724 1202 siepe
746 1167 849 1194 vinctos
867 1167 956 1198 adeas,
978 1167 1047 1195 hunc

262 1216 385 1239 venatum
398 1212 558 1247 assequeris.
572 1212 646 1240 Sicut
661 1211 806 1242 Abraham.
822 1211 867 1246 qui
877 1212 986 1246 quosvis
1000 1220 1047 1240 ex-

261 1257 427 1297 cipiebatkin
448 1257 558 1291 angelos
573 1257 664 1284 incidit
679 1265 686 1283 :
702 1257 740 1284 sic
755 1261 781 1284 et
797 1265 845 1283 nos
861 1257 886 1284 in
903 1257 974 1284 viros
989 1265 1046 1284 ma-

262 1309 329 1337 gnos
355 1302 512 1334 incidemus,
527 1302 548 1328 si
565 1302 590 1329 id
613 1301 821 1336 frequentemus.
837 1302 864 1328 Si
888 1309 951 1329 vero
966 1302 1043 1331 liceat

260 1347 323 1381 quid
336 1346 521 1374 admirandum
536 1346 636 1378 dicere.
647 1354 699 1374 nou
714 1351 785 1374 tanta
800 1346 878 1374 laude
890 1347 984 1381 dignus
993 1352 1045 1388 est,

259 1392 303 1426 qtti
331 1399 454 1426 magnum
475 1393 626 1427 quempiam
643 1392 758 1427 excipit.
779 1393 907 1426 quam.is
928 1387 973 1427 qui
995 1393 1045 1420 nti-

262 1444 350 1463 serum
368 1442 395 1464 et
409 1436 551 1464 infelicem.
568 1437 614 1464 Ille
637 1444 750 1472 namque
765 1445 817 1464 non
832 1444 941 1472 parvum
965 1445 1044 1473 argu-

260 1486 378 1509 mentum
399 1482 477 1510 all'ert
496 1483 537 1510 sui
562 1482 718 1517 recipiendi,
739 1490 835 1518 nempe
857 1484 936 1510 vitam
952 1491 1044 1515 suam;

261 1527 342 1554 homo
362 1531 450 1554 autem
465 1527 590 1555 omnibus
614 1527 734 1562 abjeetus
748 1531 775 1555 et
789 1528 870 1555 miser
894 1535 974 1555 unum
999 1528 1045 1554 lia-

259 1572 304 1599 bet
325 1576 447 1606 portum,
460 1579 556 1607 nempe
574 1573 782 1600 misericordiam
796 1573 854 1607 ejus
865 1573 908 1608 qui
928 1581 957 1600 se
977 1573 1045 1601 bene

258 1618 356 1651 excipit
370 1626 376 1644 :
392 1618 480 1652 itaque
494 1617 551 1646 haec
564 1617 715 1646 humanitas
729 1626 793 1653 pura
804 1624 855 1645 est.
871 1619 921 1651 Qui
935 1619 1008 1645 ('Iarn
1017 1623 1044 1646 et

615 116 642 143 S.
663 116 799 144 JOANNIS
815 116 1047 144 CllitYSOSTUMl
1067 118 1222 148 ARCHIEP.
1243 121 1506 150 CONSTAN'I'INOP.

1831 127 1878 154 33F

1098 177 1241 211 conspicuo
1263 178 1347 205 officia
1366 179 1483 212 exhibet,
1499 187 1570 214 sepe
1593 181 1624 207 ad
1637 184 1841 211 ostentationem
1857 186 1879 211 id

1099 222 1161 248 facit
1179 231 1184 248 :
1201 223 1244 257 qui
1267 231 1330 250 vero
1345 224 1475 258 abjectum
1497 225 1596 260 excipit
1613 226 1820 262 drspectuntque
1834 230 1880 255 ho-

1099 267 1208 298 minem,
1224 268 1259 295 ob
1273 269 1359 296 solum
1381 269 1425 296 Dei
1440 276 1599 304 pra'eeptum
1626 272 1650 298 id
1675 273 1745 300 facit.
1760 274 1847 307 Quare
1860 276 1880 301 si

1098 312 1249 338 convivium
1271 320 1405 347 paremus,
1419 314 1529 342 clattdos
1543 321 1570 341 et
1593 323 1680 343 cacus
1705 318 1828 352 excipere
1842 319 1881 353 ju-

1099 356 1191 384 bemur
1204 366 1211 390 ;
1233 358 1255 384 si
1265 359 1461 394 eleemosyuam
1475 367 1625 394 erogemus,
1642 362 1759 389 minimis
1771 367 1799 389 et
1812 364 1882 390 vilis-

1097 403 1172 429 simis
1189 403 1294 438 elargiri
1310 404 1496 438 prmcipimur:
1511 413 1571 432 nam
1584 406 1632 439 ait,
1649 407 1776 440 Quantum
1796 409 1841 435 uni
1853 417 1883 434 ιι

1098 446 1137 474 his
1147 447 1255 474 minimis
1268 449 1370 484 fecistis,
1383 449 1446 476 mihi
1460 450 1554 484 fecistis
1570 450 1675 486 (Matth.
1689 452 1733 480 25.
1745 454 1803 488 45).
1817 453 1882 481 Cum

1098 499 1163 526 ergo
1175 492 1227 520 illic
1238 493 1403 521 reconditum
1415 494 1570 522 thesaurum
1579 497 1706 530 Sciamus,
1716 505 1748 525 eo
1759 498 1882 533 frequen-

1099 542 1139 564 ter
1155 537 1346 572 ingrediantur,
1362 543 1390 566 et
1409 539 1445 566 ibi
1467 541 1642 574 uegotiemur,
1665 550 1696 569 ac
1720 542 1882 571 theatrorum

1098 583 1214 610 studium
1230 584 1275 611 illo
1286 586 1445 612 vertamus'.
1457 585 1484 613 Si
1496 586 1560 613 niltil
1576 587 1645 614 aliud
1659 588 1822 616 afferendum
1835 591 1882 616 Ita-

1099 628 1172 660 beas.
1189 630 1328 656 verborum
1353 630 1560 659 consolationem
1588 632 1694 660 adhibe.
1719 634 1775 661 Non
1804 635 1884 662 modo

1097 674 1167 700 enim
1179 674 1304 706 alentem.
1319 675 1365 702 sed
1378 679 1405 702 et
1415 675 1558 704 intrantem
1570 677 1640 705 Deus
1653 680 1776 707 mercede
1789 680 1881 708 donat.

1098 718 1164 746 Nam
1176 720 1198 746 si
1212 720 1355 754 ingressus,
1370 725 1525 749 trementem
1541 727 1752 759 metuentemque
1764 725 1882 752 animum

1097 765 1306 798 confirmaveris.
1316 765 1456 799 hortando,
1464 767 1591 801 juvaudo,
1599 775 1676 802 opem
1689 770 1783 803 promi:
1790 771 1881 801 tendo,

1098 809 1292 845 philosOphiam
1305 811 1436 842 docendo,
1453 819 1505 838 non
1525 820 1631 847 parvam
1647 814 1709 842 hinc
1733 816 1883 844 mercedem

1098 855 1311 889 recipies.Extra
1324 856 1402 891 positi
1417 856 1502 890 mttlti,
1514 861 1540 884 te
1552 858 1587 884 ita
1600 859 1732 892 loquente.
1746 860 1882 892 ridebunt.

1099 901 1187 928 multis
1201 901 1298 935 perfusi
1317 902 1437 935 deliciis;
1452 903 1498 930 sed
1512 904 1556 938 qui
1573 904 1598 931 in
1612 905 1760 934 calamitate
1773 914 1883 934 versan-

1100 952 1153 979 tur,
1172 947 1262 974 animo
1285 953 1444 982 compuncto
1464 956 1524 976 cum
1550 950 1677 977 modestia
1700 952 1781 979 multa
1805 953 1884 979 dictis

1098 992 1250 1025 attendent,
1271 997 1297 1020 te
1316 993 1470 1027 laudabunt,
1484 999 1511 1022 et
1524 995 1649 1023 meliores
1670 997 1793 1024 evadent.
1817 997 1883 1024 Nam

1097 1043 1123 1065 et
1133 1038 1242 1065 Paulum
1255 1039 1444 1073 pnedicantem
1453 1039 1537 1067 Judaei
1549 1048 1622 1075 s:rpe
1631 1041 1792 1074 deriserunt.
1803 1044 1883 1070 vincti

1097 1087 1185 1109 autem
1197 1090 1258 1110 cum
1271 1090 1377 1111 summo
1391 1084 1498 1112 silentio
1511 1085 1664 1114 audiebant.
1679 1087 1750 1114 Nihil
1761 1089 1832 1115 enim
1850 1089 1883 1116 ita

1098 1128 1215 1155 animum
1240 1128 1274 1156 ad
1300 1129 1494 1164 philosophiam
1520 1136 1665 1165 praeparat,
1682 1137 1712 1160 ut
1734 1133 1884 1165 calamitas.

1100 1173 1220 1206 tentatio,
1228 1181 1362 1201 a‘rumnae.
1372 1174 1433 1202 Haec
1446 1175 1534 1210 itaque
1543 1176 1702 1210 cogitantes.
1710 1182 1774 1212 quot
1789 1187 1885 1214 nempe

1101 1218 1126 1245 in
1142 1225 1250 1246 carcere
1265 1220 1359 1254 positis
1372 1220 1451 1254 bona,
1462 1225 1526 1255 quot
1537 1221 1615 1249 nobis
1629 1222 1693 1256 ipsis
1703 1223 1883 1256 conferemus.

1097 1263 1120 1289 si
1138 1269 1209 1297 saepe
1222 1271 1283 1291 cum
1295 1264 1347 1291 illis
1358 1272 1505 1298 versemur,
1517 1265 1636 1294 forenses
1647 1267 1706 1295 illas
1715 1273 1742 1296 et
1753 1268 1884 1304 intempe-

1097 1309 1178 1335 stivas
1195 1309 1402 1338 consuetudines
1414 1317 1447 1338 eo
1461 1316 1605 1345 vertamus,
1622 1317 1650 1340 ut
1662 1319 1689 1340 et
1710 1314 1772 1341 illos
1796 1314 1884 1342 luere-

1098 1361 1167 1386 mur,
1179 1359 1206 1381 et
1222 1355 1299 1383 nobis
1311 1356 1376 1390 ipsis
1389 1356 1507 1384 laetitiam
1521 1358 1664 1392 pariamus,
1674 1367 1707 1387 ac
1716 1360 1763 1388 Dei
1773 1361 1884 1396 gloriam

1097 1405 1232 1431 curantes.
1247 1405 1346 1429 mterna
1358 1408 1553 1436 consequamur
1573 1404 1652 1437 bona,
1664 1406 1750 1440 gratia
1764 1410 1794 1434 et
1807 1407 1884 1434 beni-

1097 1445 1198 1479 gnitate
1212 1445 1314 1473 Domini
1329 1446 1412 1473 nostri
1426 1447 1490 1475 Iesu
1505 1446 1613 1479 Christi.
1629 1457 1676 1484 per
1688 1458 1768 1485 quem
1784 1456 1811 1478 et
1825 1459 1885 1478 cum

1098 1497 1151 1524 quo
1167 1490 1239 1518 Patri
1252 1491 1336 1526 gloria
1349 1491 1480 1527 simulque
1499 1492 1607 1528 Spiritui
1629 1501 1732 1527 sancto.
1748 1496 1774 1523 in
1788 1498 1885 1524 szccula

1101 1534 1269 1562 seculorum.
1284 1536 1380 1563 Amen.

1130 1625 1136 1639 ³
1157 1623 1227 1649 Morel
1239 1623 1309 1656 legit,
1321 1625 1469 1656 scpeliaums.
1482 1633 1534 1658 pro,
1547 1631 1674 1653 certamus.

929 1723 1095 1754 HOMILIA
1116 1723 1197 1754 LXI.

256 1794 320 1822 CAP.
338 1794 380 1822 10.
394 1802 419 1822 v.
432 1794 477 1821 2'2.
495 1793 576 1821 Facta
592 1800 648 1822 sunt
662 1799 743 1828 autem
754 1795 865 1822 encania
879 1795 905 1822 in
917 1794 1047 1830 Jeraroly-

291 1841 339 1868 mia
347 1860 354 1872 .
369 1845 392 1868 et
403 1841 481 1867 hiems
491 1846 553 1867 erat.
565 1840 610 1868 25.
624 1839 656 1866 Et
666 1840 808 1867 ambulabat
818 1839 892 1868 Iesus
902 1841 927 1867 in
938 1841 1041 1876 templa,

293 1885 320 1912 in
335 1885 432 1919 porticu
447 1885 601 1913 Salomonis.
619 1885 664 1912 2L
679 1884 900 1912 Circumdederunt
915 1893 972 1920 ergo
988 1893 1043 1912 eum

294 1931 396 1963 Juda'i,
420 1935 441 1958 et
464 1930 579 1958 dicebant
594 1931 637 1958 ei:
655 1931 790 1965 Quousque
803 1931 914 1957 animant
932 1935 1043 1958 nostram

294 1977 361 2004 tollis
369 1977 381 2003 ?
644 1985 646 1988 '

291 2065 316 2091 l.
332 2063 446 2090 Christus
457 2063 674 2090 ntansuetudinem
682 2064 754 2089 verbo
762 2067 785 2089 et
795 2063 909 2097 exeruplo
921 2063 1040 2096 ,ll‘tl’dlt‘a-

255 2111 296 2136 vit.
314 2107 400 2135 Malus
411 2107 559 2135 Judtzorum
573 2107 681 2134 animus.
692 2121 727 2127 —
737 2106 828 2133 Omnis
841 2106 947 2141 quidem
957 2107 1040 2134 virtus

255 2155 323 2181 bona
342 2157 400 2186 est.
421 2153 537 2181 maxime
556 2158 644 2180 autem
658 2151 832 2179 mansuetudo
846 2156 873 2179 et
889 2152 1039 2179 clementia.

255 2198 317 2225 llaec
329 2204 378 2224 nos
391 2197 511 2224 homines
521 2204 580 2224 esse
590 2196 763 2228 demonstrat,
779 2201 806 2223 et
816 2204 829 2222 a
844 2197 905 2223 feris
919 2197 1018 2223 dirimit
1032 2206 1037 2223 :

256 2244 313 2271 lucc
325 2250 374 2270 nos
384 2243 484 2277 angelis
498 2246 627 2276 exaequat.
643 2241 704 2268 Ideo
713 2241 834 2268 Christus
847 2241 997 2276 frequettter
1008 2241 1041 2268 de

257 2288 306 2314 hac
320 2287 418 2314 virtute
428 2287 508 2314 verba
520 2286 598 2319 facit,
613 2293 672 2312 cum
687 2285 764 2312 mites
778 2290 805 2312 et
819 2290 969 2312 mansuetos
982 2292 1041 2312 esse

253 2333 339 2367 jubet.
353 2332 443 2366 Neque
461 2330 541 2358 verba
558 2334 656 2357 tantutn
673 2329 751 2360 facit.
766 2329 811 2357 sed
828 2333 855 2357 et
868 2330 993 2364 operibus
1007 2329 1039 2356 ad

256 2378 280 2404 id
297 2384 345 2404 tios
357 2376 469 2404 instituit
479 2396 486 2409 ,
499 2374 578 2401 modo
589 2374 679 2410 alapas
693 2374 843 2408 perferens,
858 2373 936 2401 modo
950 2374 1041 2401 convi-

255 2423 295 2450 cia
310 2426 337 2449 et
351 2421 470 2452 insidias.
487 2428 518 2447 ac
531 2428 634 2447 rursum
648 2427 707 2447 cum
722 2419 905 2446 insidiantibus
919 2427 1037 2447 versans.

258 2467 322 2494 Nam
338 2467 382 2502 qui
397 2466 589 2494 dzemoniacum
608 2465 682 2492 illum
698 2469 724 2492 et
742 2465 934 2492 Samaritanum
948 2466 1038 2500 appel-

254 2516 389 2546 laverant.
405 2513 450 2549 qui
465 2520 535 2548 saepe
548 2511 671 2540 occidere
686 2511 758 2538 illum
770 2511 921 2544 voluerant,
940 2512 983 2546 qui
999 2512 1038 2539 la-

255 2560 358 2594 pidibus
374 2558 556 2593 impetierant,
573 2556 599 2584 hi
614 2556 812 2584 circumsistunt
822 2561 848 2583 et
860 2556 1036 2591 intermgant.

254 2607 284 2632 Si
298 2611 325 2633 tu
339 2613 364 2633 es
379 2603 512 2632 Christus?
526 2603 616 2638 Neque
637 2602 696 2629 illos
712 2607 770 2637 post
788 2606 827 2629 tot
842 2602 957 2636 talesque
972 2602 1036 2629 iusi-

253 2652 310 2678 dins
328 2651 443 2685 repulit,
464 2649 512 2677 sed
527 2652 663 2675 mansuete
681 2647 822 2674 admodum
842 2648 986 2682 respondit.
1005 2649 1038 2675 At

253 2697 432 2724 necessarium
442 2700 482 2723 est
493 2696 561 2722 lutnc
569 2702 718 2722 sermonem
730 2694 807 2721 altius
818 2697 946 2728 repetere.
959 2693 1038 2721 Facta

254 2748 310 2769 sunt
321 2764 328 2776 ,
343 2743 444 2777 ittquit,
460 2742 571 2769 ettctenin
588 2741 614 2767 in
631 2740 809 2775 Jerosolymis,
831 2745 853 2766 et
873 2740 951 2766 hiems
973 2743 1036 2766 erat.

253 2789 362 2824 Magnus
377 2789 418 2816 hic
429 2788 486 2815 dies
498 2788 578 2815 festus
591 2791 616 2813 et
630 2785 754 2813 solemnis
765 2790 830 2812 erat.
845 2785 900 2818 Qua
915 2785 983 2812 cuitu
995 2784 1037 2811 die

1097 1795 1222 1829 templum
1235 1800 1415 1824 constructum
1429 1797 1512 1824 fuerat
1521 1818 1529 1830 ,
1544 1806 1576 1826 ex
1594 1798 1670 1834 longa
1683 1805 1710 1827 et
1721 1800 1828 1828 Persii:
1843 1804 1882 1837 (ιι)

1096 1841 1194 1869 reversi
1209 1842 1369 1876 captivitate,
1385 1842 1453 1870 hanc
1467 1844 1646 1872 celebritatem
1655 1845 1811 1875 solemniter
1819 1855 1881 1882 age‘

1096 1886 1168 1912 bant.
1192 1886 1247 1913 Diei
1268 1887 1336 1914 festo
1356 1887 1449 1915 aderat
1469 1888 1600 1916 Christus.
1626 1889 1743 1918 Instante
1767 1900 1881 1927 namque

1096 1936 1196 1964 morte,
1217 1931 1368 1966 frequenter
1386 1933 1410 1960 itt
1424 1932 1542 1961 Judzeam
1556 1935 1688 1963 veniebat.
1706 1936 1881 1964 Circuntdede-

1094 1982 1154 2003 runt
1171 1985 1230 2012 ergo
1244 1985 1300 2004 eum
1316 1977 1401 2005 Judai
1421 1983 1443 2006 et
1465 1979 1579 2007 dicebant
1594 1989 1603 2007 :
1619 1981 1754 2017 Quousque
1769 1983 1880 2010 animum

1093 2028 1204 2049 nostram
1216 2023 1302 2050 tollis?
1315 2023 1346 2051 Si
1360 2028 1385 2050 tu
1399 2033 1424 2051 es
1435 2024 1548 2052 Christus
1557 2047 1564 2058 ,
1579 2027 1620 2053 dic
1633 2027 1704 2054 nobis
1715 2029 1811 2062 palatii.
1822 2029 1879 2056 Non

1094 2068 1176 2101 dixit,
1196 2069 1263 2102 Quid
1281 2077 1296 2096 a
1322 2077 1362 2096 me
1382 2071 1519 2104 qua-ritis?
1538 2071 1729 2100 da-moniaeum
1742 2081 1815 2109 sche
1832 2082 1877 2101 vo-

1093 2115 1184 2147 castis,
1201 2114 1339 2148 furiosum,
1356 2116 1568 2144 Samaritanum:
1585 2118 1638 2145 Deo
1651 2118 1834 2147 adversarium
1853 2125 1880 2147 et

1093 2158 1262 2193 deceptoretn
1290 2168 1331 2186 tne
1351 2161 1459 2194 putastis
1483 2169 1562 2189 esse:
1583 2167 1610 2189 et
1627 2171 1711 2197 nuper
1731 2164 1876 2195 dicebatis.

1095 2203 1132 2230 Tu
1150 2205 1316 2231 testimonium
1331 2205 1444 2240 perhibes
1461 2207 1491 2232 de
1505 2207 1599 2242 teipso;
1615 2208 1786 2235 testimonium
1808 2215 1879 2236 tuum

1093 2256 1142 2275 nou
1159 2253 1194 2275 est
1209 2256 1292 2276 verum
1311 2249 1397 2284 (Joan.
1411 2250 1436 2277 8.
1452 2251 1496 2285 15)
1510 2259 1516 2277 :
1533 2259 1581 2278 cur
1593 2259 1656 2286 ergo
1670 2253 1840 2288 interrogatis
1853 2259 1879 2281 et

1093 2292 1125 2320 de
1139 2301 1180 2320 rue
1191 2293 1283 2321 audire
1299 2295 1377 2322 vultis
1387 2316 1393 2325 ,
1410 2295 1484 2330 cujus
1496 2297 1675 2324 testimonium
1689 2298 1818 2333 rejicitis?
1832 2299 1878 2326 Ni-

1093 2337 1129 2365 bil
1145 2338 1239 2366 horum
1257 2339 1338 2372 dixit.
1359 2340 1409 2367 etsi
1432 2347 1522 2368 nosset
1539 2343 1636 2370 malum
1657 2343 1877 2377 interrogandum

1092 2385 1217 2411 animum.
1229 2384 1294 2412 Nam
1305 2385 1375 2420 quod
1387 2394 1447 2414 eum
1460 2387 1683 2416 circumdederiut
1691 2409 1700 2422 .
1710 2397 1742 2418 ac
1752 2390 1877 2425 dixerint.

1094 2429 1229 2465 Quousque
1236 2431 1345 2458 animant
1354 2437 1466 2459 nostram
1476 2433 1561 2460 tollis?
1570 2434 1595 2461 id
1603 2435 1741 2463 videbatur
1747 2444 1779 2463 ex
1788 2444 1879 2465 amore

1091 2475 1206 2509 quodam
1220 2480 1247 2502 et
1260 2475 1378 2504 discendi
1394 2477 1482 2505 studio
1495 2479 1639 2513 proﬁcisci.
1652 2480 1725 2508 Mens
1739 2486 1828 2509 autem
1841 2483 1879 2509 iu-

1092 2520 1282 2555 terrogantium
1304 2527 1427 2557 corrupta
1447 2527 1474 2550 et
1491 2523 1602 2551 subdola
1625 2530 1693 2553 erat.
1715 2526 1783 2560 Quia
1807 2528 1878 2555 enim

1091 2571 1170 2599 opera
1183 2564 1323 2594 calumniis
1334 2574 1386 2594 non
1400 2567 1476 2594 obvia
1491 2573 1567 2596 erant
1576 2590 1583 2602 ,
1598 2570 1686 2598 verbis
1696 2578 1794 2606 capere
1808 2580 1880 2607 qna:-

1091 2612 1199 2645 rebant,
1215 2612 1292 2640 aliter
1306 2621 1383 2648 quam
1397 2615 1470 2649 prius
1485 2615 1693 2650 interrogantes.
1709 2625 1741 2645 ac
1755 2617 1879 2653 frequen-

1092 2661 1131 2683 ler
1146 2657 1328 2690 sciscitantes,
1344 2666 1376 2686 ex
1392 2659 1457 2694 ipsis
1471 2660 1560 2688 verbis
1576 2669 1637 2689 eum
1651 2662 1791 2690 confutare
1804 2664 1878 2690 volo-

1090 2702 1170 2735 bant;
1184 2706 1211 2729 et
1227 2710 1286 2730 cum
1302 2711 1381 2739 opera
1397 2711 1508 2740 carpere
1526 2713 1578 2733 non
1598 2713 1725 2742 possent.
1741 2715 1775 2735 ex
1789 2708 1878 2735 verbis

1089 2758 1249 2815 “ﬂagitiis
1268 2759 1454 2791 Chrysostomus
1474 2762 1595 2787 Persidem
1608 2767 1678 2789 vocat
1689 2762 1874 2795 Babyloniamet
