  <div class='ocr_page' id='page_1' title='image "/cluster/home/n/w/nwhite01/storage/ocr_20150623/59/njp.32101077772661/334.png"; bbox 0 0 2031 3118; ppageno 0'>
   <div class='ocr_carea' id='block_1_1' title="bbox 134 191 186 220">
    <p class='ocr_par' dir='ltr' id='par_1_1' title="bbox 134 191 186 220">
     <span class='ocr_line' id='line_1_1' title="bbox 134 191 186 220; baseline -0.038 0"><span class='ocrx_word' id='word_1_1' title='bbox 134 191 186 220; x_wconf 72' lang='lat'><strong>337</strong></span> 
     </span>
    </p>
   </div>
   <div class='ocr_carea' id='block_1_2' title="bbox 136 243 928 282">
    <p class='ocr_par' dir='ltr' id='par_1_2' title="bbox 136 243 928 282">
     <span class='ocr_line' id='line_1_2' title="bbox 136 243 928 282; baseline -0.008 -6"><span class='ocrx_word' id='word_1_2' title='bbox 136 255 227 276; x_wconf 82' lang='lat' dir='ltr'><strong>ansam</strong></span> <span class='ocrx_word' id='word_1_3' title='bbox 247 245 413 282; x_wconf 73' lang='lat' dir='ltr'><strong>quaerebant.</strong></span> <span class='ocrx_word' id='word_1_4' title='bbox 436 244 499 273; x_wconf 92' lang='lat' dir='ltr'><strong>ldeo</strong></span> <span class='ocrx_word' id='word_1_5' title='bbox 516 244 657 277; x_wconf 82' lang='lat' dir='ltr'><strong>dicebam,</strong></span> <span class='ocrx_word' id='word_1_6' title='bbox 681 243 730 272; x_wconf 83' lang='lat' dir='ltr'><strong>Dic</strong></span> <span class='ocrx_word' id='word_1_7' title='bbox 751 243 831 271; x_wconf 82' lang='lat' dir='ltr'><strong>nobis.</strong></span> <span class='ocrx_word' id='word_1_8' title='bbox 848 243 928 278; x_wconf 83' lang='lat' dir='ltr'><strong>Atqui</strong></span> 
     </span>
    </p>
   </div>
   <div class='ocr_carea' id='block_1_3' title="bbox 135 290 926 329">
    <p class='ocr_par' dir='ltr' id='par_1_3' title="bbox 135 290 926 329">
     <span class='ocr_line' id='line_1_3' title="bbox 135 290 926 329; baseline -0.009 -7"><span class='ocrx_word' id='word_1_9' title='bbox 135 302 207 329; x_wconf 63' lang='lat' dir='ltr'><strong>sa‘pe</strong></span> <span class='ocrx_word' id='word_1_10' title='bbox 225 293 302 321; x_wconf 93' lang='lat' dir='ltr'><strong>dixit.</strong></span> <span class='ocrx_word' id='word_1_11' title='bbox 325 292 391 319; x_wconf 86' lang='lat' dir='ltr'><strong>Nam</strong></span> <span class='ocrx_word' id='word_1_12' title='bbox 413 292 451 319; x_wconf 86' lang='lat' dir='ltr'><strong>sic</strong></span> <span class='ocrx_word' id='word_1_13' title='bbox 472 291 665 319; x_wconf 83' lang='lat' dir='ltr'><strong>Samaritanam</strong></span> <span class='ocrx_word' id='word_1_14' title='bbox 690 290 842 325; x_wconf 88' lang='lat' dir='ltr'><strong>alloquntus</strong></span> <span class='ocrx_word' id='word_1_15' title='bbox 864 293 926 316; x_wconf 87' lang='lat' dir='ltr'><strong>cst:</strong></span> 
     </span>
    </p>
   </div>
   <div class='ocr_carea' id='block_1_4' title="bbox 137 334 926 376">
    <p class='ocr_par' dir='ltr' id='par_1_4' title="bbox 137 334 926 376">
     <span class='ocr_line' id='line_1_4' title="bbox 137 334 926 376; baseline -0.008 -9"><span class='ocrx_word' id='word_1_16' title='bbox 137 340 193 376; x_wconf 82' lang='lat' dir='ltr'><strong>Ego</strong></span> <span class='ocrx_word' id='word_1_17' title='bbox 203 347 260 366; x_wconf 75' lang='lat' dir='ltr'><strong>sum</strong></span> <span class='ocrx_word' id='word_1_18' title='bbox 275 339 317 374; x_wconf 98' lang='lat' dir='ltr'><strong>qui</strong></span> <span class='ocrx_word' id='word_1_19' title='bbox 327 339 417 374; x_wconf 89' lang='lat' dir='ltr'><strong>loquor</strong></span> <span class='ocrx_word' id='word_1_20' title='bbox 427 343 507 364; x_wconf 80' lang='lat' dir='ltr'><strong>tecum</strong></span> <span class='ocrx_word' id='word_1_21' title='bbox 521 337 609 372; x_wconf 82' lang='lat' dir='ltr'><strong>(Joan.</strong></span> <span class='ocrx_word' id='word_1_22' title='bbox 622 337 651 364; x_wconf 72' lang='grc'><strong>4.</strong></span> <span class='ocrx_word' id='word_1_23' title='bbox 662 336 707 371; x_wconf 69' lang='lat'><strong>26)</strong></span> <span class='ocrx_word' id='word_1_24' title='bbox 724 340 751 363; x_wconf 91' lang='lat' dir='ltr'><strong>et</strong></span> <span class='ocrx_word' id='word_1_25' title='bbox 761 342 832 363; x_wconf 68' lang='lat' dir='ltr'><strong>caeco</strong></span> <span class='ocrx_word' id='word_1_26' title='bbox 841 334 926 362; x_wconf 92' lang='lat' dir='ltr'><strong>dixit:</strong></span> 
     </span>
    </p>
   </div>
   <div class='ocr_carea' id='block_1_5' title="bbox 136 381 925 420">
    <p class='ocr_par' dir='ltr' id='par_1_5' title="bbox 136 381 925 420">
     <span class='ocr_line' id='line_1_5' title="bbox 136 381 925 420; baseline -0.008 -6"><span class='ocrx_word' id='word_1_27' title='bbox 136 387 170 415; x_wconf 83' lang='lat' dir='ltr'><strong>Et</strong></span> <span class='ocrx_word' id='word_1_28' title='bbox 183 387 266 414; x_wconf 77' lang='lat' dir='ltr'><strong>vidisti</strong></span> <span class='ocrx_word' id='word_1_29' title='bbox 289 394 364 418; x_wconf 85' lang='lat' dir='ltr'><strong>eum,</strong></span> <span class='ocrx_word' id='word_1_30' title='bbox 385 389 408 413; x_wconf 87' lang='lat' dir='ltr'><strong>et</strong></span> <span class='ocrx_word' id='word_1_31' title='bbox 425 385 469 420; x_wconf 86' lang='lat' dir='ltr'><strong>qui</strong></span> <span class='ocrx_word' id='word_1_32' title='bbox 484 384 594 420; x_wconf 80' lang='lat' dir='ltr'><strong>loquitur</strong></span> <span class='ocrx_word' id='word_1_33' title='bbox 612 388 705 416; x_wconf 81' lang='lat' dir='ltr'><strong>tecum,</strong></span> <span class='ocrx_word' id='word_1_34' title='bbox 721 383 765 410; x_wconf 88' lang='lat' dir='ltr'><strong>ille</strong></span> <span class='ocrx_word' id='word_1_35' title='bbox 782 388 818 409; x_wconf 89' lang='lat' dir='ltr'><strong>est</strong></span> <span class='ocrx_word' id='word_1_36' title='bbox 841 381 925 418; x_wconf 82' lang='lat' dir='ltr'><strong>(Ibid.</strong></span> 
     </span>
    </p>
   </div>
   <div class='ocr_carea' id='block_1_6' title="bbox 133 427 927 469">
    <p class='ocr_par' dir='ltr' id='par_1_6' title="bbox 133 427 927 469">
     <span class='ocr_line' id='line_1_6' title="bbox 133 427 927 469; baseline -0.011 -6"><span class='ocrx_word' id='word_1_37' title='bbox 133 435 161 463; x_wconf 81' lang='lat'><strong>9.</strong></span> <span class='ocrx_word' id='word_1_38' title='bbox 176 434 232 469; x_wconf 75' lang='grc'><strong>57).</strong></span> <span class='ocrx_word' id='word_1_39' title='bbox 249 433 302 460; x_wconf 91' lang='lat' dir='ltr'><strong>Illis</strong></span> <span class='ocrx_word' id='word_1_40' title='bbox 322 440 428 468; x_wconf 86' lang='lat' dir='ltr'><strong>quoque</strong></span> <span class='ocrx_word' id='word_1_41' title='bbox 447 431 529 464; x_wconf 80' lang='lat' dir='ltr'><strong>dixit,</strong></span> <span class='ocrx_word' id='word_1_42' title='bbox 551 430 597 458; x_wconf 89' lang='lat' dir='ltr'><strong>sed</strong></span> <span class='ocrx_word' id='word_1_43' title='bbox 617 430 675 458; x_wconf 88' lang='lat' dir='ltr'><strong>aliis</strong></span> <span class='ocrx_word' id='word_1_44' title='bbox 694 430 792 457; x_wconf 79' lang='lat' dir='ltr'><strong>verbis.</strong></span> <span class='ocrx_word' id='word_1_45' title='bbox 808 428 888 463; x_wconf 81' lang='lat' dir='ltr'><strong>Atqui</strong></span> <span class='ocrx_word' id='word_1_46' title='bbox 905 427 927 454; x_wconf 89' lang='lat' dir='ltr'><strong>si</strong></span> 
     </span>
    </p>
   </div>
   <div class='ocr_carea' id='block_1_7' title="bbox 135 475 929 512">
    <p class='ocr_par' dir='ltr' id='par_1_7' title="bbox 135 475 929 512">
     <span class='ocr_line' id='line_1_7' title="bbox 135 475 929 512; baseline -0.011 -3"><span class='ocrx_word' id='word_1_47' title='bbox 135 486 224 509; x_wconf 86' lang='lat' dir='ltr'><strong>mente</strong></span> <span class='ocrx_word' id='word_1_48' title='bbox 238 480 401 512; x_wconf 86' lang='lat' dir='ltr'><strong>valuissent,</strong></span> <span class='ocrx_word' id='word_1_49' title='bbox 416 483 442 506; x_wconf 93' lang='lat' dir='ltr'><strong>et</strong></span> <span class='ocrx_word' id='word_1_50' title='bbox 457 482 529 505; x_wconf 89' lang='lat' dir='ltr'><strong>recte</strong></span> <span class='ocrx_word' id='word_1_51' title='bbox 542 476 683 512; x_wconf 82' lang='lat' dir='ltr'><strong>explorare</strong></span> <span class='ocrx_word' id='word_1_52' title='bbox 695 475 856 506; x_wconf 86' lang='lat' dir='ltr'><strong>voluissent,</strong></span> <span class='ocrx_word' id='word_1_53' title='bbox 868 481 929 501; x_wconf 84' lang='lat' dir='ltr'><strong>ver-</strong></span> 
     </span>
    </p>
   </div>
   <div class='ocr_carea' id='block_1_8' title="bbox 136 519 927 561">
    <p class='ocr_par' dir='ltr' id='par_1_8' title="bbox 136 519 927 561">
     <span class='ocr_line' id='line_1_8' title="bbox 136 519 927 561; baseline -0.01 -8"><span class='ocrx_word' id='word_1_54' title='bbox 136 527 175 554; x_wconf 83' lang='lat' dir='ltr'><strong>bis</strong></span> <span class='ocrx_word' id='word_1_55' title='bbox 202 526 288 561; x_wconf 88' lang='lat' dir='ltr'><strong>ipsum</strong></span> <span class='ocrx_word' id='word_1_56' title='bbox 315 523 436 552; x_wconf 88' lang='lat' dir='ltr'><strong>conﬁteri</strong></span> <span class='ocrx_word' id='word_1_57' title='bbox 464 522 634 553; x_wconf 85' lang='lat' dir='ltr'><strong>debuissent,</strong></span> <span class='ocrx_word' id='word_1_58' title='bbox 661 521 704 556; x_wconf 88' lang='lat' dir='ltr'><strong>qui</strong></span> <span class='ocrx_word' id='word_1_59' title='bbox 729 520 854 555; x_wconf 81' lang='lat' dir='ltr'><strong>operibus</strong></span> <span class='ocrx_word' id='word_1_60' title='bbox 876 519 927 546; x_wconf 88' lang='lat' dir='ltr'><strong>hoc</strong></span> 
     </span>
    </p>
   </div>
   <div class='ocr_carea' id='block_1_9' title="bbox 136 567 928 609">
    <p class='ocr_par' dir='ltr' id='par_1_9' title="bbox 136 567 928 609">
     <span class='ocr_line' id='line_1_9' title="bbox 136 567 928 609; baseline -0.011 -8"><span class='ocrx_word' id='word_1_61' title='bbox 136 574 222 609; x_wconf 85' lang='lat' dir='ltr'><strong>ipsum</strong></span> <span class='ocrx_word' id='word_1_62' title='bbox 242 579 315 607; x_wconf 64' lang='lat' dir='ltr'><strong>saepe</strong></span> <span class='ocrx_word' id='word_1_63' title='bbox 334 570 563 604; x_wconf 85' lang='lat' dir='ltr'><strong>comprobaverat.</strong></span> <span class='ocrx_word' id='word_1_64' title='bbox 583 567 658 595; x_wconf 86' lang='lat' dir='ltr'><strong>Nunc</strong></span> <span class='ocrx_word' id='word_1_65' title='bbox 671 574 735 594; x_wconf 92' lang='lat' dir='ltr'><strong>vero</strong></span> <span class='ocrx_word' id='word_1_66' title='bbox 748 567 853 594; x_wconf 88' lang='lat' dir='ltr'><strong>illorum</strong></span> <span class='ocrx_word' id='word_1_67' title='bbox 867 573 928 600; x_wconf 88' lang='lat' dir='ltr'><strong>per-</strong></span> 
     </span>
    </p>
   </div>
   <div class='ocr_carea' id='block_1_10' title="bbox 137 611 926 647">
    <p class='ocr_par' dir='ltr' id='par_1_10' title="bbox 137 611 926 647">
     <span class='ocr_line' id='line_1_10' title="bbox 137 611 926 647; baseline -0.011 0"><span class='ocrx_word' id='word_1_68' title='bbox 137 619 288 647; x_wconf 81' lang='lat' dir='ltr'><strong>versitatem</strong></span> <span class='ocrx_word' id='word_1_69' title='bbox 302 616 453 645; x_wconf 87' lang='lat' dir='ltr'><strong>considera.</strong></span> <span class='ocrx_word' id='word_1_70' title='bbox 469 615 536 643; x_wconf 90' lang='lat' dir='ltr'><strong>Cum</strong></span> <span class='ocrx_word' id='word_1_71' title='bbox 551 615 725 642; x_wconf 87' lang='lat' dir='ltr'><strong>coneiouatur</strong></span> <span class='ocrx_word' id='word_1_72' title='bbox 739 618 766 640; x_wconf 90' lang='lat' dir='ltr'><strong>et</strong></span> <span class='ocrx_word' id='word_1_73' title='bbox 780 612 868 640; x_wconf 78' lang='lat' dir='ltr'><strong>verbis</strong></span> <span class='ocrx_word' id='word_1_74' title='bbox 878 611 926 639; x_wconf 90' lang='lat' dir='ltr'><strong>do-</strong></span> 
     </span>
    </p>
   </div>
   <div class='ocr_carea' id='block_1_11' title="bbox 135 657 926 699">
    <p class='ocr_par' dir='ltr' id='par_1_11' title="bbox 135 657 926 699">
     <span class='ocr_line' id='line_1_11' title="bbox 135 657 926 699; baseline -0.013 -5"><span class='ocrx_word' id='word_1_75' title='bbox 135 670 194 699; x_wconf 87' lang='lat' dir='ltr'><strong>cet,</strong></span> <span class='ocrx_word' id='word_1_76' title='bbox 210 666 284 692; x_wconf 86' lang='lat' dir='ltr'><strong>aiunt</strong></span> <span class='ocrx_word' id='word_1_77' title='bbox 298 673 305 690; x_wconf 89' lang='lat'>:</span> <span class='ocrx_word' id='word_1_78' title='bbox 322 663 397 697; x_wconf 82' lang='lat' dir='ltr'><strong>Quod</strong></span> <span class='ocrx_word' id='word_1_79' title='bbox 406 662 505 697; x_wconf 86' lang='lat' dir='ltr'><strong>signum</strong></span> <span class='ocrx_word' id='word_1_80' title='bbox 519 660 648 688; x_wconf 79' lang='lat' dir='ltr'><strong>ostendis?</strong></span> <span class='ocrx_word' id='word_1_81' title='bbox 662 659 727 687; x_wconf 88' lang='lat' dir='ltr'><strong>Cum</strong></span> <span class='ocrx_word' id='word_1_82' title='bbox 739 664 826 686; x_wconf 91' lang='lat' dir='ltr'><strong>autem</strong></span> <span class='ocrx_word' id='word_1_83' title='bbox 838 657 926 692; x_wconf 89' lang='lat' dir='ltr'><strong>operi-</strong></span> 
     </span>
    </p>
   </div>
   <div class='ocr_carea' id='block_1_12' title="bbox 135 704 926 742">
    <p class='ocr_par' dir='ltr' id='par_1_12' title="bbox 135 704 926 742">
     <span class='ocr_line' id='line_1_12' title="bbox 135 704 926 742; baseline -0.011 -3"><span class='ocrx_word' id='word_1_84' title='bbox 135 712 184 739; x_wconf 88' lang='lat' dir='ltr'><strong>bus</strong></span> <span class='ocrx_word' id='word_1_85' title='bbox 203 710 445 739; x_wconf 74' lang='lat' dir='ltr'><strong>demonstrationes</strong></span> <span class='ocrx_word' id='word_1_86' title='bbox 465 707 581 742; x_wconf 78' lang='lat' dir='ltr'><strong>profert,</strong></span> <span class='ocrx_word' id='word_1_87' title='bbox 605 706 696 733; x_wconf 92' lang='lat' dir='ltr'><strong>dicunt</strong></span> <span class='ocrx_word' id='word_1_88' title='bbox 718 705 754 732; x_wconf 88' lang='lat' dir='ltr'><strong>illi</strong></span> <span class='ocrx_word' id='word_1_89' title='bbox 773 713 779 731; x_wconf 91' lang='lat'><strong>:</strong></span> <span class='ocrx_word' id='word_1_90' title='bbox 796 704 827 732; x_wconf 89' lang='lat' dir='ltr'><strong>Si</strong></span> <span class='ocrx_word' id='word_1_91' title='bbox 850 709 876 731; x_wconf 89' lang='lat' dir='ltr'><strong>tu</strong></span> <span class='ocrx_word' id='word_1_92' title='bbox 900 712 926 731; x_wconf 84' lang='lat' dir='ltr'><strong>es</strong></span> 
     </span>
    </p>
   </div>
   <div class='ocr_carea' id='block_1_13' title="bbox 134 749 924 789">
    <p class='ocr_par' dir='ltr' id='par_1_13' title="bbox 134 749 924 789">
     <span class='ocr_line' id='line_1_13' title="bbox 134 749 924 789; baseline -0.009 -6"><span class='ocrx_word' id='word_1_93' title='bbox 134 757 259 789; x_wconf 82' lang='lat' dir='ltr'><strong>Christus,</strong></span> <span class='ocrx_word' id='word_1_94' title='bbox 274 755 315 781; x_wconf 81' lang='lat' dir='ltr'><strong>die</strong></span> <span class='ocrx_word' id='word_1_95' title='bbox 328 754 398 781; x_wconf 80' lang='lat' dir='ltr'><strong>nobis</strong></span> <span class='ocrx_word' id='word_1_96' title='bbox 413 753 509 789; x_wconf 80' lang='lat' dir='ltr'><strong>palam.</strong></span> <span class='ocrx_word' id='word_1_97' title='bbox 526 753 591 780; x_wconf 84' lang='lat' dir='ltr'><strong>Dum</strong></span> <span class='ocrx_word' id='word_1_98' title='bbox 602 759 684 787; x_wconf 85' lang='lat' dir='ltr'><strong>opera</strong></span> <span class='ocrx_word' id='word_1_99' title='bbox 694 751 828 783; x_wconf 90' lang='lat' dir='ltr'><strong>clamant,</strong></span> <span class='ocrx_word' id='word_1_100' title='bbox 843 749 924 777; x_wconf 87' lang='lat' dir='ltr'><strong>verba</strong></span> 
     </span>
    </p>
   </div>
   <div class='ocr_carea' id='block_1_14' title="bbox 133 796 923 837">
    <p class='ocr_par' dir='ltr' id='par_1_14' title="bbox 133 796 923 837">
     <span class='ocr_line' id='line_1_14' title="bbox 133 796 923 837; baseline -0.01 -7"><span class='ocrx_word' id='word_1_101' title='bbox 133 807 273 837; x_wconf 69' lang='lat' dir='ltr'><strong>qumrunt;</strong></span> <span class='ocrx_word' id='word_1_102' title='bbox 289 806 386 829; x_wconf 92' lang='lat' dir='ltr'><strong>etcum</strong></span> <span class='ocrx_word' id='word_1_103' title='bbox 398 800 478 827; x_wconf 88' lang='lat' dir='ltr'><strong>verba</strong></span> <span class='ocrx_word' id='word_1_104' title='bbox 494 799 605 832; x_wconf 86' lang='lat' dir='ltr'><strong>docent,</strong></span> <span class='ocrx_word' id='word_1_105' title='bbox 620 798 653 825; x_wconf 92' lang='lat' dir='ltr'><strong>ad</strong></span> <span class='ocrx_word' id='word_1_106' title='bbox 665 805 746 832; x_wconf 80' lang='lat' dir='ltr'><strong>opera</strong></span> <span class='ocrx_word' id='word_1_107' title='bbox 757 796 923 831; x_wconf 82' lang='lat' dir='ltr'><strong>confugiunt,</strong></span> 
     </span>
    </p>
   </div>
   <div class='ocr_carea' id='block_1_15' title="bbox 133 841 925 882">
    <p class='ocr_par' dir='ltr' id='par_1_15' title="bbox 133 841 925 882">
     <span class='ocr_line' id='line_1_15' title="bbox 133 841 925 882; baseline -0.008 -7"><span class='ocrx_word' id='word_1_108' title='bbox 133 847 327 882; x_wconf 89' lang='lat' dir='ltr'><strong>cotttrariisque</strong></span> <span class='ocrx_word' id='word_1_109' title='bbox 356 853 462 881; x_wconf 87' lang='lat' dir='ltr'><strong>semper</strong></span> <span class='ocrx_word' id='word_1_110' title='bbox 482 845 616 872; x_wconf 90' lang='lat' dir='ltr'><strong>insistunt.</strong></span> <span class='ocrx_word' id='word_1_111' title='bbox 631 843 707 878; x_wconf 85' lang='lat' dir='ltr'><strong>Quod</strong></span> <span class='ocrx_word' id='word_1_112' title='bbox 722 843 792 871; x_wconf 90' lang='lat' dir='ltr'><strong>enim</strong></span> <span class='ocrx_word' id='word_1_113' title='bbox 811 850 863 870; x_wconf 93' lang='lat' dir='ltr'><strong>non</strong></span> <span class='ocrx_word' id='word_1_114' title='bbox 884 841 925 869; x_wconf 90' lang='lat' dir='ltr'><strong>di-</strong></span> 
     </span>
    </p>
   </div>
   <div class='ocr_carea' id='block_1_16' title="bbox 132 888 923 926">
    <p class='ocr_par' dir='ltr' id='par_1_16' title="bbox 132 888 923 926">
     <span class='ocr_line' id='line_1_16' title="bbox 132 888 923 926; baseline -0.009 -5"><span class='ocrx_word' id='word_1_115' title='bbox 132 893 224 921; x_wconf 86' lang='lat' dir='ltr'><strong>scendi</strong></span> <span class='ocrx_word' id='word_1_116' title='bbox 233 900 312 920; x_wconf 82' lang='lat' dir='ltr'><strong>causa</strong></span> <span class='ocrx_word' id='word_1_117' title='bbox 323 892 527 926; x_wconf 77' lang='lat' dir='ltr'><strong>interrogarent,</strong></span> <span class='ocrx_word' id='word_1_118' title='bbox 539 890 626 918; x_wconf 84' lang='lat' dir='ltr'><strong>exitus</strong></span> <span class='ocrx_word' id='word_1_119' title='bbox 634 888 923 922; x_wconf 86' lang='lat' dir='ltr'><strong>demonstravit.Quem</strong></span> 
     </span>
    </p>
   </div>
   <div class='ocr_carea' id='block_1_17' title="bbox 133 932 923 972">
    <p class='ocr_par' dir='ltr' id='par_1_17' title="bbox 133 932 923 972">
     <span class='ocr_line' id='line_1_17' title="bbox 133 932 923 972; baseline -0.009 -6"><span class='ocrx_word' id='word_1_120' title='bbox 133 939 205 966; x_wconf 88' lang='lat' dir='ltr'><strong>enim</strong></span> <span class='ocrx_word' id='word_1_121' title='bbox 224 939 259 965; x_wconf 90' lang='lat' dir='ltr'><strong>ita</strong></span> <span class='ocrx_word' id='word_1_122' title='bbox 276 937 326 965; x_wconf 87' lang='lat' dir='ltr'><strong>lide</strong></span> <span class='ocrx_word' id='word_1_123' title='bbox 339 937 448 971; x_wconf 81' lang='lat' dir='ltr'><strong>dignum</strong></span> <span class='ocrx_word' id='word_1_124' title='bbox 465 936 607 972; x_wconf 78' lang='lat' dir='ltr'><strong>putabant,</strong></span> <span class='ocrx_word' id='word_1_125' title='bbox 628 940 658 962; x_wconf 89' lang='lat' dir='ltr'><strong>ut</strong></span> <span class='ocrx_word' id='word_1_126' title='bbox 676 934 709 962; x_wconf 91' lang='lat' dir='ltr'><strong>de</strong></span> <span class='ocrx_word' id='word_1_127' title='bbox 723 934 811 969; x_wconf 90' lang='lat' dir='ltr'><strong>seipso</strong></span> <span class='ocrx_word' id='word_1_128' title='bbox 828 932 923 960; x_wconf 88' lang='lat' dir='ltr'><strong>testiﬁ-</strong></span> 
     </span>
    </p>
   </div>
   <div class='ocr_carea' id='block_1_18' title="bbox 131 980 924 1017">
    <p class='ocr_par' dir='ltr' id='par_1_18' title="bbox 131 980 924 1017">
     <span class='ocr_line' id='line_1_18' title="bbox 131 980 924 1017; baseline -0.008 -5"><span class='ocrx_word' id='word_1_129' title='bbox 131 989 236 1012; x_wconf 84' lang='lat' dir='ltr'><strong>cantem</strong></span> <span class='ocrx_word' id='word_1_130' title='bbox 247 983 436 1015; x_wconf 86' lang='lat' dir='ltr'><strong>admitterent,</strong></span> <span class='ocrx_word' id='word_1_131' title='bbox 451 982 491 1009; x_wconf 87' lang='lat' dir='ltr'><strong>vel</strong></span> <span class='ocrx_word' id='word_1_132' title='bbox 503 989 584 1017; x_wconf 90' lang='lat' dir='ltr'><strong>pauca</strong></span> <span class='ocrx_word' id='word_1_133' title='bbox 599 982 749 1016; x_wconf 83' lang='lat' dir='ltr'><strong>loquentem</strong></span> <span class='ocrx_word' id='word_1_134' title='bbox 760 1002 767 1014; x_wconf 91' lang='lat'><strong>,</strong></span> <span class='ocrx_word' id='word_1_135' title='bbox 782 980 870 1007; x_wconf 82' lang='lat' dir='ltr'><strong>statim</strong></span> <span class='ocrx_word' id='word_1_136' title='bbox 883 980 924 1007; x_wconf 90' lang='lat' dir='ltr'><strong>la-</strong></span> 
     </span>
    </p>
   </div>
   <div class='ocr_carea' id='block_1_19' title="bbox 133 1026 924 1065">
    <p class='ocr_par' dir='ltr' id='par_1_19' title="bbox 133 1026 924 1065">
     <span class='ocr_line' id='line_1_19' title="bbox 133 1026 924 1065; baseline -0.006 -8"><span class='ocrx_word' id='word_1_137' title='bbox 133 1031 237 1065; x_wconf 86' lang='lat' dir='ltr'><strong>pidibus</strong></span> <span class='ocrx_word' id='word_1_138' title='bbox 254 1029 394 1064; x_wconf 89' lang='lat' dir='ltr'><strong>impetunt.</strong></span> <span class='ocrx_word' id='word_1_139' title='bbox 410 1028 499 1063; x_wconf 90' lang='lat' dir='ltr'><strong>Itaque</strong></span> <span class='ocrx_word' id='word_1_140' title='bbox 520 1027 589 1062; x_wconf 92' lang='lat' dir='ltr'><strong>quod</strong></span> <span class='ocrx_word' id='word_1_141' title='bbox 610 1026 808 1054; x_wconf 83' lang='lat' dir='ltr'><strong>circumdarent</strong></span> <span class='ocrx_word' id='word_1_142' title='bbox 819 1033 881 1053; x_wconf 89' lang='lat' dir='ltr'><strong>eum</strong></span> <span class='ocrx_word' id='word_1_143' title='bbox 897 1029 924 1052; x_wconf 87' lang='lat' dir='ltr'><strong>et</strong></span> 
     </span>
    </p>
   </div>
   <div class='ocr_carea' id='block_1_20' title="bbox 132 1071 923 1109">
    <p class='ocr_par' dir='ltr' id='par_1_20' title="bbox 132 1071 923 1109">
     <span class='ocr_line' id='line_1_20' title="bbox 132 1071 923 1109; baseline -0.008 -5"><span class='ocrx_word' id='word_1_144' title='bbox 132 1078 280 1109; x_wconf 85' lang='lat' dir='ltr'><strong>instarent,</strong></span> <span class='ocrx_word' id='word_1_145' title='bbox 296 1075 321 1102; x_wconf 93' lang='lat' dir='ltr'><strong>id</strong></span> <span class='ocrx_word' id='word_1_146' title='bbox 335 1083 366 1102; x_wconf 88' lang='lat' dir='ltr'><strong>ex</strong></span> <span class='ocrx_word' id='word_1_147' title='bbox 381 1074 497 1109; x_wconf 88' lang='lat' dir='ltr'><strong>nequitia</strong></span> <span class='ocrx_word' id='word_1_148' title='bbox 511 1073 737 1108; x_wconf 89' lang='lat' dir='ltr'><strong>proﬁciscebatur.</strong></span> <span class='ocrx_word' id='word_1_149' title='bbox 752 1071 845 1099; x_wconf 86' lang='lat' dir='ltr'><strong>Modus</strong></span> <span class='ocrx_word' id='word_1_150' title='bbox 856 1078 923 1106; x_wconf 87' lang='lat' dir='ltr'><strong>quo-</strong></span> 
     </span>
    </p>
   </div>
   <div class='ocr_carea' id='block_1_21' title="bbox 131 1115 924 1158">
    <p class='ocr_par' dir='ltr' id='par_1_21' title="bbox 131 1115 924 1158">
     <span class='ocr_line' id='line_1_21' title="bbox 131 1115 924 1158; baseline -0.009 -9"><span class='ocrx_word' id='word_1_151' title='bbox 131 1130 184 1158; x_wconf 87' lang='lat' dir='ltr'><strong>que</strong></span> <span class='ocrx_word' id='word_1_152' title='bbox 197 1120 379 1156; x_wconf 85' lang='lat' dir='ltr'><strong>interrogandi</strong></span> <span class='ocrx_word' id='word_1_153' title='bbox 398 1120 511 1147; x_wconf 90' lang='lat' dir='ltr'><strong>ntultum</strong></span> <span class='ocrx_word' id='word_1_154' title='bbox 531 1127 584 1154; x_wconf 61' lang='lat' dir='ltr'><strong>prae</strong></span> <span class='ocrx_word' id='word_1_155' title='bbox 601 1125 631 1146; x_wconf 86' lang='lat' dir='ltr'><strong>se</strong></span> <span class='ocrx_word' id='word_1_156' title='bbox 646 1118 747 1145; x_wconf 75' lang='lat' dir='ltr'><strong>ferebat</strong></span> <span class='ocrx_word' id='word_1_157' title='bbox 759 1116 860 1145; x_wconf 90' lang='lat' dir='ltr'><strong>odium.</strong></span> <span class='ocrx_word' id='word_1_158' title='bbox 875 1115 924 1143; x_wconf 87' lang='lat' dir='ltr'><strong>Dic</strong></span> 
     </span>
    </p>
   </div>
   <div class='ocr_carea' id='block_1_22' title="bbox 132 1162 923 1202">
    <p class='ocr_par' dir='ltr' id='par_1_22' title="bbox 132 1162 923 1202">
     <span class='ocr_line' id='line_1_22' title="bbox 132 1162 923 1202; baseline -0.008 -8"><span class='ocrx_word' id='word_1_159' title='bbox 132 1168 203 1194; x_wconf 85' lang='lat' dir='ltr'><strong>nobis</strong></span> <span class='ocrx_word' id='word_1_160' title='bbox 219 1167 314 1202; x_wconf 84' lang='lat' dir='ltr'><strong>palam,</strong></span> <span class='ocrx_word' id='word_1_161' title='bbox 329 1167 352 1194; x_wconf 85' lang='lat' dir='ltr'><strong>si</strong></span> <span class='ocrx_word' id='word_1_162' title='bbox 366 1171 393 1193; x_wconf 89' lang='lat' dir='ltr'><strong>tu</strong></span> <span class='ocrx_word' id='word_1_163' title='bbox 401 1174 430 1193; x_wconf 79' lang='lat' dir='ltr'><strong>es</strong></span> <span class='ocrx_word' id='word_1_164' title='bbox 444 1165 569 1193; x_wconf 72' lang='lat' dir='ltr'><strong>Christus.</strong></span> <span class='ocrx_word' id='word_1_165' title='bbox 584 1164 663 1199; x_wconf 84' lang='lat' dir='ltr'><strong>Atqui</strong></span> <span class='ocrx_word' id='word_1_166' title='bbox 677 1163 764 1198; x_wconf 83' lang='lat' dir='ltr'><strong>palam</strong></span> <span class='ocrx_word' id='word_1_167' title='bbox 776 1162 819 1190; x_wconf 83' lang='lat' dir='ltr'><strong>ille</strong></span> <span class='ocrx_word' id='word_1_168' title='bbox 832 1162 923 1196; x_wconf 88' lang='lat' dir='ltr'><strong>loque-</strong></span> 
     </span>
    </p>
   </div>
   <div class='ocr_carea' id='block_1_23' title="bbox 132 1206 924 1245">
    <p class='ocr_par' dir='ltr' id='par_1_23' title="bbox 132 1206 924 1245">
     <span class='ocr_line' id='line_1_23' title="bbox 132 1206 924 1245; baseline -0.008 -6"><span class='ocrx_word' id='word_1_169' title='bbox 132 1212 209 1240; x_wconf 80' lang='lat' dir='ltr'><strong>batur</strong></span> <span class='ocrx_word' id='word_1_170' title='bbox 222 1212 248 1239; x_wconf 92' lang='lat' dir='ltr'><strong>in</strong></span> <span class='ocrx_word' id='word_1_171' title='bbox 259 1211 488 1244; x_wconf 81' lang='lat' dir='ltr'><strong>solemnitatibus,</strong></span> <span class='ocrx_word' id='word_1_172' title='bbox 505 1210 600 1245; x_wconf 87' lang='lat' dir='ltr'><strong>quibus</strong></span> <span class='ocrx_word' id='word_1_173' title='bbox 613 1216 719 1243; x_wconf 88' lang='lat' dir='ltr'><strong>semper</strong></span> <span class='ocrx_word' id='word_1_174' title='bbox 729 1208 831 1241; x_wconf 88' lang='lat' dir='ltr'><strong>aderat,</strong></span> <span class='ocrx_word' id='word_1_175' title='bbox 845 1206 924 1234; x_wconf 89' lang='lat' dir='ltr'><strong>nihil-</strong></span> 
     </span>
    </p>
   </div>
   <div class='ocr_carea' id='block_1_24' title="bbox 131 1250 925 1292">
    <p class='ocr_par' dir='ltr' id='par_1_24' title="bbox 131 1250 925 1292">
     <span class='ocr_line' id='line_1_24' title="bbox 131 1250 925 1292; baseline -0.008 -8"><span class='ocrx_word' id='word_1_176' title='bbox 131 1265 181 1292; x_wconf 91' lang='lat' dir='ltr'><strong>qnc</strong></span> <span class='ocrx_word' id='word_1_177' title='bbox 190 1250 260 1284; x_wconf 72' lang='lat' dir='ltr'><strong>clain</strong></span> <span class='ocrx_word' id='word_1_178' title='bbox 271 1256 392 1289; x_wconf 81' lang='lat' dir='ltr'><strong>dicebat;</strong></span> <span class='ocrx_word' id='word_1_179' title='bbox 406 1256 518 1289; x_wconf 83' lang='lat' dir='ltr'><strong>ideoque</strong></span> <span class='ocrx_word' id='word_1_180' title='bbox 526 1254 666 1282; x_wconf 84' lang='lat' dir='ltr'><strong>adulantes</strong></span> <span class='ocrx_word' id='word_1_181' title='bbox 677 1254 777 1285; x_wconf 86' lang='lat' dir='ltr'><strong>dicunt,</strong></span> <span class='ocrx_word' id='word_1_182' title='bbox 789 1252 925 1287; x_wconf 77' lang='lat' dir='ltr'><strong>Quousque</strong></span> 
     </span>
    </p>
   </div>
   <div class='ocr_carea' id='block_1_25' title="bbox 131 1297 922 1335">
    <p class='ocr_par' dir='ltr' id='par_1_25' title="bbox 131 1297 922 1335">
     <span class='ocr_line' id='line_1_25' title="bbox 131 1297 922 1335; baseline -0.005 -6"><span class='ocrx_word' id='word_1_183' title='bbox 131 1303 244 1330; x_wconf 83' lang='lat' dir='ltr'><strong>animant</strong></span> <span class='ocrx_word' id='word_1_184' title='bbox 258 1307 371 1329; x_wconf 84' lang='lat' dir='ltr'><strong>nostram</strong></span> <span class='ocrx_word' id='word_1_185' title='bbox 384 1301 471 1328; x_wconf 71' lang='lat' dir='ltr'><strong>tollis?</strong></span> <span class='ocrx_word' id='word_1_186' title='bbox 486 1305 514 1328; x_wconf 90' lang='lat' dir='ltr'><strong>ut</strong></span> <span class='ocrx_word' id='word_1_187' title='bbox 529 1304 705 1335; x_wconf 77' lang='lat' dir='ltr'><strong>pravocautes</strong></span> <span class='ocrx_word' id='word_1_188' title='bbox 715 1320 722 1333; x_wconf 96' lang='lat'><strong>,</strong></span> <span class='ocrx_word' id='word_1_189' title='bbox 738 1299 855 1334; x_wconf 82' lang='lat' dir='ltr'><strong>aliquam</strong></span> <span class='ocrx_word' id='word_1_190' title='bbox 869 1297 922 1325; x_wconf 88' lang='lat' dir='ltr'><strong>cri-</strong></span> 
     </span>
    </p>
   </div>
   <div class='ocr_carea' id='block_1_26' title="bbox 129 1343 924 1381">
    <p class='ocr_par' dir='ltr' id='par_1_26' title="bbox 129 1343 924 1381">
     <span class='ocr_line' id='line_1_26' title="bbox 129 1343 924 1381; baseline -0.006 -6"><span class='ocrx_word' id='word_1_191' title='bbox 129 1347 249 1375; x_wconf 75' lang='lat' dir='ltr'><strong>minandi</strong></span> <span class='ocrx_word' id='word_1_192' title='bbox 269 1355 362 1374; x_wconf 90' lang='lat' dir='ltr'><strong>ausam</strong></span> <span class='ocrx_word' id='word_1_193' title='bbox 383 1347 528 1381; x_wconf 82' lang='lat' dir='ltr'><strong>reperiant.</strong></span> <span class='ocrx_word' id='word_1_194' title='bbox 551 1345 634 1379; x_wconf 79' lang='lat' dir='ltr'><strong>Quod</strong></span> <span class='ocrx_word' id='word_1_195' title='bbox 656 1345 727 1372; x_wconf 93' lang='lat' dir='ltr'><strong>enim</strong></span> <span class='ocrx_word' id='word_1_196' title='bbox 751 1351 858 1379; x_wconf 87' lang='lat' dir='ltr'><strong>semper</strong></span> <span class='ocrx_word' id='word_1_197' title='bbox 878 1343 924 1370; x_wconf 92' lang='lat' dir='ltr'><strong>illo</strong></span> 
     </span>
    </p>
   </div>
   <div class='ocr_carea' id='block_1_27' title="bbox 130 1390 922 1429">
    <p class='ocr_par' dir='ltr' id='par_1_27' title="bbox 130 1390 922 1429">
     <span class='ocr_line' id='line_1_27' title="bbox 130 1390 922 1429; baseline -0.003 -9"><span class='ocrx_word' id='word_1_198' title='bbox 130 1395 223 1422; x_wconf 82' lang='lat' dir='ltr'><strong>animo</strong></span> <span class='ocrx_word' id='word_1_199' title='bbox 243 1394 454 1429; x_wconf 83' lang='lat' dir='ltr'><strong>interrogarent,</strong></span> <span class='ocrx_word' id='word_1_200' title='bbox 470 1400 524 1420; x_wconf 93' lang='lat' dir='ltr'><strong>non</strong></span> <span class='ocrx_word' id='word_1_201' title='bbox 543 1396 571 1420; x_wconf 90' lang='lat' dir='ltr'><strong>ut</strong></span> <span class='ocrx_word' id='word_1_202' title='bbox 587 1392 731 1424; x_wconf 84' lang='lat' dir='ltr'><strong>discerent,</strong></span> <span class='ocrx_word' id='word_1_203' title='bbox 743 1391 790 1419; x_wconf 88' lang='lat' dir='ltr'><strong>sed</strong></span> <span class='ocrx_word' id='word_1_204' title='bbox 811 1395 840 1418; x_wconf 88' lang='lat' dir='ltr'><strong>ut</strong></span> <span class='ocrx_word' id='word_1_205' title='bbox 852 1390 922 1418; x_wconf 82' lang='lat' dir='ltr'><strong>dicta</strong></span> 
     </span>
    </p>
   </div>
   <div class='ocr_carea' id='block_1_28' title="bbox 130 1437 924 1475">
    <p class='ocr_par' dir='ltr' id='par_1_28' title="bbox 130 1437 924 1475">
     <span class='ocr_line' id='line_1_28' title="bbox 130 1437 924 1475; baseline -0.004 -8"><span class='ocrx_word' id='word_1_206' title='bbox 130 1444 291 1475; x_wconf 85' lang='lat' dir='ltr'><strong>carperent,</strong></span> <span class='ocrx_word' id='word_1_207' title='bbox 304 1447 358 1466; x_wconf 90' lang='lat' dir='ltr'><strong>non</strong></span> <span class='ocrx_word' id='word_1_208' title='bbox 371 1439 433 1467; x_wconf 90' lang='lat' dir='ltr'><strong>hinc</strong></span> <span class='ocrx_word' id='word_1_209' title='bbox 448 1438 534 1466; x_wconf 90' lang='lat' dir='ltr'><strong>solum</strong></span> <span class='ocrx_word' id='word_1_210' title='bbox 543 1459 550 1471; x_wconf 83' lang='grc'><em>,</em></span> <span class='ocrx_word' id='word_1_211' title='bbox 567 1438 615 1466; x_wconf 87' lang='lat' dir='ltr'><strong>sed</strong></span> <span class='ocrx_word' id='word_1_212' title='bbox 623 1443 650 1465; x_wconf 86' lang='lat' dir='ltr'><strong>et</strong></span> <span class='ocrx_word' id='word_1_213' title='bbox 662 1437 771 1464; x_wconf 83' lang='lat' dir='ltr'><strong>aliunde</strong></span> <span class='ocrx_word' id='word_1_214' title='bbox 780 1444 851 1471; x_wconf 76' lang='lat' dir='ltr'><strong>sche</strong></span> <span class='ocrx_word' id='word_1_215' title='bbox 863 1443 924 1471; x_wconf 90' lang='lat' dir='ltr'><strong>pro-</strong></span> 
     </span>
    </p>
   </div>
   <div class='ocr_carea' id='block_1_29' title="bbox 131 1482 923 1514">
    <p class='ocr_par' dir='ltr' id='par_1_29' title="bbox 131 1482 923 1514">
     <span class='ocr_line' id='line_1_29' title="bbox 131 1482 923 1514; baseline -0.005 -2"><span class='ocrx_word' id='word_1_216' title='bbox 131 1486 220 1514; x_wconf 84' lang='lat' dir='ltr'><strong>batur.</strong></span> <span class='ocrx_word' id='word_1_217' title='bbox 238 1486 304 1514; x_wconf 87' lang='lat' dir='ltr'><strong>Nam</strong></span> <span class='ocrx_word' id='word_1_218' title='bbox 323 1494 383 1514; x_wconf 89' lang='lat' dir='ltr'><strong>cutn</strong></span> <span class='ocrx_word' id='word_1_219' title='bbox 399 1489 570 1512; x_wconf 71' lang='lat' dir='ltr'><strong>accesserunt</strong></span> <span class='ocrx_word' id='word_1_220' title='bbox 585 1484 704 1512; x_wconf 77' lang='lat' dir='ltr'><strong>dicentes</strong></span> <span class='ocrx_word' id='word_1_221' title='bbox 719 1492 725 1510; x_wconf 91' lang='lat'>:</span> <span class='ocrx_word' id='word_1_222' title='bbox 742 1482 810 1510; x_wconf 85' lang='lat' dir='ltr'><strong>Licet</strong></span> <span class='ocrx_word' id='word_1_223' title='bbox 823 1490 923 1509; x_wconf 77' lang='lat' dir='ltr'><strong>censum</strong></span> 
     </span>
    </p>
   </div>
   <div class='ocr_carea' id='block_1_30' title="bbox 132 1529 924 1567">
    <p class='ocr_par' dir='ltr' id='par_1_30' title="bbox 132 1529 924 1567">
     <span class='ocr_line' id='line_1_30' title="bbox 132 1529 924 1567; baseline -0.004 -9"><span class='ocrx_word' id='word_1_224' title='bbox 132 1532 194 1559; x_wconf 82' lang='lat' dir='ltr'><strong>dare</strong></span> <span class='ocrx_word' id='word_1_225' title='bbox 205 1531 315 1566; x_wconf 77' lang='lat' dir='ltr'><strong>Cwsari,</strong></span> <span class='ocrx_word' id='word_1_226' title='bbox 331 1539 408 1559; x_wconf 80' lang='lat' dir='ltr'><strong>necne</strong></span> <span class='ocrx_word' id='word_1_227' title='bbox 423 1531 534 1567; x_wconf 80' lang='lat' dir='ltr'><strong>(Matth.</strong></span> <span class='ocrx_word' id='word_1_228' title='bbox 545 1530 591 1557; x_wconf 73' lang='lat'><strong>22.</strong></span> <span class='ocrx_word' id='word_1_229' title='bbox 606 1530 669 1565; x_wconf 83' lang='lat' dir='ltr'><strong>I7)?</strong></span> <span class='ocrx_word' id='word_1_230' title='bbox 684 1533 711 1557; x_wconf 90' lang='lat' dir='ltr'><strong>et</strong></span> <span class='ocrx_word' id='word_1_231' title='bbox 723 1536 782 1556; x_wconf 92' lang='lat' dir='ltr'><strong>cum</strong></span> <span class='ocrx_word' id='word_1_232' title='bbox 798 1529 831 1556; x_wconf 92' lang='lat' dir='ltr'><strong>de</strong></span> <span class='ocrx_word' id='word_1_233' title='bbox 846 1535 924 1563; x_wconf 89' lang='lat' dir='ltr'><strong>repu-</strong></span> 
     </span>
    </p>
   </div>
   <div class='ocr_carea' id='block_1_31' title="bbox 132 1575 922 1612">
    <p class='ocr_par' dir='ltr' id='par_1_31' title="bbox 132 1575 922 1612">
     <span class='ocr_line' id='line_1_31' title="bbox 132 1575 922 1612; baseline -0.005 -7"><span class='ocrx_word' id='word_1_234' title='bbox 132 1577 227 1605; x_wconf 85' lang='lat' dir='ltr'><strong>dianda</strong></span> <span class='ocrx_word' id='word_1_235' title='bbox 242 1585 327 1605; x_wconf 80' lang='lat' dir='ltr'><strong>uxore</strong></span> <span class='ocrx_word' id='word_1_236' title='bbox 342 1582 450 1612; x_wconf 83' lang='lat' dir='ltr'><strong>agerent</strong></span> <span class='ocrx_word' id='word_1_237' title='bbox 460 1597 467 1608; x_wconf 86' lang='lat'><strong>,</strong></span> <span class='ocrx_word' id='word_1_238' title='bbox 483 1584 597 1611; x_wconf 90' lang='lat' dir='ltr'><strong>cumque</strong></span> <span class='ocrx_word' id='word_1_239' title='bbox 608 1576 642 1603; x_wconf 88' lang='lat' dir='ltr'><strong>de</strong></span> <span class='ocrx_word' id='word_1_240' title='bbox 657 1575 700 1602; x_wconf 91' lang='lat' dir='ltr'><strong>illa</strong></span> <span class='ocrx_word' id='word_1_241' title='bbox 712 1575 922 1608; x_wconf 86' lang='lat' dir='ltr'><strong>sciscitarentur,</strong></span> 
     </span>
    </p>
   </div>
   <div class='ocr_carea' id='block_1_32' title="bbox 130 1621 923 1658">
    <p class='ocr_par' dir='ltr' id='par_1_32' title="bbox 130 1621 923 1658">
     <span class='ocr_line' id='line_1_32' title="bbox 130 1621 923 1658; baseline -0.003 -8"><span class='ocrx_word' id='word_1_242' title='bbox 130 1632 211 1658; x_wconf 83' lang='lat' dir='ltr'><strong>qnam</strong></span> <span class='ocrx_word' id='word_1_243' title='bbox 234 1623 359 1651; x_wconf 85' lang='lat' dir='ltr'><strong>dicebant</strong></span> <span class='ocrx_word' id='word_1_244' title='bbox 379 1628 480 1658; x_wconf 89' lang='lat' dir='ltr'><strong>septem</strong></span> <span class='ocrx_word' id='word_1_245' title='bbox 500 1623 625 1650; x_wconf 80' lang='lat' dir='ltr'><strong>habuisse</strong></span> <span class='ocrx_word' id='word_1_246' title='bbox 648 1623 737 1655; x_wconf 86' lang='lat' dir='ltr'><strong>viros,</strong></span> <span class='ocrx_word' id='word_1_247' title='bbox 764 1621 923 1656; x_wconf 89' lang='lat' dir='ltr'><strong>deprehensi</strong></span> 
     </span>
    </p>
   </div>
   <div class='ocr_carea' id='block_1_33' title="bbox 130 1668 924 1704">
    <p class='ocr_par' dir='ltr' id='par_1_33' title="bbox 130 1668 924 1704">
     <span class='ocr_line' id='line_1_33' title="bbox 130 1668 924 1704; baseline -0.003 -7"><span class='ocrx_word' id='word_1_248' title='bbox 130 1675 204 1703; x_wconf 83' lang='lat' dir='ltr'><strong>sunt,</strong></span> <span class='ocrx_word' id='word_1_249' title='bbox 222 1678 274 1697; x_wconf 92' lang='lat' dir='ltr'><strong>non</strong></span> <span class='ocrx_word' id='word_1_250' title='bbox 285 1670 403 1698; x_wconf 87' lang='lat' dir='ltr'><strong>discendi</strong></span> <span class='ocrx_word' id='word_1_251' title='bbox 418 1670 516 1703; x_wconf 89' lang='lat' dir='ltr'><strong>studio,</strong></span> <span class='ocrx_word' id='word_1_252' title='bbox 532 1670 578 1697; x_wconf 84' lang='lat' dir='ltr'><strong>sed</strong></span> <span class='ocrx_word' id='word_1_253' title='bbox 589 1677 624 1698; x_wconf 81' lang='lat' dir='ltr'><strong>ex</strong></span> <span class='ocrx_word' id='word_1_254' title='bbox 638 1677 718 1704; x_wconf 87' lang='lat' dir='ltr'><strong>pravo</strong></span> <span class='ocrx_word' id='word_1_255' title='bbox 730 1669 820 1696; x_wconf 89' lang='lat' dir='ltr'><strong>animo</strong></span> <span class='ocrx_word' id='word_1_256' title='bbox 833 1668 924 1696; x_wconf 90' lang='lat' dir='ltr'><strong>scisci-</strong></span> 
     </span>
    </p>
   </div>
   <div class='ocr_carea' id='block_1_34' title="bbox 132 1716 923 1751">
    <p class='ocr_par' dir='ltr' id='par_1_34' title="bbox 132 1716 923 1751">
     <span class='ocr_line' id='line_1_34' title="bbox 132 1716 923 1751; baseline -0.001 -8"><span class='ocrx_word' id='word_1_257' title='bbox 132 1718 191 1744; x_wconf 81' lang='lat' dir='ltr'><strong>tari.</strong></span> <span class='ocrx_word' id='word_1_258' title='bbox 207 1717 258 1744; x_wconf 83' lang='lat' dir='ltr'><strong>Sed</strong></span> <span class='ocrx_word' id='word_1_259' title='bbox 275 1723 335 1744; x_wconf 89' lang='lat' dir='ltr'><strong>tunc</strong></span> <span class='ocrx_word' id='word_1_260' title='bbox 351 1717 410 1743; x_wconf 88' lang='lat' dir='ltr'><strong>illos</strong></span> <span class='ocrx_word' id='word_1_261' title='bbox 424 1717 541 1751; x_wconf 77' lang='lat' dir='ltr'><strong>coarguit</strong></span> <span class='ocrx_word' id='word_1_262' title='bbox 556 1716 596 1743; x_wconf 87' lang='lat' dir='ltr'><strong>his</strong></span> <span class='ocrx_word' id='word_1_263' title='bbox 613 1716 717 1749; x_wconf 81' lang='lat' dir='ltr'><strong>verbis,</strong></span> <span class='ocrx_word' id='word_1_264' title='bbox 737 1716 805 1749; x_wconf 85' lang='lat' dir='ltr'><strong>Quid</strong></span> <span class='ocrx_word' id='word_1_265' title='bbox 819 1724 857 1742; x_wconf 82' lang='lat' dir='ltr'><strong>me</strong></span> <span class='ocrx_word' id='word_1_266' title='bbox 870 1720 923 1742; x_wconf 85' lang='lat' dir='ltr'><strong>ten-</strong></span> 
     </span>
    </p>
   </div>
   <div class='ocr_carea' id='block_1_35' title="bbox 132 1761 924 1797">
    <p class='ocr_par' dir='ltr' id='par_1_35' title="bbox 132 1761 924 1797">
     <span class='ocr_line' id='line_1_35' title="bbox 132 1761 924 1797; baseline -0.001 -9"><span class='ocrx_word' id='word_1_267' title='bbox 132 1763 204 1794; x_wconf 77' lang='lat' dir='ltr'><strong>tntis,</strong></span> <span class='ocrx_word' id='word_1_268' title='bbox 221 1763 376 1797; x_wconf 75' lang='lat' dir='ltr'><strong>hypocritw?</strong></span> <span class='ocrx_word' id='word_1_269' title='bbox 391 1762 533 1789; x_wconf 84' lang='lat' dir='ltr'><strong>ostendens</strong></span> <span class='ocrx_word' id='word_1_270' title='bbox 546 1769 575 1789; x_wconf 90' lang='lat' dir='ltr'><strong>se</strong></span> <span class='ocrx_word' id='word_1_271' title='bbox 589 1761 694 1789; x_wconf 88' lang='lat' dir='ltr'><strong>illorum</strong></span> <span class='ocrx_word' id='word_1_272' title='bbox 707 1767 835 1788; x_wconf 79' lang='lat' dir='ltr'><strong>secretam</strong></span> <span class='ocrx_word' id='word_1_273' title='bbox 850 1768 924 1787; x_wconf 88' lang='lat' dir='ltr'><strong>mon-</strong></span> 
     </span>
    </p>
   </div>
   <div class='ocr_carea' id='block_1_36' title="bbox 133 1806 923 1842">
    <p class='ocr_par' dir='ltr' id='par_1_36' title="bbox 133 1806 923 1842">
     <span class='ocr_line' id='line_1_36' title="bbox 133 1806 923 1842; baseline 0 -9"><span class='ocrx_word' id='word_1_274' title='bbox 133 1812 186 1834; x_wconf 85' lang='lat' dir='ltr'><strong>tt&#39;llt</strong></span> <span class='ocrx_word' id='word_1_275' title='bbox 200 1815 374 1842; x_wconf 70' lang='lat' dir='ltr'><strong>Cognoscere.</strong></span> <span class='ocrx_word' id='word_1_276' title='bbox 388 1807 434 1834; x_wconf 84' lang='lat' dir='ltr'><strong>llic</strong></span> <span class='ocrx_word' id='word_1_277' title='bbox 445 1815 507 1834; x_wconf 88' lang='lat' dir='ltr'><strong>vero</strong></span> <span class='ocrx_word' id='word_1_278' title='bbox 522 1806 586 1834; x_wconf 85' lang='lat' dir='ltr'><strong>nihil</strong></span> <span class='ocrx_word' id='word_1_279' title='bbox 601 1807 714 1841; x_wconf 82' lang='lat' dir='ltr'><strong>loquitur</strong></span> <span class='ocrx_word' id='word_1_280' title='bbox 726 1806 822 1839; x_wconf 82' lang='lat' dir='ltr'><strong>simile,</strong></span> <span class='ocrx_word' id='word_1_281' title='bbox 835 1811 923 1833; x_wconf 76' lang='lat' dir='ltr'><strong>ulnas</strong></span> 
     </span>
    </p>
   </div>
   <div class='ocr_carea' id='block_1_37' title="bbox 131 1851 922 1887">
    <p class='ocr_par' dir='ltr' id='par_1_37' title="bbox 131 1851 922 1887">
     <span class='ocr_line' id='line_1_37' title="bbox 131 1851 922 1887; baseline -0.003 -7"><span class='ocrx_word' id='word_1_282' title='bbox 131 1853 243 1887; x_wconf 81' lang='lat' dir='ltr'><strong>doceat,</strong></span> <span class='ocrx_word' id='word_1_283' title='bbox 259 1853 428 1880; x_wconf 79' lang='lat' dir='ltr'><strong>insidiatores</strong></span> <span class='ocrx_word' id='word_1_284' title='bbox 444 1860 497 1880; x_wconf 93' lang='lat' dir='ltr'><strong>non</strong></span> <span class='ocrx_word' id='word_1_285' title='bbox 509 1860 614 1887; x_wconf 85' lang='lat' dir='ltr'><strong>semper</strong></span> <span class='ocrx_word' id='word_1_286' title='bbox 626 1859 686 1879; x_wconf 88' lang='lat' dir='ltr'><strong>esse</strong></span> <span class='ocrx_word' id='word_1_287' title='bbox 698 1851 860 1887; x_wconf 76' lang='lat' dir='ltr'><strong>arguendos,</strong></span> <span class='ocrx_word' id='word_1_288' title='bbox 875 1851 922 1878; x_wconf 88' lang='lat' dir='ltr'><strong>sed</strong></span> 
     </span>
    </p>
   </div>
   <div class='ocr_carea' id='block_1_38' title="bbox 132 1897 924 1932">
    <p class='ocr_par' dir='ltr' id='par_1_38' title="bbox 132 1897 924 1932">
     <span class='ocr_line' id='line_1_38' title="bbox 132 1897 924 1932; baseline -0.004 -6"><span class='ocrx_word' id='word_1_289' title='bbox 132 1900 215 1926; x_wconf 89' lang='lat' dir='ltr'><strong>multa</strong></span> <span class='ocrx_word' id='word_1_290' title='bbox 237 1899 355 1926; x_wconf 85' lang='lat' dir='ltr'><strong>modeste</strong></span> <span class='ocrx_word' id='word_1_291' title='bbox 372 1903 400 1926; x_wconf 89' lang='lat' dir='ltr'><strong>et</strong></span> <span class='ocrx_word' id='word_1_292' title='bbox 416 1902 554 1926; x_wconf 89' lang='lat' dir='ltr'><strong>mansuete</strong></span> <span class='ocrx_word' id='word_1_293' title='bbox 569 1905 628 1925; x_wconf 84' lang='lat' dir='ltr'><strong>esse</strong></span> <span class='ocrx_word' id='word_1_294' title='bbox 643 1897 760 1925; x_wconf 81' lang='lat' dir='ltr'><strong>ferenda.</strong></span> <span class='ocrx_word' id='word_1_295' title='bbox 776 1897 841 1931; x_wconf 88' lang='lat' dir='ltr'><strong>Quia</strong></span> <span class='ocrx_word' id='word_1_296' title='bbox 859 1904 924 1932; x_wconf 87' lang='lat' dir='ltr'><strong>ergo</strong></span> 
     </span>
    </p>
   </div>
   <div class='ocr_carea' id='block_1_39' title="bbox 132 1942 922 1979">
    <p class='ocr_par' dir='ltr' id='par_1_39' title="bbox 132 1942 922 1979">
     <span class='ocr_line' id='line_1_39' title="bbox 132 1942 922 1979; baseline -0.005 -7"><span class='ocrx_word' id='word_1_297' title='bbox 132 1946 242 1973; x_wconf 85' lang='lat' dir='ltr'><strong>stultum</strong></span> <span class='ocrx_word' id='word_1_298' title='bbox 257 1949 323 1976; x_wconf 86' lang='lat' dir='ltr'><strong>erat.</strong></span> <span class='ocrx_word' id='word_1_299' title='bbox 338 1944 402 1979; x_wconf 90' lang='lat' dir='ltr'><strong>ipsis</strong></span> <span class='ocrx_word' id='word_1_300' title='bbox 415 1944 540 1979; x_wconf 88' lang='lat' dir='ltr'><strong>operibus</strong></span> <span class='ocrx_word' id='word_1_301' title='bbox 553 1942 767 1978; x_wconf 61' lang='lat' dir='ltr'><strong>pwdicautibus,</strong></span> <span class='ocrx_word' id='word_1_302' title='bbox 782 1942 922 1969; x_wconf 74' lang='lat' dir='ltr'><strong>verborum</strong></span> 
     </span>
    </p>
   </div>
   <div class='ocr_carea' id='block_1_40' title="bbox 133 1987 922 2025">
    <p class='ocr_par' dir='ltr' id='par_1_40' title="bbox 133 1987 922 2025">
     <span class='ocr_line' id='line_1_40' title="bbox 133 1987 922 2025; baseline -0.005 -7"><span class='ocrx_word' id='word_1_303' title='bbox 133 1991 286 2018; x_wconf 87' lang='lat' dir='ltr'><strong>testimonia</strong></span> <span class='ocrx_word' id='word_1_304' title='bbox 300 1998 419 2025; x_wconf 75' lang='lat' dir='ltr'><strong>qua-rere</strong></span> <span class='ocrx_word' id='word_1_305' title='bbox 429 2010 436 2022; x_wconf 91' lang='lat'><strong>,</strong></span> <span class='ocrx_word' id='word_1_306' title='bbox 452 1989 512 2017; x_wconf 88' lang='lat' dir='ltr'><strong>audi</strong></span> <span class='ocrx_word' id='word_1_307' title='bbox 528 1988 662 2024; x_wconf 87' lang='lat' dir='ltr'><strong>quomodo</strong></span> <span class='ocrx_word' id='word_1_308' title='bbox 674 1988 738 2021; x_wconf 84' lang='lat' dir='ltr'><strong>ipsis</strong></span> <span class='ocrx_word' id='word_1_309' title='bbox 751 1987 922 2022; x_wconf 83' lang='lat' dir='ltr'><strong>respondeat,</strong></span> 
     </span>
    </p>
   </div>
   <div class='ocr_carea' id='block_1_41' title="bbox 132 2034 923 2068">
    <p class='ocr_par' dir='ltr' id='par_1_41' title="bbox 132 2034 923 2068">
     <span class='ocr_line' id='line_1_41' title="bbox 132 2034 923 2068; baseline -0.005 -5"><span class='ocrx_word' id='word_1_310' title='bbox 132 2037 213 2063; x_wconf 88' lang='lat' dir='ltr'><strong>simul</strong></span> <span class='ocrx_word' id='word_1_311' title='bbox 236 2036 407 2064; x_wconf 88' lang='lat' dir='ltr'><strong>subindicans</strong></span> <span class='ocrx_word' id='word_1_312' title='bbox 428 2035 485 2062; x_wconf 63' lang='lat' dir='ltr'><strong>ha‘c</strong></span> <span class='ocrx_word' id='word_1_313' title='bbox 506 2035 565 2062; x_wconf 86' lang='lat' dir='ltr'><strong>illos</strong></span> <span class='ocrx_word' id='word_1_314' title='bbox 587 2034 683 2061; x_wconf 80' lang='lat' dir='ltr'><strong>{rustra</strong></span> <span class='ocrx_word' id='word_1_315' title='bbox 708 2041 847 2068; x_wconf 73' lang='lat' dir='ltr'><strong>qttzerere,</strong></span> <span class='ocrx_word' id='word_1_316' title='bbox 870 2039 923 2060; x_wconf 89' lang='lat' dir='ltr'><strong>non</strong></span> 
     </span>
    </p>
   </div>
   <div class='ocr_carea' id='block_1_42' title="bbox 133 2078 925 2115">
    <p class='ocr_par' dir='ltr' id='par_1_42' title="bbox 133 2078 925 2115">
     <span class='ocr_line' id='line_1_42' title="bbox 133 2078 925 2115; baseline -0.004 -7"><span class='ocrx_word' id='word_1_317' title='bbox 133 2081 253 2108; x_wconf 86' lang='lat' dir='ltr'><strong>discendi</strong></span> <span class='ocrx_word' id='word_1_318' title='bbox 264 2088 342 2108; x_wconf 88' lang='lat' dir='ltr'><strong>causa</strong></span> <span class='ocrx_word' id='word_1_319' title='bbox 352 2101 360 2113; x_wconf 87' lang='lat'><strong>,</strong></span> <span class='ocrx_word' id='word_1_320' title='bbox 375 2085 402 2107; x_wconf 91' lang='lat' dir='ltr'><strong>et</strong></span> <span class='ocrx_word' id='word_1_321' title='bbox 413 2080 576 2115; x_wconf 89' lang='lat' dir='ltr'><strong>signiﬁcans,</strong></span> <span class='ocrx_word' id='word_1_322' title='bbox 593 2086 622 2107; x_wconf 89' lang='lat' dir='ltr'><strong>se</strong></span> <span class='ocrx_word' id='word_1_323' title='bbox 630 2079 685 2114; x_wconf 86' lang='lat' dir='ltr'><strong>jam</strong></span> <span class='ocrx_word' id='word_1_324' title='bbox 696 2079 784 2106; x_wconf 84' lang='lat' dir='ltr'><strong>verbis</strong></span> <span class='ocrx_word' id='word_1_325' title='bbox 798 2078 862 2113; x_wconf 89' lang='lat' dir='ltr'><strong>ipsis</strong></span> <span class='ocrx_word' id='word_1_326' title='bbox 871 2078 925 2105; x_wconf 89' lang='lat' dir='ltr'><strong>cla-</strong></span> 
     </span>
    </p>
   </div>
   <div class='ocr_carea' id='block_1_43' title="bbox 133 2125 924 2161">
    <p class='ocr_par' dir='ltr' id='par_1_43' title="bbox 133 2125 924 2161">
     <span class='ocr_line' id='line_1_43' title="bbox 133 2125 924 2161; baseline -0.005 -6"><span class='ocrx_word' id='word_1_327' title='bbox 133 2128 231 2155; x_wconf 87' lang='lat' dir='ltr'><strong>riorem</strong></span> <span class='ocrx_word' id='word_1_328' title='bbox 243 2127 364 2155; x_wconf 86' lang='lat' dir='ltr'><strong>emisisse</strong></span> <span class='ocrx_word' id='word_1_329' title='bbox 377 2134 468 2154; x_wconf 82' lang='lat' dir='ltr'><strong>vocem</strong></span> <span class='ocrx_word' id='word_1_330' title='bbox 481 2147 487 2159; x_wconf 89' lang='lat'><strong>,</strong></span> <span class='ocrx_word' id='word_1_331' title='bbox 504 2134 550 2161; x_wconf 90' lang='lat' dir='ltr'><strong>per</strong></span> <span class='ocrx_word' id='word_1_332' title='bbox 564 2134 645 2161; x_wconf 86' lang='lat' dir='ltr'><strong>opera</strong></span> <span class='ocrx_word' id='word_1_333' title='bbox 659 2126 770 2154; x_wconf 87' lang='lat' dir='ltr'><strong>scilicet.</strong></span> <span class='ocrx_word' id='word_1_334' title='bbox 787 2125 853 2152; x_wconf 87' lang='lat' dir='ltr'><strong>Nam</strong></span> <span class='ocrx_word' id='word_1_335' title='bbox 867 2125 904 2152; x_wconf 87' lang='lat' dir='ltr'><strong>ait</strong></span> <span class='ocrx_word' id='word_1_336' title='bbox 917 2133 924 2152; x_wconf 89' lang='lat'><strong>:</strong></span> 
     </span>
    </p>
   </div>
   <div class='ocr_carea' id='block_1_44' title="bbox 131 2172 926 2208">
    <p class='ocr_par' dir='ltr' id='par_1_44' title="bbox 131 2172 926 2208">
     <span class='ocr_line' id='line_1_44' title="bbox 131 2172 926 2208; baseline -0.004 -8"><span class='ocrx_word' id='word_1_337' title='bbox 131 2173 179 2201; x_wconf 68' lang='lat'><strong>25.</strong></span> <span class='ocrx_word' id='word_1_338' title='bbox 196 2173 272 2208; x_wconf 62' lang='grc' dir='ltr'><strong>δίκερε</strong></span> <span class='ocrx_word' id='word_1_339' title='bbox 288 2173 342 2200; x_wconf 71' lang='grc' dir='ltr'><strong>αἱπί</strong></span> <span class='ocrx_word' id='word_1_340' title='bbox 359 2173 442 2204; x_wconf 70' lang='lat' dir='ltr'><strong>vobis,</strong></span> <span class='ocrx_word' id='word_1_341' title='bbox 458 2179 481 2199; x_wconf 89' lang='lat' dir='ltr'><strong>et</strong></span> <span class='ocrx_word' id='word_1_342' title='bbox 496 2181 545 2199; x_wconf 86' lang='lat' dir='ltr'><strong>non</strong></span> <span class='ocrx_word' id='word_1_343' title='bbox 560 2172 660 2200; x_wconf 84' lang='lat' dir='ltr'><strong>creditis</strong></span> <span class='ocrx_word' id='word_1_344' title='bbox 675 2172 736 2199; x_wconf 87' lang='lat' dir='ltr'><strong>mihi</strong></span> <span class='ocrx_word' id='word_1_345' title='bbox 751 2179 759 2198; x_wconf 93' lang='lat'><strong><em>:</em></strong></span> <span class='ocrx_word' id='word_1_346' title='bbox 775 2180 851 2207; x_wconf 80' lang='lat' dir='ltr'><strong>opera</strong></span> <span class='ocrx_word' id='word_1_347' title='bbox 870 2179 926 2207; x_wconf 80' lang='lat' dir='ltr'><strong>qua:</strong></span> 
     </span>
    </p>
   </div>
   <div class='ocr_carea' id='block_1_45' title="bbox 133 2217 926 2254">
    <p class='ocr_par' dir='ltr' id='par_1_45' title="bbox 133 2217 926 2254">
     <span class='ocr_line' id='line_1_45' title="bbox 133 2217 926 2254; baseline -0.004 -8"><span class='ocrx_word' id='word_1_348' title='bbox 133 2227 179 2254; x_wconf 73' lang='lat' dir='ltr'><strong>ego</strong></span> <span class='ocrx_word' id='word_1_349' title='bbox 198 2219 265 2253; x_wconf 73' lang='lat' dir='ltr'><strong>facio</strong></span> <span class='ocrx_word' id='word_1_350' title='bbox 284 2219 310 2245; x_wconf 84' lang='lat' dir='ltr'><strong>in</strong></span> <span class='ocrx_word' id='word_1_351' title='bbox 325 2219 425 2245; x_wconf 84' lang='lat' dir='ltr'><strong>nomine</strong></span> <span class='ocrx_word' id='word_1_352' title='bbox 444 2217 530 2245; x_wconf 84' lang='lat' dir='ltr'><strong>Putris</strong></span> <span class='ocrx_word' id='word_1_353' title='bbox 544 2218 607 2251; x_wconf 86' lang='lat' dir='ltr'><strong>mei,</strong></span> <span class='ocrx_word' id='word_1_354' title='bbox 622 2217 668 2245; x_wconf 86' lang='lat' dir='ltr'><strong>illa</strong></span> <span class='ocrx_word' id='word_1_355' title='bbox 690 2218 855 2245; x_wconf 86' lang='lat' dir='ltr'><strong>testimonium</strong></span> <span class='ocrx_word' id='word_1_356' title='bbox 870 2225 926 2252; x_wconf 82' lang='lat' dir='ltr'><strong>per-</strong></span> 
     </span>
    </p>
   </div>
   <div class='ocr_carea' id='block_1_46' title="bbox 134 2263 926 2299">
    <p class='ocr_par' dir='ltr' id='par_1_46' title="bbox 134 2263 926 2299">
     <span class='ocr_line' id='line_1_46' title="bbox 134 2263 926 2299; baseline 0 -9"><span class='ocrx_word' id='word_1_357' title='bbox 134 2265 218 2291; x_wconf 82' lang='lat' dir='ltr'><strong>hibent</strong></span> <span class='ocrx_word' id='word_1_358' title='bbox 231 2264 263 2291; x_wconf 82' lang='lat' dir='ltr'><strong>de</strong></span> <span class='ocrx_word' id='word_1_359' title='bbox 279 2272 327 2291; x_wconf 83' lang='lat' dir='ltr'><strong>me.</strong></span> <span class='ocrx_word' id='word_1_360' title='bbox 349 2263 425 2298; x_wconf 87' lang='lat' dir='ltr'><strong>Quod</strong></span> <span class='ocrx_word' id='word_1_361' title='bbox 448 2263 483 2296; x_wconf 83' lang='lat' dir='ltr'><strong>ii,</strong></span> <span class='ocrx_word' id='word_1_362' title='bbox 499 2264 542 2299; x_wconf 91' lang='lat' dir='ltr'><strong>qui</strong></span> <span class='ocrx_word' id='word_1_363' title='bbox 561 2263 631 2298; x_wconf 90' lang='lat' dir='ltr'><strong>apud</strong></span> <span class='ocrx_word' id='word_1_364' title='bbox 651 2263 711 2291; x_wconf 89' lang='lat' dir='ltr'><strong>illos</strong></span> <span class='ocrx_word' id='word_1_365' title='bbox 732 2263 926 2291; x_wconf 87' lang='lat' dir='ltr'><strong>moderatiores</strong></span> 
     </span>
    </p>
   </div>
   <div class='ocr_carea' id='block_1_47' title="bbox 134 2309 926 2345">
    <p class='ocr_par' dir='ltr' id='par_1_47' title="bbox 134 2309 926 2345">
     <span class='ocr_line' id='line_1_47' title="bbox 134 2309 926 2345; baseline -0.001 -8"><span class='ocrx_word' id='word_1_366' title='bbox 134 2315 224 2342; x_wconf 80' lang='lat' dir='ltr'><strong>crant,</strong></span> <span class='ocrx_word' id='word_1_367' title='bbox 242 2318 314 2345; x_wconf 62' lang='lat' dir='ltr'><strong>stupe</strong></span> <span class='ocrx_word' id='word_1_368' title='bbox 328 2315 418 2337; x_wconf 91' lang='lat' dir='ltr'><strong>mutuo</strong></span> <span class='ocrx_word' id='word_1_369' title='bbox 429 2310 550 2337; x_wconf 88' lang='lat' dir='ltr'><strong>dicebant</strong></span> <span class='ocrx_word' id='word_1_370' title='bbox 562 2319 567 2337; x_wconf 97' lang='lat'><strong>:</strong></span> <span class='ocrx_word' id='word_1_371' title='bbox 583 2309 671 2345; x_wconf 86' lang='lat' dir='ltr'><strong>Neque</strong></span> <span class='ocrx_word' id='word_1_372' title='bbox 683 2310 748 2337; x_wconf 84' lang='lat' dir='ltr'><strong>enim</strong></span> <span class='ocrx_word' id='word_1_373' title='bbox 761 2314 839 2344; x_wconf 83' lang='lat' dir='ltr'><strong>potest</strong></span> <span class='ocrx_word' id='word_1_374' title='bbox 852 2310 926 2337; x_wconf 80' lang='lat' dir='ltr'><strong>Itonia</strong></span> 
     </span>
    </p>
   </div>
   <div class='ocr_carea' id='block_1_48' title="bbox 134 2355 924 2392">
    <p class='ocr_par' dir='ltr' id='par_1_48' title="bbox 134 2355 924 2392">
     <span class='ocr_line' id='line_1_48' title="bbox 134 2355 924 2392; baseline 0.001 -10"><span class='ocrx_word' id='word_1_375' title='bbox 134 2360 250 2389; x_wconf 75' lang='lat' dir='ltr'><strong>peccator</strong></span> <span class='ocrx_word' id='word_1_376' title='bbox 265 2356 318 2383; x_wconf 65' lang='lat' dir='ltr'><strong>hac</strong></span> <span class='ocrx_word' id='word_1_377' title='bbox 336 2356 408 2391; x_wconf 85' lang='lat' dir='ltr'><strong>signa</strong></span> <span class='ocrx_word' id='word_1_378' title='bbox 431 2356 513 2390; x_wconf 78' lang='lat' dir='ltr'><strong>facere</strong></span> <span class='ocrx_word' id='word_1_379' title='bbox 527 2355 621 2390; x_wconf 82' lang='lat' dir='ltr'><strong>(Joan.</strong></span> <span class='ocrx_word' id='word_1_380' title='bbox 636 2356 662 2384; x_wconf 90' lang='lat'><strong>9.</strong></span> <span class='ocrx_word' id='word_1_381' title='bbox 678 2356 737 2392; x_wconf 84' lang='lat' dir='ltr'><strong>I6);</strong></span> <span class='ocrx_word' id='word_1_382' title='bbox 753 2361 781 2384; x_wconf 83' lang='lat' dir='ltr'><strong>et</strong></span> <span class='ocrx_word' id='word_1_383' title='bbox 802 2363 924 2390; x_wconf 85' lang='lat' dir='ltr'><strong>rursum,</strong></span> 
     </span>
    </p>
   </div>
   <div class='ocr_carea' id='block_1_49' title="bbox 135 2401 924 2437">
    <p class='ocr_par' dir='ltr' id='par_1_49' title="bbox 135 2401 924 2437">
     <span class='ocr_line' id='line_1_49' title="bbox 135 2401 924 2437; baseline 0 -9"><span class='ocrx_word' id='word_1_384' title='bbox 135 2401 195 2428; x_wconf 82' lang='lat' dir='ltr'><strong>Non</strong></span> <span class='ocrx_word' id='word_1_385' title='bbox 218 2405 300 2436; x_wconf 85' lang='lat' dir='ltr'><strong>potest</strong></span> <span class='ocrx_word' id='word_1_386' title='bbox 319 2402 471 2428; x_wconf 72' lang='lat' dir='ltr'><strong>daemonium</strong></span> <span class='ocrx_word' id='word_1_387' title='bbox 494 2409 618 2428; x_wconf 64' lang='lat' dir='ltr'><strong>caecorum</strong></span> <span class='ocrx_word' id='word_1_388' title='bbox 639 2402 726 2429; x_wconf 89' lang='lat' dir='ltr'><strong>oculos</strong></span> <span class='ocrx_word' id='word_1_389' title='bbox 744 2402 858 2437; x_wconf 84' lang='lat' dir='ltr'><strong>aperire;</strong></span> <span class='ocrx_word' id='word_1_390' title='bbox 883 2406 924 2434; x_wconf 89' lang='lat' dir='ltr'><strong>et,</strong></span> 
     </span>
    </p>
   </div>
   <div class='ocr_carea' id='block_1_50' title="bbox 134 2446 924 2483">
    <p class='ocr_par' dir='ltr' id='par_1_50' title="bbox 134 2446 924 2483">
     <span class='ocr_line' id='line_1_50' title="bbox 134 2446 924 2483; baseline 0.001 -10"><span class='ocrx_word' id='word_1_391' title='bbox 134 2446 218 2474; x_wconf 77' lang='lat' dir='ltr'><strong>Nemo</strong></span> <span class='ocrx_word' id='word_1_392' title='bbox 237 2452 316 2483; x_wconf 81' lang='lat' dir='ltr'><strong>potest</strong></span> <span class='ocrx_word' id='word_1_393' title='bbox 332 2446 394 2474; x_wconf 85' lang='lat' dir='ltr'><strong>talia</strong></span> <span class='ocrx_word' id='word_1_394' title='bbox 411 2448 484 2483; x_wconf 86' lang='lat' dir='ltr'><strong>signa</strong></span> <span class='ocrx_word' id='word_1_395' title='bbox 497 2448 596 2482; x_wconf 83' lang='lat' dir='ltr'><strong>facere,</strong></span> <span class='ocrx_word' id='word_1_396' title='bbox 611 2448 658 2474; x_wconf 83' lang='lat' dir='ltr'><strong>nisi</strong></span> <span class='ocrx_word' id='word_1_397' title='bbox 671 2448 703 2475; x_wconf 81' lang='lat' dir='ltr'><strong>sit</strong></span> <span class='ocrx_word' id='word_1_398' title='bbox 716 2456 773 2475; x_wconf 89' lang='lat' dir='ltr'><strong>cum</strong></span> <span class='ocrx_word' id='word_1_399' title='bbox 786 2448 831 2475; x_wconf 87' lang='lat' dir='ltr'><strong>illo</strong></span> <span class='ocrx_word' id='word_1_400' title='bbox 844 2447 924 2475; x_wconf 83' lang='lat' dir='ltr'><strong>Deus.</strong></span> 
     </span>
    </p>
   </div>
   <div class='ocr_carea' id='block_1_51' title="bbox 134 2492 927 2527">
    <p class='ocr_par' dir='ltr' id='par_1_51' title="bbox 134 2492 927 2527">
     <span class='ocr_line' id='line_1_51' title="bbox 134 2492 927 2527; baseline 0.003 -9"><span class='ocrx_word' id='word_1_401' title='bbox 134 2492 167 2519; x_wconf 73' lang='lat' dir='ltr'><strong>l-lt</strong></span> <span class='ocrx_word' id='word_1_402' title='bbox 180 2492 301 2519; x_wconf 82' lang='lat' dir='ltr'><strong>videntes</strong></span> <span class='ocrx_word' id='word_1_403' title='bbox 316 2492 390 2527; x_wconf 79' lang='lat' dir='ltr'><strong>signa</strong></span> <span class='ocrx_word' id='word_1_404' title='bbox 408 2500 467 2525; x_wconf 72' lang='lat' dir='ltr'><strong>qua:</strong></span> <span class='ocrx_word' id='word_1_405' title='bbox 489 2493 616 2524; x_wconf 80' lang='lat' dir='ltr'><strong>iaciebat,</strong></span> <span class='ocrx_word' id='word_1_406' title='bbox 631 2492 754 2520; x_wconf 91' lang='lat' dir='ltr'><strong>dicebant</strong></span> <span class='ocrx_word' id='word_1_407' title='bbox 771 2502 778 2520; x_wconf 91' lang='lat'>:</span> <span class='ocrx_word' id='word_1_408' title='bbox 794 2492 927 2527; x_wconf 81' lang='lat' dir='ltr'><strong>Numquid</strong></span> 
     </span>
    </p>
   </div>
   <div class='ocr_carea' id='block_1_52' title="bbox 135 2535 927 2572">
    <p class='ocr_par' dir='ltr' id='par_1_52' title="bbox 135 2535 927 2572">
     <span class='ocr_line' id='line_1_52' title="bbox 135 2535 927 2572; baseline 0.004 -9"><span class='ocrx_word' id='word_1_409' title='bbox 135 2537 174 2563; x_wconf 86' lang='lat' dir='ltr'><strong>hic</strong></span> <span class='ocrx_word' id='word_1_410' title='bbox 187 2542 222 2564; x_wconf 91' lang='lat' dir='ltr'><strong>est</strong></span> <span class='ocrx_word' id='word_1_411' title='bbox 237 2535 373 2565; x_wconf 84' lang='lat' dir='ltr'><strong>Christus?</strong></span> <span class='ocrx_word' id='word_1_412' title='bbox 388 2537 439 2564; x_wconf 82' lang='lat' dir='ltr'><strong>Alii</strong></span> <span class='ocrx_word' id='word_1_413' title='bbox 454 2542 541 2565; x_wconf 86' lang='lat' dir='ltr'><strong>autem</strong></span> <span class='ocrx_word' id='word_1_414' title='bbox 555 2537 676 2566; x_wconf 87' lang='lat' dir='ltr'><strong>dicebant</strong></span> <span class='ocrx_word' id='word_1_415' title='bbox 689 2546 696 2565; x_wconf 93' lang='lat'><strong>:</strong></span> <span class='ocrx_word' id='word_1_416' title='bbox 713 2538 820 2572; x_wconf 86' lang='lat' dir='ltr'><strong>Quando</strong></span> <span class='ocrx_word' id='word_1_417' title='bbox 834 2540 927 2566; x_wconf 75' lang='lat' dir='ltr'><strong>venerit</strong></span> 
     </span>
    </p>
   </div>
   <div class='ocr_carea' id='block_1_53' title="bbox 135 2581 925 2620">
    <p class='ocr_par' dir='ltr' id='par_1_53' title="bbox 135 2581 925 2620">
     <span class='ocr_line' id='line_1_53' title="bbox 135 2581 925 2620; baseline 0.004 -11"><span class='ocrx_word' id='word_1_418' title='bbox 135 2581 250 2609; x_wconf 83' lang='lat' dir='ltr'><strong>Christus</strong></span> <span class='ocrx_word' id='word_1_419' title='bbox 260 2603 267 2614; x_wconf 87' lang='lat'><strong>,</strong></span> <span class='ocrx_word' id='word_1_420' title='bbox 283 2590 343 2609; x_wconf 82' lang='lat' dir='ltr'><strong>num</strong></span> <span class='ocrx_word' id='word_1_421' title='bbox 353 2583 428 2618; x_wconf 85' lang='lat' dir='ltr'><strong>plura</strong></span> <span class='ocrx_word' id='word_1_422' title='bbox 439 2583 514 2618; x_wconf 80' lang='lat' dir='ltr'><strong>signa</strong></span> <span class='ocrx_word' id='word_1_423' title='bbox 524 2584 613 2618; x_wconf 84' lang='lat' dir='ltr'><strong>faciet,</strong></span> <span class='ocrx_word' id='word_1_424' title='bbox 628 2591 704 2619; x_wconf 88' lang='lat' dir='ltr'><strong>quam</strong></span> <span class='ocrx_word' id='word_1_425' title='bbox 717 2584 758 2611; x_wconf 85' lang='lat' dir='ltr'><strong>hic</strong></span> <span class='ocrx_word' id='word_1_426' title='bbox 767 2584 825 2619; x_wconf 79' lang='lat' dir='ltr'><strong>fecit</strong></span> <span class='ocrx_word' id='word_1_427' title='bbox 837 2584 925 2620; x_wconf 83' lang='lat' dir='ltr'><strong>(Ibid.</strong></span> 
     </span>
    </p>
   </div>
   <div class='ocr_carea' id='block_1_54' title="bbox 136 2627 927 2664">
    <p class='ocr_par' dir='ltr' id='par_1_54' title="bbox 136 2627 927 2664">
     <span class='ocr_line' id='line_1_54' title="bbox 136 2627 927 2664; baseline 0.004 -10"><span class='ocrx_word' id='word_1_428' title='bbox 136 2627 162 2654; x_wconf 91' lang='lat'><strong>7.</strong></span> <span class='ocrx_word' id='word_1_429' title='bbox 174 2628 240 2662; x_wconf 82' lang='lat'><strong>5|)?</strong></span> <span class='ocrx_word' id='word_1_430' title='bbox 252 2627 334 2655; x_wconf 90' lang='lat' dir='ltr'><strong>Iidem</strong></span> <span class='ocrx_word' id='word_1_431' title='bbox 347 2635 410 2655; x_wconf 87' lang='lat' dir='ltr'><strong>vero</strong></span> <span class='ocrx_word' id='word_1_432' title='bbox 424 2628 473 2664; x_wconf 86' lang='lat' dir='ltr'><strong>ipsi</strong></span> <span class='ocrx_word' id='word_1_433' title='bbox 487 2636 519 2656; x_wconf 91' lang='lat' dir='ltr'><strong>ex</strong></span> <span class='ocrx_word' id='word_1_434' title='bbox 539 2629 664 2663; x_wconf 88' lang='lat' dir='ltr'><strong>operibus</strong></span> <span class='ocrx_word' id='word_1_435' title='bbox 675 2629 798 2657; x_wconf 88' lang='lat' dir='ltr'><strong>volebant</strong></span> <span class='ocrx_word' id='word_1_436' title='bbox 814 2630 841 2657; x_wconf 93' lang='lat' dir='ltr'><strong>in</strong></span> <span class='ocrx_word' id='word_1_437' title='bbox 853 2630 927 2657; x_wconf 89' lang='lat' dir='ltr'><strong>illum</strong></span> 
     </span>
    </p>
   </div>
   <div class='ocr_carea' id='block_1_55' title="bbox 136 2673 927 2710">
    <p class='ocr_par' dir='ltr' id='par_1_55' title="bbox 136 2673 927 2710">
     <span class='ocr_line' id='line_1_55' title="bbox 136 2673 927 2710; baseline 0.003 -10"><span class='ocrx_word' id='word_1_438' title='bbox 136 2673 246 2701; x_wconf 84' lang='lat' dir='ltr'><strong>credere</strong></span> <span class='ocrx_word' id='word_1_439' title='bbox 258 2673 378 2701; x_wconf 86' lang='lat' dir='ltr'><strong>dicentes</strong></span> <span class='ocrx_word' id='word_1_440' title='bbox 391 2682 399 2701; x_wconf 93' lang='lat'>:</span> <span class='ocrx_word' id='word_1_441' title='bbox 416 2674 490 2707; x_wconf 83' lang='lat' dir='ltr'><strong>Quod</strong></span> <span class='ocrx_word' id='word_1_442' title='bbox 503 2675 602 2710; x_wconf 88' lang='lat' dir='ltr'><strong>signum</strong></span> <span class='ocrx_word' id='word_1_443' title='bbox 620 2675 729 2702; x_wconf 81' lang='lat' dir='ltr'><strong>ostendis</strong></span> <span class='ocrx_word' id='word_1_444' title='bbox 747 2675 817 2702; x_wconf 81' lang='lat' dir='ltr'><strong>nobis</strong></span> <span class='ocrx_word' id='word_1_445' title='bbox 827 2696 834 2709; x_wconf 91' lang='lat'><strong>,</strong></span> <span class='ocrx_word' id='word_1_446' title='bbox 849 2679 876 2702; x_wconf 89' lang='lat' dir='ltr'><strong>ut</strong></span> <span class='ocrx_word' id='word_1_447' title='bbox 889 2676 927 2702; x_wconf 78' lang='grc' dir='ltr'><strong>νὶ-</strong></span> 
     </span>
    </p>
   </div>
   <div class='ocr_carea' id='block_1_56' title="bbox 136 2718 690 2756">
    <p class='ocr_par' dir='ltr' id='par_1_56' title="bbox 136 2718 690 2756">
     <span class='ocr_line' id='line_1_56' title="bbox 136 2718 690 2756; baseline 0.007 -12"><span class='ocrx_word' id='word_1_448' title='bbox 136 2719 240 2745; x_wconf 84' lang='lat' dir='ltr'><strong>denmus</strong></span> <span class='ocrx_word' id='word_1_449' title='bbox 253 2723 276 2745; x_wconf 81' lang='lat' dir='ltr'><strong>et</strong></span> <span class='ocrx_word' id='word_1_450' title='bbox 290 2718 422 2747; x_wconf 81' lang='lat' dir='ltr'><strong>credamus</strong></span> <span class='ocrx_word' id='word_1_451' title='bbox 435 2719 479 2746; x_wconf 85' lang='lat' dir='ltr'><strong>tibi</strong></span> <span class='ocrx_word' id='word_1_452' title='bbox 492 2719 571 2754; x_wconf 89' lang='lat' dir='ltr'><strong>(Ibid.</strong></span> <span class='ocrx_word' id='word_1_453' title='bbox 585 2719 612 2746; x_wconf 69' lang='lat'><strong>2.</strong></span> <span class='ocrx_word' id='word_1_454' title='bbox 626 2720 690 2756; x_wconf 64' lang='grc' dir='ltr'><strong>ιδῃ</strong></span> 
     </span>
    </p>
   </div>
   <div class='ocr_carea' id='block_1_57' title="bbox 174 2762 928 2801">
    <p class='ocr_par' dir='ltr' id='par_1_57' title="bbox 174 2762 928 2801">
     <span class='ocr_line' id='line_1_57' title="bbox 174 2762 928 2801; baseline 0.008 -13"><span class='ocrx_word' id='word_1_455' title='bbox 174 2762 202 2789; x_wconf 77' lang='lat'><strong>9..</strong></span> <span class='ocrx_word' id='word_1_456' title='bbox 221 2764 354 2796; x_wconf 75' lang='lat' dir='ltr'><strong>Quomodo</strong></span> <span class='ocrx_word' id='word_1_457' title='bbox 374 2764 486 2792; x_wconf 80' lang='lat' dir='ltr'><strong>Christus</strong></span> <span class='ocrx_word' id='word_1_458' title='bbox 496 2765 600 2792; x_wconf 76' lang='lat' dir='ltr'><strong>Jttdwos</strong></span> <span class='ocrx_word' id='word_1_459' title='bbox 612 2767 765 2801; x_wconf 79' lang='lat' dir='ltr'><strong>increpando</strong></span> <span class='ocrx_word' id='word_1_460' title='bbox 776 2767 852 2794; x_wconf 80' lang='lat' dir='ltr'><strong>simul</strong></span> <span class='ocrx_word' id='word_1_461' title='bbox 869 2767 928 2794; x_wconf 87' lang='lat' dir='ltr'><strong>alli-</strong></span> 
     </span>
    </p>
   </div>
   <div class='ocr_carea' id='block_1_58' title="bbox 137 2811 929 2846">
    <p class='ocr_par' dir='ltr' id='par_1_58' title="bbox 137 2811 929 2846">
     <span class='ocr_line' id='line_1_58' title="bbox 137 2811 929 2846; baseline 0.005 -10"><span class='ocrx_word' id='word_1_462' title='bbox 137 2811 187 2836; x_wconf 76' lang='lat' dir='ltr'><strong>ciat</strong></span> <span class='ocrx_word' id='word_1_463' title='bbox 206 2815 230 2837; x_wconf 83' lang='lat' dir='ltr'><strong>et</strong></span> <span class='ocrx_word' id='word_1_464' title='bbox 244 2811 338 2837; x_wconf 77' lang='lat' dir='ltr'><strong>incitet.</strong></span> <span class='ocrx_word' id='word_1_465' title='bbox 357 2811 452 2838; x_wconf 81' lang='lat' dir='ltr'><strong>Eadem</strong></span> <span class='ocrx_word' id='word_1_466' title='bbox 472 2812 582 2846; x_wconf 82' lang='lat' dir='ltr'><strong>potentia</strong></span> <span class='ocrx_word' id='word_1_467' title='bbox 598 2811 684 2840; x_wconf 82' lang='lat' dir='ltr'><strong>Patris</strong></span> <span class='ocrx_word' id='word_1_468' title='bbox 703 2817 725 2839; x_wconf 87' lang='lat' dir='ltr'><strong>et</strong></span> <span class='ocrx_word' id='word_1_469' title='bbox 747 2813 823 2846; x_wconf 82' lang='lat' dir='ltr'><strong>Filii,</strong></span> <span class='ocrx_word' id='word_1_470' title='bbox 842 2813 929 2840; x_wconf 86' lang='lat' dir='ltr'><strong>eadem</strong></span> 
     </span>
    </p>
   </div>
   <div class='ocr_carea' id='block_1_59' title="bbox 139 2856 929 2891">
    <p class='ocr_par' dir='ltr' id='par_1_59' title="bbox 139 2856 929 2891">
     <span class='ocr_line' id='line_1_59' title="bbox 139 2856 929 2891; baseline 0.006 -9"><span class='ocrx_word' id='word_1_471' title='bbox 139 2864 238 2882; x_wconf 83' lang='lat' dir='ltr'><strong>manus.</strong></span> <span class='ocrx_word' id='word_1_472' title='bbox 248 2871 283 2875; x_wconf 87' lang='lat'><strong><em>—</em></strong></span> <span class='ocrx_word' id='word_1_473' title='bbox 292 2856 356 2888; x_wconf 85' lang='lat' dir='ltr'><strong>Quia</strong></span> <span class='ocrx_word' id='word_1_474' title='bbox 368 2864 432 2891; x_wconf 89' lang='lat' dir='ltr'><strong>ergo</strong></span> <span class='ocrx_word' id='word_1_475' title='bbox 444 2861 505 2884; x_wconf 87' lang='lat' dir='ltr'><strong>tunc</strong></span> <span class='ocrx_word' id='word_1_476' title='bbox 519 2858 679 2884; x_wconf 88' lang='lat' dir='ltr'><strong>simulabant</strong></span> <span class='ocrx_word' id='word_1_477' title='bbox 692 2866 722 2886; x_wconf 91' lang='lat' dir='ltr'><strong>sc</strong></span> <span class='ocrx_word' id='word_1_478' title='bbox 734 2865 766 2886; x_wconf 89' lang='lat' dir='ltr'><strong>ex</strong></span> <span class='ocrx_word' id='word_1_479' title='bbox 781 2859 839 2886; x_wconf 89' lang='lat' dir='ltr'><strong>solo</strong></span> <span class='ocrx_word' id='word_1_480' title='bbox 848 2859 929 2887; x_wconf 85' lang='lat' dir='ltr'><strong>verbo</strong></span> 
     </span>
    </p>
   </div>
   <div class='ocr_carea' id='block_1_60' title="bbox 146 2902 929 2938">
    <p class='ocr_par' dir='ltr' id='par_1_60' title="bbox 146 2902 929 2938">
     <span class='ocr_line' id='line_1_60' title="bbox 146 2902 929 2938; baseline 0.004 -8"><span class='ocrx_word' id='word_1_481' title='bbox 146 2902 309 2935; x_wconf 72' lang='lat' dir='ltr'><strong>t‘rt&#39;tlituros,</strong></span> <span class='ocrx_word' id='word_1_482' title='bbox 329 2902 373 2936; x_wconf 88' lang='lat' dir='ltr'><strong>qui</strong></span> <span class='ocrx_word' id='word_1_483' title='bbox 394 2907 433 2930; x_wconf 82' lang='lat' dir='ltr'><strong>tot</strong></span> <span class='ocrx_word' id='word_1_484' title='bbox 449 2903 579 2938; x_wconf 85' lang='lat' dir='ltr'><strong>tantisque</strong></span> <span class='ocrx_word' id='word_1_485' title='bbox 600 2904 723 2938; x_wconf 87' lang='lat' dir='ltr'><strong>operibus</strong></span> <span class='ocrx_word' id='word_1_486' title='bbox 738 2912 791 2932; x_wconf 91' lang='lat' dir='ltr'><strong>non</strong></span> <span class='ocrx_word' id='word_1_487' title='bbox 809 2905 929 2934; x_wconf 84' lang='lat' dir='ltr'><strong>credide-</strong></span> 
     </span>
    </p>
   </div>
   <div class='ocr_carea' id='block_1_61' title="bbox 683 185 1241 217">
    <p class='ocr_par' dir='ltr' id='par_1_61' title="bbox 683 185 1241 217">
     <span class='ocr_line' id='line_1_61' title="bbox 683 185 1241 217; baseline 0.004 -2"><span class='ocrx_word' id='word_1_488' title='bbox 683 186 714 215; x_wconf 86' lang='lat' dir='ltr'><strong>iN</strong></span> <span class='ocrx_word' id='word_1_489' title='bbox 733 185 889 215; x_wconf 78' lang='lat' dir='ltr'><strong>JOA‘NNEM</strong></span> <span class='ocrx_word' id='word_1_490' title='bbox 910 186 1019 214; x_wconf 77' lang='lat' dir='ltr'><strong>IIOlIIL.</strong></span> <span class='ocrx_word' id='word_1_491' title='bbox 1043 186 1110 216; x_wconf 78' lang='lat' dir='ltr'><strong>LXI.</strong></span> <span class='ocrx_word' id='word_1_492' title='bbox 1130 188 1166 216; x_wconf 88' lang='lat' dir='ltr'><strong>al.</strong></span> <span class='ocrx_word' id='word_1_493' title='bbox 1187 189 1241 217; x_wconf 78' lang='lat' dir='ltr'><strong>LX.</strong></span> 
     </span>
    </p>
   </div>
   <div class='ocr_carea' id='block_1_62' title="bbox 1721 193 1772 222">
    <p class='ocr_par' dir='ltr' id='par_1_62' title="bbox 1721 193 1772 222">
     <span class='ocr_line' id='line_1_62' title="bbox 1721 193 1772 222; baseline -0.02 0"><span class='ocrx_word' id='word_1_494' title='bbox 1721 193 1772 222; x_wconf 71' lang='lat'><strong>333</strong></span> 
     </span>
    </p>
   </div>
   <div class='ocr_carea' id='block_1_63' title="bbox 984 245 1772 287">
    <p class='ocr_par' dir='ltr' id='par_1_63' title="bbox 984 245 1772 287">
     <span class='ocr_line' id='line_1_63' title="bbox 984 245 1772 287; baseline 0.011 -17"><span class='ocrx_word' id='word_1_495' title='bbox 984 249 1060 278; x_wconf 87' lang='lat' dir='ltr'><strong>rant,</strong></span> <span class='ocrx_word' id='word_1_496' title='bbox 1078 245 1181 273; x_wconf 89' lang='lat' dir='ltr'><strong>illorum</strong></span> <span class='ocrx_word' id='word_1_497' title='bbox 1200 248 1342 282; x_wconf 86' lang='lat' dir='ltr'><strong>nequitiam</strong></span> <span class='ocrx_word' id='word_1_498' title='bbox 1357 249 1442 284; x_wconf 90' lang='lat' dir='ltr'><strong>arguit</strong></span> <span class='ocrx_word' id='word_1_499' title='bbox 1459 249 1500 277; x_wconf 85' lang='lat' dir='ltr'><strong>his</strong></span> <span class='ocrx_word' id='word_1_500' title='bbox 1515 250 1621 278; x_wconf 81' lang='lat' dir='ltr'><strong>vctbis:</strong></span> <span class='ocrx_word' id='word_1_501' title='bbox 1639 250 1668 278; x_wconf 83' lang='lat' dir='ltr'><strong>Si</strong></span> <span class='ocrx_word' id='word_1_502' title='bbox 1687 253 1772 287; x_wconf 77' lang='lat' dir='ltr'><strong>aperi-</strong></span> 
     </span>
    </p>
   </div>
   <div class='ocr_carea' id='block_1_64' title="bbox 983 290 1772 332">
    <p class='ocr_par' dir='ltr' id='par_1_64' title="bbox 983 290 1772 332">
     <span class='ocr_line' id='line_1_64' title="bbox 983 290 1772 332; baseline 0.01 -16"><span class='ocrx_word' id='word_1_503' title='bbox 983 290 1028 316; x_wconf 87' lang='lat' dir='ltr'><strong>bus</strong></span> <span class='ocrx_word' id='word_1_504' title='bbox 1039 299 1088 317; x_wconf 87' lang='lat' dir='ltr'><strong>non</strong></span> <span class='ocrx_word' id='word_1_505' title='bbox 1099 292 1210 324; x_wconf 79' lang='lat' dir='ltr'><strong>creditis,</strong></span> <span class='ocrx_word' id='word_1_506' title='bbox 1219 294 1343 327; x_wconf 87' lang='lat' dir='ltr'><strong>quomodo</strong></span> <span class='ocrx_word' id='word_1_507' title='bbox 1355 295 1433 322; x_wconf 81' lang='lat' dir='ltr'><strong>verbis</strong></span> <span class='ocrx_word' id='word_1_508' title='bbox 1442 296 1568 322; x_wconf 75' lang='lat' dir='ltr'><strong>credetis?</strong></span> <span class='ocrx_word' id='word_1_509' title='bbox 1582 296 1669 329; x_wconf 83' lang='lat' dir='ltr'><strong>Quare</strong></span> <span class='ocrx_word' id='word_1_510' title='bbox 1680 305 1772 332; x_wconf 82' lang='lat' dir='ltr'><strong>super-</strong></span> 
     </span>
    </p>
   </div>
   <div class='ocr_carea' id='block_1_65' title="bbox 982 335 1771 378">
    <p class='ocr_par' dir='ltr' id='par_1_65' title="bbox 982 335 1771 378">
     <span class='ocr_line' id='line_1_65' title="bbox 982 335 1771 378; baseline 0.011 -16"><span class='ocrx_word' id='word_1_511' title='bbox 982 335 1034 362; x_wconf 83' lang='lat' dir='ltr'><strong>tlua</strong></span> <span class='ocrx_word' id='word_1_512' title='bbox 1048 341 1089 364; x_wconf 91' lang='lat' dir='ltr'><strong>est</strong></span> <span class='ocrx_word' id='word_1_513' title='bbox 1104 337 1286 373; x_wconf 82' lang='lat' dir='ltr'><strong>interrogatio.</strong></span> <span class='ocrx_word' id='word_1_514' title='bbox 1302 339 1346 367; x_wconf 72' lang='lat'><strong>26.</strong></span> <span class='ocrx_word' id='word_1_515' title='bbox 1363 341 1416 368; x_wconf 72' lang='lat' dir='ltr'><strong>Sed</strong></span> <span class='ocrx_word' id='word_1_516' title='bbox 1425 342 1478 368; x_wconf 72' lang='lat' dir='ltr'><strong>dixi</strong></span> <span class='ocrx_word' id='word_1_517' title='bbox 1489 343 1566 376; x_wconf 80' lang='lat' dir='ltr'><strong>vobis,</strong></span> <span class='ocrx_word' id='word_1_518' title='bbox 1580 343 1674 378; x_wconf 88' lang='lat' dir='ltr'><strong>inquit,</strong></span> <span class='ocrx_word' id='word_1_519' title='bbox 1688 350 1771 371; x_wconf 83' lang='lat' dir='ltr'><strong>etnon</strong></span> 
     </span>
    </p>
   </div>
   <div class='ocr_carea' id='block_1_66' title="bbox 982 382 1770 424">
    <p class='ocr_par' dir='ltr' id='par_1_66' title="bbox 982 382 1770 424">
     <span class='ocr_line' id='line_1_66' title="bbox 982 382 1770 424; baseline 0.013 -17"><span class='ocrx_word' id='word_1_520' title='bbox 982 382 1083 409; x_wconf 82' lang='lat' dir='ltr'><strong>creditis</strong></span> <span class='ocrx_word' id='word_1_521' title='bbox 1096 383 1168 416; x_wconf 82' lang='lat' dir='ltr'><strong>mihi,</strong></span> <span class='ocrx_word' id='word_1_522' title='bbox 1181 384 1241 418; x_wconf 89' lang='lat' dir='ltr'><strong>quia</strong></span> <span class='ocrx_word' id='word_1_523' title='bbox 1254 392 1304 411; x_wconf 82' lang='lat' dir='ltr'><strong>non</strong></span> <span class='ocrx_word' id='word_1_524' title='bbox 1321 386 1379 412; x_wconf 80' lang='lat' dir='ltr'><strong>estis</strong></span> <span class='ocrx_word' id='word_1_525' title='bbox 1391 386 1422 412; x_wconf 87' lang='lat' dir='ltr'><strong>de</strong></span> <span class='ocrx_word' id='word_1_526' title='bbox 1436 387 1521 414; x_wconf 76' lang='lat' dir='ltr'><strong>ovibus</strong></span> <span class='ocrx_word' id='word_1_527' title='bbox 1533 390 1603 415; x_wconf 82' lang='lat' dir='ltr'><strong>meis.</strong></span> <span class='ocrx_word' id='word_1_528' title='bbox 1621 389 1674 424; x_wconf 81' lang='lat' dir='ltr'><strong>Ego</strong></span> <span class='ocrx_word' id='word_1_529' title='bbox 1687 394 1770 416; x_wconf 88' lang='lat' dir='ltr'><strong>toltttu</strong></span> 
     </span>
    </p>
   </div>
   <div class='ocr_carea' id='block_1_67' title="bbox 982 427 1769 470">
    <p class='ocr_par' dir='ltr' id='par_1_67' title="bbox 982 427 1769 470">
     <span class='ocr_line' id='line_1_67' title="bbox 982 427 1769 470; baseline 0.011 -17"><span class='ocrx_word' id='word_1_530' title='bbox 982 427 1097 460; x_wconf 87' lang='lat' dir='ltr'><strong>pastoris</strong></span> <span class='ocrx_word' id='word_1_531' title='bbox 1111 427 1227 456; x_wconf 79' lang='lat' dir='ltr'><strong>ofﬁciunt</strong></span> <span class='ocrx_word' id='word_1_532' title='bbox 1240 429 1347 457; x_wconf 75' lang='lat' dir='ltr'><strong>exhibui</strong></span> <span class='ocrx_word' id='word_1_533' title='bbox 1360 440 1367 458; x_wconf 89' lang='lat'>:</span> <span class='ocrx_word' id='word_1_534' title='bbox 1380 432 1402 458; x_wconf 92' lang='lat' dir='ltr'><strong>si</strong></span> <span class='ocrx_word' id='word_1_535' title='bbox 1418 439 1480 458; x_wconf 85' lang='lat' dir='ltr'><strong>vero</strong></span> <span class='ocrx_word' id='word_1_536' title='bbox 1494 441 1535 460; x_wconf 84' lang='lat' dir='ltr'><strong>me</strong></span> <span class='ocrx_word' id='word_1_537' title='bbox 1551 441 1605 461; x_wconf 93' lang='lat' dir='ltr'><strong>non</strong></span> <span class='ocrx_word' id='word_1_538' title='bbox 1618 436 1769 470; x_wconf 82' lang='lat' dir='ltr'><strong>sequimini,</strong></span> 
     </span>
    </p>
   </div>
   <div class='ocr_carea' id='block_1_68' title="bbox 983 473 1771 516">
    <p class='ocr_par' dir='ltr' id='par_1_68' title="bbox 983 473 1771 516">
     <span class='ocr_line' id='line_1_68' title="bbox 983 473 1771 516; baseline 0.014 -17"><span class='ocrx_word' id='word_1_539' title='bbox 983 480 1034 499; x_wconf 91' lang='lat' dir='ltr'><strong>non</strong></span> <span class='ocrx_word' id='word_1_540' title='bbox 1048 473 1118 508; x_wconf 87' lang='lat' dir='ltr'><strong>quod</strong></span> <span class='ocrx_word' id='word_1_541' title='bbox 1129 481 1178 509; x_wconf 76' lang='lat' dir='ltr'><strong>ego</strong></span> <span class='ocrx_word' id='word_1_542' title='bbox 1192 483 1243 503; x_wconf 93' lang='lat' dir='ltr'><strong>non</strong></span> <span class='ocrx_word' id='word_1_543' title='bbox 1260 481 1351 510; x_wconf 83' lang='lat' dir='ltr'><strong>pastor</strong></span> <span class='ocrx_word' id='word_1_544' title='bbox 1361 478 1409 504; x_wconf 87' lang='lat' dir='ltr'><strong>situ</strong></span> <span class='ocrx_word' id='word_1_545' title='bbox 1426 480 1550 506; x_wconf 85' lang='lat' dir='ltr'><strong>reuuistis</strong></span> <span class='ocrx_word' id='word_1_546' title='bbox 1560 501 1568 513; x_wconf 92' lang='lat'><strong>,</strong></span> <span class='ocrx_word' id='word_1_547' title='bbox 1582 481 1628 508; x_wconf 87' lang='lat' dir='ltr'><strong>sed</strong></span> <span class='ocrx_word' id='word_1_548' title='bbox 1640 483 1710 516; x_wconf 89' lang='lat' dir='ltr'><strong>qttod</strong></span> <span class='ocrx_word' id='word_1_549' title='bbox 1725 492 1771 510; x_wconf 79' lang='lat' dir='ltr'><strong>vos</strong></span> 
     </span>
    </p>
   </div>
   <div class='ocr_carea' id='block_1_69' title="bbox 980 521 1771 561">
    <p class='ocr_par' dir='ltr' id='par_1_69' title="bbox 980 521 1771 561">
     <span class='ocr_line' id='line_1_69' title="bbox 980 521 1771 561; baseline 0.014 -17"><span class='ocrx_word' id='word_1_550' title='bbox 980 525 1043 545; x_wconf 82' lang='lat' dir='ltr'><strong>oves</strong></span> <span class='ocrx_word' id='word_1_551' title='bbox 1057 527 1123 546; x_wconf 65' lang='lat' dir='ltr'><strong>mete</strong></span> <span class='ocrx_word' id='word_1_552' title='bbox 1135 527 1186 547; x_wconf 93' lang='lat' dir='ltr'><strong>non</strong></span> <span class='ocrx_word' id='word_1_553' title='bbox 1198 521 1265 548; x_wconf 85' lang='lat' dir='ltr'><strong>sitis.</strong></span> <span class='ocrx_word' id='word_1_554' title='bbox 1277 521 1342 548; x_wconf 89' lang='lat' dir='ltr'><strong>Nam</strong></span> <span class='ocrx_word' id='word_1_555' title='bbox 1352 522 1397 549; x_wconf 70' lang='lat'><strong>27.</strong></span> <span class='ocrx_word' id='word_1_556' title='bbox 1412 523 1474 549; x_wconf 80' lang='lat' dir='ltr'><strong>Oves</strong></span> <span class='ocrx_word' id='word_1_557' title='bbox 1486 532 1547 550; x_wconf 79' lang='lat' dir='ltr'><strong>metu</strong></span> <span class='ocrx_word' id='word_1_558' title='bbox 1556 546 1562 557; x_wconf 89' lang='lat'><strong>,</strong></span> <span class='ocrx_word' id='word_1_559' title='bbox 1578 526 1672 561; x_wconf 90' lang='lat' dir='ltr'><strong>inquit,</strong></span> <span class='ocrx_word' id='word_1_560' title='bbox 1686 536 1771 555; x_wconf 83' lang='lat' dir='ltr'><strong>vocent</strong></span> 
     </span>
    </p>
   </div>
   <div class='ocr_carea' id='block_1_70' title="bbox 980 565 1772 602">
    <p class='ocr_par' dir='ltr' id='par_1_70' title="bbox 980 565 1772 602">
     <span class='ocr_line' id='line_1_70' title="bbox 980 565 1772 602; baseline 0.013 -13"><span class='ocrx_word' id='word_1_561' title='bbox 980 571 1061 590; x_wconf 82' lang='lat' dir='ltr'><strong>meum</strong></span> <span class='ocrx_word' id='word_1_562' title='bbox 1074 565 1194 598; x_wconf 75' lang='lat' dir='ltr'><strong>audiunt,</strong></span> <span class='ocrx_word' id='word_1_563' title='bbox 1209 571 1233 592; x_wconf 76' lang='lat' dir='ltr'><strong>et</strong></span> <span class='ocrx_word' id='word_1_564' title='bbox 1248 573 1384 602; x_wconf 86' lang='lat' dir='ltr'><strong>sequuntur</strong></span> <span class='ocrx_word' id='word_1_565' title='bbox 1397 576 1444 601; x_wconf 84' lang='lat' dir='ltr'><strong>me,</strong></span> <span class='ocrx_word' id='word_1_566' title='bbox 1460 569 1505 596; x_wconf 76' lang='lat'><strong>28.</strong></span> <span class='ocrx_word' id='word_1_567' title='bbox 1522 575 1543 596; x_wconf 89' lang='lat' dir='ltr'><strong>et</strong></span> <span class='ocrx_word' id='word_1_568' title='bbox 1562 571 1638 597; x_wconf 78' lang='lat' dir='ltr'><strong>vitam</strong></span> <span class='ocrx_word' id='word_1_569' title='bbox 1651 578 1772 599; x_wconf 65' lang='lat' dir='ltr'><strong>eterna-tt</strong></span> 
     </span>
    </p>
   </div>
   <div class='ocr_carea' id='block_1_71' title="bbox 979 608 1774 650">
    <p class='ocr_par' dir='ltr' id='par_1_71' title="bbox 979 608 1774 650">
     <span class='ocr_line' id='line_1_71' title="bbox 979 608 1774 650; baseline 0.009 -16"><span class='ocrx_word' id='word_1_570' title='bbox 979 608 1013 635; x_wconf 89' lang='lat' dir='ltr'><strong>do</strong></span> <span class='ocrx_word' id='word_1_571' title='bbox 1027 609 1072 642; x_wconf 70' lang='lat' dir='ltr'><strong>eis,</strong></span> <span class='ocrx_word' id='word_1_572' title='bbox 1088 614 1110 636; x_wconf 88' lang='lat' dir='ltr'><strong>et</strong></span> <span class='ocrx_word' id='word_1_573' title='bbox 1123 618 1173 637; x_wconf 83' lang='lat' dir='ltr'><strong>non</strong></span> <span class='ocrx_word' id='word_1_574' title='bbox 1189 612 1304 645; x_wconf 83' lang='lat' dir='ltr'><strong>peribunt</strong></span> <span class='ocrx_word' id='word_1_575' title='bbox 1321 613 1347 639; x_wconf 85' lang='lat' dir='ltr'><strong>in</strong></span> <span class='ocrx_word' id='word_1_576' title='bbox 1361 617 1483 640; x_wconf 53' lang='lat' dir='ltr'><strong>attentum</strong></span> <span class='ocrx_word' id='word_1_577' title='bbox 1495 621 1505 640; x_wconf 85' lang='lat'><strong>.&#39;</strong></span> <span class='ocrx_word' id='word_1_578' title='bbox 1519 619 1541 641; x_wconf 87' lang='lat' dir='ltr'><strong>et</strong></span> <span class='ocrx_word' id='word_1_579' title='bbox 1555 623 1626 642; x_wconf 83' lang='lat' dir='ltr'><strong>uento</strong></span> <span class='ocrx_word' id='word_1_580' title='bbox 1639 622 1717 650; x_wconf 80' lang='lat' dir='ltr'><strong>potest</strong></span> <span class='ocrx_word' id='word_1_581' title='bbox 1730 624 1774 641; x_wconf 68' lang='lat' dir='ltr'><strong>una</strong></span> 
     </span>
    </p>
   </div>
   <div class='ocr_carea' id='block_1_72' title="bbox 979 655 1767 695">
    <p class='ocr_par' dir='ltr' id='par_1_72' title="bbox 979 655 1767 695">
     <span class='ocr_line' id='line_1_72' title="bbox 979 655 1767 695; baseline 0.011 -15"><span class='ocrx_word' id='word_1_582' title='bbox 979 662 1068 689; x_wconf 83' lang='lat' dir='ltr'><strong>rapcre</strong></span> <span class='ocrx_word' id='word_1_583' title='bbox 1082 655 1113 682; x_wconf 88' lang='lat' dir='ltr'><strong>de</strong></span> <span class='ocrx_word' id='word_1_584' title='bbox 1127 664 1203 683; x_wconf 87' lang='lat' dir='ltr'><strong>manu</strong></span> <span class='ocrx_word' id='word_1_585' title='bbox 1216 665 1282 685; x_wconf 85' lang='lat' dir='ltr'><strong>mea.</strong></span> <span class='ocrx_word' id='word_1_586' title='bbox 1297 658 1342 685; x_wconf 74' lang='grc'><strong>29.</strong></span> <span class='ocrx_word' id='word_1_587' title='bbox 1361 658 1427 692; x_wconf 83' lang='lat' dir='ltr'><strong>Quia</strong></span> <span class='ocrx_word' id='word_1_588' title='bbox 1446 659 1536 693; x_wconf 81' lang='lat' dir='ltr'><strong>Pater,</strong></span> <span class='ocrx_word' id='word_1_589' title='bbox 1551 662 1592 695; x_wconf 86' lang='lat' dir='ltr'><strong>qui</strong></span> <span class='ocrx_word' id='word_1_590' title='bbox 1608 661 1675 688; x_wconf 81' lang='lat' dir='ltr'><strong>dedit</strong></span> <span class='ocrx_word' id='word_1_591' title='bbox 1691 664 1767 695; x_wconf 81' lang='lat' dir='ltr'><strong>mihi,</strong></span> 
     </span>
    </p>
   </div>
   <div class='ocr_carea' id='block_1_73' title="bbox 979 702 1770 741">
    <p class='ocr_par' dir='ltr' id='par_1_73' title="bbox 979 702 1770 741">
     <span class='ocr_line' id='line_1_73' title="bbox 979 702 1770 741; baseline 0.013 -14"><span class='ocrx_word' id='word_1_592' title='bbox 979 702 1061 736; x_wconf 84' lang='lat' dir='ltr'><strong>major</strong></span> <span class='ocrx_word' id='word_1_593' title='bbox 1073 707 1109 728; x_wconf 78' lang='lat' dir='ltr'><strong>est</strong></span> <span class='ocrx_word' id='word_1_594' title='bbox 1123 703 1237 730; x_wconf 85' lang='lat' dir='ltr'><strong>omnibus</strong></span> <span class='ocrx_word' id='word_1_595' title='bbox 1247 712 1258 730; x_wconf 90' lang='lat'><em>:</em></span> <span class='ocrx_word' id='word_1_596' title='bbox 1271 709 1295 731; x_wconf 89' lang='lat' dir='ltr'><strong>et</strong></span> <span class='ocrx_word' id='word_1_597' title='bbox 1308 713 1379 732; x_wconf 86' lang='lat' dir='ltr'><strong>nemo</strong></span> <span class='ocrx_word' id='word_1_598' title='bbox 1393 711 1474 739; x_wconf 80' lang='lat' dir='ltr'><strong>potest</strong></span> <span class='ocrx_word' id='word_1_599' title='bbox 1488 715 1530 733; x_wconf 86' lang='lat' dir='ltr'><strong>eas</strong></span> <span class='ocrx_word' id='word_1_600' title='bbox 1547 715 1637 741; x_wconf 85' lang='lat' dir='ltr'><strong>rapere</strong></span> <span class='ocrx_word' id='word_1_601' title='bbox 1648 709 1680 734; x_wconf 89' lang='lat' dir='ltr'><strong>de</strong></span> <span class='ocrx_word' id='word_1_602' title='bbox 1693 717 1770 736; x_wconf 83' lang='lat' dir='ltr'><strong>manu</strong></span> 
     </span>
    </p>
   </div>
   <div class='ocr_carea' id='block_1_74' title="bbox 980 746 1769 785">
    <p class='ocr_par' dir='ltr' id='par_1_74' title="bbox 980 746 1769 785">
     <span class='ocr_line' id='line_1_74' title="bbox 980 746 1769 785; baseline 0.01 -12"><span class='ocrx_word' id='word_1_603' title='bbox 980 746 1065 774; x_wconf 83' lang='lat' dir='ltr'><strong>Patris</strong></span> <span class='ocrx_word' id='word_1_604' title='bbox 1080 749 1137 775; x_wconf 85' lang='lat' dir='ltr'><strong>mei.</strong></span> <span class='ocrx_word' id='word_1_605' title='bbox 1154 749 1198 776; x_wconf 78' lang='lat'><strong>50.</strong></span> <span class='ocrx_word' id='word_1_606' title='bbox 1214 749 1269 785; x_wconf 84' lang='lat' dir='ltr'><strong>Ego</strong></span> <span class='ocrx_word' id='word_1_607' title='bbox 1289 756 1311 777; x_wconf 90' lang='lat' dir='ltr'><strong>et</strong></span> <span class='ocrx_word' id='word_1_608' title='bbox 1332 751 1411 779; x_wconf 83' lang='lat' dir='ltr'><strong>Pater</strong></span> <span class='ocrx_word' id='word_1_609' title='bbox 1425 761 1503 779; x_wconf 87' lang='lat' dir='ltr'><strong>unum</strong></span> <span class='ocrx_word' id='word_1_610' title='bbox 1523 762 1620 780; x_wconf 81' lang='lat' dir='ltr'><strong>sumus.</strong></span> <span class='ocrx_word' id='word_1_611' title='bbox 1640 755 1769 782; x_wconf 77' lang='lat' dir='ltr'><strong>Animad-</strong></span> 
     </span>
    </p>
   </div>
   <div class='ocr_carea' id='block_1_75' title="bbox 978 795 1770 831">
    <p class='ocr_par' dir='ltr' id='par_1_75' title="bbox 978 795 1770 831">
     <span class='ocr_line' id='line_1_75' title="bbox 978 795 1770 831; baseline 0.011 -12"><span class='ocrx_word' id='word_1_612' title='bbox 978 797 1052 820; x_wconf 84' lang='lat' dir='ltr'><strong>verte</strong></span> <span class='ocrx_word' id='word_1_613' title='bbox 1066 795 1199 829; x_wconf 91' lang='lat' dir='ltr'><strong>qnomodo</strong></span> <span class='ocrx_word' id='word_1_614' title='bbox 1211 796 1271 823; x_wconf 88' lang='lat' dir='ltr'><strong>illos</strong></span> <span class='ocrx_word' id='word_1_615' title='bbox 1285 797 1440 831; x_wconf 89' lang='lat' dir='ltr'><strong>rejiciendo,</strong></span> <span class='ocrx_word' id='word_1_616' title='bbox 1458 799 1579 827; x_wconf 83' lang='lat' dir='ltr'><strong>hortetur</strong></span> <span class='ocrx_word' id='word_1_617' title='bbox 1598 805 1686 827; x_wconf 79' lang='lat' dir='ltr'><strong>tamen</strong></span> <span class='ocrx_word' id='word_1_618' title='bbox 1700 807 1727 828; x_wconf 86' lang='grc' dir='ltr'><strong>ιιι</strong></span> <span class='ocrx_word' id='word_1_619' title='bbox 1741 810 1770 829; x_wconf 81' lang='lat' dir='ltr'><strong>se</strong></span> 
     </span>
    </p>
   </div>
   <div class='ocr_carea' id='block_1_76' title="bbox 977 840 1769 881">
    <p class='ocr_par' dir='ltr' id='par_1_76' title="bbox 977 840 1769 881">
     <span class='ocr_line' id='line_1_76' title="bbox 977 840 1769 881; baseline 0.011 -16"><span class='ocrx_word' id='word_1_620' title='bbox 977 843 1132 874; x_wconf 88' lang='lat' dir='ltr'><strong>sequantur.</strong></span> <span class='ocrx_word' id='word_1_621' title='bbox 1153 840 1219 874; x_wconf 81' lang='lat' dir='ltr'><strong>Vos,</strong></span> <span class='ocrx_word' id='word_1_622' title='bbox 1235 842 1335 877; x_wconf 86' lang='lat' dir='ltr'><strong>inquit,</strong></span> <span class='ocrx_word' id='word_1_623' title='bbox 1357 852 1408 870; x_wconf 83' lang='lat' dir='ltr'><strong>non</strong></span> <span class='ocrx_word' id='word_1_624' title='bbox 1422 844 1516 871; x_wconf 83' lang='lat' dir='ltr'><strong>auditis</strong></span> <span class='ocrx_word' id='word_1_625' title='bbox 1531 853 1588 875; x_wconf 85' lang='lat' dir='ltr'><strong>me:</strong></span> <span class='ocrx_word' id='word_1_626' title='bbox 1608 854 1686 881; x_wconf 81' lang='lat' dir='ltr'><strong>neque</strong></span> <span class='ocrx_word' id='word_1_627' title='bbox 1704 849 1769 874; x_wconf 80' lang='lat' dir='ltr'><strong>enim</strong></span> 
     </span>
    </p>
   </div>
   <div class='ocr_carea' id='block_1_77' title="bbox 977 886 1770 923">
    <p class='ocr_par' dir='ltr' id='par_1_77' title="bbox 977 886 1770 923">
     <span class='ocr_line' id='line_1_77' title="bbox 977 886 1770 923; baseline 0.011 -12"><span class='ocrx_word' id='word_1_628' title='bbox 977 886 1035 912; x_wconf 80' lang='lat' dir='ltr'><strong>estis</strong></span> <span class='ocrx_word' id='word_1_629' title='bbox 1049 894 1124 919; x_wconf 83' lang='lat' dir='ltr'><strong>oves;</strong></span> <span class='ocrx_word' id='word_1_630' title='bbox 1138 887 1181 918; x_wconf 86' lang='lat' dir='ltr'><strong>qui</strong></span> <span class='ocrx_word' id='word_1_631' title='bbox 1198 896 1261 916; x_wconf 89' lang='lat' dir='ltr'><strong>vero</strong></span> <span class='ocrx_word' id='word_1_632' title='bbox 1277 893 1434 923; x_wconf 83' lang='lat' dir='ltr'><strong>sequuntur,</strong></span> <span class='ocrx_word' id='word_1_633' title='bbox 1451 890 1477 917; x_wconf 93' lang='lat' dir='ltr'><strong>hi</strong></span> <span class='ocrx_word' id='word_1_634' title='bbox 1494 895 1557 918; x_wconf 92' lang='lat' dir='ltr'><strong>sunt</strong></span> <span class='ocrx_word' id='word_1_635' title='bbox 1573 899 1605 918; x_wconf 82' lang='lat' dir='ltr'><strong>ex</strong></span> <span class='ocrx_word' id='word_1_636' title='bbox 1619 893 1692 919; x_wconf 91' lang='lat' dir='ltr'><strong>ovili.</strong></span> <span class='ocrx_word' id='word_1_637' title='bbox 1708 893 1770 921; x_wconf 74' lang='lat' dir='ltr'><strong>lltcc</strong></span> 
     </span>
    </p>
   </div>
   <div class='ocr_carea' id='block_1_78' title="bbox 978 931 1768 966">
    <p class='ocr_par' dir='ltr' id='par_1_78' title="bbox 978 931 1768 966">
     <span class='ocr_line' id='line_1_78' title="bbox 978 931 1768 966; baseline 0.009 -8"><span class='ocrx_word' id='word_1_638' title='bbox 978 937 1058 965; x_wconf 89' lang='lat' dir='ltr'><strong>porro</strong></span> <span class='ocrx_word' id='word_1_639' title='bbox 1067 931 1182 966; x_wconf 86' lang='lat' dir='ltr'><strong>dicebat,</strong></span> <span class='ocrx_word' id='word_1_640' title='bbox 1196 939 1224 960; x_wconf 92' lang='lat' dir='ltr'><strong>ut</strong></span> <span class='ocrx_word' id='word_1_641' title='bbox 1237 933 1273 961; x_wconf 91' lang='lat' dir='ltr'><strong>illi</strong></span> <span class='ocrx_word' id='word_1_642' title='bbox 1285 942 1348 962; x_wconf 86' lang='lat' dir='ltr'><strong>oves</strong></span> <span class='ocrx_word' id='word_1_643' title='bbox 1359 943 1419 963; x_wconf 85' lang='lat' dir='ltr'><strong>esse</strong></span> <span class='ocrx_word' id='word_1_644' title='bbox 1428 941 1597 964; x_wconf 86' lang='lat' dir='ltr'><strong>conarentur.</strong></span> <span class='ocrx_word' id='word_1_645' title='bbox 1615 938 1713 965; x_wconf 79' lang='lat' dir='ltr'><strong>Dt-inde</strong></span> <span class='ocrx_word' id='word_1_646' title='bbox 1725 939 1768 966; x_wconf 81' lang='lat' dir='ltr'><strong>tibi</strong></span> 
     </span>
    </p>
   </div>
   <div class='ocr_carea' id='block_1_79' title="bbox 977 978 1768 1016">
    <p class='ocr_par' dir='ltr' id='par_1_79' title="bbox 977 978 1768 1016">
     <span class='ocr_line' id='line_1_79' title="bbox 977 978 1768 1016; baseline 0.009 -12"><span class='ocrx_word' id='word_1_647' title='bbox 977 978 1041 1012; x_wconf 89' lang='lat' dir='ltr'><strong>quid</strong></span> <span class='ocrx_word' id='word_1_648' title='bbox 1054 980 1244 1014; x_wconf 86' lang='lat' dir='ltr'><strong>eonsequuturi</strong></span> <span class='ocrx_word' id='word_1_649' title='bbox 1259 980 1312 1007; x_wconf 88' lang='lat' dir='ltr'><strong>sint</strong></span> <span class='ocrx_word' id='word_1_650' title='bbox 1326 982 1463 1016; x_wconf 82' lang='lat' dir='ltr'><strong>exposuit,</strong></span> <span class='ocrx_word' id='word_1_651' title='bbox 1483 982 1574 1010; x_wconf 83' lang='lat' dir='ltr'><strong>incitat</strong></span> <span class='ocrx_word' id='word_1_652' title='bbox 1588 983 1646 1010; x_wconf 83' lang='lat' dir='ltr'><strong>illos</strong></span> <span class='ocrx_word' id='word_1_653' title='bbox 1657 1004 1663 1015; x_wconf 92' lang='lat'><strong>,</strong></span> <span class='ocrx_word' id='word_1_654' title='bbox 1681 988 1709 1011; x_wconf 93' lang='lat' dir='ltr'><strong>ut</strong></span> <span class='ocrx_word' id='word_1_655' title='bbox 1723 991 1768 1011; x_wconf 88' lang='lat' dir='ltr'><strong>sc-</strong></span> 
     </span>
    </p>
   </div>
   <div class='ocr_carea' id='block_1_80' title="bbox 976 1023 1768 1063">
    <p class='ocr_par' dir='ltr' id='par_1_80' title="bbox 976 1023 1768 1063">
     <span class='ocr_line' id='line_1_80' title="bbox 976 1023 1768 1063; baseline 0.01 -14"><span class='ocrx_word' id='word_1_656' title='bbox 976 1023 1073 1058; x_wconf 90' lang='lat' dir='ltr'><strong>quendi</strong></span> <span class='ocrx_word' id='word_1_657' title='bbox 1084 1024 1245 1052; x_wconf 85' lang='lat' dir='ltr'><strong>desiderium</strong></span> <span class='ocrx_word' id='word_1_658' title='bbox 1259 1025 1366 1054; x_wconf 82' lang='lat' dir='ltr'><strong>inierat.</strong></span> <span class='ocrx_word' id='word_1_659' title='bbox 1379 1027 1448 1060; x_wconf 82' lang='lat' dir='ltr'><strong>Quid</strong></span> <span class='ocrx_word' id='word_1_660' title='bbox 1459 1028 1542 1063; x_wconf 80' lang='lat' dir='ltr'><strong>ergo?</strong></span> <span class='ocrx_word' id='word_1_661' title='bbox 1557 1037 1619 1056; x_wconf 89' lang='lat' dir='ltr'><strong>num</strong></span> <span class='ocrx_word' id='word_1_662' title='bbox 1631 1030 1666 1057; x_wconf 93' lang='lat' dir='ltr'><strong>ob</strong></span> <span class='ocrx_word' id='word_1_663' title='bbox 1682 1029 1768 1057; x_wconf 81' lang='lat' dir='ltr'><strong>Patris</strong></span> 
     </span>
    </p>
   </div>
   <div class='ocr_carea' id='block_1_81' title="bbox 977 1069 1769 1108">
    <p class='ocr_par' dir='ltr' id='par_1_81' title="bbox 977 1069 1769 1108">
     <span class='ocr_line' id='line_1_81' title="bbox 977 1069 1769 1108; baseline 0.009 -13"><span class='ocrx_word' id='word_1_664' title='bbox 977 1069 1122 1102; x_wconf 82' lang='lat' dir='ltr'><strong>potentiam</strong></span> <span class='ocrx_word' id='word_1_665' title='bbox 1138 1077 1217 1097; x_wconf 88' lang='lat' dir='ltr'><strong>nemo</strong></span> <span class='ocrx_word' id='word_1_666' title='bbox 1230 1071 1313 1106; x_wconf 86' lang='lat' dir='ltr'><strong>rapit,</strong></span> <span class='ocrx_word' id='word_1_667' title='bbox 1328 1075 1355 1098; x_wconf 92' lang='lat' dir='ltr'><strong>tu</strong></span> <span class='ocrx_word' id='word_1_668' title='bbox 1369 1079 1433 1100; x_wconf 89' lang='lat' dir='ltr'><strong>vero</strong></span> <span class='ocrx_word' id='word_1_669' title='bbox 1448 1073 1512 1100; x_wconf 87' lang='lat' dir='ltr'><strong>nihil</strong></span> <span class='ocrx_word' id='word_1_670' title='bbox 1528 1078 1604 1108; x_wconf 90' lang='lat' dir='ltr'><strong>potes</strong></span> <span class='ocrx_word' id='word_1_671' title='bbox 1614 1095 1622 1106; x_wconf 96' lang='lat'><strong>,</strong></span> <span class='ocrx_word' id='word_1_672' title='bbox 1637 1079 1664 1101; x_wconf 89' lang='lat' dir='ltr'><strong>et</strong></span> <span class='ocrx_word' id='word_1_673' title='bbox 1680 1080 1769 1102; x_wconf 80' lang='lat' dir='ltr'><strong>custo-</strong></span> 
     </span>
    </p>
   </div>
   <div class='ocr_carea' id='block_1_82' title="bbox 976 1113 1766 1153">
    <p class='ocr_par' dir='ltr' id='par_1_82' title="bbox 976 1113 1766 1153">
     <span class='ocr_line' id='line_1_82' title="bbox 976 1113 1766 1153; baseline 0.008 -13"><span class='ocrx_word' id='word_1_674' title='bbox 976 1113 1035 1141; x_wconf 86' lang='lat' dir='ltr'><strong>dire</strong></span> <span class='ocrx_word' id='word_1_675' title='bbox 1046 1122 1099 1141; x_wconf 89' lang='lat' dir='ltr'><strong>non</strong></span> <span class='ocrx_word' id='word_1_676' title='bbox 1115 1115 1204 1143; x_wconf 86' lang='lat' dir='ltr'><strong>vales?</strong></span> <span class='ocrx_word' id='word_1_677' title='bbox 1219 1116 1336 1144; x_wconf 85' lang='lat' dir='ltr'><strong>Minime.</strong></span> <span class='ocrx_word' id='word_1_678' title='bbox 1350 1117 1385 1145; x_wconf 88' lang='lat' dir='ltr'><strong>Ut</strong></span> <span class='ocrx_word' id='word_1_679' title='bbox 1397 1117 1485 1146; x_wconf 89' lang='lat' dir='ltr'><strong>discas</strong></span> <span class='ocrx_word' id='word_1_680' title='bbox 1496 1118 1577 1152; x_wconf 80' lang='lat' dir='ltr'><strong>enim,</strong></span> <span class='ocrx_word' id='word_1_681' title='bbox 1591 1119 1664 1152; x_wconf 90' lang='lat' dir='ltr'><strong>illud,</strong></span> <span class='ocrx_word' id='word_1_682' title='bbox 1680 1119 1766 1153; x_wconf 81' lang='lat' dir='ltr'><strong>Pater,</strong></span> 
     </span>
    </p>
   </div>
   <div class='ocr_carea' id='block_1_83' title="bbox 975 1160 1768 1198">
    <p class='ocr_par' dir='ltr' id='par_1_83' title="bbox 975 1160 1768 1198">
     <span class='ocr_line' id='line_1_83' title="bbox 975 1160 1768 1198; baseline 0.008 -11"><span class='ocrx_word' id='word_1_683' title='bbox 975 1160 1018 1195; x_wconf 87' lang='lat' dir='ltr'><strong>qui</strong></span> <span class='ocrx_word' id='word_1_684' title='bbox 1033 1161 1101 1188; x_wconf 82' lang='lat' dir='ltr'><strong>dedit</strong></span> <span class='ocrx_word' id='word_1_685' title='bbox 1116 1161 1196 1194; x_wconf 82' lang='lat' dir='ltr'><strong>mihi,</strong></span> <span class='ocrx_word' id='word_1_686' title='bbox 1217 1162 1277 1190; x_wconf 91' lang='lat' dir='ltr'><strong>ideo</strong></span> <span class='ocrx_word' id='word_1_687' title='bbox 1296 1162 1394 1190; x_wconf 89' lang='lat' dir='ltr'><strong>dictum</strong></span> <span class='ocrx_word' id='word_1_688' title='bbox 1416 1163 1515 1198; x_wconf 80' lang='lat' dir='ltr'><strong>fuisse,</strong></span> <span class='ocrx_word' id='word_1_689' title='bbox 1531 1171 1565 1192; x_wconf 92' lang='lat' dir='ltr'><strong>ne</strong></span> <span class='ocrx_word' id='word_1_690' title='bbox 1587 1166 1660 1192; x_wconf 90' lang='lat' dir='ltr'><strong>illum</strong></span> <span class='ocrx_word' id='word_1_691' title='bbox 1680 1165 1768 1193; x_wconf 86' lang='lat' dir='ltr'><strong>denuo</strong></span> 
     </span>
    </p>
   </div>
   <div class='ocr_carea' id='block_1_84' title="bbox 977 1207 1767 1245">
    <p class='ocr_par' dir='ltr' id='par_1_84' title="bbox 977 1207 1767 1245">
     <span class='ocr_line' id='line_1_84' title="bbox 977 1207 1767 1245; baseline 0.005 -11"><span class='ocrx_word' id='word_1_692' title='bbox 977 1207 1032 1234; x_wconf 89' lang='lat' dir='ltr'><strong>Deo</strong></span> <span class='ocrx_word' id='word_1_693' title='bbox 1043 1207 1224 1236; x_wconf 76' lang='lat' dir='ltr'><strong>adversarium</strong></span> <span class='ocrx_word' id='word_1_694' title='bbox 1238 1209 1374 1243; x_wconf 87' lang='lat' dir='ltr'><strong>dicerent;</strong></span> <span class='ocrx_word' id='word_1_695' title='bbox 1390 1215 1529 1245; x_wconf 89' lang='lat' dir='ltr'><strong>postquam</strong></span> <span class='ocrx_word' id='word_1_696' title='bbox 1548 1211 1668 1244; x_wconf 82' lang='lat' dir='ltr'><strong>dixerat,</strong></span> <span class='ocrx_word' id='word_1_697' title='bbox 1686 1212 1767 1239; x_wconf 83' lang='lat' dir='ltr'><strong>Nemo</strong></span> 
     </span>
    </p>
   </div>
   <div class='ocr_carea' id='block_1_85' title="bbox 976 1253 1768 1290">
    <p class='ocr_par' dir='ltr' id='par_1_85' title="bbox 976 1253 1768 1290">
     <span class='ocr_line' id='line_1_85' title="bbox 976 1253 1768 1290; baseline 0.006 -11"><span class='ocrx_word' id='word_1_698' title='bbox 976 1253 1043 1288; x_wconf 82' lang='lat' dir='ltr'><strong>rapit</strong></span> <span class='ocrx_word' id='word_1_699' title='bbox 1053 1262 1094 1281; x_wconf 83' lang='lat' dir='ltr'><strong>eas</strong></span> <span class='ocrx_word' id='word_1_700' title='bbox 1106 1253 1138 1281; x_wconf 87' lang='lat' dir='ltr'><strong>de</strong></span> <span class='ocrx_word' id='word_1_701' title='bbox 1147 1262 1222 1281; x_wconf 85' lang='lat' dir='ltr'><strong>manu</strong></span> <span class='ocrx_word' id='word_1_702' title='bbox 1233 1262 1297 1285; x_wconf 86' lang='lat' dir='ltr'><strong>mea,</strong></span> <span class='ocrx_word' id='word_1_703' title='bbox 1310 1255 1547 1290; x_wconf 85' lang='lat' dir='ltr'><strong>pergitoslendens</strong></span> <span class='ocrx_word' id='word_1_704' title='bbox 1557 1263 1632 1284; x_wconf 87' lang='lat' dir='ltr'><strong>suam</strong></span> <span class='ocrx_word' id='word_1_705' title='bbox 1645 1261 1671 1284; x_wconf 93' lang='lat' dir='ltr'><strong>et</strong></span> <span class='ocrx_word' id='word_1_706' title='bbox 1681 1257 1768 1284; x_wconf 84' lang='lat' dir='ltr'><strong>Patris</strong></span> 
     </span>
    </p>
   </div>
   <div class='ocr_carea' id='block_1_86' title="bbox 976 1300 1768 1336">
    <p class='ocr_par' dir='ltr' id='par_1_86' title="bbox 976 1300 1768 1336">
     <span class='ocr_line' id='line_1_86' title="bbox 976 1300 1768 1336; baseline 0.003 -9"><span class='ocrx_word' id='word_1_707' title='bbox 976 1307 1084 1327; x_wconf 86' lang='lat' dir='ltr'><strong>manum</strong></span> <span class='ocrx_word' id='word_1_708' title='bbox 1100 1308 1178 1328; x_wconf 91' lang='lat' dir='ltr'><strong>unam</strong></span> <span class='ocrx_word' id='word_1_709' title='bbox 1194 1308 1264 1328; x_wconf 90' lang='lat' dir='ltr'><strong>esse.</strong></span> <span class='ocrx_word' id='word_1_710' title='bbox 1278 1300 1333 1328; x_wconf 87' lang='lat' dir='ltr'><strong>Nisi</strong></span> <span class='ocrx_word' id='word_1_711' title='bbox 1347 1301 1419 1328; x_wconf 90' lang='lat' dir='ltr'><strong>enim</strong></span> <span class='ocrx_word' id='word_1_712' title='bbox 1436 1301 1485 1329; x_wconf 89' lang='lat' dir='ltr'><strong>hoc</strong></span> <span class='ocrx_word' id='word_1_713' title='bbox 1499 1302 1534 1328; x_wconf 91' lang='lat' dir='ltr'><strong>ita</strong></span> <span class='ocrx_word' id='word_1_714' title='bbox 1548 1307 1633 1336; x_wconf 86' lang='lat' dir='ltr'><strong>esset,</strong></span> <span class='ocrx_word' id='word_1_715' title='bbox 1647 1302 1768 1330; x_wconf 83' lang='lat' dir='ltr'><strong>dicturus</strong></span> 
     </span>
    </p>
   </div>
   <div class='ocr_carea' id='block_1_87' title="bbox 976 1347 1768 1382">
    <p class='ocr_par' dir='ltr' id='par_1_87' title="bbox 976 1347 1768 1382">
     <span class='ocr_line' id='line_1_87' title="bbox 976 1347 1768 1382; baseline 0.003 -9"><span class='ocrx_word' id='word_1_716' title='bbox 976 1350 1052 1374; x_wconf 87' lang='lat' dir='ltr'><strong>erat:</strong></span> <span class='ocrx_word' id='word_1_717' title='bbox 1070 1347 1149 1374; x_wconf 84' lang='lat' dir='ltr'><strong>Pater</strong></span> <span class='ocrx_word' id='word_1_718' title='bbox 1165 1347 1211 1382; x_wconf 94' lang='lat' dir='ltr'><strong>qui</strong></span> <span class='ocrx_word' id='word_1_719' title='bbox 1225 1347 1299 1374; x_wconf 90' lang='lat' dir='ltr'><strong>dedit</strong></span> <span class='ocrx_word' id='word_1_720' title='bbox 1319 1348 1399 1380; x_wconf 83' lang='lat' dir='ltr'><strong>milii,</strong></span> <span class='ocrx_word' id='word_1_721' title='bbox 1422 1348 1507 1382; x_wconf 79' lang='lat' dir='ltr'><strong>major</strong></span> <span class='ocrx_word' id='word_1_722' title='bbox 1527 1348 1650 1375; x_wconf 89' lang='lat' dir='ltr'><strong>omnibus</strong></span> <span class='ocrx_word' id='word_1_723' title='bbox 1666 1353 1720 1381; x_wconf 91' lang='lat' dir='ltr'><strong>est,</strong></span> <span class='ocrx_word' id='word_1_724' title='bbox 1742 1354 1768 1376; x_wconf 92' lang='lat' dir='ltr'><strong>ct</strong></span> 
     </span>
    </p>
   </div>
   <div class='ocr_carea' id='block_1_88' title="bbox 977 1393 1766 1428">
    <p class='ocr_par' dir='ltr' id='par_1_88' title="bbox 977 1393 1766 1428">
     <span class='ocr_line' id='line_1_88' title="bbox 977 1393 1766 1428; baseline 0.004 -9"><span class='ocrx_word' id='word_1_725' title='bbox 977 1399 1056 1420; x_wconf 88' lang='lat' dir='ltr'><strong>nemo</strong></span> <span class='ocrx_word' id='word_1_726' title='bbox 1074 1397 1163 1427; x_wconf 88' lang='lat' dir='ltr'><strong>potest</strong></span> <span class='ocrx_word' id='word_1_727' title='bbox 1178 1401 1223 1420; x_wconf 87' lang='lat' dir='ltr'><strong>eas</strong></span> <span class='ocrx_word' id='word_1_728' title='bbox 1245 1401 1339 1428; x_wconf 87' lang='lat' dir='ltr'><strong>rapere</strong></span> <span class='ocrx_word' id='word_1_729' title='bbox 1359 1393 1392 1421; x_wconf 91' lang='lat' dir='ltr'><strong>de</strong></span> <span class='ocrx_word' id='word_1_730' title='bbox 1414 1401 1493 1426; x_wconf 83' lang='lat' dir='ltr'><strong>manu</strong></span> <span class='ocrx_word' id='word_1_731' title='bbox 1509 1401 1577 1421; x_wconf 90' lang='lat' dir='ltr'><strong>mea.</strong></span> <span class='ocrx_word' id='word_1_732' title='bbox 1596 1393 1693 1421; x_wconf 83' lang='lat' dir='ltr'><strong>Verum</strong></span> <span class='ocrx_word' id='word_1_733' title='bbox 1715 1402 1766 1422; x_wconf 90' lang='lat' dir='ltr'><strong>non</strong></span> 
     </span>
    </p>
   </div>
   <div class='ocr_carea' id='block_1_89' title="bbox 977 1438 1766 1474">
    <p class='ocr_par' dir='ltr' id='par_1_89' title="bbox 977 1438 1766 1474">
     <span class='ocr_line' id='line_1_89' title="bbox 977 1438 1766 1474; baseline 0.003 -9"><span class='ocrx_word' id='word_1_734' title='bbox 977 1439 1010 1465; x_wconf 91' lang='lat' dir='ltr'><strong>ita</strong></span> <span class='ocrx_word' id='word_1_735' title='bbox 1024 1438 1108 1471; x_wconf 83' lang='lat' dir='ltr'><strong>dixit,</strong></span> <span class='ocrx_word' id='word_1_736' title='bbox 1122 1438 1169 1466; x_wconf 89' lang='lat' dir='ltr'><strong>sed</strong></span> <span class='ocrx_word' id='word_1_737' title='bbox 1180 1459 1187 1470; x_wconf 92' lang='lat'><strong>,</strong></span> <span class='ocrx_word' id='word_1_738' title='bbox 1202 1438 1242 1465; x_wconf 89' lang='lat' dir='ltr'><strong>De</strong></span> <span class='ocrx_word' id='word_1_739' title='bbox 1256 1447 1332 1466; x_wconf 87' lang='lat' dir='ltr'><strong>ntanu</strong></span> <span class='ocrx_word' id='word_1_740' title='bbox 1348 1438 1434 1466; x_wconf 81' lang='lat' dir='ltr'><strong>Patris</strong></span> <span class='ocrx_word' id='word_1_741' title='bbox 1449 1440 1505 1466; x_wconf 88' lang='lat' dir='ltr'><strong>mei.</strong></span> <span class='ocrx_word' id='word_1_742' title='bbox 1521 1439 1621 1467; x_wconf 90' lang='lat' dir='ltr'><strong>Deinde</strong></span> <span class='ocrx_word' id='word_1_743' title='bbox 1637 1447 1670 1467; x_wconf 88' lang='lat' dir='ltr'><strong>ne</strong></span> <span class='ocrx_word' id='word_1_744' title='bbox 1692 1446 1766 1474; x_wconf 89' lang='lat' dir='ltr'><strong>putes</strong></span> 
     </span>
    </p>
   </div>
   <div class='ocr_carea' id='block_1_90' title="bbox 977 1485 1767 1521">
    <p class='ocr_par' dir='ltr' id='par_1_90' title="bbox 977 1485 1767 1521">
     <span class='ocr_line' id='line_1_90' title="bbox 977 1485 1767 1521; baseline 0.004 -10"><span class='ocrx_word' id='word_1_745' title='bbox 977 1485 1061 1519; x_wconf 89' lang='lat' dir='ltr'><strong>ipsutn</strong></span> <span class='ocrx_word' id='word_1_746' title='bbox 1077 1492 1137 1512; x_wconf 87' lang='lat' dir='ltr'><strong>esse</strong></span> <span class='ocrx_word' id='word_1_747' title='bbox 1155 1485 1290 1512; x_wconf 90' lang='lat' dir='ltr'><strong>inﬁrmum</strong></span> <span class='ocrx_word' id='word_1_748' title='bbox 1300 1505 1308 1519; x_wconf 88' lang='lat'><strong>,</strong></span> <span class='ocrx_word' id='word_1_749' title='bbox 1323 1485 1370 1513; x_wconf 88' lang='lat' dir='ltr'><strong>sed</strong></span> <span class='ocrx_word' id='word_1_750' title='bbox 1387 1493 1433 1520; x_wconf 88' lang='lat' dir='ltr'><strong>per</strong></span> <span class='ocrx_word' id='word_1_751' title='bbox 1445 1487 1531 1513; x_wconf 86' lang='lat' dir='ltr'><strong>Patris</strong></span> <span class='ocrx_word' id='word_1_752' title='bbox 1545 1487 1689 1521; x_wconf 84' lang='lat' dir='ltr'><strong>potentiam</strong></span> <span class='ocrx_word' id='word_1_753' title='bbox 1703 1495 1767 1514; x_wconf 82' lang='lat' dir='ltr'><strong>oves</strong></span> 
     </span>
    </p>
   </div>
   <div class='ocr_carea' id='block_1_91' title="bbox 977 1529 1767 1567">
    <p class='ocr_par' dir='ltr' id='par_1_91' title="bbox 977 1529 1767 1567">
     <span class='ocr_line' id='line_1_91' title="bbox 977 1529 1767 1567; baseline 0.004 -10"><span class='ocrx_word' id='word_1_754' title='bbox 977 1529 1002 1557; x_wconf 89' lang='lat' dir='ltr'><strong>in</strong></span> <span class='ocrx_word' id='word_1_755' title='bbox 1018 1535 1073 1558; x_wconf 93' lang='lat' dir='ltr'><strong>tuto</strong></span> <span class='ocrx_word' id='word_1_756' title='bbox 1085 1538 1160 1564; x_wconf 83' lang='lat' dir='ltr'><strong>esse,</strong></span> <span class='ocrx_word' id='word_1_757' title='bbox 1176 1531 1293 1559; x_wconf 89' lang='lat' dir='ltr'><strong>subdidit</strong></span> <span class='ocrx_word' id='word_1_758' title='bbox 1307 1541 1313 1559; x_wconf 89' lang='lat'><strong>:</strong></span> <span class='ocrx_word' id='word_1_759' title='bbox 1328 1531 1383 1567; x_wconf 82' lang='lat' dir='ltr'><strong>Ego</strong></span> <span class='ocrx_word' id='word_1_760' title='bbox 1398 1537 1420 1559; x_wconf 89' lang='lat' dir='ltr'><strong>et</strong></span> <span class='ocrx_word' id='word_1_761' title='bbox 1437 1532 1513 1559; x_wconf 81' lang='lat' dir='ltr'><strong>Pater</strong></span> <span class='ocrx_word' id='word_1_762' title='bbox 1527 1541 1604 1559; x_wconf 85' lang='lat' dir='ltr'><strong>unum</strong></span> <span class='ocrx_word' id='word_1_763' title='bbox 1618 1541 1721 1565; x_wconf 84' lang='lat' dir='ltr'><strong>sumus;</strong></span> <span class='ocrx_word' id='word_1_764' title='bbox 1736 1541 1767 1560; x_wconf 86' lang='lat' dir='ltr'><strong>ac</strong></span> 
     </span>
    </p>
   </div>
   <div class='ocr_carea' id='block_1_92' title="bbox 976 1576 1766 1614">
    <p class='ocr_par' dir='ltr' id='par_1_92' title="bbox 976 1576 1766 1614">
     <span class='ocr_line' id='line_1_92' title="bbox 976 1576 1766 1614; baseline 0.005 -12"><span class='ocrx_word' id='word_1_765' title='bbox 976 1576 997 1603; x_wconf 91' lang='lat' dir='ltr'><strong>si</strong></span> <span class='ocrx_word' id='word_1_766' title='bbox 1012 1576 1130 1608; x_wconf 87' lang='lat' dir='ltr'><strong>diceret,</strong></span> <span class='ocrx_word' id='word_1_767' title='bbox 1142 1576 1199 1604; x_wconf 86' lang='lat' dir='ltr'><strong>Non</strong></span> <span class='ocrx_word' id='word_1_768' title='bbox 1214 1577 1274 1604; x_wconf 88' lang='lat' dir='ltr'><strong>ideo</strong></span> <span class='ocrx_word' id='word_1_769' title='bbox 1289 1577 1358 1610; x_wconf 78' lang='lat' dir='ltr'><strong>dixi,</strong></span> <span class='ocrx_word' id='word_1_770' title='bbox 1374 1578 1408 1606; x_wconf 91' lang='lat' dir='ltr'><strong>ob</strong></span> <span class='ocrx_word' id='word_1_771' title='bbox 1422 1577 1506 1605; x_wconf 79' lang='lat' dir='ltr'><strong>Patris</strong></span> <span class='ocrx_word' id='word_1_772' title='bbox 1521 1580 1664 1614; x_wconf 86' lang='lat' dir='ltr'><strong>potentiam</strong></span> <span class='ocrx_word' id='word_1_773' title='bbox 1680 1580 1766 1606; x_wconf 84' lang='lat' dir='ltr'><strong>nemi-</strong></span> 
     </span>
    </p>
   </div>
   <div class='ocr_carea' id='block_1_93' title="bbox 976 1624 1765 1659">
    <p class='ocr_par' dir='ltr' id='par_1_93' title="bbox 976 1624 1765 1659">
     <span class='ocr_line' id='line_1_93' title="bbox 976 1624 1765 1659; baseline 0.004 -11"><span class='ocrx_word' id='word_1_774' title='bbox 976 1629 1038 1649; x_wconf 90' lang='lat' dir='ltr'><strong>ncm</strong></span> <span class='ocrx_word' id='word_1_775' title='bbox 1052 1629 1098 1649; x_wconf 87' lang='lat' dir='ltr'><strong>eas</strong></span> <span class='ocrx_word' id='word_1_776' title='bbox 1113 1629 1172 1650; x_wconf 83' lang='lat' dir='ltr'><strong>esse</strong></span> <span class='ocrx_word' id='word_1_777' title='bbox 1186 1628 1323 1657; x_wconf 91' lang='lat' dir='ltr'><strong>rapturum</strong></span> <span class='ocrx_word' id='word_1_778' title='bbox 1335 1644 1342 1656; x_wconf 90' lang='lat'><strong>,</strong></span> <span class='ocrx_word' id='word_1_779' title='bbox 1358 1624 1432 1658; x_wconf 91' lang='lat' dir='ltr'><strong>quasi</strong></span> <span class='ocrx_word' id='word_1_780' title='bbox 1453 1624 1511 1651; x_wconf 85' lang='lat' dir='ltr'><strong>illas</strong></span> <span class='ocrx_word' id='word_1_781' title='bbox 1528 1632 1577 1659; x_wconf 83' lang='lat' dir='ltr'><strong>ego</strong></span> <span class='ocrx_word' id='word_1_782' title='bbox 1590 1631 1698 1652; x_wconf 87' lang='lat' dir='ltr'><strong>servare</strong></span> <span class='ocrx_word' id='word_1_783' title='bbox 1713 1632 1765 1652; x_wconf 91' lang='lat' dir='ltr'><strong>non</strong></span> 
     </span>
    </p>
   </div>
   <div class='ocr_carea' id='block_1_94' title="bbox 975 1668 1767 1705">
    <p class='ocr_par' dir='ltr' id='par_1_94' title="bbox 975 1668 1767 1705">
     <span class='ocr_line' id='line_1_94' title="bbox 975 1668 1767 1705; baseline 0.004 -11"><span class='ocrx_word' id='word_1_784' title='bbox 975 1669 1088 1695; x_wconf 84' lang='lat' dir='ltr'><strong>valeam.</strong></span> <span class='ocrx_word' id='word_1_785' title='bbox 1100 1668 1165 1696; x_wconf 88' lang='lat' dir='ltr'><strong>Nam</strong></span> <span class='ocrx_word' id='word_1_786' title='bbox 1178 1668 1233 1705; x_wconf 85' lang='lat' dir='ltr'><strong>Ego</strong></span> <span class='ocrx_word' id='word_1_787' title='bbox 1244 1675 1267 1696; x_wconf 89' lang='lat' dir='ltr'><strong>et</strong></span> <span class='ocrx_word' id='word_1_788' title='bbox 1282 1669 1358 1696; x_wconf 85' lang='lat' dir='ltr'><strong>Pater</strong></span> <span class='ocrx_word' id='word_1_789' title='bbox 1368 1678 1444 1697; x_wconf 87' lang='lat' dir='ltr'><strong>unum</strong></span> <span class='ocrx_word' id='word_1_790' title='bbox 1454 1678 1556 1702; x_wconf 85' lang='lat' dir='ltr'><strong>sumus;</strong></span> <span class='ocrx_word' id='word_1_791' title='bbox 1571 1670 1595 1697; x_wconf 91' lang='lat' dir='ltr'><strong>id</strong></span> <span class='ocrx_word' id='word_1_792' title='bbox 1607 1675 1657 1702; x_wconf 81' lang='lat' dir='ltr'><strong>est,</strong></span> <span class='ocrx_word' id='word_1_793' title='bbox 1671 1678 1767 1698; x_wconf 88' lang='lat' dir='ltr'><strong>secun-</strong></span> 
     </span>
    </p>
   </div>
   <div class='ocr_carea' id='block_1_95' title="bbox 975 1714 1766 1749">
    <p class='ocr_par' dir='ltr' id='par_1_95' title="bbox 975 1714 1766 1749">
     <span class='ocr_line' id='line_1_95' title="bbox 975 1714 1766 1749; baseline 0.001 -7"><span class='ocrx_word' id='word_1_794' title='bbox 975 1714 1038 1742; x_wconf 88' lang='lat' dir='ltr'><strong>dum</strong></span> <span class='ocrx_word' id='word_1_795' title='bbox 1052 1715 1195 1749; x_wconf 85' lang='lat' dir='ltr'><strong>potentiam</strong></span> <span class='ocrx_word' id='word_1_796' title='bbox 1208 1724 1214 1742; x_wconf 92' lang='lat'>:</span> <span class='ocrx_word' id='word_1_797' title='bbox 1231 1723 1292 1742; x_wconf 91' lang='lat' dir='ltr'><strong>nam</strong></span> <span class='ocrx_word' id='word_1_798' title='bbox 1306 1715 1339 1743; x_wconf 88' lang='lat' dir='ltr'><strong>de</strong></span> <span class='ocrx_word' id='word_1_799' title='bbox 1348 1715 1392 1743; x_wconf 91' lang='lat' dir='ltr'><strong>illa</strong></span> <span class='ocrx_word' id='word_1_800' title='bbox 1406 1716 1449 1743; x_wconf 92' lang='lat' dir='ltr'><strong>hic</strong></span> <span class='ocrx_word' id='word_1_801' title='bbox 1461 1723 1550 1743; x_wconf 88' lang='lat' dir='ltr'><strong>sermo</strong></span> <span class='ocrx_word' id='word_1_802' title='bbox 1560 1721 1626 1743; x_wconf 86' lang='lat' dir='ltr'><strong>erat.</strong></span> <span class='ocrx_word' id='word_1_803' title='bbox 1639 1716 1665 1743; x_wconf 91' lang='lat' dir='ltr'><strong>Si</strong></span> <span class='ocrx_word' id='word_1_804' title='bbox 1676 1720 1766 1743; x_wconf 80' lang='lat' dir='ltr'><strong>autem</strong></span> 
     </span>
    </p>
   </div>
   <div class='ocr_carea' id='block_1_96' title="bbox 976 1760 1766 1796">
    <p class='ocr_par' dir='ltr' id='par_1_96' title="bbox 976 1760 1766 1796">
     <span class='ocr_line' id='line_1_96' title="bbox 976 1760 1766 1796; baseline 0.001 -8"><span class='ocrx_word' id='word_1_805' title='bbox 976 1760 1068 1788; x_wconf 84' lang='lat' dir='ltr'><strong>eadem</strong></span> <span class='ocrx_word' id='word_1_806' title='bbox 1084 1766 1123 1788; x_wconf 90' lang='lat' dir='ltr'><strong>est</strong></span> <span class='ocrx_word' id='word_1_807' title='bbox 1136 1762 1252 1796; x_wconf 86' lang='lat' dir='ltr'><strong>potentia</strong></span> <span class='ocrx_word' id='word_1_808' title='bbox 1264 1783 1271 1795; x_wconf 84' lang='lat'><strong>,</strong></span> <span class='ocrx_word' id='word_1_809' title='bbox 1287 1762 1373 1796; x_wconf 87' lang='lat' dir='ltr'><strong>palam</strong></span> <span class='ocrx_word' id='word_1_810' title='bbox 1387 1767 1425 1789; x_wconf 89' lang='lat' dir='ltr'><strong>est</strong></span> <span class='ocrx_word' id='word_1_811' title='bbox 1439 1762 1558 1789; x_wconf 88' lang='lat' dir='ltr'><strong>eamdetn</strong></span> <span class='ocrx_word' id='word_1_812' title='bbox 1573 1770 1631 1790; x_wconf 89' lang='lat' dir='ltr'><strong>esse</strong></span> <span class='ocrx_word' id='word_1_813' title='bbox 1642 1763 1766 1790; x_wconf 85' lang='lat' dir='ltr'><strong>substan-</strong></span> 
     </span>
    </p>
   </div>
   <div class='ocr_carea' id='block_1_97' title="bbox 977 1806 1767 1843">
    <p class='ocr_par' dir='ltr' id='par_1_97' title="bbox 977 1806 1767 1843">
     <span class='ocr_line' id='line_1_97' title="bbox 977 1806 1767 1843; baseline 0.003 -11"><span class='ocrx_word' id='word_1_814' title='bbox 977 1807 1049 1833; x_wconf 91' lang='lat' dir='ltr'><strong>tiam.</strong></span> <span class='ocrx_word' id='word_1_815' title='bbox 1065 1806 1131 1833; x_wconf 90' lang='lat' dir='ltr'><strong>Cum</strong></span> <span class='ocrx_word' id='word_1_816' title='bbox 1153 1807 1224 1834; x_wconf 90' lang='lat' dir='ltr'><strong>enim</strong></span> <span class='ocrx_word' id='word_1_817' title='bbox 1240 1807 1321 1834; x_wconf 88' lang='lat' dir='ltr'><strong>multa</strong></span> <span class='ocrx_word' id='word_1_818' title='bbox 1345 1807 1463 1835; x_wconf 81' lang='lat' dir='ltr'><strong>facerent</strong></span> <span class='ocrx_word' id='word_1_819' title='bbox 1478 1807 1578 1838; x_wconf 68' lang='lat' dir='ltr'><strong>.Ittdtci.</strong></span> <span class='ocrx_word' id='word_1_820' title='bbox 1600 1807 1708 1835; x_wconf 89' lang='lat' dir='ltr'><strong>insidias</strong></span> <span class='ocrx_word' id='word_1_821' title='bbox 1723 1815 1767 1843; x_wconf 89' lang='lat' dir='ltr'><strong>pa-</strong></span> 
     </span>
    </p>
   </div>
   <div class='ocr_carea' id='block_1_98' title="bbox 977 1853 1767 1888">
    <p class='ocr_par' dir='ltr' id='par_1_98' title="bbox 977 1853 1767 1888">
     <span class='ocr_line' id='line_1_98' title="bbox 977 1853 1767 1888; baseline 0.003 -10"><span class='ocrx_word' id='word_1_822' title='bbox 977 1856 1083 1883; x_wconf 88' lang='lat' dir='ltr'><strong>rarent,</strong></span> <span class='ocrx_word' id='word_1_823' title='bbox 1099 1856 1174 1879; x_wconf 90' lang='lat' dir='ltr'><strong>extra</strong></span> <span class='ocrx_word' id='word_1_824' title='bbox 1189 1860 1349 1888; x_wconf 81' lang='lat' dir='ltr'><strong>synagogam</strong></span> <span class='ocrx_word' id='word_1_825' title='bbox 1368 1853 1512 1887; x_wconf 87' lang='lat' dir='ltr'><strong>ejlcerent,</strong></span> <span class='ocrx_word' id='word_1_826' title='bbox 1529 1853 1593 1880; x_wconf 82' lang='lat' dir='ltr'><strong>dicit</strong></span> <span class='ocrx_word' id='word_1_827' title='bbox 1606 1853 1666 1881; x_wconf 89' lang='lat' dir='ltr'><strong>illos</strong></span> <span class='ocrx_word' id='word_1_828' title='bbox 1679 1854 1767 1881; x_wconf 87' lang='lat' dir='ltr'><strong>omnia</strong></span> 
     </span>
    </p>
   </div>
   <div class='ocr_carea' id='block_1_99' title="bbox 977 1896 1767 1926">
    <p class='ocr_par' dir='ltr' id='par_1_99' title="bbox 977 1896 1767 1926">
     <span class='ocr_line' id='line_1_99' title="bbox 977 1896 1767 1926; baseline 0.004 -3"><span class='ocrx_word' id='word_1_829' title='bbox 977 1896 1109 1924; x_wconf 88' lang='lat' dir='ltr'><strong>incassum</strong></span> <span class='ocrx_word' id='word_1_830' title='bbox 1125 1897 1290 1926; x_wconf 85' lang='lat' dir='ltr'><strong>machinatos</strong></span> <span class='ocrx_word' id='word_1_831' title='bbox 1304 1905 1373 1926; x_wconf 87' lang='lat' dir='ltr'><strong>esse.</strong></span> <span class='ocrx_word' id='word_1_832' title='bbox 1390 1899 1455 1926; x_wconf 82' lang='lat' dir='ltr'><strong>Nam</strong></span> <span class='ocrx_word' id='word_1_833' title='bbox 1476 1899 1501 1926; x_wconf 92' lang='lat' dir='ltr'><strong>in</strong></span> <span class='ocrx_word' id='word_1_834' title='bbox 1516 1907 1595 1926; x_wconf 88' lang='lat' dir='ltr'><strong>mantt</strong></span> <span class='ocrx_word' id='word_1_835' title='bbox 1611 1899 1695 1926; x_wconf 86' lang='lat' dir='ltr'><strong>Patris</strong></span> <span class='ocrx_word' id='word_1_836' title='bbox 1716 1901 1767 1926; x_wconf 87' lang='lat' dir='ltr'><strong>mei</strong></span> 
     </span>
    </p>
   </div>
   <div class='ocr_carea' id='block_1_100' title="bbox 976 1943 1769 1980">
    <p class='ocr_par' dir='ltr' id='par_1_100' title="bbox 976 1943 1769 1980">
     <span class='ocr_line' id='line_1_100' title="bbox 976 1943 1769 1980; baseline 0.004 -11"><span class='ocrx_word' id='word_1_837' title='bbox 976 1947 1039 1969; x_wconf 87' lang='lat' dir='ltr'><strong>sunt</strong></span> <span class='ocrx_word' id='word_1_838' title='bbox 1058 1950 1137 1976; x_wconf 83' lang='lat' dir='ltr'><strong>oves,</strong></span> <span class='ocrx_word' id='word_1_839' title='bbox 1161 1947 1189 1970; x_wconf 92' lang='lat' dir='ltr'><strong>ut</strong></span> <span class='ocrx_word' id='word_1_840' title='bbox 1209 1943 1338 1978; x_wconf 85' lang='lat' dir='ltr'><strong>propheta</strong></span> <span class='ocrx_word' id='word_1_841' title='bbox 1352 1944 1433 1972; x_wconf 90' lang='lat' dir='ltr'><strong>dicit:</strong></span> <span class='ocrx_word' id='word_1_842' title='bbox 1450 1944 1483 1971; x_wconf 82' lang='lat' dir='ltr'><strong>In</strong></span> <span class='ocrx_word' id='word_1_843' title='bbox 1503 1953 1579 1972; x_wconf 85' lang='lat' dir='ltr'><strong>manu</strong></span> <span class='ocrx_word' id='word_1_844' title='bbox 1592 1953 1647 1972; x_wconf 86' lang='lat' dir='ltr'><strong>mea</strong></span> <span class='ocrx_word' id='word_1_845' title='bbox 1666 1945 1769 1980; x_wconf 73' lang='lat' dir='ltr'><strong>depinxt</strong></span> 
     </span>
    </p>
   </div>
   <div class='ocr_carea' id='block_1_101' title="bbox 977 1988 1767 2025">
    <p class='ocr_par' dir='ltr' id='par_1_101' title="bbox 977 1988 1767 2025">
     <span class='ocr_line' id='line_1_101' title="bbox 977 1988 1767 2025; baseline 0.003 -11"><span class='ocrx_word' id='word_1_846' title='bbox 977 1997 1061 2015; x_wconf 84' lang='lat' dir='ltr'><strong>muros</strong></span> <span class='ocrx_word' id='word_1_847' title='bbox 1077 1992 1132 2015; x_wconf 86' lang='lat' dir='ltr'><strong>tuos</strong></span> <span class='ocrx_word' id='word_1_848' title='bbox 1149 1988 1230 2023; x_wconf 86' lang='lat' dir='ltr'><strong>(lsai.</strong></span> <span class='ocrx_word' id='word_1_849' title='bbox 1247 1989 1291 2017; x_wconf 69' lang='lat' dir='ltr'><strong>b9.</strong></span> <span class='ocrx_word' id='word_1_850' title='bbox 1307 1989 1362 2025; x_wconf 87' lang='lat' dir='ltr'><strong>I6).</strong></span> <span class='ocrx_word' id='word_1_851' title='bbox 1380 1990 1479 2017; x_wconf 89' lang='lat' dir='ltr'><strong>Deinde</strong></span> <span class='ocrx_word' id='word_1_852' title='bbox 1495 1998 1572 2017; x_wconf 88' lang='lat' dir='ltr'><strong>unam</strong></span> <span class='ocrx_word' id='word_1_853' title='bbox 1587 1998 1647 2017; x_wconf 85' lang='lat' dir='ltr'><strong>esse</strong></span> <span class='ocrx_word' id='word_1_854' title='bbox 1662 1998 1767 2017; x_wconf 90' lang='lat' dir='ltr'><strong>mantnn</strong></span> 
     </span>
    </p>
   </div>
   <div class='ocr_carea' id='block_1_102' title="bbox 977 2033 1768 2067">
    <p class='ocr_par' dir='ltr' id='par_1_102' title="bbox 977 2033 1768 2067">
     <span class='ocr_line' id='line_1_102' title="bbox 977 2033 1768 2067; baseline 0.003 -7"><span class='ocrx_word' id='word_1_855' title='bbox 977 2033 1130 2066; x_wconf 87' lang='lat' dir='ltr'><strong>ostendens,</strong></span> <span class='ocrx_word' id='word_1_856' title='bbox 1147 2034 1216 2061; x_wconf 89' lang='lat' dir='ltr'><strong>illam</strong></span> <span class='ocrx_word' id='word_1_857' title='bbox 1233 2034 1312 2061; x_wconf 89' lang='lat' dir='ltr'><strong>tnodo</strong></span> <span class='ocrx_word' id='word_1_858' title='bbox 1325 2041 1410 2067; x_wconf 88' lang='lat' dir='ltr'><strong>suam,</strong></span> <span class='ocrx_word' id='word_1_859' title='bbox 1427 2034 1506 2062; x_wconf 91' lang='lat' dir='ltr'><strong>modo</strong></span> <span class='ocrx_word' id='word_1_860' title='bbox 1521 2035 1606 2062; x_wconf 82' lang='lat' dir='ltr'><strong>Patris</strong></span> <span class='ocrx_word' id='word_1_861' title='bbox 1619 2043 1679 2063; x_wconf 64' lang='lat' dir='ltr'><strong>es&gt;c</strong></span> <span class='ocrx_word' id='word_1_862' title='bbox 1693 2036 1768 2063; x_wconf 81' lang='lat' dir='ltr'><strong>dicit.</strong></span> 
     </span>
    </p>
   </div>
   <div class='ocr_carea' id='block_1_103' title="bbox 977 2080 1770 2116">
    <p class='ocr_par' dir='ltr' id='par_1_103' title="bbox 977 2080 1770 2116">
     <span class='ocr_line' id='line_1_103' title="bbox 977 2080 1770 2116; baseline 0.001 -10"><span class='ocrx_word' id='word_1_863' title='bbox 977 2080 1043 2107; x_wconf 88' lang='lat' dir='ltr'><strong>Cutn</strong></span> <span class='ocrx_word' id='word_1_864' title='bbox 1055 2088 1161 2107; x_wconf 88' lang='lat' dir='ltr'><strong>manum</strong></span> <span class='ocrx_word' id='word_1_865' title='bbox 1173 2080 1258 2113; x_wconf 88' lang='lat' dir='ltr'><strong>audis,</strong></span> <span class='ocrx_word' id='word_1_866' title='bbox 1270 2080 1334 2107; x_wconf 88' lang='lat' dir='ltr'><strong>nihil</strong></span> <span class='ocrx_word' id='word_1_867' title='bbox 1346 2081 1443 2108; x_wconf 82' lang='lat' dir='ltr'><strong>sensile</strong></span> <span class='ocrx_word' id='word_1_868' title='bbox 1453 2082 1563 2116; x_wconf 82' lang='lat' dir='ltr'><strong>cogites.</strong></span> <span class='ocrx_word' id='word_1_869' title='bbox 1576 2081 1622 2108; x_wconf 85' lang='lat' dir='ltr'><strong>sed</strong></span> <span class='ocrx_word' id='word_1_870' title='bbox 1635 2081 1770 2114; x_wconf 76' lang='lat' dir='ltr'><strong>virtutem,</strong></span> 
     </span>
    </p>
   </div>
   <div class='ocr_carea' id='block_1_104' title="bbox 977 2126 1769 2162">
    <p class='ocr_par' dir='ltr' id='par_1_104' title="bbox 977 2126 1769 2162">
     <span class='ocr_line' id='line_1_104' title="bbox 977 2126 1769 2162; baseline 0 -10"><span class='ocrx_word' id='word_1_871' title='bbox 977 2126 1134 2161; x_wconf 87' lang='lat' dir='ltr'><strong>potentiam.</strong></span> <span class='ocrx_word' id='word_1_872' title='bbox 1148 2126 1175 2154; x_wconf 90' lang='lat' dir='ltr'><strong>Si</strong></span> <span class='ocrx_word' id='word_1_873' title='bbox 1186 2131 1274 2153; x_wconf 87' lang='lat' dir='ltr'><strong>autem</strong></span> <span class='ocrx_word' id='word_1_874' title='bbox 1290 2134 1368 2154; x_wconf 91' lang='lat' dir='ltr'><strong>nemo</strong></span> <span class='ocrx_word' id='word_1_875' title='bbox 1381 2127 1484 2161; x_wconf 89' lang='lat' dir='ltr'><strong>rapuit,</strong></span> <span class='ocrx_word' id='word_1_876' title='bbox 1500 2127 1559 2162; x_wconf 83' lang='lat' dir='ltr'><strong>quia</strong></span> <span class='ocrx_word' id='word_1_877' title='bbox 1575 2127 1652 2154; x_wconf 81' lang='lat' dir='ltr'><strong>Pater</strong></span> <span class='ocrx_word' id='word_1_878' title='bbox 1662 2127 1711 2154; x_wconf 84' lang='lat' dir='ltr'><strong>sibi</strong></span> <span class='ocrx_word' id='word_1_879' title='bbox 1725 2136 1769 2161; x_wconf 82' lang='lat' dir='ltr'><strong>po-</strong></span> 
     </span>
    </p>
   </div>
   <div class='ocr_carea' id='block_1_105' title="bbox 979 2172 1785 2209">
    <p class='ocr_par' dir='ltr' id='par_1_105' title="bbox 979 2172 1785 2209">
     <span class='ocr_line' id='line_1_105' title="bbox 979 2172 1785 2209; baseline 0 -9"><span class='ocrx_word' id='word_1_880' title='bbox 979 2177 1100 2200; x_wconf 86' lang='lat' dir='ltr'><strong>testatetn</strong></span> <span class='ocrx_word' id='word_1_881' title='bbox 1119 2172 1271 2206; x_wconf 88' lang='lat' dir='ltr'><strong>indidisset,</strong></span> <span class='ocrx_word' id='word_1_882' title='bbox 1288 2172 1451 2207; x_wconf 83' lang='lat' dir='ltr'><strong>superﬂuunt</strong></span> <span class='ocrx_word' id='word_1_883' title='bbox 1471 2173 1563 2201; x_wconf 82' lang='lat' dir='ltr'><strong>fuisset</strong></span> <span class='ocrx_word' id='word_1_884' title='bbox 1577 2173 1692 2206; x_wconf 87' lang='lat' dir='ltr'><strong>addere,</strong></span> <span class='ocrx_word' id='word_1_885' title='bbox 1714 2173 1785 2209; x_wconf 72' lang='lat' dir='ltr'><strong>Ego.</strong></span> 
     </span>
    </p>
   </div>
   <div class='ocr_carea' id='block_1_106' title="bbox 979 2218 1769 2253">
    <p class='ocr_par' dir='ltr' id='par_1_106' title="bbox 979 2218 1769 2253">
     <span class='ocr_line' id='line_1_106' title="bbox 979 2218 1769 2253; baseline 0.003 -7"><span class='ocrx_word' id='word_1_886' title='bbox 979 2223 1001 2246; x_wconf 89' lang='lat' dir='ltr'><strong>et</strong></span> <span class='ocrx_word' id='word_1_887' title='bbox 1017 2218 1093 2246; x_wconf 90' lang='lat' dir='ltr'><strong>Pater</strong></span> <span class='ocrx_word' id='word_1_888' title='bbox 1109 2227 1188 2246; x_wconf 88' lang='lat' dir='ltr'><strong>unum</strong></span> <span class='ocrx_word' id='word_1_889' title='bbox 1200 2227 1297 2246; x_wconf 86' lang='lat' dir='ltr'><strong>sumus.</strong></span> <span class='ocrx_word' id='word_1_890' title='bbox 1312 2219 1377 2246; x_wconf 85' lang='lat' dir='ltr'><strong>Nam</strong></span> <span class='ocrx_word' id='word_1_891' title='bbox 1395 2219 1417 2247; x_wconf 92' lang='lat' dir='ltr'><strong>si</strong></span> <span class='ocrx_word' id='word_1_892' title='bbox 1434 2220 1521 2247; x_wconf 88' lang='lat' dir='ltr'><strong>minor</strong></span> <span class='ocrx_word' id='word_1_893' title='bbox 1534 2219 1615 2247; x_wconf 85' lang='lat' dir='ltr'><strong>Filius</strong></span> <span class='ocrx_word' id='word_1_894' title='bbox 1629 2224 1715 2253; x_wconf 85' lang='lat' dir='ltr'><strong>esset,</strong></span> <span class='ocrx_word' id='word_1_895' title='bbox 1730 2225 1769 2248; x_wconf 79' lang='lat' dir='ltr'><strong>Io-</strong></span> 
     </span>
    </p>
   </div>
   <div class='ocr_carea' id='block_1_107' title="bbox 979 2263 1770 2297">
    <p class='ocr_par' dir='ltr' id='par_1_107' title="bbox 979 2263 1770 2297">
     <span class='ocr_line' id='line_1_107' title="bbox 979 2263 1770 2297; baseline 0.001 -6"><span class='ocrx_word' id='word_1_896' title='bbox 979 2263 1122 2291; x_wconf 89' lang='lat' dir='ltr'><strong>merarium</strong></span> <span class='ocrx_word' id='word_1_897' title='bbox 1141 2267 1213 2291; x_wconf 87' lang='lat' dir='ltr'><strong>esset</strong></span> <span class='ocrx_word' id='word_1_898' title='bbox 1230 2263 1341 2291; x_wconf 93' lang='lat' dir='ltr'><strong>dictum.</strong></span> <span class='ocrx_word' id='word_1_899' title='bbox 1357 2264 1427 2291; x_wconf 87' lang='lat' dir='ltr'><strong>Nihil</strong></span> <span class='ocrx_word' id='word_1_900' title='bbox 1447 2269 1520 2293; x_wconf 83' lang='lat' dir='ltr'><strong>certe</strong></span> <span class='ocrx_word' id='word_1_901' title='bbox 1539 2265 1611 2292; x_wconf 79' lang='lat' dir='ltr'><strong>aliud</strong></span> <span class='ocrx_word' id='word_1_902' title='bbox 1633 2265 1770 2297; x_wconf 82' lang='lat' dir='ltr'><strong>declarat,</strong></span> 
     </span>
    </p>
   </div>
   <div class='ocr_carea' id='block_1_108' title="bbox 979 2310 1772 2346">
    <p class='ocr_par' dir='ltr' id='par_1_108' title="bbox 979 2310 1772 2346">
     <span class='ocr_line' id='line_1_108' title="bbox 979 2310 1772 2346; baseline 0.004 -10"><span class='ocrx_word' id='word_1_903' title='bbox 979 2317 1058 2345; x_wconf 84' lang='lat' dir='ltr'><strong>quant</strong></span> <span class='ocrx_word' id='word_1_904' title='bbox 1070 2310 1195 2344; x_wconf 67' lang='lat' dir='ltr'><strong>potentiae</strong></span> <span class='ocrx_word' id='word_1_905' title='bbox 1208 2310 1385 2345; x_wconf 64' lang='lat' dir='ltr'><strong>aequalitatem</strong></span> <span class='ocrx_word' id='word_1_906' title='bbox 1398 2319 1404 2337; x_wconf 88' lang='lat'>:</span> <span class='ocrx_word' id='word_1_907' title='bbox 1419 2310 1489 2346; x_wconf 87' lang='lat' dir='ltr'><strong>quod</strong></span> <span class='ocrx_word' id='word_1_908' title='bbox 1501 2319 1560 2338; x_wconf 88' lang='lat' dir='ltr'><strong>cum</strong></span> <span class='ocrx_word' id='word_1_909' title='bbox 1575 2311 1660 2339; x_wconf 79' lang='lat' dir='ltr'><strong>Judaei</strong></span> <span class='ocrx_word' id='word_1_910' title='bbox 1674 2312 1772 2340; x_wconf 87' lang='lat' dir='ltr'><strong>intelli-</strong></span> 
     </span>
    </p>
   </div>
   <div class='ocr_carea' id='block_1_109' title="bbox 979 2355 1772 2392">
    <p class='ocr_par' dir='ltr' id='par_1_109' title="bbox 979 2355 1772 2392">
     <span class='ocr_line' id='line_1_109' title="bbox 979 2355 1772 2392; baseline 0.004 -10"><span class='ocrx_word' id='word_1_911' title='bbox 979 2360 1083 2390; x_wconf 83' lang='lat' dir='ltr'><strong>gerent,</strong></span> <span class='ocrx_word' id='word_1_912' title='bbox 1097 2355 1229 2390; x_wconf 87' lang='lat' dir='ltr'><strong>lapidibus</strong></span> <span class='ocrx_word' id='word_1_913' title='bbox 1240 2355 1327 2391; x_wconf 90' lang='lat' dir='ltr'><strong>ipsum</strong></span> <span class='ocrx_word' id='word_1_914' title='bbox 1342 2356 1514 2391; x_wconf 86' lang='lat' dir='ltr'><strong>impetebanl.</strong></span> <span class='ocrx_word' id='word_1_915' title='bbox 1526 2356 1616 2392; x_wconf 83' lang='lat' dir='ltr'><strong>Neque</strong></span> <span class='ocrx_word' id='word_1_916' title='bbox 1627 2363 1715 2385; x_wconf 83' lang='lat' dir='ltr'><strong>tamen</strong></span> <span class='ocrx_word' id='word_1_917' title='bbox 1728 2358 1772 2385; x_wconf 79' lang='lat' dir='ltr'><strong>ille</strong></span> 
     </span>
    </p>
   </div>
   <div class='ocr_carea' id='block_1_110' title="bbox 980 2401 1771 2438">
    <p class='ocr_par' dir='ltr' id='par_1_110' title="bbox 980 2401 1771 2438">
     <span class='ocr_line' id='line_1_110' title="bbox 980 2401 1771 2438; baseline 0.004 -10"><span class='ocrx_word' id='word_1_918' title='bbox 980 2401 1049 2429; x_wconf 88' lang='lat' dir='ltr'><strong>ltanc</strong></span> <span class='ocrx_word' id='word_1_919' title='bbox 1064 2401 1336 2436; x_wconf 87' lang='lat' dir='ltr'><strong>amovitopinionem.</strong></span> <span class='ocrx_word' id='word_1_920' title='bbox 1350 2402 1429 2437; x_wconf 77' lang='lat' dir='ltr'><strong>Atqui</strong></span> <span class='ocrx_word' id='word_1_921' title='bbox 1440 2402 1461 2430; x_wconf 89' lang='lat' dir='ltr'><strong>si</strong></span> <span class='ocrx_word' id='word_1_922' title='bbox 1477 2402 1502 2429; x_wconf 91' lang='lat' dir='ltr'><strong>id</strong></span> <span class='ocrx_word' id='word_1_923' title='bbox 1517 2402 1583 2430; x_wconf 82' lang='lat' dir='ltr'><strong>falso</strong></span> <span class='ocrx_word' id='word_1_924' title='bbox 1593 2403 1693 2438; x_wconf 87' lang='lat' dir='ltr'><strong>opinati</strong></span> <span class='ocrx_word' id='word_1_925' title='bbox 1701 2404 1771 2431; x_wconf 72' lang='lat' dir='ltr'><strong>inis-</strong></span> 
     </span>
    </p>
   </div>
   <div class='ocr_carea' id='block_1_111' title="bbox 980 2447 1772 2484">
    <p class='ocr_par' dir='ltr' id='par_1_111' title="bbox 980 2447 1772 2484">
     <span class='ocr_line' id='line_1_111' title="bbox 980 2447 1772 2484; baseline 0.004 -10"><span class='ocrx_word' id='word_1_926' title='bbox 980 2452 1055 2480; x_wconf 84' lang='lat' dir='ltr'><strong>sent,</strong></span> <span class='ocrx_word' id='word_1_927' title='bbox 1072 2447 1132 2475; x_wconf 88' lang='lat' dir='ltr'><strong>illos</strong></span> <span class='ocrx_word' id='word_1_928' title='bbox 1145 2448 1290 2476; x_wconf 88' lang='lat' dir='ltr'><strong>emendare</strong></span> <span class='ocrx_word' id='word_1_929' title='bbox 1302 2449 1419 2484; x_wconf 88' lang='lat' dir='ltr'><strong>oportuit</strong></span> <span class='ocrx_word' id='word_1_930' title='bbox 1432 2456 1463 2476; x_wconf 90' lang='lat' dir='ltr'><strong>ac</strong></span> <span class='ocrx_word' id='word_1_931' title='bbox 1476 2449 1565 2477; x_wconf 86' lang='lat' dir='ltr'><strong>dicere</strong></span> <span class='ocrx_word' id='word_1_932' title='bbox 1577 2459 1584 2476; x_wconf 89' lang='lat'><strong>:</strong></span> <span class='ocrx_word' id='word_1_933' title='bbox 1600 2449 1654 2477; x_wconf 86' lang='lat' dir='ltr'><strong>Cur</strong></span> <span class='ocrx_word' id='word_1_934' title='bbox 1669 2451 1719 2478; x_wconf 86' lang='lat' dir='ltr'><strong>hoc</strong></span> <span class='ocrx_word' id='word_1_935' title='bbox 1732 2450 1772 2477; x_wconf 84' lang='lat' dir='ltr'><strong>ta-</strong></span> 
     </span>
    </p>
   </div>
   <div class='ocr_carea' id='block_1_112' title="bbox 980 2493 1773 2530">
    <p class='ocr_par' dir='ltr' id='par_1_112' title="bbox 980 2493 1773 2530">
     <span class='ocr_line' id='line_1_112' title="bbox 980 2493 1773 2530; baseline 0.004 -10"><span class='ocrx_word' id='word_1_936' title='bbox 980 2493 1060 2521; x_wconf 83' lang='lat' dir='ltr'><strong>citis?</strong></span> <span class='ocrx_word' id='word_1_937' title='bbox 1073 2502 1126 2521; x_wconf 90' lang='lat' dir='ltr'><strong>non</strong></span> <span class='ocrx_word' id='word_1_938' title='bbox 1142 2494 1200 2522; x_wconf 54' lang='lat' dir='ltr'><strong>hate</strong></span> <span class='ocrx_word' id='word_1_939' title='bbox 1212 2495 1266 2522; x_wconf 92' lang='lat' dir='ltr'><strong>dixi</strong></span> <span class='ocrx_word' id='word_1_940' title='bbox 1277 2516 1284 2528; x_wconf 96' lang='lat'><strong>,</strong></span> <span class='ocrx_word' id='word_1_941' title='bbox 1300 2500 1328 2522; x_wconf 91' lang='lat' dir='ltr'><strong>ut</strong></span> <span class='ocrx_word' id='word_1_942' title='bbox 1343 2503 1433 2530; x_wconf 91' lang='lat' dir='ltr'><strong>parem</strong></span> <span class='ocrx_word' id='word_1_943' title='bbox 1448 2500 1564 2530; x_wconf 75' lang='lat' dir='ltr'><strong>paterna:</strong></span> <span class='ocrx_word' id='word_1_944' title='bbox 1580 2503 1666 2523; x_wconf 90' lang='lat' dir='ltr'><strong>meam</strong></span> <span class='ocrx_word' id='word_1_945' title='bbox 1679 2501 1773 2530; x_wconf 81' lang='lat' dir='ltr'><strong>poten—</strong></span> 
     </span>
    </p>
   </div>
   <div class='ocr_carea' id='block_1_113' title="bbox 981 2541 1771 2575">
    <p class='ocr_par' dir='ltr' id='par_1_113' title="bbox 981 2541 1771 2575">
     <span class='ocr_line' id='line_1_113' title="bbox 981 2541 1771 2575; baseline 0 -7"><span class='ocrx_word' id='word_1_946' title='bbox 981 2541 1043 2568; x_wconf 87' lang='lat' dir='ltr'><strong>tiam</strong></span> <span class='ocrx_word' id='word_1_947' title='bbox 1056 2541 1210 2568; x_wconf 87' lang='lat' dir='ltr'><strong>indicarem.</strong></span> <span class='ocrx_word' id='word_1_948' title='bbox 1221 2541 1297 2569; x_wconf 87' lang='lat' dir='ltr'><strong>Nunc</strong></span> <span class='ocrx_word' id='word_1_949' title='bbox 1307 2546 1410 2575; x_wconf 86' lang='lat' dir='ltr'><strong>contra,</strong></span> <span class='ocrx_word' id='word_1_950' title='bbox 1422 2542 1474 2568; x_wconf 91' lang='lat' dir='ltr'><strong>illis</strong></span> <span class='ocrx_word' id='word_1_951' title='bbox 1487 2541 1687 2575; x_wconf 68' lang='lat' dir='ltr'><strong>ferocientibus,</strong></span> <span class='ocrx_word' id='word_1_952' title='bbox 1700 2542 1771 2569; x_wconf 84' lang='lat' dir='ltr'><strong>illaut</strong></span> 
     </span>
    </p>
   </div>
   <div class='ocr_carea' id='block_1_114' title="bbox 981 2586 1773 2622">
    <p class='ocr_par' dir='ltr' id='par_1_114' title="bbox 981 2586 1773 2622">
     <span class='ocr_line' id='line_1_114' title="bbox 981 2586 1773 2622; baseline -0.003 -9"><span class='ocrx_word' id='word_1_953' title='bbox 981 2586 1132 2621; x_wconf 90' lang='lat' dir='ltr'><strong>opinionem</strong></span> <span class='ocrx_word' id='word_1_954' title='bbox 1148 2586 1288 2614; x_wconf 90' lang='lat' dir='ltr'><strong>conﬁrmat</strong></span> <span class='ocrx_word' id='word_1_955' title='bbox 1306 2591 1333 2614; x_wconf 89' lang='lat' dir='ltr'><strong>et</strong></span> <span class='ocrx_word' id='word_1_956' title='bbox 1350 2587 1455 2622; x_wconf 90' lang='lat' dir='ltr'><strong>probat.</strong></span> <span class='ocrx_word' id='word_1_957' title='bbox 1471 2586 1528 2613; x_wconf 81' lang='lat' dir='ltr'><strong>Non</strong></span> <span class='ocrx_word' id='word_1_958' title='bbox 1542 2594 1602 2613; x_wconf 86' lang='lat' dir='ltr'><strong>sese</strong></span> <span class='ocrx_word' id='word_1_959' title='bbox 1617 2591 1727 2621; x_wconf 84' lang='lat' dir='ltr'><strong>purgat,</strong></span> <span class='ocrx_word' id='word_1_960' title='bbox 1744 2592 1773 2614; x_wconf 81' lang='lat' dir='ltr'><strong>tu.</strong></span> 
     </span>
    </p>
   </div>
   <div class='ocr_carea' id='block_1_115' title="bbox 982 2632 1772 2667">
    <p class='ocr_par' dir='ltr' id='par_1_115' title="bbox 982 2632 1772 2667">
     <span class='ocr_line' id='line_1_115' title="bbox 982 2632 1772 2667; baseline 0 -8"><span class='ocrx_word' id='word_1_961' title='bbox 982 2633 1026 2666; x_wconf 87' lang='lat' dir='ltr'><strong>qui</strong></span> <span class='ocrx_word' id='word_1_962' title='bbox 1046 2632 1116 2660; x_wconf 87' lang='lat' dir='ltr'><strong>male</strong></span> <span class='ocrx_word' id='word_1_963' title='bbox 1136 2637 1164 2660; x_wconf 92' lang='lat' dir='ltr'><strong>et</strong></span> <span class='ocrx_word' id='word_1_964' title='bbox 1177 2632 1244 2660; x_wconf 79' lang='lat' dir='ltr'><strong>falso</strong></span> <span class='ocrx_word' id='word_1_965' title='bbox 1257 2633 1370 2665; x_wconf 88' lang='lat' dir='ltr'><strong>dixerit;</strong></span> <span class='ocrx_word' id='word_1_966' title='bbox 1387 2633 1441 2659; x_wconf 89' lang='lat' dir='ltr'><strong>imo</strong></span> <span class='ocrx_word' id='word_1_967' title='bbox 1454 2633 1513 2659; x_wconf 89' lang='lat' dir='ltr'><strong>illos</strong></span> <span class='ocrx_word' id='word_1_968' title='bbox 1528 2632 1664 2667; x_wconf 87' lang='lat' dir='ltr'><strong>increpat,</strong></span> <span class='ocrx_word' id='word_1_969' title='bbox 1682 2637 1710 2659; x_wconf 91' lang='lat' dir='ltr'><strong>ut</strong></span> <span class='ocrx_word' id='word_1_970' title='bbox 1729 2635 1772 2667; x_wconf 80' lang='lat' dir='ltr'><strong>qui</strong></span> 
     </span>
    </p>
   </div>
   <div class='ocr_carea' id='block_1_116' title="bbox 982 2678 1771 2712">
    <p class='ocr_par' dir='ltr' id='par_1_116' title="bbox 982 2678 1771 2712">
     <span class='ocr_line' id='line_1_116' title="bbox 982 2678 1771 2712; baseline 0.001 -8"><span class='ocrx_word' id='word_1_971' title='bbox 982 2685 1035 2705; x_wconf 93' lang='lat' dir='ltr'><strong>non</strong></span> <span class='ocrx_word' id='word_1_972' title='bbox 1054 2682 1260 2706; x_wconf 86' lang='lat' dir='ltr'><strong>consentaneam</strong></span> <span class='ocrx_word' id='word_1_973' title='bbox 1276 2678 1308 2706; x_wconf 93' lang='lat' dir='ltr'><strong>de</strong></span> <span class='ocrx_word' id='word_1_974' title='bbox 1329 2686 1358 2705; x_wconf 90' lang='lat' dir='ltr'><strong>se</strong></span> <span class='ocrx_word' id='word_1_975' title='bbox 1382 2678 1497 2705; x_wconf 83' lang='lat' dir='ltr'><strong>habeant</strong></span> <span class='ocrx_word' id='word_1_976' title='bbox 1519 2678 1681 2712; x_wconf 89' lang='lat' dir='ltr'><strong>opinionem.</strong></span> <span class='ocrx_word' id='word_1_977' title='bbox 1705 2679 1771 2706; x_wconf 83' lang='lat' dir='ltr'><strong>Cum</strong></span> 
     </span>
    </p>
   </div>
   <div class='ocr_carea' id='block_1_117' title="bbox 982 2723 1772 2758">
    <p class='ocr_par' dir='ltr' id='par_1_117' title="bbox 982 2723 1772 2758">
     <span class='ocr_line' id='line_1_117' title="bbox 982 2723 1772 2758; baseline 0.001 -8"><span class='ocrx_word' id='word_1_978' title='bbox 982 2724 1052 2751; x_wconf 87' lang='lat' dir='ltr'><strong>ettim</strong></span> <span class='ocrx_word' id='word_1_979' title='bbox 1068 2723 1206 2751; x_wconf 88' lang='lat' dir='ltr'><strong>dicerent:</strong></span> <span class='ocrx_word' id='word_1_980' title='bbox 1224 2724 1269 2751; x_wconf 77' lang='lat'><strong>53.</strong></span> <span class='ocrx_word' id='word_1_981' title='bbox 1288 2723 1326 2751; x_wconf 83' lang='lat' dir='ltr'><strong>De</strong></span> <span class='ocrx_word' id='word_1_982' title='bbox 1340 2724 1404 2750; x_wconf 88' lang='lat' dir='ltr'><strong>bono</strong></span> <span class='ocrx_word' id='word_1_983' title='bbox 1421 2732 1495 2758; x_wconf 75' lang='lat' dir='ltr'><strong>opere</strong></span> <span class='ocrx_word' id='word_1_984' title='bbox 1508 2732 1557 2750; x_wconf 88' lang='lat' dir='ltr'><strong>nan</strong></span> <span class='ocrx_word' id='word_1_985' title='bbox 1576 2724 1720 2758; x_wconf 82' lang='lat' dir='ltr'><strong>lapidamus</strong></span> <span class='ocrx_word' id='word_1_986' title='bbox 1735 2730 1772 2757; x_wconf 89' lang='lat' dir='ltr'><strong>te,</strong></span> 
     </span>
    </p>
   </div>
   <div class='ocr_carea' id='block_1_118' title="bbox 982 2769 1773 2806">
    <p class='ocr_par' dir='ltr' id='par_1_118' title="bbox 982 2769 1773 2806">
     <span class='ocr_line' id='line_1_118' title="bbox 982 2769 1773 2806; baseline 0.001 -10"><span class='ocrx_word' id='word_1_987' title='bbox 982 2769 1026 2796; x_wconf 86' lang='lat' dir='ltr'><strong>sed</strong></span> <span class='ocrx_word' id='word_1_988' title='bbox 1036 2769 1067 2797; x_wconf 86' lang='lat' dir='ltr'><strong>de</strong></span> <span class='ocrx_word' id='word_1_989' title='bbox 1078 2769 1248 2804; x_wconf 81' lang='lat' dir='ltr'><strong>blasphemia,</strong></span> <span class='ocrx_word' id='word_1_990' title='bbox 1264 2774 1286 2796; x_wconf 90' lang='lat' dir='ltr'><strong>et</strong></span> <span class='ocrx_word' id='word_1_991' title='bbox 1295 2770 1355 2806; x_wconf 88' lang='lat' dir='ltr'><strong>quia</strong></span> <span class='ocrx_word' id='word_1_992' title='bbox 1366 2770 1440 2796; x_wconf 88' lang='lat' dir='ltr'><strong>homo</strong></span> <span class='ocrx_word' id='word_1_993' title='bbox 1450 2778 1506 2797; x_wconf 82' lang='lat' dir='ltr'><strong>cum</strong></span> <span class='ocrx_word' id='word_1_994' title='bbox 1520 2770 1555 2797; x_wconf 85' lang='lat' dir='ltr'><strong>sis</strong></span> <span class='ocrx_word' id='word_1_995' title='bbox 1565 2791 1572 2803; x_wconf 92' lang='lat'><strong>,</strong></span> <span class='ocrx_word' id='word_1_996' title='bbox 1589 2771 1652 2805; x_wconf 80' lang='lat' dir='ltr'><strong>facis</strong></span> <span class='ocrx_word' id='word_1_997' title='bbox 1666 2772 1773 2805; x_wconf 71' lang='lat' dir='ltr'><strong>teirsum</strong></span> 
     </span>
    </p>
   </div>
   <div class='ocr_carea' id='block_1_119' title="bbox 985 2815 1772 2852">
    <p class='ocr_par' dir='ltr' id='par_1_119' title="bbox 985 2815 1772 2852">
     <span class='ocr_line' id='line_1_119' title="bbox 985 2815 1772 2852; baseline 0.003 -10"><span class='ocrx_word' id='word_1_998' title='bbox 985 2815 1083 2848; x_wconf 87' lang='lat' dir='ltr'><strong>Deum;</strong></span> <span class='ocrx_word' id='word_1_999' title='bbox 1098 2815 1159 2842; x_wconf 90' lang='lat' dir='ltr'><strong>audi</strong></span> <span class='ocrx_word' id='word_1_1000' title='bbox 1179 2815 1242 2849; x_wconf 88' lang='lat' dir='ltr'><strong>quid</strong></span> <span class='ocrx_word' id='word_1_1001' title='bbox 1262 2815 1353 2844; x_wconf 86' lang='lat' dir='ltr'><strong>dicat:</strong></span> <span class='ocrx_word' id='word_1_1002' title='bbox 1370 2816 1414 2843; x_wconf 77' lang='grc'><strong>55.</strong></span> <span class='ocrx_word' id='word_1_1003' title='bbox 1438 2816 1468 2842; x_wconf 85' lang='lat' dir='ltr'><strong>Si</strong></span> <span class='ocrx_word' id='word_1_1004' title='bbox 1482 2817 1538 2843; x_wconf 83' lang='lat' dir='ltr'><strong>illos</strong></span> <span class='ocrx_word' id='word_1_1005' title='bbox 1559 2816 1619 2842; x_wconf 82' lang='lat' dir='ltr'><strong>dicit</strong></span> <span class='ocrx_word' id='word_1_1006' title='bbox 1640 2817 1772 2852; x_wconf 79' lang='lat' dir='ltr'><strong>Scriptura</strong></span> 
     </span>
    </p>
   </div>
   <div class='ocr_carea' id='block_1_120' title="bbox 982 2861 1770 2898">
    <p class='ocr_par' dir='ltr' id='par_1_120' title="bbox 982 2861 1770 2898">
     <span class='ocr_line' id='line_1_120' title="bbox 982 2861 1770 2898; baseline 0.003 -10"><span class='ocrx_word' id='word_1_1007' title='bbox 982 2861 1042 2888; x_wconf 75' lang='lat' dir='ltr'><strong>deos</strong></span> <span class='ocrx_word' id='word_1_1008' title='bbox 1049 2881 1056 2894; x_wconf 92' lang='lat'><strong>,</strong></span> <span class='ocrx_word' id='word_1_1009' title='bbox 1072 2861 1106 2888; x_wconf 78' lang='lat' dir='ltr'><strong>ad</strong></span> <span class='ocrx_word' id='word_1_1010' title='bbox 1115 2869 1176 2896; x_wconf 88' lang='lat' dir='ltr'><strong>quos</strong></span> <span class='ocrx_word' id='word_1_1011' title='bbox 1185 2869 1266 2888; x_wconf 72' lang='lat' dir='ltr'><strong>sermo</strong></span> <span class='ocrx_word' id='word_1_1012' title='bbox 1280 2861 1327 2888; x_wconf 85' lang='lat' dir='ltr'><strong>Dei</strong></span> <span class='ocrx_word' id='word_1_1013' title='bbox 1337 2864 1418 2896; x_wconf 77' lang='lat' dir='ltr'><strong>factus</strong></span> <span class='ocrx_word' id='word_1_1014' title='bbox 1428 2866 1475 2895; x_wconf 83' lang='lat' dir='ltr'><strong>est,</strong></span> <span class='ocrx_word' id='word_1_1015' title='bbox 1487 2863 1530 2889; x_wconf 78' lang='grc'><strong>56.</strong></span> <span class='ocrx_word' id='word_1_1016' title='bbox 1542 2863 1667 2898; x_wconf 86' lang='lat' dir='ltr'><strong>quomodo</strong></span> <span class='ocrx_word' id='word_1_1017' title='bbox 1677 2871 1720 2890; x_wconf 75' lang='lat' dir='ltr'><strong>vos</strong></span> <span class='ocrx_word' id='word_1_1018' title='bbox 1730 2864 1770 2890; x_wconf 88' lang='lat' dir='ltr'><strong>di-</strong></span> 
     </span>
    </p>
   </div>
   <div class='ocr_carea' id='block_1_121' title="bbox 987 2908 1767 2944">
    <p class='ocr_par' dir='ltr' id='par_1_121' title="bbox 987 2908 1767 2944">
     <span class='ocr_line' id='line_1_121' title="bbox 987 2908 1767 2944; baseline 0.003 -9"><span class='ocrx_word' id='word_1_1019' title='bbox 987 2908 1043 2935; x_wconf 78' lang='lat' dir='ltr'><strong>citis</strong></span> <span class='ocrx_word' id='word_1_1020' title='bbox 1056 2908 1113 2943; x_wconf 86' lang='lat' dir='ltr'><strong>quia</strong></span> <span class='ocrx_word' id='word_1_1021' title='bbox 1126 2908 1280 2944; x_wconf 78' lang='lat' dir='ltr'><strong>blaspheme,</strong></span> <span class='ocrx_word' id='word_1_1022' title='bbox 1295 2909 1354 2944; x_wconf 87' lang='lat' dir='ltr'><strong>quia</strong></span> <span class='ocrx_word' id='word_1_1023' title='bbox 1364 2908 1428 2944; x_wconf 74' lang='lat' dir='ltr'><strong>dixi,</strong></span> <span class='ocrx_word' id='word_1_1024' title='bbox 1441 2908 1522 2936; x_wconf 84' lang='lat' dir='ltr'><strong>Filius</strong></span> <span class='ocrx_word' id='word_1_1025' title='bbox 1534 2908 1580 2937; x_wconf 85' lang='lat' dir='ltr'><strong>Dei</strong></span> <span class='ocrx_word' id='word_1_1026' title='bbox 1594 2910 1668 2937; x_wconf 83' lang='lat' dir='ltr'><strong>sunt?</strong></span> <span class='ocrx_word' id='word_1_1027' title='bbox 1680 2909 1705 2937; x_wconf 87' lang='lat' dir='ltr'><strong>ld</strong></span> <span class='ocrx_word' id='word_1_1028' title='bbox 1716 2914 1767 2943; x_wconf 78' lang='lat' dir='ltr'><strong>est,</strong></span> 
     </span>
    </p>
   </div>
  </div>
