2036 3119
227 2836 232 2849 Ι

263 173 314 203 339

263 233 290 260 Si
302 233 319 260 ii
331 232 375 268 qui
390 239 437 266 per
451 230 562 265 gratiam
575 228 626 256 hoc
638 234 797 264 acceperunt
807 249 814 263 ,
829 236 882 257 non
897 232 1056 256 accusantur

263 286 324 304 cum
335 285 365 305 se
376 276 441 304 deos
452 279 562 307 vocant;
576 275 620 310 qui
632 282 664 302 ex
678 280 772 302 natura
782 283 830 302 sua
840 275 890 302 hoc
903 274 991 307 habet,
1004 281 1057 309 quo

265 323 322 357 jure
334 321 504 355 increpetur?
521 318 618 348 Verum
630 328 681 346 non
697 321 732 347 ita
746 319 830 353 dixit,
847 319 894 348 sed
907 319 1014 347 demum
1030 319 1056 347 id

265 367 403 402 probavit,
421 371 560 401 postquam
582 365 724 393 demissius
747 366 871 400 loquutus
884 370 925 392 est
938 365 979 392 his
994 373 1055 392 ver-

263 413 319 440 bis:
335 411 415 445 Quem
429 410 505 440 Pater
519 413 685 446 sanctiﬁcavit
696 417 719 439 et
732 412 815 443 misit;
829 416 855 439 et
868 416 1007 447 postquam
1023 411 1054 438 il-

263 458 349 485 lorum
361 457 478 485 furorem
492 457 605 490 sedavit,
618 462 681 484 tunc
691 460 791 485 claram
803 457 880 484 ail'ert
889 457 1056 484 demonstra-

263 505 372 532 tionem.
386 505 493 532 Interim
506 511 579 536 vero,
592 508 619 531 ut
630 503 814 531 admitteretur
825 503 850 530 id
858 503 927 538 quod
938 503 1053 535 dicebat,

263 551 391 578 humilius
413 553 538 586 loquutus
559 556 617 584 est,
634 559 665 578 ac
686 551 794 578 demum
814 550 847 578 ad
863 551 963 584 majora
984 550 1055 584 ipsos

264 597 390 630 adducit,
404 597 496 625 dicens
510 606 515 623 :
532 597 576 624 57.
593 596 624 624 Si
643 605 693 624 non
708 597 774 632 facio
787 604 863 631 opera
883 595 968 623 Patris
987 595 1052 628 mei,

265 643 342 670 nolite
355 643 456 671 credere
470 644 550 676 mihi;
564 643 607 671 58.
622 644 661 670 sin
676 649 760 670 autent
773 643 851 678 facio,
868 643 913 670 cui
928 643 989 670 mihi
1003 651 1053 670 non

260 689 495 725 creditia,operibua
508 690 569 717 meis
583 690 685 717 credite.
702 689 793 717 \"iden’
804 689 936 725 quomodo
949 690 1052 724 probet,

261 739 291 763 ut
300 735 355 763 dixi
366 754 375 769 ,
389 743 419 763 se
433 736 510 763 Patre
522 736 548 763 in
562 735 636 763 nullo
648 735 803 763 inferiorem
815 743 874 763 esse
884 757 892 768 ,
905 735 953 763 sed
963 743 1052 770 mqua-

259 779 312 808 iem
327 781 456 808 omnino?
471 781 537 814 Quia
548 781 620 808 enim
634 789 686 808 non
697 785 802 816 poterat
812 780 958 808 substantia
970 780 1052 815 ipsius

259 826 361 861 videri,
382 827 416 854 ab
437 834 547 861 operum
563 827 714 862 :equalilate
733 831 761 855 et
783 827 921 854 identitate
942 826 1052 861 atqu-alis

258 874 398 908 potestatis
412 873 668 900 demonstrationem
683 872 770 900 θίγω.

291 916 318 945 3.
332 917 448 952 Ecquid,
462 925 553 953 quieso
563 939 570 951 ,
584 917 746 945 credemus?
761 917 835 950 Quod
855 925 901 952 ego
920 917 946 943 in
963 916 1049 949 Putre,

258 968 282 990 at
298 962 375 990 Pater
386 964 412 990 in
426 971 465 990 me
481 964 522 990 ait.
538 963 608 991 Nihil
631 963 702 990 enim
725 962 796 990 aliud
811 969 861 996 ego
875 969 945 994 sum,
972 969 1049 997 quant

255 1008 344 1041 Pater,
360 1016 471 1036 manens
486 1008 586 1041 Filius;
600 1008 665 1036 nihil
677 1007 748 1035 aliud
762 1012 802 1035 est
818 1008 871 1040 ille,
885 1015 964 1042 quam
979 1008 1049 1043 quod

254 1060 315 1087 ego,
329 1061 440 1081 manens
451 1054 547 1081 Pater:
562 1058 590 1081 et
599 1054 643 1088 qui
657 1061 700 1080 me
710 1053 792 1086 novit,
808 1054 882 1080 novit
892 1058 918 1080 et
931 1053 1047 1087 Patrem,

254 1096 404 1133 Filiumque
416 1098 516 1126 didicit.
530 1098 605 1132 Quod
619 1098 641 1126 si
651 1099 765 1132 potentia
777 1099 864 1126 minor
877 1103 959 1131 esset,
968 1098 1047 1126 etiam

253 1143 368 1179 cognitio
379 1143 443 1171 falsa
453 1149 533 1171 essut.
547 1144 637 1179 Neque
645 1144 715 1171 enim
729 1144 779 1171 alia
792 1151 838 1178 per
846 1143 926 1171 aliam
935 1144 973 1171 vel
983 1145 1046 1172 sub—

253 1189 349 1217 stantia
360 1189 402 1217 vel
414 1189 530 1224 potentia
538 1189 604 1217 disci
616 1194 712 1224 potest.
720 1189 764 1217 39.
774 1189 911 1217 Voluerunt
922 1197 981 1225 ergo
991 1198 1047 1216 eum

251 1235 439 1270 apprehendere
446 1243 455 1262 :
462 1240 485 1261 et
492 1235 551 1262 exiit
558 1236 588 1262 de
597 1235 710 1262 matribus
718 1243 814 1268 eorum,
823 1235 868 1263 40.
880 1241 903 1262 et
909 1236 969 1263 abiit
977 1241 1046 1263 trans

251 1280 391 1308 Iordanem
400 1301 407 1314 ,
422 1280 464 1308 ubi
477 1286 530 1308 erat
547 1280 660 1308 Joannes
674 1281 805 1316 baptizata
818 1282 937 1315 primum.
949 1282 995 1309 M.
1009 1281 1044 1308 Et

252 1327 325 1353 multi
341 1332 459 1354 uenerunt
478 1327 511 1354 ad
534 1335 590 1354 eum
601 1348 608 1360 ,
626 1332 649 1354 et
665 1327 779 1354 dicebant
792 1335 801 1354 :
812 1327 924 1354 Joanne:
946 1328 1045 1362 quidem

252 1373 352 1408 tignum
378 1373 436 1408 fecit
455 1374 569 1406 trullam,-
591 1375 674 1400 omnia
700 1379 784 1400 autem
805 1382 967 1408 quietumque
981 1374 1044 1401 dixit

252 1419 365 1447 Joannes
377 1419 410 1447 de
422 1420 486 1451 hoc,
501 1428 558 1447 uera
581 1425 646 1447 sunt.
673 1421 815 1455 Postquam
831 1420 901 1447 enim
916 1428 1041 1456 magnum

253 1465 388 1501 quidpiam
399 1469 426 1493 et
439 1465 554 1493 sublime
566 1466 643 1499 dixit,
654 1466 743 1493 statim
756 1466 867 1499 secedit,
883 1466 988 1493 iilorutn
999 1474 1043 1494 ce-

251 1510 319 1538 tlcus
334 1510 428 1544 furori,
443 1515 471 1538 ut
486 1519 533 1546 per
545 1511 692 1539 absentiam
709 1511 779 1539 illius
793 1511 902 1539 sedetur
914 1517 942 1539 et
953 1513 1042 1547 sopia-

251 1562 303 1584 tnr.
313 1556 389 1590 Quod
403 1557 483 1584 etiatn
501 1561 562 1584 tunc
569 1557 641 1584 fecit.
654 1556 705 1585 Sed
717 1565 764 1584 cur
777 1558 936 1592 evangelista
954 1558 1040 1586 locum

250 1602 365 1629 iudicat?
380 1602 413 1630 Ut
422 1602 508 1630 discas
523 1603 608 1637 ipsum
618 1603 677 1631 ideo
693 1604 760 1631 istuc
774 1604 882 1635 abiisse,
896 1609 924 1630 ut
939 1604 1003 1638 ipsis
1014 1604 1039 1632 in

250 1647 405 1675 memoriam
422 1648 465 1675 illa
487 1653 643 1682 revocaret,
658 1656 717 1683 qua:
731 1648 847 1676 Joannes
869 1649 922 1676 illic
942 1649 1041 1677 fecerat

249 1694 424 1729 dixeratque,
450 1701 553 1722 necnon
574 1695 754 1722 testimonium
782 1694 874 1730 ipsius.
896 1695 1040 1730 lstncrrgo

250 1747 310 1766 cttm
332 1740 487 1772 venissent,
502 1740 591 1767 statim
606 1740 717 1767 Joannis
731 1740 860 1767 recordati
884 1745 964 1773 sunt;
980 1741 1040 1768 ideo

248 1786 349 1819 dicunt,
365 1785 478 1813 Joannes
493 1786 591 1814 nullum
610 1787 668 1821 fecit
681 1787 798 1822 signum,-
814 1794 874 1814 nam
890 1787 956 1814 alias
975 1788 1037 1822 quid

248 1832 280 1859 :nl
296 1840 352 1860 rem
369 1832 474 1859 fecisset
490 1833 515 1860 id
538 1832 658 1860 addere?
675 1833 722 1860 sed
740 1833 800 1868 quia
817 1833 890 1860 locus
914 1833 1038 1868 Baptistae

250 1879 406 1906 memoriam
425 1879 576 1911 revocavit,
601 1886 704 1906 necnon
720 1879 777 1914 ejus
797 1879 951 1906 testimonii.
974 1879 1038 1907 Vide

247 1929 334 1951 autem
345 1931 424 1959 quam
444 1929 532 1952 certos
549 1925 716 1960 syllogismos
728 1925 899 1953 concinnent.
908 1925 1036 1958 Joannes,

247 1969 380 2005 inquiunt,
395 1970 495 1997 nullum
510 1970 571 1997 iecit
584 1970 705 2005 signant;
733 1970 776 1997 hic
791 1971 864 2006 signa
879 1971 940 1998 facit
956 1980 961 1997 :
976 1972 1037 1999 hinc

245 2024 310 2051 ergo
327 2016 384 2051 ejus
400 2016 577 2051 praecellentia
590 2017 746 2044 ostenditur.
760 2017 788 2045 Si
807 2025 870 2052 ergo
887 2018 921 2044 illi
934 2018 1035 2045 nullum

244 2062 348 2096 signum
368 2062 458 2089 edenti
475 2062 653 2095 credidimus,
669 2062 752 2090 multo
766 2063 849 2097 magis
868 2063 927 2091 huic
940 2064 1035 2091 crede-

246 2115 314 2134 mus.
330 2108 440 2141 Deinde,
456 2108 515 2143 quia
530 2107 645 2135 Joannes
656 2113 713 2136 erat
726 2108 769 2142 qui
784 2109 963 2136 testimonium
977 2117 1035 2143 per-

245 2153 378 2187 hibuerat,
396 2161 428 2180 ne
439 2154 499 2188 quia
516 2153 619 2188 signum
632 2162 684 2181 non
699 2154 807 2186 fecerat,
819 2154 941 2189 indignus
954 2155 1035 2182 fuisse

245 2202 384 2233 putaretur
397 2198 443 2233 qui
466 2199 645 2226 testimonium
661 2199 753 2232 ferret,
769 2198 913 2233 adjiciunt,
930 2199 1034 2227 etiamsi

244 2246 348 2278 signum
361 2251 414 2272 non
428 2244 530 2278 iecerit,
546 2253 607 2272 vera
619 2249 707 2273 tamen
725 2245 814 2271 omnia
827 2245 861 2272 de
873 2244 981 2272 Christo
992 2245 1032 2272 di-

243 2291 324 2324 xisse,
340 2291 376 2319 ita
397 2296 426 2318 ut
440 2299 493 2319 non
508 2292 630 2320 Christus
646 2300 677 2319 ex
692 2292 748 2324 illo,
764 2291 811 2319 sed
824 2291 869 2319 ille
891 2299 925 2318 ex
943 2292 1034 2326 operi-

243 2339 293 2366 bus
304 2339 402 2367 Christi
419 2339 469 2367 title.
482 2339 576 2375 dignus
588 2341 740 2367 inniteretur.
756 2339 800 2366 49.
813 2339 889 2366 Multi
903 2348 962 2374 ergo
977 2348 1032 2366 cre-

242 2386 359 2413 diderunt
372 2387 399 2414 in
422 2394 489 2414 eum.
511 2386 590 2414 Multa
605 2387 675 2414 enim
692 2387 752 2413 illos
764 2385 944 2413 attrahebant.
965 2386 1031 2413 Nam

243 2433 375 2461 recordati
390 2438 452 2460 sunt
470 2433 612 2460 verbortnn
628 2433 686 2467 ejus
696 2453 703 2466 ,
717 2440 779 2459 cum
794 2433 880 2466 ipsum
894 2440 923 2459 se
943 2433 1031 2460 i’ortio-

241 2487 298 2506 rrm
311 2479 427 2512 dicebat,
440 2479 536 2512 lucem,
552 2479 641 2510 vitam,
662 2480 798 2505 veritatem
814 2482 962 2512 czeteraquc
976 2486 1033 2505 om-

242 2526 294 2558 uia;
307 2525 381 2553 vocis
392 2532 498 2560 quoque
512 2525 627 2559 desuper
639 2524 727 2551 aliaue
738 2545 745 2557 ,
759 2523 926 2558 Spiritusquo
943 2525 1033 2558 spot-ie

243 2571 371 2599 columba:
383 2571 546 2605 apparentia,
568 2571 706 2605 ipsumque
720 2570 842 2598 omnibus
855 2570 1029 2598 ostendentis.

244 2615 282 2643 Ad
302 2615 360 2643 haec
373 2615 562 2642 miraculorum
584 2615 777 2643 demonstratio
797 2615 956 2647 accedebat;
978 2624 1030 2650 qua

242 2661 478 2689 conﬁrmabantur.
489 2660 553 2687 Nam
563 2661 584 2688 si
595 2660 700 2692 Joanni,
712 2661 842 2696 inquiunt,
854 2661 1028 2694 eredendum,

238 2709 324 2737 multo
339 2708 424 2743 magis
446 2707 517 2735 huic.
540 2706 566 2735 Si
585 2708 686 2742 absque
699 2708 782 2742 signis
797 2708 833 2734 illi
857 2707 1029 2740 credidimus,

236 2755 324 2782 multo
339 2754 424 2789 magis
439 2753 511 2786 huic,
526 2754 570 2788 qui
585 2754 655 2781 illius
667 2753 819 2781 testimonio
829 2754 989 2785 celebratus,
1005 2757 1031 2780 et

236 2808 270 2827 ex
282 2800 364 2836 signis
378 2801 575 2828 demonstratus
590 2804 640 2828 est.

273 2844 456 2881 Tranquillitas
470 2852 593 2882 amntium
608 2847 700 2873 animm
714 2847 802 2879 prosit.
819 2846 909 2873 Anima
923 2854 937 2871 α
953 2853 1017 2880 nego

241 2891 279 2917 liis
290 2899 392 2925 vacum,
407 2892 432 2919 in
446 2898 518 2926 portu
529 2893 607 2919 sedet.
623 2891 758 2924 Mulierum
772 2891 928 2926 amt-iuun—
937 2890 1028 2924 Viden”

615 172 641 199 S.
662 171 800 200 JOANNIS
818 167 1053 200 CllRYSOSTOMl
1073 168 1230 198 ARCIIIEP.
1251 170 1516 199 CONSTANTINOP.

1853 171 1901 200 5η

1110 231 1238 260 quantum
1253 226 1305 254 illis
1319 227 1392 254 locus
1412 227 1556 262 profuerit,
1573 232 1700 262 quantum
1726 229 1904 263 sequestratio

1109 279 1124 297 a
1145 271 1208 298 viris
1229 272 1378 306 improbis?
1399 272 1461 300 ideo
1482 273 1712 308 illustri-quenter
1731 274 1765 301 ab
1790 275 1902 302 istorum

1109 317 1244 344 consortio
1258 318 1375 345 abducit.
1393 318 1468 351 Quod
1492 319 1572 346 etiam
1592 320 1617 346 in
1633 320 1716 347 veteri
1734 320 1790 355 lege
1806 319 1904 348 fecisse

1109 363 1326 396 deprehenditur.
1342 363 1448 391 Judatos
1462 364 1555 399 procul
1565 365 1599 391 ab
1609 364 1740 400 {Egyptiis
1753 366 1779 393 in
1795 366 1904 393 deSt’rlo

1108 408 1266 443 ini'ortnans,
1278 414 1304 436 et
1317 410 1355 437 sic
1365 410 1391 437 in
1405 410 1528 438 omnibus
1538 411 1688 440 instituens.
1703 412 1729 439 ld
1740 412 1810 447 quod
1821 413 1902 440 etiam

1109 454 1187 482 nobis
1200 455 1348 482 faciendum
1363 457 1466 488 suadet,
1479 457 1577 491 jubcns
1591 457 1677 484 lorum
1691 457 1785 489 vitare,
1804 459 1902 485 tumul-

1109 503 1217 535 tumque
1230 505 1258 528 et
1271 502 1385 534 turbam,
1399 503 1515 536 atquein
1529 503 1652 530 cubiculo
1661 503 1802 538 tranquille
1810 512 1899 532 orare.

1108 545 1232 573 Navicuia
1245 547 1317 574 enim
1329 551 1486 582 tempestate
1497 556 1548 575 non
1562 548 1670 584 agitata,
1686 549 1804 577 secundo
1819 556 1901 577 vento

1108 592 1213 626 navigat
1229 601 1236 619 :
1252 593 1394 628 animaque
1408 601 1422 620 a
1438 594 1550 628 negotiis
1565 602 1663 622 vacans
1677 596 1702 621 in
1720 600 1796 629 portu
1812 595 1898 623 sedet.

1107 637 1222 673 ideoque
1245 639 1370 666 mulieres
1402 639 1576 674 philosophia:
1596 641 1680 675 magis
1704 640 1807 668 deditas
1838 650 1899 669 esse

1105 688 1252 719 oporteret,
1267 693 1346 719 quam
1360 685 1440 717 viros,
1453 693 1512 720 qua:
1524 686 1561 713 rei
1578 686 1698 713 familiari
1710 691 1739 714 ut
1754 688 1898 722 plurimum

1105 731 1272 758 inctunhuut.
1287 731 1331 759 Sic
1346 731 1428 760 Jacob
1442 733 1587 768 simplicior
1600 734 1659 767 fuit,
1676 734 1720 769 qui
1732 734 1804 761 domi
1820 734 1898 762 habi-

1105 781 1190 808 taret,
1214 785 1229 804 a
1255 777 1409 805 tumultibus
1433 777 1510 805 liber.
1526 777 1618 813 Neque
1642 779 1712 806 enim
1737 779 1795 807 sine
1816 787 1897 807 causa

1105 822 1161 849 inec
1176 822 1312 857 Scriptura
1335 823 1410 855 dixit,
1430 823 1553 850 Habitum
1571 825 1672 851 domum
1688 825 1763 860 (Gen.
1779 825 1824 853 25.
1838 826 1895 861 Ξῖ).

1104 868 1183 903 Atqui
1196 868 1267 896 domi
1279 870 1369 901 etiam,
1385 870 1500 905 inquies,
1517 878 1629 905 magnus
1643 872 1782 899 tumultus.
1805 872 1897 907 Siqui-

1102 913 1163 941 detn
1179 919 1206 941 tu
1221 914 1270 947 vis,
1285 919 1313 942 et
1326 915 1422 942 multas
1438 914 1484 942 tibi
1497 916 1608 943 attrahis
1619 924 1706 944 curas.
1722 917 1767 945 Vir
1779 923 1855 946 certe
1869 918 1895 946 in

1103 959 1190 986 medio
1204 960 1272 993 loro,
1288 963 1316 988 et
1330 967 1378 994 pro
1392 960 1527 994 tribunali,
1540 962 1659 989 extentis
1670 962 1749 990 rebus
1761 963 1836 998 quasi
1846 965 1896 990 llu-

1102 1004 1188 1032 ctihus
1200 1005 1315 1040 agitatur
1331 1013 1337 1032 :
1351 1005 1447 1033 mulier
1455 1014 1530 1040 vero,
1545 1014 1591 1034 seu
1605 1007 1631 1034 in
1647 1008 1761 1042 quodatu
1777 1009 1896 1043 philoso-

1102 1050 1171 1085 phia:
1184 1051 1332 1086 gymnasio,
1349 1051 1421 1079 dumi
1435 1052 1542 1085 sedens,
1558 1058 1675 1081 tuentem
1691 1054 1829 1090 colligens,
1847 1063 1895 1090 po-

1102 1096 1161 1122 terit
1180 1101 1207 1123 et
1221 1090 1346 1131 precibus
1365 1102 1393 1124 ct
1416 1097 1523 1125 lectioni
1536 1099 1694 1133 cattcrisque
1717 1100 1894 1135 philosophia:

1100 1142 1233 1169 exercitiis
1249 1142 1412 1171 incumbere.
1426 1145 1465 1171 Ac
1477 1144 1699 1179 quemadmodum
1711 1146 1727 1173 ii
1746 1147 1790 1181 qui
1801 1147 1894 1175 deser-

1101 1194 1155 1215 tum
1171 1189 1298 1222 incolunt,
1312 1196 1327 1216 a
1343 1189 1450 1217 nemine
1461 1189 1618 1218 turbantur:
1629 1190 1668 1218 sic
1679 1192 1774 1219 mulier
1786 1200 1893 1228 semper

1099 1234 1169 1261 intus
1184 1241 1306 1266 manens,
1323 1239 1450 1269 perpetua
1462 1236 1558 1270 poterit
1572 1235 1621 1263 irui
1640 1237 1842 1271 tranquillitate.
1863 1239 1891 1266 Si

1097 1280 1204 1315 quando
1217 1286 1305 1308 autem
1315 1281 1395 1308 domo
1408 1282 1442 1309 sit
1451 1282 1612 1316 exeundum,
1625 1283 1696 1310 nulla
1711 1283 1773 1310 inde
1788 1289 1892 1319 pertur-

1097 1325 1212 1355 bationis
1227 1334 1317 1354 causa.
1331 1327 1394 1355 Sive
1406 1327 1477 1355 enim
1491 1328 1517 1355 in
1533 1328 1672 1355 ecclesiam
1694 1329 1819 1362 veniant,
1834 1330 1891 1358 sive

1096 1372 1129 1399 ad
1141 1373 1264 1400 balneum
1286 1374 1321 1400 sit
1346 1373 1525 1409 pergendum,
1545 1381 1616 1410 sazpe
1630 1379 1761 1408 coguntur
1781 1375 1888 1410 quidem

1095 1418 1222 1446 mulieres
1236 1418 1309 1446 exire
1326 1427 1332 1445 :
1351 1423 1379 1445 ut
1392 1418 1532 1454 plurimum
1546 1422 1634 1446 autem
1649 1419 1719 1446 domi
1733 1419 1809 1447 sedet
1828 1429 1888 1447 mu~

1096 1463 1155 1495 lier,
1171 1468 1311 1498 potestque
1327 1464 1520 1498 philosophari,
1535 1464 1778 1499 adventantcmque
1800 1466 1886 1492 virum

1094 1509 1279 1543 perturbatum
1302 1510 1406 1542 sedare,
1421 1517 1601 1544 compescere,
1619 1509 1769 1544 superﬂuos
1782 1517 1814 1537 ac
1827 1519 1887 1538 mo-

1094 1555 1175 1582 lestos
1188 1555 1247 1591 ejus
1261 1556 1393 1591 cogitatus
1401 1556 1550 1588 eliminare,
1565 1560 1592 1584 et
1606 1556 1645 1583 sic
1659 1563 1751 1583 rursus
1764 1557 1888 1585 emittere

1092 1602 1166 1630 curis
1179 1603 1204 1629 in
1225 1601 1285 1630 foro
1302 1603 1434 1637 susceptis
1455 1609 1585 1636 vacuum,
1605 1607 1632 1630 et
1647 1603 1716 1630 bona
1738 1611 1799 1639 qua:
1813 1603 1886 1631 domi

1093 1647 1186 1674 didicit
1200 1655 1290 1675 secum
1307 1648 1447 1675 ferentem.
1459 1647 1529 1675 Nihil
1542 1649 1625 1682 enim,
1644 1647 1707 1675 nihil
1722 1649 1815 1684 utique
1829 1648 1885 1676 for-

1094 1693 1144 1720 tius
1160 1693 1271 1720 muliere
1295 1693 1336 1727 pia
1360 1698 1386 1721 et
1413 1693 1559 1728 prudente,
1588 1699 1616 1720 ut
1636 1695 1720 1720 virum
1743 1694 1885 1728 informet,

1091 1738 1202 1773 ejusque
1215 1739 1342 1771 animam,
1360 1743 1388 1766 ut
1398 1739 1522 1772 voluerit,
1541 1739 1670 1767 instituat.
1688 1739 1746 1767 Non
1760 1742 1865 1768 anticus
1875 1761 1884 1774 ,

1092 1792 1143 1811 non
1157 1784 1292 1817 doctores,
1304 1792 1356 1811 non
1370 1785 1503 1819 principes
1514 1785 1625 1819 perinde
1637 1785 1714 1818 feret,
1731 1791 1758 1813 ut
1773 1794 1884 1814 uxorem

1091 1835 1254 1862 monentem,
1269 1834 1294 1857 et
1305 1830 1445 1857 consilium
1455 1830 1571 1858 dantem.
1587 1830 1695 1858 liiouitio
1710 1831 1809 1866 quippe
1824 1833 1884 1860 talis

1089 1884 1150 1904 cum
1164 1876 1277 1912 quadam
1293 1876 1428 1910 voluptate
1442 1876 1583 1910 conjuncta
1597 1880 1654 1909 est,
1667 1876 1738 1912 quod
1753 1877 1797 1905 illa
1812 1878 1883 1905 titul-

1090 1927 1146 1950 tum
1164 1927 1278 1951 ametur.
1303 1922 1398 1949 Multos
1424 1930 1529 1957 possem
1555 1922 1651 1950 all‘erre
1669 1925 1740 1950 viros
1758 1931 1880 1958 asperos.

1089 1970 1292 2005 itumorigeros,
1308 1969 1342 1997 ab
1366 1970 1492 1997 uxoribus
1517 1970 1660 2004 mitigatos.
1685 1970 1757 1998 Uxor
1779 1971 1827 1998 viri
1855 1977 1882 1999 ct

1089 2023 1188 2043 mensa:
1201 2020 1228 2043 et
1249 2016 1308 2043 lecti
1330 2021 1356 2043 et
1376 2016 1522 2044 liberorum
1544 2018 1736 2051 procreationis
1758 2025 1879 2052 consors,

1087 2063 1143 2096 ipsa
1155 2062 1260 2089 conscia
1276 2062 1407 2089 dictorum
1419 2067 1624 2095 etarcanorum,
1635 2063 1771 2098 ingressus
1785 2069 1811 2091 et
1822 2065 1881 2092 exi-

1089 2112 1140 2139 tus,
1163 2108 1391 2143 plurimorumque
1404 2108 1529 2142 aliorutn,
1544 2109 1571 2135 in
1586 2109 1709 2136 omnibus
1724 2110 1821 2136 marito
1833 2109 1881 2138 de-

1087 2154 1152 2186 dita,
1167 2159 1195 2182 et
1209 2154 1247 2181 sic
1263 2153 1299 2181 illi
1312 2154 1414 2189 juncta,
1430 2159 1458 2180 ttt
1478 2162 1524 2189 par
1540 2159 1581 2181 est
1595 2162 1692 2190 corpus
1705 2156 1784 2190 capiti
1796 2163 1879 2191 copu-

1087 2201 1146 2230 lari.
1160 2201 1181 2227 si
1202 2200 1318 2235 prudens
1330 2200 1364 2227 sit
1379 2205 1406 2227 et
1418 2200 1540 2235 diligens,
1561 2201 1620 2236 plus
1630 2209 1709 2236 quam
1723 2209 1817 2229 omnes
1834 2202 1878 2229 alii

1085 2246 1227 2280 coniugem
1243 2246 1342 2273 fovebit
1354 2250 1381 2273 et
1394 2246 1506 2273 curabit.

1121 2293 1147 2320 4.
1164 2291 1257 2319 Uxoris
1271 2291 1416 2319 christiana:
1428 2291 1518 2327 agendi
1529 2292 1594 2318 ratio
1607 2292 1690 2327 qualis
1703 2300 1757 2320 eu:
1768 2293 1878 2325 debeat;

1086 2338 1159 2372 quale
1177 2338 1210 2365 ait
1229 2338 1310 2373 ipsius
1331 2346 1416 2365 verum
1438 2338 1748 2372 dectts.-Quamobretn
1767 2339 1876 2372 hortor,

1087 2388 1115 2411 ut
1138 2391 1246 2419 operam
1258 2384 1296 2411 illi
1311 2383 1349 2411 rei
1364 2384 1438 2417 deut,
1454 2390 1481 2412 et
1494 2392 1553 2419 qua:
1568 2384 1663 2412 decent
1683 2385 1823 2412 suadeant.
1846 2385 1879 2413 Ut

1086 2431 1156 2458 enim
1171 2430 1203 2456 ad
1219 2431 1341 2457 virtutem
1355 2438 1431 2461 uxor,
1443 2430 1482 2458 sic
1496 2435 1523 2457 et
1535 2431 1568 2457 ad
1590 2431 1734 2465 nequitiam
1750 2431 1879 2459 inducen-

1085 2476 1146 2504 dam
1161 2476 1271 2504 multaut
1288 2477 1338 2504 vim
1363 2477 1448 2503 habet.
1473 2476 1566 2504 Mulier
1593 2477 1765 2508 Absalonem.
1782 2478 1878 2504 mulier

1085 2524 1234 2551 Amnoucm
1259 2523 1382 2558 perdidit,
1411 2523 1506 2550 mulier
1528 2523 1625 2550 Jobum
1650 2524 1762 2558 perdete
1783 2531 1878 2551 conata

1085 2575 1126 2597 est
1140 2578 1146 2596 :
1160 2577 1229 2597 uxor
1241 2569 1367 2598 Nabalem
1381 2578 1395 2596 a
1405 2570 1478 2598 cattle
1486 2571 1592 2606 eripuit,
1605 2571 1701 2598 tuulier
1713 2575 1795 2599 totam
1811 2579 1879 2606 gen-

1085 2619 1138 2642 tem
1156 2615 1281 2642 scrvavit.
1297 2615 1363 2643 Nam
1378 2615 1480 2642 Debora
1496 2620 1524 2643 et
1546 2615 1636 2642 Judith
1648 2636 1655 2646 ,
1670 2620 1697 2643 et
1711 2616 1772 2643 alite
1787 2617 1879 2643 multa:

1085 2660 1276 2695 imperatorum
1292 2660 1376 2695 probe
1395 2660 1493 2688 iunctae
1507 2665 1569 2688 sunt
1581 2661 1680 2688 ofﬁcio.
1695 2661 1759 2689 ideo
1783 2662 1879 2690 Paulus

1085 2706 1121 2732 ait
1136 2715 1142 2732 :
1158 2706 1225 2738 Quid
1245 2706 1310 2732 ettt'm
1325 2707 1373 2734 asia
1383 2727 1391 2738 ,
1407 2707 1515 2739 mulier,
1535 2715 1567 2733 an
1581 2707 1661 2734 virum
1682 2707 1781 2734 salvum
1802 2709 1879 2742 facies

1085 2752 1124 2785 (i.
1141 2751 1199 2778 Cor.
1214 2751 1240 2778 7.
1258 2752 1322 2785 ili)?
1338 2752 1444 2786 lllisquc
1462 2752 1625 2786 temporibus
1642 2752 1767 2785 Persida,
1785 2758 1812 2780 et
1829 2753 1878 2779 Ma-

1085 2797 1152 2823 riam
1173 2801 1199 2823 et
1215 2797 1372 2828 Priscillam,
1388 2798 1540 2831 apostolicis
1554 2797 1747 2825 certaminibus
1767 2806 1797 2826 se
1811 2798 1878 2825 dcdi-

1086 2842 1158 2869 disse
1175 2842 1274 2869 scimus
1288 2842 1374 2876 (llam.
1387 2842 1441 2877 ili).
1458 2844 1530 2876 Quas
1543 2848 1566 2870 et
1582 2851 1630 2869 vos
1645 2843 1742 2870 imitari
1759 2843 1877 2873 debetis.

1086 2897 1134 2915 nec
1150 2888 1236 2915 verbis
1247 2888 1343 2921 solum,
1359 2889 1405 2917 sed
1420 2890 1499 2916 etiam
1514 2888 1640 2924 operibus
1651 2890 1782 2925 conjugcs
1796 2890 1878 2917 iniur-
