2036 3119
196 167 246 196 5H

198 230 283 252 mare.
295 221 327 249 Et
335 219 468 256 quomodo
480 219 603 247 maritum
613 220 738 255 operibus
745 222 899 249 erudiemus
906 222 917 248 ?
925 220 991 248 Cum

197 274 224 297 te
239 268 337 295 videbit
358 274 409 294 nec
422 266 569 301 improbam
580 287 588 300 ,
601 273 651 294 nec
664 267 808 299 curiosam,
824 276 873 295 nec
883 272 992 295 ornatus

198 318 343 346 amantem,
367 320 420 340 non
436 312 583 347 superﬂuos
597 316 721 347 sumptus
735 319 918 348 expctentem,
945 314 991 341 sed

197 361 374 395 prmsentibns
392 364 563 392 contentam;
581 363 644 386 tunc
669 363 695 388 te
716 360 899 388 consulentem
914 360 990 388 feret.

199 407 225 434 Si
241 411 330 433 autem
344 406 433 433 verbis
457 405 667 440 philosopheris,
682 406 763 433 rebus
780 414 844 433 vero
858 407 991 433 contraria

199 452 304 485 feceris,
322 456 384 478 tunc
396 451 583 486 loquacitatem
597 456 668 479 luam
682 451 826 478 damnabit.
843 452 889 479 Sin
904 451 992 479 verbis

199 497 276 525 simul
289 501 315 524 et
327 496 454 531 operibus
463 495 614 524 doctrinam
629 496 741 528 inferas,
763 501 824 524 tunc
839 502 864 524 te
878 497 992 532 excipiet

199 548 278 578 atque
293 542 378 577 magis
390 542 588 578 obtemperabit
603 551 610 569 :
627 547 656 569 ut
667 550 727 569 curn
741 550 833 569 aurum
850 550 902 569 non
919 550 992 576 qua:-

199 598 251 623 res,
268 596 353 623 neque
367 589 524 625 margaritas
534 609 542 621 ,
558 596 644 623 neque
658 589 875 616 vestimentorum
889 588 992 623 magni-

200 636 350 667 ticeutiam;
373 634 421 662 sed
442 635 537 662 horum
563 635 632 668 loco,
657 634 823 667 modestiam,
840 639 991 669 temperan-

200 681 273 712 tiam,
301 680 514 708 benevolentiam
531 688 539 707 :
555 685 635 715 utque
649 688 682 707 ex
697 680 781 714 teipsa
797 680 853 707 hare
874 679 969 708 alieres
980 700 990 714 ,

198 727 237 754 sic
247 726 338 755 abillo
351 727 445 755 eadem
460 727 561 761 exiges.
583 726 648 753 Nam
663 726 686 753 si
708 726 770 761 quid
787 725 820 753 ad
834 725 992 760 placendum

200 774 257 801 viro
267 774 301 800 sit
315 772 458 808 agendum,
478 773 594 799 animam
609 775 723 806 oportet,
747 779 799 798 non
823 779 921 806 corpus
945 779 991 799 or-

200 827 275 852 nare,
290 819 344 845 imo
358 826 539 853 corrumpere.
552 817 642 853 Neque
655 818 725 845 enim
740 818 774 845 ita
796 822 820 845 te
835 818 873 845 illi
887 818 989 846 amabi-

200 864 251 890 lem
273 871 366 890 aurum
392 863 497 895 reddet,
513 868 543 890 ut
557 863 732 897 temperantia
748 867 775 891 et
795 864 989 898 becholentia,

199 913 277 943 atque
288 909 391 936 animus
405 909 436 935 ad
450 909 530 936 vitam
545 916 593 943 pro
602 909 698 936 marito
710 909 859 944 ponendam
872 915 988 944 paratus.

200 954 263 981 iizec
277 955 348 982 viros
367 955 483 989 capiunt.
493 954 560 982 Nam
576 955 661 982 cultus
672 955 717 982 ille
731 955 880 990 snperiiuus
895 956 989 990 di5pli-

199 1004 241 1027 cet
253 1000 299 1033 iili,
309 1009 364 1027 rem
378 1000 535 1028 familiarem
549 1005 683 1034 coarctat,
695 1006 720 1028 et
731 1005 866 1036 sumptum
877 1006 903 1029 et
914 1009 991 1029 curas

198 1046 277 1080 parit.
293 1046 328 1072 At
341 1053 399 1080 qua:
409 1046 481 1078 prius
495 1046 564 1074 dicta
576 1051 649 1079 sunt,
666 1046 751 1073 virum
764 1047 839 1074 uxori
853 1048 988 1082 copulant.

201 1090 388 1118 Benevolentia
404 1091 511 1126 quippe,
527 1092 653 1124 amicitia,
665 1091 836 1125 desiderium,
848 1100 898 1120 nec
913 1100 990 1121 curas

199 1136 308 1170 faciunt,
325 1144 375 1164 nec
386 1137 533 1172 impensam
547 1138 672 1173 exigunt;
686 1138 739 1165 imo
752 1138 915 1165 contrarium
932 1146 990 1166 om-

199 1182 272 1208 nino.
296 1182 411 1210 Ornatus
426 1183 532 1217 quidem
549 1183 594 1210 ille
608 1191 622 1210 a
643 1183 836 1211 consuetudine
856 1184 988 1211 fastidium

198 1227 337 1262 ingenerat
354 1236 361 1253 :
378 1227 474 1254 animae
496 1235 560 1254 vero
582 1232 693 1255 ornatus
707 1228 826 1263 quotidie
839 1228 938 1260 ﬂoret,
962 1234 989 1256 et

198 1272 328 1306 majorem
354 1272 475 1299 accendit
490 1273 633 1300 ﬂammam.
657 1272 746 1307 itaque
761 1273 782 1301 si
804 1274 861 1301 viro
885 1274 988 1308 placere

198 1318 274 1350 velis,
288 1326 353 1345 orna
369 1319 484 1345 animam
505 1319 627 1346 castitate
637 1339 645 1349 .
659 1319 766 1354 pietate,
783 1321 820 1347 rei
833 1320 988 1348 domestica:

197 1371 271 1390 cura.
287 1363 349 1391 11ωο
364 1364 479 1392 maxime
497 1364 669 1396 ailicinnt,et
689 1373 831 1400 numquam
851 1365 985 1393 desinunt.

198 1410 274 1437 ilnnc
286 1415 408 1437 ornatum
433 1418 484 1438 non
505 1416 628 1438 senectus
643 1412 735 1443 solvit,
749 1419 800 1438 non
815 1412 923 1439 morbus
940 1420 986 1439 att-

197 1456 265 1488 fcrt;
282 1457 329 1484 sed
342 1457 463 1492 corporis
475 1457 575 1484 cultum
589 1457 742 1484 diuturnum
758 1462 862 1492 tempus
885 1459 984 1492 atterit,

197 1502 306 1529 morbus
320 1503 461 1536 consumit,
474 1503 578 1538 aliaque
601 1504 681 1530 multa
699 1504 823 1538 perdunt.
847 1505 985 1532 Atanimm

197 1549 264 1576 bona
283 1549 323 1576 his
344 1550 467 1577 omnibus
481 1555 542 1577 sunt
556 1551 703 1585 superiora.
727 1551 772 1578 ille
787 1557 896 1579 ornatus
919 1553 984 1580 invi-

196 1594 266 1621 diam
281 1595 350 1630 parit
360 1599 386 1622 et
396 1596 553 1631 zelotypiam
567 1604 574 1627 ;
590 1596 632 1624 hic
646 1604 709 1624 vero
720 1604 735 1624 a
750 1597 842 1625 morbo
853 1598 945 1632 quovis
958 1603 984 1626 et

195 1647 210 1665 a
224 1648 291 1667 vana
306 1641 387 1674 gloria
402 1641 469 1668 liber
482 1645 532 1668 est.
550 1641 605 1668 lioc
619 1646 696 1676 pacto
710 1650 752 1669 res
763 1642 907 1670 domestica
921 1643 984 1671 faci-

196 1685 246 1712 lior
259 1686 308 1713 erit
319 1707 326 1719 ,
342 1691 370 1713 et
385 1691 528 1720 proventus
544 1687 669 1722 uberior,
692 1689 799 1723 quando
811 1697 903 1716 aurum
929 1698 981 1718 non

194 1731 300 1765 corpori
315 1735 360 1758 tuo
373 1732 589 1767 circumpositum
603 1734 664 1766 erit,
680 1742 730 1761 nec
754 1741 847 1761 manus
872 1734 980 1769 iigabit;

194 1775 241 1802 sed
256 1783 304 1811 pro
319 1777 476 1804 necessariis
491 1778 656 1813 expendetur
667 1779 761 1805 usibus
778 1788 784 1806 :
799 1783 828 1806 ut
848 1780 873 1806 in
893 1780 981 1807 cibum

195 1829 344 1856 servorum,
360 1822 474 1850 ﬁliormn
489 1830 579 1850 curam
595 1825 784 1858 necessariam,
808 1825 912 1860 aliaque
935 1834 980 1853 ra-

716 161 748 190 lN
766 161 924 191 JOANNEM
944 161 1059 191 IiOiiiL.
1079 163 1158 192 LXII.
1179 164 1213 192 al.
1234 164 1301 193 LXI.

1786 169 1839 198 343

1044 220 1108 247 tioni
1123 225 1311 249 consentanea.
1323 222 1446 258 Alioquin
1466 223 1487 251 si
1503 223 1560 252 hazc
1573 225 1599 252 in
1615 225 1706 253 luxum
1731 234 1837 262 prapo-

1045 271 1152 298 nantur,
1166 267 1229 294 dntn
1242 275 1288 295 cor
1300 269 1414 304 angitur,
1427 270 1497 305 quod
1510 271 1635 298 lucrum?
1646 280 1706 307 qua:
1717 273 1837 300 utilitas?

1044 313 1158 341 Tatitum
1176 314 1276 341 cultum
1292 322 1344 342 non
1358 315 1420 342 sinit
1431 316 1507 343 dolor
1519 318 1649 352 aspicere.
1662 318 1741 346 Scitis
1753 320 1835 353 enim,

1044 359 1118 386 Scitis
1144 359 1244 394 utique,
1259 360 1329 394 quod
1344 361 1366 388 si
1387 361 1447 395 quis
1462 362 1600 390 mulierem
1622 364 1741 391 omnium
1754 373 1835 391 orna-

1046 405 1175 432 tissimam
1189 405 1287 437 videat,
1300 405 1426 433 delectari
1443 414 1494 434 non
1519 413 1616 442 potest,
1639 409 1662 436 si
1676 410 1781 437 animus
1800 411 1836 438 sit

1045 451 1070 478 in
1084 459 1200 479 mmrore
1213 460 1220 479 :
1232 452 1277 486 qui
1294 452 1365 479 enim
1376 452 1432 479 vult
1444 453 1581 484 delectari.
1599 454 1690 482 hilaris
1706 456 1741 483 sit
1751 464 1834 491 opor-

1045 501 1093 524 tet.
1121 497 1150 524 Si
1170 501 1259 524 antem
1276 505 1368 524 aurum
1395 502 1478 525 totum
1503 499 1535 526 ad
1567 501 1715 528 ornandum
1744 502 1835 530 uxoris

1044 550 1141 578 corpus
1155 543 1316 578 insumptum
1331 549 1382 577 est,
1397 544 1551 579 inaugustia
1563 546 1599 573 rei
1612 545 1749 574 familiaris
1764 549 1834 576 nulla

1044 593 1131 623 potest
1145 596 1204 616 esse
1215 589 1272 616 heri
1285 589 1414 624 voluptas.
1425 589 1591 624 Quapropter
1604 592 1624 618 si
1637 592 1714 619 vultis
1729 594 1834 627 placere

1043 633 1119 667 viris,
1135 633 1232 661 dabitis
1246 634 1374 669 voluptati
1387 635 1474 662 locum
1486 642 1493 661 :
1507 634 1604 663 dabitis
1615 644 1705 671 porro,
1717 638 1738 664 si
1755 639 1833 666 talem

1043 680 1143 707 cultum
1158 685 1185 708 et
1204 685 1327 707 ornatum
1342 680 1449 708 tollatis.
1465 680 1642 715 Hme.quippe
1652 683 1739 709 omnia
1753 690 1835 719 spon-

1044 726 1139 753 salium
1161 731 1280 762 tempore
1295 726 1436 761 quamdam
1451 726 1576 758 videntur
1590 727 1689 756 habere
1710 729 1834 763 volupta-

1044 774 1112 804 tem;
1129 771 1287 806 demumque
1302 776 1422 806 tempore
1437 776 1613 799 marcescunt.
1625 772 1652 800 Si
1661 773 1732 800 enim
1740 775 1834 802 emtum

1044 820 1098 843 tam
1114 816 1254 851 pulchrum
1267 837 1275 849 ,
1291 817 1374 844 solem
1390 821 1443 844 tam
1466 817 1635 851 splendidum
1647 838 1655 852 ,
1669 819 1712 845 cui
1732 819 1833 847 nullum

1043 869 1091 896 par
1104 868 1164 889 esse
1176 869 1274 897 corpus
1282 861 1392 894 dixeris,
1404 862 1439 889 ob
1451 862 1672 890 consuetudinem
1682 871 1736 891 non
1750 872 1834 900 usque

1043 907 1110 935 adeo
1123 907 1262 939 miramur,
1276 908 1411 943 quomodo
1423 913 1545 936 ornatum
1560 916 1657 944 corpus
1667 909 1710 937 diu
1724 911 1832 938 mirabi-

1043 952 1124 979 mur?
1136 952 1192 980 Hoc
1205 952 1283 986 dico,
1303 953 1374 988 quod
1389 953 1468 981 velim
1489 961 1537 981 vos
1559 955 1647 982 ornari
1663 961 1726 983 vero
1747 956 1832 991 cultu,

1042 1006 1122 1033 quem
1138 998 1234 1026 Paulus
1252 999 1396 1034 prazcepit:
1412 998 1473 1026 Non
1487 1007 1549 1026 auro
1568 1005 1592 1027 et
1614 1001 1768 1036 margaritis,
1787 1009 1831 1029 aut

1043 1050 1109 1071 veste
1125 1045 1234 1080 pretiosa
1245 1065 1253 1078 ,
1276 1045 1319 1072 sed
1333 1045 1401 1079 quod
1425 1046 1493 1072 decet
1508 1046 1638 1078 mulieres,
1656 1048 1830 1081 promittentes

1043 1090 1159 1124 pietatem
1167 1098 1211 1124 per
1219 1098 1295 1124 opera
1308 1090 1372 1116 bona
1383 1090 1421 1125 (1.
1431 1089 1499 1118 Tim.
1508 1090 1534 1117 2.
1547 1090 1591 1118 9e!
1603 1091 1656 1126 i0).
1669 1091 1721 1119 Sed
1734 1092 1771 1120 vis
1782 1101 1830 1120 ex-

1043 1134 1124 1162 ternis
1139 1135 1254 1169 placere,
1275 1134 1309 1162 ab
1325 1135 1409 1170 iisque
1433 1135 1553 1163 laudari?
1577 1136 1656 1164 Certe
1679 1145 1730 1164 non
1745 1143 1826 1165 casta:

1042 1179 1161 1206 mulieris
1174 1183 1217 1207 est
1230 1180 1401 1207 desiderium.
1413 1181 1475 1207 Atsi
1491 1180 1568 1214 velis,
1583 1182 1662 1208 ctiatu
1678 1182 1737 1210 illos
1747 1183 1830 1211 habeo

1042 1224 1083 1251 bis
1102 1229 1128 1251 ct
1142 1229 1276 1252 amatores
1291 1229 1318 1252 et
1338 1225 1648 1254 castitatislaudatorcs.
1663 1226 1736 1254 illam
1760 1229 1830 1256 enim

1042 1269 1122 1296 talem
1138 1269 1277 1297 mulierem
1288 1277 1366 1297 nemo
1380 1278 1470 1305 :equus
1480 1272 1626 1299 aestimator
1639 1272 1766 1306 laudabit,
1781 1274 1828 1302 sed

1042 1315 1131 1342 lascivi
1148 1319 1248 1343 tantum
1264 1320 1291 1343 et
1303 1316 1396 1343 molles
1410 1315 1548 1349 homines;
1561 1317 1614 1344 imo
1628 1325 1661 1345 ne
1681 1317 1707 1344 hi
1721 1319 1828 1353 quidem

1040 1361 1202 1395 laudabunt,
1217 1361 1264 1390 sed
1285 1362 1442 1390 maledicent
1455 1382 1463 1391 .
1478 1369 1538 1390 cum
1554 1363 1675 1392 mulieris
1694 1364 1829 1392 lasciviam

1040 1406 1211 1435 intuebuntur
1226 1416 1234 1434 :
1249 1407 1361 1443 probam
1385 1415 1449 1435 vero
1468 1408 1538 1436 hanc
1549 1408 1688 1437 mulierem
1712 1414 1738 1438 et
1754 1410 1781 1437 hi
1803 1415 1828 1438 et

1039 1452 1076 1479 illi
1088 1460 1233 1488 omnesque
1245 1453 1406 1486 laudabunt;
1419 1454 1517 1489 quippe
1530 1455 1573 1489 qui
1585 1454 1650 1482 nihil
1665 1455 1699 1483 ab
1710 1455 1753 1482 illa
1765 1456 1827 1484 mali

1038 1498 1199 1533 acceperint,
1214 1498 1260 1526 sed
1276 1499 1451 1534 phil050phia:
1463 1500 1611 1527 doctrinam
1626 1509 1633 1527 :
1649 1508 1742 1536 magna
1757 1502 1826 1536 apud

1039 1543 1162 1571 homines
1170 1544 1227 1571 laus
1239 1544 1335 1578 aderit,
1349 1552 1445 1580 magna
1453 1544 1521 1580 apud
1532 1544 1614 1572 Deum
1627 1553 1741 1574 merces.
1752 1547 1826 1575 iiunc

1038 1597 1102 1624 ergo
1115 1597 1266 1624 quieramus
1277 1595 1409 1624 ornatum,
1420 1592 1485 1618 ut'et
1495 1590 1537 1618 hic
1547 1599 1607 1618 cum
1621 1591 1742 1620 libertate
1754 1593 1824 1620 viva-

1038 1643 1097 1663 mus
1109 1655 1116 1668 ,
1132 1640 1158 1662 et
1171 1635 1257 1662 t'utura
1270 1643 1466 1671 consequamur
1477 1636 1546 1663 bona
1563 1645 1570 1663 :
1591 1644 1650 1671 qua:
1669 1645 1717 1664 nos
1732 1644 1825 1665 omnes

1036 1681 1141 1716 assequi
1155 1680 1307 1716 contingat,
1321 1681 1404 1716 gratia
1419 1685 1447 1708 et
1469 1681 1632 1716 benignitate
1656 1681 1760 1709 Domini
1774 1690 1824 1710 no-

1035 1727 1084 1754 stri
1101 1726 1166 1754 Jesu
1179 1726 1277 1754 Christi
1289 1746 1298 1761 ,
1319 1726 1362 1754 cui
1382 1726 1466 1762 gloria
1485 1727 1512 1754 in
1533 1727 1630 1755 saecula
1652 1728 1822 1756 sarcuiorum.

1035 1773 1132 1801 Amen.

194 1900 1823 1914 -———————_____—____________

827 1946 1000 1979 HOMILIA
1021 1947 1108 1979 LXII
1131 1946 1187 1988 (a).
1219 1968 1237 2006 ι

193 2013 256 2043 Cn.
273 2016 316 2044 11.
337 2023 363 2042 v.
380 2015 406 2043 1.
427 2015 490 2043 Erat
504 2021 587 2043 autem
609 2017 711 2051 quidam
725 2017 847 2052 languens
861 2018 976 2047 Lazarus

228 2069 243 2087 a
263 2060 398 2094 Bethania,
419 2070 450 2089 ea;
473 2062 576 2090 castello
599 2062 690 2090 Maria:
714 2068 738 2090 et
758 2063 868 2092 Martha:
888 2066 982 2093 sorori:

228 2107 292 2141 ejus.
312 2106 341 2134 2.
367 2107 450 2134 Maria
473 2113 557 2135 autem
580 2113 633 2136 erat
647 2117 676 2137 ea
690 2117 746 2145 quae
759 2111 831 2137 unxit
844 2110 982 2139 Dominum

228 2158 363 2188 unguento.

230 2221 255 2248 1.
284 2220 421 2248 ιΕηιηιηω
441 2221 529 2249 amicis
555 2221 603 2249 Dei
633 2223 742 2250 maat'me
767 2228 923 2259 competunt.
943 2224 983 2252 De

196 2266 280 2294 Maria
302 2276 388 2295 sorore
411 2267 505 2295 Lazan'
527 2269 641 2305 amatio.
656 2269 778 2297 —Multi
795 2277 856 2298 cum
877 2271 982 2306 aliquos

193 2313 283 2340 vident
307 2313 427 2341 homines
453 2314 507 2342 Deo
526 2319 661 2350 acceptos,
686 2316 711 2343 in
726 2323 873 2344 arumnam
886 2324 981 2352 quam-

194 2359 276 2392 piam,
301 2364 331 2387 ut
346 2360 478 2392 morbum,
497 2366 692 2396 paupertatem.
707 2366 753 2389 aut
764 2362 828 2397 quid
841 2363 928 2390 simile
940 2363 982 2391 in-

193 2403 301 2436 cidisse,
315 2405 510 2438 perturbantur,
534 2406 614 2433 nescii
638 2406 693 2434 Deo
713 2407 805 2434 amicis
827 2407 853 2435 id
868 2408 982 2436 maxime

193 2455 355 2484 competere.
378 2450 444 2478 Nam
462 2451 579 2479 Lazarus
594 2460 626 2480 ex
639 2453 737 2481 Citriin
753 2454 846 2481 amicis
858 2459 931 2487 erat,
954 2459 982 2482 et

194 2493 379 2532 intirmabatur
399 2504 405 2522 :
429 2495 455 2522 id
476 2497 546 2531 quod
569 2497 693 2525 dicebant
716 2498 733 2525 ii
757 2498 802 2533 qui
829 2499 980 2527 miserunt:

195 2539 259 2566 Ecce
275 2548 349 2574 quem
369 2549 440 2568 amas
460 2542 616 2576 iri/irritatur.
640 2543 693 2570 Sed
711 2543 798 2571 locum
813 2544 892 2571 altius
906 2552 982 2579 repe-

194 2588 290 2612 tamus.
316 2585 389 2617 Erat,
411 2586 505 2621 inquit.
526 2588 627 2622 quidam
641 2589 762 2624 languens
775 2589 888 2616 Lazarus
901 2598 918 2616 α
931 2589 982 2616 Be-

195 2631 292 2657 thania.
311 2631 368 2658 Non
380 2632 427 2659 abs
447 2641 477 2660 re
490 2633 559 2660 dixit
574 2634 643 2661 unde
657 2639 727 2662 esset
739 2634 864 2667 Lazarus,
888 2635 935 2662 sed
950 2642 980 2662 ea

195 2674 227 2703 de
243 2683 334 2709 causa,
358 2684 437 2711 quam
460 2681 552 2712 postea
576 2678 695 2706 dicturus
718 2683 768 2707 cst.
789 2679 897 2707 interim
919 2686 982 2707 vero

224 2760 261 2794 (τι)
278 2760 346 2784 Hanc
358 2760 479 2794 homiliam
492 2766 518 2787 et
528 2763 588 2788 duas
599 2768 733 2794 soquentes
750 2764 850 2789 edidere
867 2763 924 2788 olim
937 2768 980 2789 I‘a-

194 2791 313 2826 Lisienscs
328 2793 468 2826 typographi
495 2795 561 2826 torno
582 2791 864 2826 sectinrtorttibliotheca:
876 2798 980 2826 Patrum,

194 2820 306 2856 ﬁdi-tione
317 2820 436 2851 secunda;
446 2824 545 2856 nomine
556 2825 630 2848 sancti
644 2825 719 2849 Basilii
732 2825 849 2850 Seleucia:
862 2820 978 2856 episcopi;

194 2853 382 2910 ilqtinpogversas
402 2860 446 2884 per
461 2854 612 2879 ‘t‘heodorum
633 2856 754 2883 Peltaanm
776 2853 902 2880 Societalis
923 2853 980 2881 Jesu

221 2889 260 2908 tuo
303 2889 351 2907 um.

195 2885 351 2913 'l‘ttcologum.

1035 2018 1174 2054 praesentia
1188 2023 1342 2047 tractemus.
1363 2019 1475 2047 Sorores
1492 2020 1592 2047 utiliter
1606 2020 1715 2054 indicat,
1731 2025 1757 2048 et
1769 2021 1823 2048 Ma-

1034 2067 1099 2093 riam
1112 2073 1171 2100 qua:
1187 2066 1212 2092 in
1232 2065 1322 2100 aliquo
1341 2065 1492 2100 praestabat,
1519 2065 1570 2094 hoc
1589 2066 1732 2101 adjiciens,
1758 2067 1822 2094 Erat

1033 2115 1117 2139 autem
1139 2111 1224 2138 Maria
1245 2119 1301 2145 qua:
1322 2110 1461 2138 Dominum
1481 2115 1586 2138 unxere!
1608 2117 1747 2147 unguento.
1774 2113 1822 2141 llic

1033 2157 1141 2193 quidam
1163 2158 1337 2192 qumstioncm
1352 2161 1476 2190 movent,
1492 2165 1539 2185 cur
1555 2157 1682 2185 Dominus
1696 2157 1747 2185 ltoc
1762 2167 1821 2186 mu-

1033 2203 1126 2231 lierem
1140 2203 1227 2230 facere
1243 2203 1414 2238 permiserit?
1429 2203 1519 2231 Primo
1533 2203 1623 2238 itaque
1641 2203 1729 2231 discas
1743 2212 1822 2239 opor-

1034 2253 1088 2282 tet,
1113 2256 1166 2276 non
1187 2248 1254 2276 hanc
1274 2256 1334 2276 esse
1350 2248 1516 2276 meretricem
1530 2248 1565 2276 de
1579 2256 1630 2284 qua
1644 2248 1783 2277 Matthaaus
1794 2255 1822 2278 et

1033 2293 1131 2327 Lucas,
1153 2293 1199 2321 sed
1213 2293 1293 2320 aliam
1317 2293 1456 2322 honestam
1470 2294 1621 2322 mulierem.
1638 2294 1691 2321 Illa:
1707 2302 1822 2330 namque

1033 2340 1160 2367 mulieres
1176 2344 1253 2368 erant
1268 2339 1384 2375 peccatis
1403 2344 1507 2367 onusta:
1521 2347 1527 2366 :
1549 2339 1607 2368 lucc
1621 2348 1684 2367 vero
1697 2344 1723 2367 et
1736 2340 1823 2368 hone-

1032 2390 1073 2412 sta
1096 2390 1123 2412 et
1151 2385 1280 2412 studiosa.
1308 2384 1372 2411 Nam
1400 2378 1536 2412 Christum
1561 2385 1687 2421 excipere
1708 2386 1820 2413 curavit.

1033 2429 1128 2456 Narrat
1157 2434 1246 2456 autem
1275 2429 1454 2464 evangelista,
1478 2437 1585 2457 sorores
1604 2437 1710 2465 quoque
1732 2430 1817 2464 ipsqu

1033 2475 1179 2508 amavisse;
1202 2479 1230 2502 et
1249 2480 1337 2503 tamen
1353 2475 1482 2503 Lazarum
1502 2476 1569 2503 mori
1591 2476 1721 2510 permisit.
1734 2476 1821 2510 Quare

1033 2528 1097 2552 non,
1121 2524 1150 2547 ut
1170 2520 1290 2548 centurio
1312 2525 1338 2548 et
1359 2521 1484 2556 regulus,
1510 2521 1603 2548 relicto
1629 2521 1709 2548 fratre
1734 2529 1819 2556 πιςτο-

1034 2570 1124 2599 tante,
1151 2565 1286 2593 Christtun
1311 2566 1425 2599 adeunt,
1449 2566 1495 2593 sed
1520 2566 1648 2593 mittunt?
1670 2566 1819 2593 Admodum

1033 2611 1139 2638 Christo
1154 2610 1280 2643 lidebant,
1303 2611 1405 2645 ipsique
1427 2611 1569 2637 familiares
1591 2615 1680 2638 erant.
1695 2611 1819 2646 Alioquin

1034 2657 1158 2683 mulieres
1170 2661 1247 2683 erant
1262 2655 1390 2688 inﬁrmat,
1405 2660 1432 2683 et
1447 2656 1518 2682 luctu
1531 2655 1728 2683 detinebantur.
1743 2656 1820 2690 Quod

1034 2702 1104 2729 enim
1120 2709 1172 2728 noti
1187 2709 1220 2728 ex
1233 2705 1385 2735 contemptu
1398 2701 1437 2727 sic
1449 2701 1579 2734 fecerint,
1604 2706 1694 2736 postea
1708 2701 1819 2729 demon-

1034 2750 1161 2772 strarunt.
1183 2745 1260 2778 Quod
1282 2745 1361 2780 igitur
1375 2745 1433 2773 lucc
1454 2745 1497 2772 illa
1512 2753 1564 2772 non
1576 2750 1649 2772 esset
1667 2746 1751 2780 palam
1768 2750 1819 2774 est.

1033 2792 1084 2819 Sed
1097 2791 1180 2824 illam,
1197 2791 1310 2826 Inquies,
1325 2798 1373 2818 cur
1384 2790 1491 2818 admisit
1505 2790 1647 2818 Christus?
1665 2796 1693 2818 nt
1705 2792 1820 2820 solveret

1035 2837 1200 2872 nequitiam,
1231 2842 1260 2863 ut
1283 2836 1472 2863 humanitatem
1495 2835 1654 2869 exhiberet,
1678 2841 1704 2864 ut
1733 2836 1820 2864 discas

1035 2883 1133 2910 nullum
1152 2890 1212 2910 esse
1233 2882 1365 2916 morbum,
1391 2882 1434 2917 qui
1458 2881 1516 2917 ejus
1537 2881 1682 2910 bonitatem
1703 2886 1819 2918 superet.
