  <div class='ocr_page' id='page_1' title='image "/cluster/home/n/w/nwhite01/storage/ocr_20150623/59/njp.32101077772661/339.png"; bbox 0 0 2031 3118; ppageno 0'>
   <div class='ocr_carea' id='block_1_1' title="bbox 248 179 302 208">
    <p class='ocr_par' dir='ltr' id='par_1_1' title="bbox 248 179 302 208">
     <span class='ocr_line' id='line_1_1' title="bbox 248 179 302 208; baseline -0.019 0"><span class='ocrx_word' id='word_1_1' title='bbox 248 179 302 208; x_wconf 74' lang='grc' dir='ltr'><strong>5ιὸ</strong></span> 
     </span>
    </p>
   </div>
   <div class='ocr_carea' id='block_1_2' title="bbox 249 229 1037 271">
    <p class='ocr_par' dir='ltr' id='par_1_2' title="bbox 249 229 1037 271">
     <span class='ocr_line' id='line_1_2' title="bbox 249 229 1037 271; baseline -0.013 -5"><span class='ocrx_word' id='word_1_2' title='bbox 249 238 286 268; x_wconf 78' lang='lat' dir='ltr'><strong>Ne</strong></span> <span class='ocrx_word' id='word_1_3' title='bbox 309 239 398 271; x_wconf 71' lang='lat' dir='ltr'><strong>itaque</strong></span> <span class='ocrx_word' id='word_1_4' title='bbox 418 236 470 263; x_wconf 84' lang='lat' dir='ltr'><strong>hoc</strong></span> <span class='ocrx_word' id='word_1_5' title='bbox 494 237 596 262; x_wconf 84' lang='lat' dir='ltr'><strong>tantum</strong></span> <span class='ocrx_word' id='word_1_6' title='bbox 619 232 746 268; x_wconf 78' lang='lat' dir='ltr'><strong>respicias</strong></span> <span class='ocrx_word' id='word_1_7' title='bbox 767 231 838 266; x_wconf 89' lang='lat' dir='ltr'><strong>quod</strong></span> <span class='ocrx_word' id='word_1_8' title='bbox 858 231 930 258; x_wconf 79' lang='lat' dir='ltr'><strong>illam</strong></span> <span class='ocrx_word' id='word_1_9' title='bbox 951 229 1037 257; x_wconf 55' lang='lat' dir='ltr'><strong>admi-</strong></span> 
     </span>
    </p>
   </div>
   <div class='ocr_carea' id='block_1_3' title="bbox 247 275 1038 316">
    <p class='ocr_par' dir='ltr' id='par_1_3' title="bbox 247 275 1038 316">
     <span class='ocr_line' id='line_1_3' title="bbox 247 275 1038 316; baseline -0.011 -5"><span class='ocrx_word' id='word_1_10' title='bbox 247 285 323 316; x_wconf 80' lang='lat' dir='ltr'><strong>serit,</strong></span> <span class='ocrx_word' id='word_1_11' title='bbox 338 283 385 310; x_wconf 82' lang='lat' dir='ltr'><strong>sed</strong></span> <span class='ocrx_word' id='word_1_12' title='bbox 398 286 425 309; x_wconf 89' lang='lat' dir='ltr'><strong>et</strong></span> <span class='ocrx_word' id='word_1_13' title='bbox 438 280 500 308; x_wconf 77' lang='lat' dir='ltr'><strong>illud</strong></span> <span class='ocrx_word' id='word_1_14' title='bbox 513 279 664 311; x_wconf 77' lang='lat' dir='ltr'><strong>considera,</strong></span> <span class='ocrx_word' id='word_1_15' title='bbox 687 277 822 313; x_wconf 88' lang='lat' dir='ltr'><strong>quomodo</strong></span> <span class='ocrx_word' id='word_1_16' title='bbox 837 276 989 304; x_wconf 78' lang='lat' dir='ltr'><strong>mutaverit.</strong></span> <span class='ocrx_word' id='word_1_17' title='bbox 1006 275 1038 302; x_wconf 83' lang='lat' dir='ltr'><strong>Et</strong></span> 
     </span>
    </p>
   </div>
   <div class='ocr_carea' id='block_1_4' title="bbox 246 323 1038 358">
    <p class='ocr_par' dir='ltr' id='par_1_4' title="bbox 246 323 1038 358">
     <span class='ocr_line' id='line_1_4' title="bbox 246 323 1038 358; baseline -0.013 -1"><span class='ocrx_word' id='word_1_18' title='bbox 246 337 294 357; x_wconf 86' lang='lat' dir='ltr'><strong>cur</strong></span> <span class='ocrx_word' id='word_1_19' title='bbox 313 329 381 356; x_wconf 87' lang='lat' dir='ltr'><strong>hanc</strong></span> <span class='ocrx_word' id='word_1_20' title='bbox 396 330 526 354; x_wconf 77' lang='lat' dir='ltr'><strong>mernorat</strong></span> <span class='ocrx_word' id='word_1_21' title='bbox 541 325 679 352; x_wconf 83' lang='lat' dir='ltr'><strong>historiam</strong></span> <span class='ocrx_word' id='word_1_22' title='bbox 693 323 878 358; x_wconf 62' lang='lat' dir='ltr'><strong>evangelista?</strong></span> <span class='ocrx_word' id='word_1_23' title='bbox 901 323 954 349; x_wconf 90' lang='lat' dir='ltr'><strong>imo</strong></span> <span class='ocrx_word' id='word_1_24' title='bbox 975 329 1038 348; x_wconf 79' lang='lat' dir='ltr'><strong>vero</strong></span> 
     </span>
    </p>
   </div>
   <div class='ocr_carea' id='block_1_5' title="bbox 247 368 1038 409">
    <p class='ocr_par' dir='ltr' id='par_1_5' title="bbox 247 368 1038 409">
     <span class='ocr_line' id='line_1_5' title="bbox 247 368 1038 409; baseline -0.013 -7"><span class='ocrx_word' id='word_1_25' title='bbox 247 374 309 409; x_wconf 88' lang='lat' dir='ltr'><strong>quid</strong></span> <span class='ocrx_word' id='word_1_26' title='bbox 331 381 378 401; x_wconf 84' lang='lat' dir='ltr'><strong>nos</strong></span> <span class='ocrx_word' id='word_1_27' title='bbox 400 373 456 400; x_wconf 88' lang='lat' dir='ltr'><strong>vult</strong></span> <span class='ocrx_word' id='word_1_28' title='bbox 477 372 597 404; x_wconf 88' lang='lat' dir='ltr'><strong>docere,</strong></span> <span class='ocrx_word' id='word_1_29' title='bbox 621 378 680 398; x_wconf 82' lang='lat' dir='ltr'><strong>cum</strong></span> <span class='ocrx_word' id='word_1_30' title='bbox 701 370 761 396; x_wconf 89' lang='lat' dir='ltr'><strong>ait:</strong></span> <span class='ocrx_word' id='word_1_31' title='bbox 781 369 808 396; x_wconf 84' lang='lat'><strong>5.</strong></span> <span class='ocrx_word' id='word_1_32' title='bbox 830 368 936 395; x_wconf 82' lang='lat' dir='ltr'><strong>Amabat</strong></span> <span class='ocrx_word' id='word_1_33' title='bbox 955 372 1038 393; x_wconf 82' lang='lat' dir='ltr'><strong>autem</strong></span> 
     </span>
    </p>
   </div>
   <div class='ocr_carea' id='block_1_6' title="bbox 245 413 1035 452">
    <p class='ocr_par' dir='ltr' id='par_1_6' title="bbox 245 413 1035 452">
     <span class='ocr_line' id='line_1_6' title="bbox 245 413 1035 452; baseline -0.01 -4"><span class='ocrx_word' id='word_1_34' title='bbox 245 421 321 448; x_wconf 80' lang='lat' dir='ltr'><strong>Jesus</strong></span> <span class='ocrx_word' id='word_1_35' title='bbox 334 419 462 447; x_wconf 73' lang='lat' dir='ltr'><strong>Martham</strong></span> <span class='ocrx_word' id='word_1_36' title='bbox 478 423 501 445; x_wconf 85' lang='lat' dir='ltr'><strong>et</strong></span> <span class='ocrx_word' id='word_1_37' title='bbox 520 425 631 445; x_wconf 78' lang='lat' dir='ltr'><strong>sororem</strong></span> <span class='ocrx_word' id='word_1_38' title='bbox 645 417 710 452; x_wconf 77' lang='lat' dir='ltr'><strong>ejus,</strong></span> <span class='ocrx_word' id='word_1_39' title='bbox 724 421 748 443; x_wconf 88' lang='lat' dir='ltr'><strong>et</strong></span> <span class='ocrx_word' id='word_1_40' title='bbox 762 415 908 442; x_wconf 66' lang='lat' dir='ltr'><strong>Lazarum!</strong></span> <span class='ocrx_word' id='word_1_41' title='bbox 926 413 963 441; x_wconf 84' lang='lat' dir='ltr'><strong>Ne</strong></span> <span class='ocrx_word' id='word_1_42' title='bbox 975 421 1035 441; x_wconf 89' lang='lat' dir='ltr'><strong>um-</strong></span> 
     </span>
    </p>
   </div>
   <div class='ocr_carea' id='block_1_7' title="bbox 245 461 1038 503">
    <p class='ocr_par' dir='ltr' id='par_1_7' title="bbox 245 461 1038 503">
     <span class='ocr_line' id='line_1_7' title="bbox 245 461 1038 503; baseline -0.011 -7"><span class='ocrx_word' id='word_1_43' title='bbox 245 476 324 503; x_wconf 77' lang='lat' dir='ltr'><strong>quam</strong></span> <span class='ocrx_word' id='word_1_44' title='bbox 341 468 509 502; x_wconf 79' lang='lat' dir='ltr'><strong>indignemur</strong></span> <span class='ocrx_word' id='word_1_45' title='bbox 521 465 562 492; x_wconf 85' lang='lat' dir='ltr'><strong>vel</strong></span> <span class='ocrx_word' id='word_1_46' title='bbox 578 472 649 500; x_wconf 71' lang='lat' dir='ltr'><strong>:rgre</strong></span> <span class='ocrx_word' id='word_1_47' title='bbox 665 464 780 490; x_wconf 85' lang='lat' dir='ltr'><strong>feramus</strong></span> <span class='ocrx_word' id='word_1_48' title='bbox 792 484 800 495; x_wconf 92' lang='lat'><strong>,</strong></span> <span class='ocrx_word' id='word_1_49' title='bbox 823 463 845 490; x_wconf 84' lang='lat' dir='ltr'><strong>si</strong></span> <span class='ocrx_word' id='word_1_50' title='bbox 870 463 919 489; x_wconf 85' lang='lat' dir='ltr'><strong>viri</strong></span> <span class='ocrx_word' id='word_1_51' title='bbox 939 461 1038 488; x_wconf 88' lang='lat' dir='ltr'><strong>virtute</strong></span> 
     </span>
    </p>
   </div>
   <div class='ocr_carea' id='block_1_8' title="bbox 245 506 1038 550">
    <p class='ocr_par' dir='ltr' id='par_1_8' title="bbox 245 506 1038 550">
     <span class='ocr_line' id='line_1_8' title="bbox 245 506 1038 550; baseline -0.013 -7"><span class='ocrx_word' id='word_1_52' title='bbox 245 514 348 550; x_wconf 73' lang='lat' dir='ltr'><strong>prtediti</strong></span> <span class='ocrx_word' id='word_1_53' title='bbox 370 519 396 541; x_wconf 85' lang='lat' dir='ltr'><strong>et</strong></span> <span class='ocrx_word' id='word_1_54' title='bbox 416 513 461 540; x_wconf 82' lang='lat' dir='ltr'><strong>Dei</strong></span> <span class='ocrx_word' id='word_1_55' title='bbox 477 512 572 543; x_wconf 79' lang='lat' dir='ltr'><strong>amici,</strong></span> <span class='ocrx_word' id='word_1_56' title='bbox 587 511 612 537; x_wconf 87' lang='lat' dir='ltr'><strong>in</strong></span> <span class='ocrx_word' id='word_1_57' title='bbox 628 510 750 538; x_wconf 92' lang='lat' dir='ltr'><strong>morbum</strong></span> <span class='ocrx_word' id='word_1_58' title='bbox 772 508 899 536; x_wconf 86' lang='lat' dir='ltr'><strong>incidant.</strong></span> <span class='ocrx_word' id='word_1_59' title='bbox 920 507 947 535; x_wconf 80' lang='lat'><strong>3.</strong></span> <span class='ocrx_word' id='word_1_60' title='bbox 973 506 1038 533; x_wconf 78' lang='lat' dir='ltr'><strong>Ecce</strong></span> 
     </span>
    </p>
   </div>
   <div class='ocr_carea' id='block_1_9' title="bbox 244 553 1035 594">
    <p class='ocr_par' dir='ltr' id='par_1_9' title="bbox 244 553 1035 594">
     <span class='ocr_line' id='line_1_9' title="bbox 244 553 1035 594; baseline -0.01 -6"><span class='ocrx_word' id='word_1_61' title='bbox 244 570 318 594; x_wconf 78' lang='lat' dir='ltr'><strong>quem</strong></span> <span class='ocrx_word' id='word_1_62' title='bbox 339 569 421 593; x_wconf 78' lang='lat' dir='ltr'><strong>amas,</strong></span> <span class='ocrx_word' id='word_1_63' title='bbox 445 560 599 593; x_wconf 83' lang='lat' dir='ltr'><strong>infirmatur.</strong></span> <span class='ocrx_word' id='word_1_64' title='bbox 621 557 648 584; x_wconf 87' lang='lat' dir='ltr'><strong>lu</strong></span> <span class='ocrx_word' id='word_1_65' title='bbox 672 555 932 583; x_wconf 79' lang='lat' dir='ltr'><strong>rommiserationem</strong></span> <span class='ocrx_word' id='word_1_66' title='bbox 955 553 1035 581; x_wconf 89' lang='lat' dir='ltr'><strong>Chri-</strong></span> 
     </span>
    </p>
   </div>
   <div class='ocr_carea' id='block_1_10' title="bbox 246 599 1035 641">
    <p class='ocr_par' dir='ltr' id='par_1_10' title="bbox 246 599 1035 641">
     <span class='ocr_line' id='line_1_10' title="bbox 246 599 1035 641; baseline -0.011 -6"><span class='ocrx_word' id='word_1_67' title='bbox 246 613 317 635; x_wconf 90' lang='lat' dir='ltr'><strong>stum</strong></span> <span class='ocrx_word' id='word_1_68' title='bbox 344 605 499 641; x_wconf 75' lang='lat' dir='ltr'><strong>pertrahere</strong></span> <span class='ocrx_word' id='word_1_69' title='bbox 522 603 660 631; x_wconf 67' lang='lat' dir='ltr'><strong>volebant.</strong></span> <span class='ocrx_word' id='word_1_70' title='bbox 681 601 777 629; x_wconf 78' lang='lat' dir='ltr'><strong>Adhuc</strong></span> <span class='ocrx_word' id='word_1_71' title='bbox 799 601 871 629; x_wconf 89' lang='lat' dir='ltr'><strong>enim</strong></span> <span class='ocrx_word' id='word_1_72' title='bbox 900 599 1035 627; x_wconf 80' lang='lat' dir='ltr'><strong>hominem</strong></span> 
     </span>
    </p>
   </div>
   <div class='ocr_carea' id='block_1_11' title="bbox 244 644 1036 687">
    <p class='ocr_par' dir='ltr' id='par_1_11' title="bbox 244 644 1036 687">
     <span class='ocr_line' id='line_1_11' title="bbox 244 644 1036 687; baseline -0.011 -7"><span class='ocrx_word' id='word_1_73' title='bbox 244 661 306 680; x_wconf 67' lang='lat' dir='ltr'><strong>esse</strong></span> <span class='ocrx_word' id='word_1_74' title='bbox 328 652 465 687; x_wconf 79' lang='lat' dir='ltr'><strong>putabant.</strong></span> <span class='ocrx_word' id='word_1_75' title='bbox 488 649 558 684; x_wconf 86' lang='lat' dir='ltr'><strong>quod</strong></span> <span class='ocrx_word' id='word_1_76' title='bbox 581 657 614 676; x_wconf 79' lang='lat' dir='ltr'><strong>es</strong></span> <span class='ocrx_word' id='word_1_77' title='bbox 635 648 714 675; x_wconf 85' lang='lat' dir='ltr'><strong>dictis</strong></span> <span class='ocrx_word' id='word_1_78' title='bbox 736 654 829 675; x_wconf 91' lang='lat' dir='ltr'><strong>eorum</strong></span> <span class='ocrx_word' id='word_1_79' title='bbox 849 645 979 680; x_wconf 72' lang='lat' dir='ltr'><strong>arguitur,</strong></span> <span class='ocrx_word' id='word_1_80' title='bbox 1005 644 1036 672; x_wconf 79' lang='lat' dir='ltr'><strong>Si</strong></span> 
     </span>
    </p>
   </div>
   <div class='ocr_carea' id='block_1_12' title="bbox 245 691 1034 733">
    <p class='ocr_par' dir='ltr' id='par_1_12' title="bbox 245 691 1034 733">
     <span class='ocr_line' id='line_1_12' title="bbox 245 691 1034 733; baseline -0.01 -9"><span class='ocrx_word' id='word_1_81' title='bbox 245 701 335 733; x_wconf 68' lang='lat' dir='ltr'><strong>parm</strong></span> <span class='ocrx_word' id='word_1_82' title='bbox 354 698 413 729; x_wconf 83' lang='lat' dir='ltr'><strong>hic,</strong></span> <span class='ocrx_word' id='word_1_83' title='bbox 436 705 486 723; x_wconf 87' lang='lat' dir='ltr'><strong>mm</strong></span> <span class='ocrx_word' id='word_1_84' title='bbox 510 695 598 731; x_wconf 82' lang='lat' dir='ltr'><strong>fuisset</strong></span> <span class='ocrx_word' id='word_1_85' title='bbox 623 699 745 720; x_wconf 75' lang='lat' dir='ltr'><strong>mortuus.</strong></span> <span class='ocrx_word' id='word_1_86' title='bbox 774 691 866 727; x_wconf 79' lang='lat' dir='ltr'><strong>Neque</strong></span> <span class='ocrx_word' id='word_1_87' title='bbox 891 691 1034 722; x_wconf 78' lang='lat' dir='ltr'><strong>dixerunt,</strong></span> 
     </span>
    </p>
   </div>
   <div class='ocr_carea' id='block_1_13' title="bbox 245 736 1035 772">
    <p class='ocr_par' dir='ltr' id='par_1_13' title="bbox 245 736 1035 772">
     <span class='ocr_line' id='line_1_13' title="bbox 245 736 1035 772; baseline -0.013 0"><span class='ocrx_word' id='word_1_88' title='bbox 245 746 312 772; x_wconf 72' lang='lat' dir='ltr'><strong>Ecce</strong></span> <span class='ocrx_word' id='word_1_89' title='bbox 327 745 439 771; x_wconf 77' lang='lat' dir='ltr'><strong>Lazarus</strong></span> <span class='ocrx_word' id='word_1_90' title='bbox 455 741 603 769; x_wconf 84' lang='lat' dir='ltr'><strong>inﬁrmatur</strong></span> <span class='ocrx_word' id='word_1_91' title='bbox 612 749 622 771; x_wconf 63' lang='grc' dir='ltr'><strong>ι</strong></span> <span class='ocrx_word' id='word_1_92' title='bbox 647 738 707 771; x_wconf 77' lang='lat' dir='ltr'><strong>sed,</strong></span> <span class='ocrx_word' id='word_1_93' title='bbox 723 738 787 765; x_wconf 81' lang='lat' dir='ltr'><strong>Ecce</strong></span> <span class='ocrx_word' id='word_1_94' title='bbox 805 745 879 771; x_wconf 79' lang='lat' dir='ltr'><strong>quem</strong></span> <span class='ocrx_word' id='word_1_95' title='bbox 893 744 976 768; x_wconf 84' lang='lat' dir='ltr'><strong>amas,</strong></span> <span class='ocrx_word' id='word_1_96' title='bbox 990 736 1035 762; x_wconf 75' lang='lat' dir='ltr'><strong>iu-</strong></span> 
     </span>
    </p>
   </div>
   <div class='ocr_carea' id='block_1_14' title="bbox 245 782 1036 825">
    <p class='ocr_par' dir='ltr' id='par_1_14' title="bbox 245 782 1036 825">
     <span class='ocr_line' id='line_1_14' title="bbox 245 782 1036 825; baseline -0.011 -8"><span class='ocrx_word' id='word_1_97' title='bbox 245 792 373 825; x_wconf 80' lang='lat' dir='ltr'><strong>ﬁrmatur.</strong></span> <span class='ocrx_word' id='word_1_98' title='bbox 388 788 455 822; x_wconf 88' lang='lat' dir='ltr'><strong>Quid</strong></span> <span class='ocrx_word' id='word_1_99' title='bbox 471 794 536 822; x_wconf 77' lang='lat' dir='ltr'><strong>ergo</strong></span> <span class='ocrx_word' id='word_1_100' title='bbox 555 785 700 813; x_wconf 71' lang='lat' dir='ltr'><strong>Christus?</strong></span> <span class='ocrx_word' id='word_1_101' title='bbox 719 785 746 812; x_wconf 81' lang='grc'><strong>4.</strong></span> <span class='ocrx_word' id='word_1_102' title='bbox 762 783 824 811; x_wconf 66' lang='lat' dir='ltr'><strong>Hac</strong></span> <span class='ocrx_word' id='word_1_103' title='bbox 835 782 970 817; x_wconf 81' lang='lat' dir='ltr'><strong>inﬁrmitas</strong></span> <span class='ocrx_word' id='word_1_104' title='bbox 984 789 1036 808; x_wconf 83' lang='lat' dir='ltr'><strong>non</strong></span> 
     </span>
    </p>
   </div>
   <div class='ocr_carea' id='block_1_15' title="bbox 243 829 1036 869">
    <p class='ocr_par' dir='ltr' id='par_1_15' title="bbox 243 829 1036 869">
     <span class='ocr_line' id='line_1_15' title="bbox 243 829 1036 869; baseline -0.011 -4"><span class='ocrx_word' id='word_1_105' title='bbox 243 844 279 865; x_wconf 79' lang='lat' dir='ltr'><strong>est</strong></span> <span class='ocrx_word' id='word_1_106' title='bbox 304 838 338 864; x_wconf 88' lang='lat' dir='ltr'><strong>ad</strong></span> <span class='ocrx_word' id='word_1_107' title='bbox 360 841 476 869; x_wconf 81' lang='lat' dir='ltr'><strong>mortem,</strong></span> <span class='ocrx_word' id='word_1_108' title='bbox 502 835 547 862; x_wconf 74' lang='lat' dir='ltr'><strong>scd</strong></span> <span class='ocrx_word' id='word_1_109' title='bbox 569 842 616 869; x_wconf 86' lang='lat' dir='ltr'><strong>pro</strong></span> <span class='ocrx_word' id='word_1_110' title='bbox 637 833 719 868; x_wconf 80' lang='lat' dir='ltr'><strong>gloria</strong></span> <span class='ocrx_word' id='word_1_111' title='bbox 744 831 805 865; x_wconf 87' lang='lat' dir='ltr'><strong>Dei,</strong></span> <span class='ocrx_word' id='word_1_112' title='bbox 832 836 859 858; x_wconf 86' lang='lat' dir='ltr'><strong>ut</strong></span> <span class='ocrx_word' id='word_1_113' title='bbox 879 829 1036 866; x_wconf 67' lang='lat' dir='ltr'><strong>gloriﬁcatur</strong></span> 
     </span>
    </p>
   </div>
   <div class='ocr_carea' id='block_1_16' title="bbox 246 876 1033 918">
    <p class='ocr_par' dir='ltr' id='par_1_16' title="bbox 246 876 1033 918">
     <span class='ocr_line' id='line_1_16' title="bbox 246 876 1033 918; baseline -0.011 -6"><span class='ocrx_word' id='word_1_114' title='bbox 246 885 328 912; x_wconf 79' lang='lat' dir='ltr'><strong>Filius</strong></span> <span class='ocrx_word' id='word_1_115' title='bbox 343 884 388 911; x_wconf 75' lang='grc' dir='ltr'><strong>ονε</strong></span> <span class='ocrx_word' id='word_1_116' title='bbox 407 891 452 918; x_wconf 80' lang='lat' dir='ltr'><strong>per</strong></span> <span class='ocrx_word' id='word_1_117' title='bbox 464 891 530 909; x_wconf 71' lang='lat' dir='ltr'><strong>eam.</strong></span> <span class='ocrx_word' id='word_1_118' title='bbox 547 881 614 908; x_wconf 83' lang='lat' dir='ltr'><strong>Vide</strong></span> <span class='ocrx_word' id='word_1_119' title='bbox 631 879 768 915; x_wconf 87' lang='lat' dir='ltr'><strong>quomodo</strong></span> <span class='ocrx_word' id='word_1_120' title='bbox 787 885 892 905; x_wconf 79' lang='lat' dir='ltr'><strong>rursum</strong></span> <span class='ocrx_word' id='word_1_121' title='bbox 911 876 1033 904; x_wconf 79' lang='lat' dir='ltr'><strong>eamdem</strong></span> 
     </span>
    </p>
   </div>
   <div class='ocr_carea' id='block_1_17' title="bbox 241 922 1034 965">
    <p class='ocr_par' dir='ltr' id='par_1_17' title="bbox 241 922 1034 965">
     <span class='ocr_line' id='line_1_17' title="bbox 241 922 1034 965; baseline -0.013 -7"><span class='ocrx_word' id='word_1_122' title='bbox 241 932 313 958; x_wconf 70' lang='lat' dir='ltr'><strong>diem</strong></span> <span class='ocrx_word' id='word_1_123' title='bbox 335 929 446 965; x_wconf 83' lang='lat' dir='ltr'><strong>gloriam</strong></span> <span class='ocrx_word' id='word_1_124' title='bbox 471 935 547 954; x_wconf 85' lang='lat' dir='ltr'><strong>suam</strong></span> <span class='ocrx_word' id='word_1_125' title='bbox 562 930 590 953; x_wconf 87' lang='lat' dir='ltr'><strong>et</strong></span> <span class='ocrx_word' id='word_1_126' title='bbox 608 925 704 953; x_wconf 81' lang='lat' dir='ltr'><strong>Patris.</strong></span> <span class='ocrx_word' id='word_1_127' title='bbox 735 924 801 951; x_wconf 88' lang='lat' dir='ltr'><strong>Cum</strong></span> <span class='ocrx_word' id='word_1_128' title='bbox 825 924 898 950; x_wconf 87' lang='lat' dir='ltr'><strong>enim</strong></span> <span class='ocrx_word' id='word_1_129' title='bbox 911 922 1034 954; x_wconf 79' lang='lat' dir='ltr'><strong>dixisset,</strong></span> 
     </span>
    </p>
   </div>
   <div class='ocr_carea' id='block_1_18' title="bbox 245 968 1033 1012">
    <p class='ocr_par' dir='ltr' id='par_1_18' title="bbox 245 968 1033 1012">
     <span class='ocr_line' id='line_1_18' title="bbox 245 968 1033 1012; baseline -0.011 -9"><span class='ocrx_word' id='word_1_130' title='bbox 245 978 299 1008; x_wconf 74' lang='grc' dir='ltr'><strong>ημὶ,</strong></span> <span class='ocrx_word' id='word_1_131' title='bbox 326 975 451 1008; x_wconf 79' lang='lat' dir='ltr'><strong>subdidit,</strong></span> <span class='ocrx_word' id='word_1_132' title='bbox 476 973 510 1012; x_wconf 81' lang='lat' dir='ltr'><strong>Ut</strong></span> <span class='ocrx_word' id='word_1_133' title='bbox 525 973 680 1009; x_wconf 70' lang='lat' dir='ltr'><strong>gloriﬁcatur</strong></span> <span class='ocrx_word' id='word_1_134' title='bbox 703 970 787 999; x_wconf 79' lang='lat' dir='ltr'><strong>Filius</strong></span> <span class='ocrx_word' id='word_1_135' title='bbox 802 969 859 996; x_wconf 82' lang='lat' dir='ltr'><strong>Dei.</strong></span> <span class='ocrx_word' id='word_1_136' title='bbox 885 968 1033 1002; x_wconf 69' lang='lat' dir='ltr'><strong>Haecin/Er-</strong></span> 
     </span>
    </p>
   </div>
   <div class='ocr_carea' id='block_1_19' title="bbox 241 1013 1035 1049">
    <p class='ocr_par' dir='ltr' id='par_1_19' title="bbox 241 1013 1035 1049">
     <span class='ocr_line' id='line_1_19' title="bbox 241 1013 1035 1049; baseline -0.011 0"><span class='ocrx_word' id='word_1_137' title='bbox 241 1023 316 1049; x_wconf 86' lang='lat' dir='ltr'><strong>milas</strong></span> <span class='ocrx_word' id='word_1_138' title='bbox 345 1029 394 1047; x_wconf 77' lang='lat' dir='ltr'><strong>non</strong></span> <span class='ocrx_word' id='word_1_139' title='bbox 417 1024 453 1046; x_wconf 85' lang='lat' dir='ltr'><strong>est</strong></span> <span class='ocrx_word' id='word_1_140' title='bbox 487 1019 521 1046; x_wconf 79' lang='lat' dir='ltr'><strong>ad</strong></span> <span class='ocrx_word' id='word_1_141' title='bbox 548 1022 663 1044; x_wconf 86' lang='lat' dir='ltr'><strong>mortem.</strong></span> <span class='ocrx_word' id='word_1_142' title='bbox 691 1015 756 1044; x_wconf 88' lang='lat' dir='ltr'><strong>Cum</strong></span> <span class='ocrx_word' id='word_1_143' title='bbox 783 1015 854 1042; x_wconf 83' lang='lat' dir='ltr'><strong>enim</strong></span> <span class='ocrx_word' id='word_1_144' title='bbox 876 1013 931 1042; x_wconf 89' lang='lat' dir='ltr'><strong>illic</strong></span> <span class='ocrx_word' id='word_1_145' title='bbox 956 1013 1035 1041; x_wconf 86' lang='lat' dir='ltr'><strong>biduo</strong></span> 
     </span>
    </p>
   </div>
   <div class='ocr_carea' id='block_1_20' title="bbox 242 1059 1034 1098">
    <p class='ocr_par' dir='ltr' id='par_1_20' title="bbox 242 1059 1034 1098">
     <span class='ocr_line' id='line_1_20' title="bbox 242 1059 1034 1098; baseline -0.013 -3"><span class='ocrx_word' id='word_1_146' title='bbox 242 1074 382 1096; x_wconf 82' lang='lat' dir='ltr'><strong>mansurus</strong></span> <span class='ocrx_word' id='word_1_147' title='bbox 396 1070 478 1098; x_wconf 85' lang='lat' dir='ltr'><strong>esset,</strong></span> <span class='ocrx_word' id='word_1_148' title='bbox 495 1063 608 1091; x_wconf 84' lang='lat' dir='ltr'><strong>remittit</strong></span> <span class='ocrx_word' id='word_1_149' title='bbox 630 1063 690 1090; x_wconf 87' lang='lat' dir='ltr'><strong>illos</strong></span> <span class='ocrx_word' id='word_1_150' title='bbox 713 1065 742 1089; x_wconf 88' lang='lat' dir='ltr'><strong>ut</strong></span> <span class='ocrx_word' id='word_1_151' title='bbox 757 1061 815 1088; x_wconf 73' lang='lat' dir='ltr'><strong>hanc</strong></span> <span class='ocrx_word' id='word_1_152' title='bbox 830 1060 963 1088; x_wconf 88' lang='lat' dir='ltr'><strong>nuntient.</strong></span> <span class='ocrx_word' id='word_1_153' title='bbox 976 1059 1034 1092; x_wconf 86' lang='lat' dir='ltr'><strong>Qua</strong></span> 
     </span>
    </p>
   </div>
   <div class='ocr_carea' id='block_1_21' title="bbox 241 1105 1035 1144">
    <p class='ocr_par' dir='ltr' id='par_1_21' title="bbox 241 1105 1035 1144">
     <span class='ocr_line' id='line_1_21' title="bbox 241 1105 1035 1144; baseline -0.013 -3"><span class='ocrx_word' id='word_1_154' title='bbox 241 1115 268 1141; x_wconf 91' lang='lat' dir='ltr'><strong>in</strong></span> <span class='ocrx_word' id='word_1_155' title='bbox 291 1120 320 1140; x_wconf 90' lang='lat' dir='ltr'><strong>re</strong></span> <span class='ocrx_word' id='word_1_156' title='bbox 344 1111 495 1139; x_wconf 86' lang='lat' dir='ltr'><strong>mirandum</strong></span> <span class='ocrx_word' id='word_1_157' title='bbox 516 1113 573 1142; x_wconf 86' lang='lat' dir='ltr'><strong>est,</strong></span> <span class='ocrx_word' id='word_1_158' title='bbox 589 1108 660 1144; x_wconf 83' lang='lat' dir='ltr'><strong>quod</strong></span> <span class='ocrx_word' id='word_1_159' title='bbox 679 1114 788 1135; x_wconf 79' lang='lat' dir='ltr'><strong>sorores</strong></span> <span class='ocrx_word' id='word_1_160' title='bbox 811 1114 872 1133; x_wconf 89' lang='lat' dir='ltr'><strong>cum</strong></span> <span class='ocrx_word' id='word_1_161' title='bbox 899 1105 1035 1132; x_wconf 76' lang='lat' dir='ltr'><strong>audissent</strong></span> 
     </span>
    </p>
   </div>
   <div class='ocr_carea' id='block_1_22' title="bbox 241 1150 1035 1188">
    <p class='ocr_par' dir='ltr' id='par_1_22' title="bbox 241 1150 1035 1188">
     <span class='ocr_line' id='line_1_22' title="bbox 241 1150 1035 1188; baseline -0.011 -2"><span class='ocrx_word' id='word_1_162' title='bbox 241 1166 294 1186; x_wconf 92' lang='lat' dir='ltr'><strong>non</strong></span> <span class='ocrx_word' id='word_1_163' title='bbox 317 1165 378 1185; x_wconf 83' lang='lat' dir='ltr'><strong>esse</strong></span> <span class='ocrx_word' id='word_1_164' title='bbox 402 1156 436 1184; x_wconf 81' lang='lat' dir='ltr'><strong>ad</strong></span> <span class='ocrx_word' id='word_1_165' title='bbox 459 1159 584 1185; x_wconf 88' lang='lat' dir='ltr'><strong>mortem,</strong></span> <span class='ocrx_word' id='word_1_166' title='bbox 598 1158 626 1182; x_wconf 86' lang='lat' dir='ltr'><strong>et</strong></span> <span class='ocrx_word' id='word_1_167' title='bbox 640 1157 733 1188; x_wconf 77' lang='lat' dir='ltr'><strong>postea</strong></span> <span class='ocrx_word' id='word_1_168' title='bbox 748 1152 816 1180; x_wconf 89' lang='lat' dir='ltr'><strong>mori</strong></span> <span class='ocrx_word' id='word_1_169' title='bbox 830 1151 969 1183; x_wconf 83' lang='lat' dir='ltr'><strong>vidissent,</strong></span> <span class='ocrx_word' id='word_1_170' title='bbox 994 1150 1035 1178; x_wconf 87' lang='lat' dir='ltr'><strong>of-</strong></span> 
     </span>
    </p>
   </div>
   <div class='ocr_carea' id='block_1_23' title="bbox 240 1199 1032 1232">
    <p class='ocr_par' dir='ltr' id='par_1_23' title="bbox 240 1199 1032 1232">
     <span class='ocr_line' id='line_1_23' title="bbox 240 1199 1032 1232; baseline -0.01 0"><span class='ocrx_word' id='word_1_171' title='bbox 240 1205 323 1232; x_wconf 68' lang='lat' dir='ltr'><strong>fensas</strong></span> <span class='ocrx_word' id='word_1_172' title='bbox 342 1211 394 1231; x_wconf 90' lang='lat' dir='ltr'><strong>non</strong></span> <span class='ocrx_word' id='word_1_173' title='bbox 415 1202 523 1232; x_wconf 83' lang='lat' dir='ltr'><strong>fuerint.</strong></span> <span class='ocrx_word' id='word_1_174' title='bbox 547 1209 606 1229; x_wconf 90' lang='lat' dir='ltr'><strong>rem</strong></span> <span class='ocrx_word' id='word_1_175' title='bbox 620 1204 713 1228; x_wconf 85' lang='lat' dir='ltr'><strong>contra</strong></span> <span class='ocrx_word' id='word_1_176' title='bbox 734 1199 850 1227; x_wconf 85' lang='lat' dir='ltr'><strong>cessisse</strong></span> <span class='ocrx_word' id='word_1_177' title='bbox 870 1203 1032 1230; x_wconf 84' lang='lat' dir='ltr'><strong>cernentes;</strong></span> 
     </span>
    </p>
   </div>
   <div class='ocr_carea' id='block_1_24' title="bbox 240 1245 1032 1282">
    <p class='ocr_par' dir='ltr' id='par_1_24' title="bbox 240 1245 1032 1282">
     <span class='ocr_line' id='line_1_24' title="bbox 240 1245 1032 1282; baseline -0.01 -3"><span class='ocrx_word' id='word_1_178' title='bbox 240 1259 332 1279; x_wconf 89' lang='lat' dir='ltr'><strong>verum</strong></span> <span class='ocrx_word' id='word_1_179' title='bbox 353 1253 544 1281; x_wconf 73' lang='lat' dir='ltr'><strong>accesserunt,</strong></span> <span class='ocrx_word' id='word_1_180' title='bbox 570 1255 620 1276; x_wconf 84' lang='lat' dir='ltr'><strong>nec</strong></span> <span class='ocrx_word' id='word_1_181' title='bbox 643 1251 771 1282; x_wconf 68' lang='lat' dir='ltr'><strong>pututmt</strong></span> <span class='ocrx_word' id='word_1_182' title='bbox 793 1246 934 1273; x_wconf 82' lang='lat' dir='ltr'><strong>mentitum</strong></span> <span class='ocrx_word' id='word_1_183' title='bbox 958 1245 1032 1272; x_wconf 89' lang='lat' dir='ltr'><strong>illurn</strong></span> 
     </span>
    </p>
   </div>
   <div class='ocr_carea' id='block_1_25' title="bbox 240 1291 1031 1328">
    <p class='ocr_par' dir='ltr' id='par_1_25' title="bbox 240 1291 1031 1328">
     <span class='ocr_line' id='line_1_25' title="bbox 240 1291 1031 1328; baseline -0.009 -3"><span class='ocrx_word' id='word_1_184' title='bbox 240 1305 310 1325; x_wconf 81' lang='lat' dir='ltr'><strong>esse.</strong></span> <span class='ocrx_word' id='word_1_185' title='bbox 332 1296 376 1323; x_wconf 81' lang='lat' dir='ltr'><strong>Illa</strong></span> <span class='ocrx_word' id='word_1_186' title='bbox 397 1301 485 1322; x_wconf 72' lang='lat' dir='ltr'><strong>autem</strong></span> <span class='ocrx_word' id='word_1_187' title='bbox 506 1294 645 1328; x_wconf 83' lang='lat' dir='ltr'><strong>particula,</strong></span> <span class='ocrx_word' id='word_1_188' title='bbox 663 1293 707 1325; x_wconf 88' lang='lat' dir='ltr'><strong>Ut,</strong></span> <span class='ocrx_word' id='word_1_189' title='bbox 723 1300 775 1319; x_wconf 89' lang='lat' dir='ltr'><strong>non</strong></span> <span class='ocrx_word' id='word_1_190' title='bbox 786 1291 902 1319; x_wconf 78' lang='lat' dir='ltr'><strong>causalis</strong></span> <span class='ocrx_word' id='word_1_191' title='bbox 915 1296 968 1324; x_wconf 80' lang='lat' dir='ltr'><strong>est,</strong></span> <span class='ocrx_word' id='word_1_192' title='bbox 984 1291 1031 1319; x_wconf 85' lang='lat' dir='ltr'><strong>sed</strong></span> 
     </span>
    </p>
   </div>
   <div class='ocr_carea' id='block_1_26' title="bbox 240 1337 1031 1375">
    <p class='ocr_par' dir='ltr' id='par_1_26' title="bbox 240 1337 1031 1375">
     <span class='ocr_line' id='line_1_26' title="bbox 240 1337 1031 1375; baseline -0.008 -6"><span class='ocrx_word' id='word_1_193' title='bbox 240 1347 364 1370; x_wconf 76' lang='lat' dir='ltr'><strong>eventrnu</strong></span> <span class='ocrx_word' id='word_1_194' title='bbox 379 1340 521 1375; x_wconf 75' lang='lat' dir='ltr'><strong>signiﬁcat.</strong></span> <span class='ocrx_word' id='word_1_195' title='bbox 545 1339 603 1366; x_wconf 80' lang='lat' dir='ltr'><strong>Alia</strong></span> <span class='ocrx_word' id='word_1_196' title='bbox 621 1346 736 1373; x_wconf 76' lang='lat' dir='ltr'><strong>namque</strong></span> <span class='ocrx_word' id='word_1_197' title='bbox 752 1338 803 1365; x_wconf 86' lang='lat' dir='ltr'><strong>fuit</strong></span> <span class='ocrx_word' id='word_1_198' title='bbox 822 1337 907 1365; x_wconf 86' lang='lat' dir='ltr'><strong>morbi</strong></span> <span class='ocrx_word' id='word_1_199' title='bbox 929 1344 1009 1364; x_wconf 84' lang='lat' dir='ltr'><strong>causa</strong></span> <span class='ocrx_word' id='word_1_200' title='bbox 1024 1346 1031 1369; x_wconf 84' lang='lat'><strong>;</strong></span> 
     </span>
    </p>
   </div>
   <div class='ocr_carea' id='block_1_27' title="bbox 241 1383 1033 1419">
    <p class='ocr_par' dir='ltr' id='par_1_27' title="bbox 241 1383 1033 1419">
     <span class='ocr_line' id='line_1_27' title="bbox 241 1383 1033 1419; baseline -0.006 -5"><span class='ocrx_word' id='word_1_201' title='bbox 241 1388 287 1415; x_wconf 91' lang='lat' dir='ltr'><strong>illo</strong></span> <span class='ocrx_word' id='word_1_202' title='bbox 307 1391 395 1414; x_wconf 82' lang='lat' dir='ltr'><strong>autem</strong></span> <span class='ocrx_word' id='word_1_203' title='bbox 417 1385 450 1413; x_wconf 87' lang='lat' dir='ltr'><strong>ad</strong></span> <span class='ocrx_word' id='word_1_204' title='bbox 477 1386 522 1412; x_wconf 91' lang='lat' dir='ltr'><strong>Dei</strong></span> <span class='ocrx_word' id='word_1_205' title='bbox 543 1385 655 1419; x_wconf 63' lang='lat' dir='ltr'><strong>gloriam</strong></span> <span class='ocrx_word' id='word_1_206' title='bbox 671 1391 736 1411; x_wconf 87' lang='lat' dir='ltr'><strong>usus</strong></span> <span class='ocrx_word' id='word_1_207' title='bbox 750 1389 800 1411; x_wconf 85' lang='lat' dir='ltr'><strong>est.</strong></span> <span class='ocrx_word' id='word_1_208' title='bbox 818 1384 844 1411; x_wconf 80' lang='lat'><strong>6.</strong></span> <span class='ocrx_word' id='word_1_209' title='bbox 862 1383 895 1411; x_wconf 80' lang='lat' dir='ltr'><strong>Et</strong></span> <span class='ocrx_word' id='word_1_210' title='bbox 907 1391 966 1410; x_wconf 81' lang='lat' dir='ltr'><strong>cum</strong></span> <span class='ocrx_word' id='word_1_211' title='bbox 978 1383 1033 1410; x_wconf 73' lang='lat' dir='ltr'><strong>lure</strong></span> 
     </span>
    </p>
   </div>
   <div class='ocr_carea' id='block_1_28' title="bbox 240 1429 1033 1466">
    <p class='ocr_par' dir='ltr' id='par_1_28' title="bbox 240 1429 1033 1466">
     <span class='ocr_line' id='line_1_28' title="bbox 240 1429 1033 1466; baseline -0.006 -6"><span class='ocrx_word' id='word_1_212' title='bbox 240 1434 353 1466; x_wconf 64' lang='lat' dir='ltr'><strong>dixisset,</strong></span> <span class='ocrx_word' id='word_1_213' title='bbox 373 1432 465 1459; x_wconf 84' lang='lat' dir='ltr'><strong>utansit</strong></span> <span class='ocrx_word' id='word_1_214' title='bbox 484 1431 510 1458; x_wconf 85' lang='lat' dir='ltr'><strong>in</strong></span> <span class='ocrx_word' id='word_1_215' title='bbox 532 1439 560 1458; x_wconf 87' lang='lat' dir='ltr'><strong>co</strong></span> <span class='ocrx_word' id='word_1_216' title='bbox 580 1431 635 1457; x_wconf 83' lang='lat' dir='ltr'><strong>loco</strong></span> <span class='ocrx_word' id='word_1_217' title='bbox 658 1430 722 1457; x_wconf 84' lang='lat' dir='ltr'><strong>duos</strong></span> <span class='ocrx_word' id='word_1_218' title='bbox 745 1430 808 1457; x_wconf 82' lang='lat' dir='ltr'><strong>dies.</strong></span> <span class='ocrx_word' id='word_1_219' title='bbox 832 1430 886 1457; x_wconf 89' lang='lat' dir='ltr'><strong>Cur</strong></span> <span class='ocrx_word' id='word_1_220' title='bbox 911 1429 1033 1456; x_wconf 83' lang='lat' dir='ltr'><strong>mansit?</strong></span> 
     </span>
    </p>
   </div>
   <div class='ocr_carea' id='block_1_29' title="bbox 241 1475 1033 1514">
    <p class='ocr_par' dir='ltr' id='par_1_29' title="bbox 241 1475 1033 1514">
     <span class='ocr_line' id='line_1_29' title="bbox 241 1475 1033 1514; baseline -0.006 -7"><span class='ocrx_word' id='word_1_221' title='bbox 241 1479 276 1508; x_wconf 90' lang='lat' dir='ltr'><strong>Ut</strong></span> <span class='ocrx_word' id='word_1_222' title='bbox 297 1480 431 1514; x_wconf 71' lang='lat' dir='ltr'><strong>expirare!</strong></span> <span class='ocrx_word' id='word_1_223' title='bbox 453 1479 497 1506; x_wconf 85' lang='lat' dir='ltr'><strong>ille</strong></span> <span class='ocrx_word' id='word_1_224' title='bbox 517 1482 544 1505; x_wconf 89' lang='lat' dir='ltr'><strong>et</strong></span> <span class='ocrx_word' id='word_1_225' title='bbox 568 1477 752 1512; x_wconf 73' lang='lat' dir='ltr'><strong>sepeliretur:</strong></span> <span class='ocrx_word' id='word_1_226' title='bbox 777 1483 811 1503; x_wconf 87' lang='lat' dir='ltr'><strong>ne</strong></span> <span class='ocrx_word' id='word_1_227' title='bbox 834 1477 895 1511; x_wconf 85' lang='lat' dir='ltr'><strong>quis</strong></span> <span class='ocrx_word' id='word_1_228' title='bbox 919 1475 1033 1507; x_wconf 68' lang='lat' dir='ltr'><strong>diceret,</strong></span> 
     </span>
    </p>
   </div>
   <div class='ocr_carea' id='block_1_30' title="bbox 241 1522 1032 1557">
    <p class='ocr_par' dir='ltr' id='par_1_30' title="bbox 241 1522 1032 1557">
     <span class='ocr_line' id='line_1_30' title="bbox 241 1522 1032 1557; baseline -0.006 -4"><span class='ocrx_word' id='word_1_229' title='bbox 241 1525 363 1553; x_wconf 72' lang='lat' dir='ltr'><strong>Nondum</strong></span> <span class='ocrx_word' id='word_1_230' title='bbox 375 1524 530 1552; x_wconf 85' lang='lat' dir='ltr'><strong>defunctum</strong></span> <span class='ocrx_word' id='word_1_231' title='bbox 545 1523 692 1555; x_wconf 74' lang='lat' dir='ltr'><strong>suscitavit,</strong></span> <span class='ocrx_word' id='word_1_232' title='bbox 717 1522 819 1557; x_wconf 80' lang='lat' dir='ltr'><strong>sopitus</strong></span> <span class='ocrx_word' id='word_1_233' title='bbox 834 1525 935 1548; x_wconf 87' lang='lat' dir='ltr'><strong>tantum</strong></span> <span class='ocrx_word' id='word_1_234' title='bbox 958 1525 1032 1553; x_wconf 84' lang='lat' dir='ltr'><strong>erat;</strong></span> 
     </span>
    </p>
   </div>
   <div class='ocr_carea' id='block_1_31' title="bbox 241 1567 1035 1603">
    <p class='ocr_par' dir='ltr' id='par_1_31' title="bbox 241 1567 1035 1603">
     <span class='ocr_line' id='line_1_31' title="bbox 241 1567 1035 1603; baseline -0.003 -7"><span class='ocrx_word' id='word_1_235' title='bbox 241 1571 298 1603; x_wconf 78' lang='lat' dir='ltr'><strong>vel,</strong></span> <span class='ocrx_word' id='word_1_236' title='bbox 323 1570 431 1598; x_wconf 84' lang='lat' dir='ltr'><strong>Solutus</strong></span> <span class='ocrx_word' id='word_1_237' title='bbox 453 1569 599 1601; x_wconf 83' lang='lat' dir='ltr'><strong>defecerat,</strong></span> <span class='ocrx_word' id='word_1_238' title='bbox 627 1576 680 1596; x_wconf 89' lang='lat' dir='ltr'><strong>non</strong></span> <span class='ocrx_word' id='word_1_239' title='bbox 696 1575 769 1595; x_wconf 81' lang='lat' dir='ltr'><strong>mors</strong></span> <span class='ocrx_word' id='word_1_240' title='bbox 791 1571 858 1595; x_wconf 85' lang='lat' dir='ltr'><strong>erat.</strong></span> <span class='ocrx_word' id='word_1_241' title='bbox 880 1567 942 1594; x_wconf 75' lang='lat' dir='ltr'><strong>Ideo</strong></span> <span class='ocrx_word' id='word_1_242' title='bbox 961 1571 1035 1594; x_wconf 84' lang='lat' dir='ltr'><strong>tanto</strong></span> 
     </span>
    </p>
   </div>
   <div class='ocr_carea' id='block_1_32' title="bbox 241 1605 1033 1652">
    <p class='ocr_par' dir='ltr' id='par_1_32' title="bbox 241 1605 1033 1652">
     <span class='ocr_line' id='line_1_32' title="bbox 241 1605 1033 1652; baseline -0.006 -8"><span class='ocrx_word' id='word_1_243' title='bbox 241 1622 361 1652; x_wconf 81' lang='lat' dir='ltr'><strong>tempore</strong></span> <span class='ocrx_word' id='word_1_244' title='bbox 374 1620 473 1648; x_wconf 91' lang='lat' dir='ltr'><strong>manet,</strong></span> <span class='ocrx_word' id='word_1_245' title='bbox 485 1621 514 1643; x_wconf 91' lang='lat' dir='ltr'><strong>ut</strong></span> <span class='ocrx_word' id='word_1_246' title='bbox 527 1615 573 1642; x_wconf 91' lang='lat' dir='ltr'><strong>illo</strong></span> <span class='ocrx_word' id='word_1_247' title='bbox 585 1605 640 1649; x_wconf 77' lang='lat' dir='ltr'><strong>jam</strong></span> <span class='ocrx_word' id='word_1_248' title='bbox 655 1617 793 1649; x_wconf 84' lang='lat' dir='ltr'><strong>corrupto,</strong></span> <span class='ocrx_word' id='word_1_249' title='bbox 809 1613 900 1640; x_wconf 85' lang='lat' dir='ltr'><strong>dicere</strong></span> <span class='ocrx_word' id='word_1_250' title='bbox 914 1617 1033 1647; x_wconf 88' lang='lat' dir='ltr'><strong>possent,</strong></span> 
     </span>
    </p>
   </div>
   <div class='ocr_carea' id='block_1_33' title="bbox 241 1658 1033 1699">
    <p class='ocr_par' dir='ltr' id='par_1_33' title="bbox 241 1658 1033 1699">
     <span class='ocr_line' id='line_1_33' title="bbox 241 1658 1033 1699; baseline -0.008 -9"><span class='ocrx_word' id='word_1_251' title='bbox 241 1663 301 1690; x_wconf 79' lang='lat' dir='ltr'><strong>Jam</strong></span> <span class='ocrx_word' id='word_1_252' title='bbox 312 1665 379 1699; x_wconf 70' lang='lat' dir='ltr'><strong>fate:</strong></span> <span class='ocrx_word' id='word_1_253' title='bbox 398 1661 486 1697; x_wconf 83' lang='lat' dir='ltr'><strong>(Joan</strong></span> <span class='ocrx_word' id='word_1_254' title='bbox 514 1662 556 1689; x_wconf 82' lang='grc' dir='ltr'>Η.</span> <span class='ocrx_word' id='word_1_255' title='bbox 571 1661 637 1694; x_wconf 75' lang='lat'><strong>39).</strong></span> <span class='ocrx_word' id='word_1_256' title='bbox 653 1661 680 1687; x_wconf 86' lang='lat' dir='ltr'><strong>&#39;l.</strong></span> <span class='ocrx_word' id='word_1_257' title='bbox 696 1659 793 1687; x_wconf 78' lang='lat' dir='ltr'><strong>Deinde</strong></span> <span class='ocrx_word' id='word_1_258' title='bbox 805 1659 867 1686; x_wconf 80' lang='lat' dir='ltr'><strong>dicit</strong></span> <span class='ocrx_word' id='word_1_259' title='bbox 879 1658 1011 1693; x_wconf 75' lang='lat' dir='ltr'><strong>discipulis</strong></span> <span class='ocrx_word' id='word_1_260' title='bbox 1025 1666 1033 1685; x_wconf 88' lang='lat'><strong>:</strong></span> 
     </span>
    </p>
   </div>
   <div class='ocr_carea' id='block_1_34' title="bbox 245 1704 1033 1740">
    <p class='ocr_par' dir='ltr' id='par_1_34' title="bbox 245 1704 1033 1740">
     <span class='ocr_line' id='line_1_34' title="bbox 245 1704 1033 1740; baseline -0.005 -4"><span class='ocrx_word' id='word_1_261' title='bbox 245 1710 338 1736; x_wconf 77' lang='lat' dir='ltr'><strong>lt‘amus</strong></span> <span class='ocrx_word' id='word_1_262' title='bbox 352 1709 377 1735; x_wconf 88' lang='lat' dir='ltr'><strong>iu</strong></span> <span class='ocrx_word' id='word_1_263' title='bbox 388 1706 583 1735; x_wconf 64' lang='lat' dir='ltr'><strong>Judrram.&#39;Cur</strong></span> <span class='ocrx_word' id='word_1_264' title='bbox 603 1714 663 1734; x_wconf 79' lang='lat' dir='ltr'><strong>cum</strong></span> <span class='ocrx_word' id='word_1_265' title='bbox 678 1713 807 1740; x_wconf 85' lang='lat' dir='ltr'><strong>nusquam</strong></span> <span class='ocrx_word' id='word_1_266' title='bbox 822 1705 857 1732; x_wconf 83' lang='lat' dir='ltr'><strong>ita</strong></span> <span class='ocrx_word' id='word_1_267' title='bbox 870 1704 1033 1739; x_wconf 70' lang='lat' dir='ltr'><strong>prtediserit,</strong></span> 
     </span>
    </p>
   </div>
   <div class='ocr_carea' id='block_1_35' title="bbox 242 1750 1034 1790">
    <p class='ocr_par' dir='ltr' id='par_1_35' title="bbox 242 1750 1034 1790">
     <span class='ocr_line' id='line_1_35' title="bbox 242 1750 1034 1790; baseline -0.01 -7"><span class='ocrx_word' id='word_1_268' title='bbox 242 1756 285 1783; x_wconf 74' lang='lat' dir='ltr'><strong>hic</strong></span> <span class='ocrx_word' id='word_1_269' title='bbox 297 1754 431 1790; x_wconf 66' lang='grc' dir='ltr'><strong>ιιι-πιειίῑείιῖ</strong></span> <span class='ocrx_word' id='word_1_270' title='bbox 443 1754 524 1780; x_wconf 83' lang='lat' dir='ltr'><strong>Valde</strong></span> <span class='ocrx_word' id='word_1_271' title='bbox 535 1752 663 1780; x_wconf 81' lang='lat' dir='ltr'><strong>timebant</strong></span> <span class='ocrx_word' id='word_1_272' title='bbox 674 1762 677 1765; x_wconf 93' lang='grc'>·</span> <span class='ocrx_word' id='word_1_273' title='bbox 688 1755 715 1779; x_wconf 86' lang='lat' dir='ltr'><strong>et</strong></span> <span class='ocrx_word' id='word_1_274' title='bbox 724 1751 786 1786; x_wconf 77' lang='lat' dir='ltr'><strong>quia</strong></span> <span class='ocrx_word' id='word_1_275' title='bbox 799 1751 838 1777; x_wconf 81' lang='lat' dir='ltr'><strong>sie</strong></span> <span class='ocrx_word' id='word_1_276' title='bbox 851 1750 1034 1782; x_wconf 77' lang='lat' dir='ltr'><strong>aifeetierant,</strong></span> 
     </span>
    </p>
   </div>
   <div class='ocr_carea' id='block_1_36' title="bbox 243 1794 1035 1837">
    <p class='ocr_par' dir='ltr' id='par_1_36' title="bbox 243 1794 1035 1837">
     <span class='ocr_line' id='line_1_36' title="bbox 243 1794 1035 1837; baseline -0.008 -10"><span class='ocrx_word' id='word_1_277' title='bbox 243 1801 372 1837; x_wconf 76' lang='lat' dir='ltr'><strong>przcdicit,</strong></span> <span class='ocrx_word' id='word_1_278' title='bbox 398 1807 430 1827; x_wconf 86' lang='lat' dir='ltr'><strong>ne</strong></span> <span class='ocrx_word' id='word_1_279' title='bbox 443 1800 535 1826; x_wconf 82' lang='lat' dir='ltr'><strong>statim</strong></span> <span class='ocrx_word' id='word_1_280' title='bbox 553 1798 702 1825; x_wconf 83' lang='lat' dir='ltr'><strong>turbentur.</strong></span> <span class='ocrx_word' id='word_1_281' title='bbox 727 1796 796 1830; x_wconf 85' lang='lat' dir='ltr'><strong>Quid</strong></span> <span class='ocrx_word' id='word_1_282' title='bbox 814 1803 877 1822; x_wconf 90' lang='lat' dir='ltr'><strong>vcro</strong></span> <span class='ocrx_word' id='word_1_283' title='bbox 892 1794 1035 1829; x_wconf 77' lang='lat' dir='ltr'><strong>discipuli?</strong></span> 
     </span>
    </p>
   </div>
   <div class='ocr_carea' id='block_1_37' title="bbox 240 1842 1035 1881">
    <p class='ocr_par' dir='ltr' id='par_1_37' title="bbox 240 1842 1035 1881">
     <span class='ocr_line' id='line_1_37' title="bbox 240 1842 1035 1881; baseline -0.011 -6"><span class='ocrx_word' id='word_1_284' title='bbox 240 1849 269 1875; x_wconf 75' lang='lat'><strong>8.</strong></span> <span class='ocrx_word' id='word_1_285' title='bbox 293 1846 369 1873; x_wconf 84' lang='lat' dir='ltr'><strong>Num:</strong></span> <span class='ocrx_word' id='word_1_286' title='bbox 389 1845 534 1881; x_wconf 80' lang='lat' dir='ltr'><strong>qucerebant</strong></span> <span class='ocrx_word' id='word_1_287' title='bbox 555 1848 579 1871; x_wconf 85' lang='lat' dir='ltr'><strong>te</strong></span> <span class='ocrx_word' id='word_1_288' title='bbox 597 1843 684 1870; x_wconf 79' lang='lat' dir='ltr'><strong>Judrci</strong></span> <span class='ocrx_word' id='word_1_289' title='bbox 708 1842 835 1877; x_wconf 79' lang='lat' dir='ltr'><strong>lapidare,</strong></span> <span class='ocrx_word' id='word_1_290' title='bbox 860 1846 883 1868; x_wconf 79' lang='lat' dir='ltr'><strong>rt</strong></span> <span class='ocrx_word' id='word_1_291' title='bbox 904 1849 992 1868; x_wconf 81' lang='lat' dir='ltr'><strong>rursus</strong></span> <span class='ocrx_word' id='word_1_292' title='bbox 1006 1848 1035 1867; x_wconf 78' lang='lat' dir='ltr'><strong>co</strong></span> 
     </span>
    </p>
   </div>
   <div class='ocr_carea' id='block_1_38' title="bbox 244 1886 1037 1921">
    <p class='ocr_par' dir='ltr' id='par_1_38' title="bbox 244 1886 1037 1921">
     <span class='ocr_line' id='line_1_38' title="bbox 244 1886 1037 1921; baseline -0.009 -2"><span class='ocrx_word' id='word_1_293' title='bbox 244 1893 314 1919; x_wconf 77' lang='lat' dir='ltr'><strong>uadis</strong></span> <span class='ocrx_word' id='word_1_294' title='bbox 326 1892 338 1918; x_wconf 88' lang='lat'><strong>.’</strong></span> <span class='ocrx_word' id='word_1_295' title='bbox 349 1890 491 1918; x_wconf 88' lang='lat' dir='ltr'><strong>Timebant</strong></span> <span class='ocrx_word' id='word_1_296' title='bbox 505 1890 576 1917; x_wconf 84' lang='lat' dir='ltr'><strong>enim</strong></span> <span class='ocrx_word' id='word_1_297' title='bbox 591 1888 671 1916; x_wconf 89' lang='lat' dir='ltr'><strong>etiam</strong></span> <span class='ocrx_word' id='word_1_298' title='bbox 685 1888 721 1920; x_wconf 89' lang='lat' dir='ltr'><strong>ei,</strong></span> <span class='ocrx_word' id='word_1_299' title='bbox 735 1887 781 1915; x_wconf 72' lang='lat' dir='ltr'><strong>sed</strong></span> <span class='ocrx_word' id='word_1_300' title='bbox 793 1887 842 1914; x_wconf 85' lang='lat' dir='ltr'><strong>sibi</strong></span> <span class='ocrx_word' id='word_1_301' title='bbox 857 1886 957 1921; x_wconf 72' lang='lat' dir='ltr'><strong>magis;</strong></span> <span class='ocrx_word' id='word_1_302' title='bbox 973 1894 1037 1913; x_wconf 90' lang='lat' dir='ltr'><strong>non-</strong></span> 
     </span>
    </p>
   </div>
   <div class='ocr_carea' id='block_1_39' title="bbox 245 1931 1035 1970">
    <p class='ocr_par' dir='ltr' id='par_1_39' title="bbox 245 1931 1035 1970">
     <span class='ocr_line' id='line_1_39' title="bbox 245 1931 1035 1970; baseline -0.009 -7"><span class='ocrx_word' id='word_1_303' title='bbox 245 1937 309 1964; x_wconf 90' lang='lat' dir='ltr'><strong>dum</strong></span> <span class='ocrx_word' id='word_1_304' title='bbox 322 1936 393 1963; x_wconf 87' lang='lat' dir='ltr'><strong>enim</strong></span> <span class='ocrx_word' id='word_1_305' title='bbox 409 1935 518 1970; x_wconf 82' lang='lat' dir='ltr'><strong>perfecti</strong></span> <span class='ocrx_word' id='word_1_306' title='bbox 537 1938 623 1961; x_wconf 86' lang='lat' dir='ltr'><strong>erant.</strong></span> <span class='ocrx_word' id='word_1_307' title='bbox 645 1933 813 1968; x_wconf 83' lang='lat' dir='ltr'><strong>Quapropter</strong></span> <span class='ocrx_word' id='word_1_308' title='bbox 829 1932 924 1959; x_wconf 86' lang='lat' dir='ltr'><strong>timore</strong></span> <span class='ocrx_word' id='word_1_309' title='bbox 941 1931 1035 1965; x_wconf 76' lang='lat' dir='ltr'><strong>exagi-</strong></span> 
     </span>
    </p>
   </div>
   <div class='ocr_carea' id='block_1_40' title="bbox 243 1973 1033 2013">
    <p class='ocr_par' dir='ltr' id='par_1_40' title="bbox 243 1973 1033 2013">
     <span class='ocr_line' id='line_1_40' title="bbox 243 1973 1033 2013; baseline -0.009 -3"><span class='ocrx_word' id='word_1_310' title='bbox 243 1988 315 2010; x_wconf 77' lang='lat' dir='ltr'><strong>tatus</strong></span> <span class='ocrx_word' id='word_1_311' title='bbox 322 1982 438 2010; x_wconf 78' lang='lat' dir='ltr'><strong>Thomas</strong></span> <span class='ocrx_word' id='word_1_312' title='bbox 448 1981 511 2008; x_wconf 89' lang='lat' dir='ltr'><strong>dicit</strong></span> <span class='ocrx_word' id='word_1_313' title='bbox 519 1981 543 2007; x_wconf 91' lang='lat' dir='ltr'><strong>ci</strong></span> <span class='ocrx_word' id='word_1_314' title='bbox 554 1989 561 2006; x_wconf 90' lang='lat'><strong>:</strong></span> <span class='ocrx_word' id='word_1_315' title='bbox 573 1973 678 2013; x_wconf 76' lang='lat' dir='ltr'><strong>Eamus,</strong></span> <span class='ocrx_word' id='word_1_316' title='bbox 692 1984 718 2006; x_wconf 89' lang='lat' dir='ltr'><strong>ut</strong></span> <span class='ocrx_word' id='word_1_317' title='bbox 728 1984 750 2006; x_wconf 89' lang='lat' dir='ltr'><strong>et</strong></span> <span class='ocrx_word' id='word_1_318' title='bbox 758 1988 802 2005; x_wconf 81' lang='lat' dir='ltr'><strong>nos</strong></span> <span class='ocrx_word' id='word_1_319' title='bbox 809 1979 947 2005; x_wconf 81' lang='lat' dir='ltr'><strong>moriamur</strong></span> <span class='ocrx_word' id='word_1_320' title='bbox 954 1976 1033 2011; x_wconf 84' lang='lat' dir='ltr'><strong>(Ibid.</strong></span> 
     </span>
    </p>
   </div>
   <div class='ocr_carea' id='block_1_41' title="bbox 244 2025 1034 2064">
    <p class='ocr_par' dir='ltr' id='par_1_41' title="bbox 244 2025 1034 2064">
     <span class='ocr_line' id='line_1_41' title="bbox 244 2025 1034 2064; baseline -0.01 -8"><span class='ocrx_word' id='word_1_321' title='bbox 244 2029 300 2064; x_wconf 76' lang='grc'><strong>16).</strong></span> <span class='ocrx_word' id='word_1_322' title='bbox 317 2027 450 2055; x_wconf 83' lang='lat' dir='ltr'><strong>luﬁrrnior</strong></span> <span class='ocrx_word' id='word_1_323' title='bbox 470 2033 584 2061; x_wconf 84' lang='lat' dir='ltr'><strong>namque</strong></span> <span class='ocrx_word' id='word_1_324' title='bbox 604 2031 631 2052; x_wconf 89' lang='lat' dir='ltr'><strong>et</strong></span> <span class='ocrx_word' id='word_1_325' title='bbox 657 2025 741 2060; x_wconf 81' lang='lat' dir='ltr'><strong>magis</strong></span> <span class='ocrx_word' id='word_1_326' title='bbox 763 2025 934 2052; x_wconf 73' lang='lat' dir='ltr'><strong>incredulus‘</strong></span> <span class='ocrx_word' id='word_1_327' title='bbox 956 2031 1034 2059; x_wconf 86' lang='lat' dir='ltr'><strong>quam</strong></span> 
     </span>
    </p>
   </div>
   <div class='ocr_carea' id='block_1_42' title="bbox 243 2069 1036 2107">
    <p class='ocr_par' dir='ltr' id='par_1_42' title="bbox 243 2069 1036 2107">
     <span class='ocr_line' id='line_1_42' title="bbox 243 2069 1036 2107; baseline -0.009 -5"><span class='ocrx_word' id='word_1_328' title='bbox 243 2075 334 2103; x_wconf 60' lang='lat' dir='ltr'><strong>caeteri</strong></span> <span class='ocrx_word' id='word_1_329' title='bbox 356 2078 425 2101; x_wconf 83' lang='lat' dir='ltr'><strong>erat.</strong></span> <span class='ocrx_word' id='word_1_330' title='bbox 450 2073 502 2101; x_wconf 82' lang='lat' dir='ltr'><strong>Sed</strong></span> <span class='ocrx_word' id='word_1_331' title='bbox 525 2072 587 2099; x_wconf 83' lang='lat' dir='ltr'><strong>vide</strong></span> <span class='ocrx_word' id='word_1_332' title='bbox 604 2070 738 2107; x_wconf 88' lang='lat' dir='ltr'><strong>quoruodo</strong></span> <span class='ocrx_word' id='word_1_333' title='bbox 754 2070 875 2097; x_wconf 83' lang='lat' dir='ltr'><strong>Christus</strong></span> <span class='ocrx_word' id='word_1_334' title='bbox 890 2069 968 2096; x_wconf 87' lang='lat' dir='ltr'><strong>dictis</strong></span> <span class='ocrx_word' id='word_1_335' title='bbox 981 2069 1036 2095; x_wconf 90' lang='lat' dir='ltr'><strong>suis</strong></span> 
     </span>
    </p>
   </div>
   <div class='ocr_carea' id='block_1_43' title="bbox 244 2114 1037 2149">
    <p class='ocr_par' dir='ltr' id='par_1_43' title="bbox 244 2114 1037 2149">
     <span class='ocr_line' id='line_1_43' title="bbox 244 2114 1037 2149; baseline -0.01 -1"><span class='ocrx_word' id='word_1_336' title='bbox 244 2121 470 2149; x_wconf 80' lang='lat' dir='ltr'><strong>illosconiirmet.</strong></span> <span class='ocrx_word' id='word_1_337' title='bbox 491 2119 517 2147; x_wconf 88' lang='lat'><strong>9.</strong></span> <span class='ocrx_word' id='word_1_338' title='bbox 547 2118 639 2145; x_wconf 84' lang='lat' dir='ltr'><strong>Nonne</strong></span> <span class='ocrx_word' id='word_1_339' title='bbox 650 2117 784 2144; x_wconf 77' lang='lat' dir='ltr'><strong>duodecim</strong></span> <span class='ocrx_word' id='word_1_340' title='bbox 805 2116 874 2143; x_wconf 67' lang='lat' dir='ltr'><strong>hora:</strong></span> <span class='ocrx_word' id='word_1_341' title='bbox 890 2120 947 2142; x_wconf 89' lang='lat' dir='ltr'><strong>sunt</strong></span> <span class='ocrx_word' id='word_1_342' title='bbox 963 2114 1037 2141; x_wconf 80' lang='lat' dir='ltr'><strong>diei?</strong></span> 
     </span>
    </p>
   </div>
   <div class='ocr_carea' id='block_1_44' title="bbox 247 2161 1038 2198">
    <p class='ocr_par' dir='ltr' id='par_1_44' title="bbox 247 2161 1038 2198">
     <span class='ocr_line' id='line_1_44' title="bbox 247 2161 1038 2198; baseline -0.009 -3"><span class='ocrx_word' id='word_1_343' title='bbox 247 2168 294 2195; x_wconf 67' lang='lat' dir='ltr'><strong>Vel</strong></span> <span class='ocrx_word' id='word_1_344' title='bbox 309 2168 358 2194; x_wconf 86' lang='lat' dir='ltr'><strong>hoc</strong></span> <span class='ocrx_word' id='word_1_345' title='bbox 368 2167 443 2198; x_wconf 75' lang='lat' dir='ltr'><strong>dixit,</strong></span> <span class='ocrx_word' id='word_1_346' title='bbox 461 2171 488 2193; x_wconf 93' lang='lat' dir='ltr'><strong>ut</strong></span> <span class='ocrx_word' id='word_1_347' title='bbox 503 2165 663 2196; x_wconf 85' lang='lat' dir='ltr'><strong>declararet,</strong></span> <span class='ocrx_word' id='word_1_348' title='bbox 678 2163 741 2191; x_wconf 91' lang='lat' dir='ltr'><strong>nihil</strong></span> <span class='ocrx_word' id='word_1_349' title='bbox 755 2162 900 2190; x_wconf 80' lang='lat' dir='ltr'><strong>timendum</strong></span> <span class='ocrx_word' id='word_1_350' title='bbox 912 2169 972 2189; x_wconf 85' lang='lat' dir='ltr'><strong>esse</strong></span> <span class='ocrx_word' id='word_1_351' title='bbox 983 2161 1038 2188; x_wconf 89' lang='lat' dir='ltr'><strong>nul-</strong></span> 
     </span>
    </p>
   </div>
   <div class='ocr_carea' id='block_1_45' title="bbox 243 2207 1038 2243">
    <p class='ocr_par' dir='ltr' id='par_1_45' title="bbox 243 2207 1038 2243">
     <span class='ocr_line' id='line_1_45' title="bbox 243 2207 1038 2243; baseline -0.009 -4"><span class='ocrx_word' id='word_1_352' title='bbox 243 2214 296 2239; x_wconf 76' lang='lat' dir='ltr'><strong>iins</strong></span> <span class='ocrx_word' id='word_1_353' title='bbox 309 2213 358 2240; x_wconf 82' lang='lat' dir='ltr'><strong>sibi</strong></span> <span class='ocrx_word' id='word_1_354' title='bbox 373 2211 434 2238; x_wconf 76' lang='lat' dir='ltr'><strong>ntali</strong></span> <span class='ocrx_word' id='word_1_355' title='bbox 449 2211 557 2238; x_wconf 69' lang='lat' dir='ltr'><strong>conscio</strong></span> <span class='ocrx_word' id='word_1_356' title='bbox 570 2220 578 2242; x_wconf 80' lang='lat'><strong>;</strong></span> <span class='ocrx_word' id='word_1_357' title='bbox 601 2210 646 2237; x_wconf 86' lang='lat' dir='ltr'><strong>sed</strong></span> <span class='ocrx_word' id='word_1_358' title='bbox 660 2217 720 2236; x_wconf 90' lang='lat' dir='ltr'><strong>eum</strong></span> <span class='ocrx_word' id='word_1_359' title='bbox 735 2208 778 2243; x_wconf 88' lang='lat' dir='ltr'><strong>qui</strong></span> <span class='ocrx_word' id='word_1_360' title='bbox 794 2208 863 2235; x_wconf 84' lang='lat' dir='ltr'><strong>male</strong></span> <span class='ocrx_word' id='word_1_361' title='bbox 884 2207 975 2234; x_wconf 84' lang='lat' dir='ltr'><strong>fecerit</strong></span> <span class='ocrx_word' id='word_1_362' title='bbox 991 2215 1038 2240; x_wconf 90' lang='lat' dir='ltr'><strong>pu-</strong></span> 
     </span>
    </p>
   </div>
   <div class='ocr_carea' id='block_1_46' title="bbox 247 2251 1037 2292">
    <p class='ocr_par' dir='ltr' id='par_1_46' title="bbox 247 2251 1037 2292">
     <span class='ocr_line' id='line_1_46' title="bbox 247 2251 1037 2292; baseline -0.009 -7"><span class='ocrx_word' id='word_1_363' title='bbox 247 2258 373 2285; x_wconf 83' lang='lat' dir='ltr'><strong>niendum</strong></span> <span class='ocrx_word' id='word_1_364' title='bbox 398 2258 501 2292; x_wconf 85' lang='lat' dir='ltr'><strong>(quare</strong></span> <span class='ocrx_word' id='word_1_365' title='bbox 524 2256 600 2283; x_wconf 86' lang='lat' dir='ltr'><strong>nobis</strong></span> <span class='ocrx_word' id='word_1_366' title='bbox 620 2255 685 2282; x_wconf 87' lang='lat' dir='ltr'><strong>nihil</strong></span> <span class='ocrx_word' id='word_1_367' title='bbox 707 2253 864 2285; x_wconf 87' lang='lat' dir='ltr'><strong>tiruendurn,</strong></span> <span class='ocrx_word' id='word_1_368' title='bbox 889 2260 949 2280; x_wconf 79' lang='lat' dir='ltr'><strong>cum</strong></span> <span class='ocrx_word' id='word_1_369' title='bbox 971 2251 1037 2278; x_wconf 90' lang='lat' dir='ltr'><strong>nihil</strong></span> 
     </span>
    </p>
   </div>
   <div class='ocr_carea' id='block_1_47' title="bbox 247 2296 1037 2338">
    <p class='ocr_par' dir='ltr' id='par_1_47' title="bbox 247 2296 1037 2338">
     <span class='ocr_line' id='line_1_47' title="bbox 247 2296 1037 2338; baseline -0.009 -8"><span class='ocrx_word' id='word_1_370' title='bbox 247 2308 333 2331; x_wconf 71' lang='lat' dir='ltr'><strong>torirte</strong></span> <span class='ocrx_word' id='word_1_371' title='bbox 354 2304 463 2338; x_wconf 80' lang='lat' dir='ltr'><strong>dignum</strong></span> <span class='ocrx_word' id='word_1_372' title='bbox 489 2302 631 2330; x_wconf 81' lang='lat' dir='ltr'><strong>let-erimus</strong></span> <span class='ocrx_word' id='word_1_373' title='bbox 647 2301 656 2335; x_wconf 72' lang='lat' dir='ltr'><strong>&#39;j</strong></span> <span class='ocrx_word' id='word_1_374' title='bbox 672 2308 678 2326; x_wconf 89' lang='lat'><strong>:</strong></span> <span class='ocrx_word' id='word_1_375' title='bbox 695 2299 737 2326; x_wconf 83' lang='lat' dir='ltr'><strong>rei</strong></span> <span class='ocrx_word' id='word_1_376' title='bbox 757 2299 797 2326; x_wconf 83' lang='lat' dir='ltr'><strong>sic</strong></span> <span class='ocrx_word' id='word_1_377' title='bbox 821 2298 964 2332; x_wconf 66' lang='lat' dir='ltr'><strong>intelligas,</strong></span> <span class='ocrx_word' id='word_1_378' title='bbox 987 2296 1037 2330; x_wconf 90' lang='lat' dir='ltr'><strong>Qui</strong></span> 
     </span>
    </p>
   </div>
   <div class='ocr_carea' id='block_1_48' title="bbox 246 2343 1036 2385">
    <p class='ocr_par' dir='ltr' id='par_1_48' title="bbox 246 2343 1036 2385">
     <span class='ocr_line' id='line_1_48' title="bbox 246 2343 1036 2385; baseline -0.01 -7"><span class='ocrx_word' id='word_1_379' title='bbox 246 2352 333 2378; x_wconf 80' lang='lat' dir='ltr'><strong>incem</strong></span> <span class='ocrx_word' id='word_1_380' title='bbox 350 2351 428 2385; x_wconf 82' lang='lat' dir='ltr'><strong>hujus</strong></span> <span class='ocrx_word' id='word_1_381' title='bbox 441 2349 533 2377; x_wconf 90' lang='lat' dir='ltr'><strong>mundi</strong></span> <span class='ocrx_word' id='word_1_382' title='bbox 553 2347 633 2379; x_wconf 57' lang='lat' dir='ltr'><strong>videt,</strong></span> <span class='ocrx_word' id='word_1_383' title='bbox 651 2347 677 2374; x_wconf 92' lang='lat' dir='ltr'><strong>in</strong></span> <span class='ocrx_word' id='word_1_384' title='bbox 695 2350 751 2372; x_wconf 89' lang='lat' dir='ltr'><strong>tuto</strong></span> <span class='ocrx_word' id='word_1_385' title='bbox 764 2349 826 2377; x_wconf 80' lang='lat' dir='ltr'><strong>est;</strong></span> <span class='ocrx_word' id='word_1_386' title='bbox 843 2345 864 2371; x_wconf 88' lang='lat' dir='ltr'><strong>si</strong></span> <span class='ocrx_word' id='word_1_387' title='bbox 885 2348 974 2371; x_wconf 79' lang='lat' dir='ltr'><strong>autem</strong></span> <span class='ocrx_word' id='word_1_388' title='bbox 992 2343 1036 2370; x_wconf 90' lang='lat' dir='ltr'><strong>ille</strong></span> 
     </span>
    </p>
   </div>
   <div class='ocr_carea' id='block_1_49' title="bbox 246 2389 1038 2429">
    <p class='ocr_par' dir='ltr' id='par_1_49' title="bbox 246 2389 1038 2429">
     <span class='ocr_line' id='line_1_49' title="bbox 246 2389 1038 2429; baseline -0.01 -5"><span class='ocrx_word' id='word_1_389' title='bbox 246 2399 273 2424; x_wconf 86' lang='lat' dir='ltr'><strong>in</strong></span> <span class='ocrx_word' id='word_1_390' title='bbox 288 2401 344 2424; x_wconf 87' lang='lat' dir='ltr'><strong>toto</strong></span> <span class='ocrx_word' id='word_1_391' title='bbox 356 2401 408 2429; x_wconf 84' lang='lat' dir='ltr'><strong>est,</strong></span> <span class='ocrx_word' id='word_1_392' title='bbox 423 2395 508 2422; x_wconf 85' lang='lat' dir='ltr'><strong>multo</strong></span> <span class='ocrx_word' id='word_1_393' title='bbox 522 2392 605 2428; x_wconf 77' lang='lat' dir='ltr'><strong>magis</strong></span> <span class='ocrx_word' id='word_1_394' title='bbox 619 2393 641 2419; x_wconf 87' lang='lat' dir='ltr'><strong>is</strong></span> <span class='ocrx_word' id='word_1_395' title='bbox 652 2392 696 2426; x_wconf 91' lang='lat' dir='ltr'><strong>qui</strong></span> <span class='ocrx_word' id='word_1_396' title='bbox 709 2398 812 2418; x_wconf 90' lang='lat' dir='ltr'><strong>mecum</strong></span> <span class='ocrx_word' id='word_1_397' title='bbox 826 2395 877 2422; x_wconf 73' lang='lat' dir='ltr'><strong>est,</strong></span> <span class='ocrx_word' id='word_1_398' title='bbox 901 2389 950 2416; x_wconf 86' lang='lat' dir='ltr'><strong>uisi</strong></span> <span class='ocrx_word' id='word_1_399' title='bbox 965 2397 980 2416; x_wconf 84' lang='lat' dir='ltr'><strong>a</strong></span> <span class='ocrx_word' id='word_1_400' title='bbox 996 2396 1038 2416; x_wconf 70' lang='lat' dir='ltr'><strong>nne</strong></span> 
     </span>
    </p>
   </div>
   <div class='ocr_carea' id='block_1_50' title="bbox 246 2436 1038 2470">
    <p class='ocr_par' dir='ltr' id='par_1_50' title="bbox 246 2436 1038 2470">
     <span class='ocr_line' id='line_1_50' title="bbox 246 2436 1038 2470; baseline -0.009 -2"><span class='ocrx_word' id='word_1_401' title='bbox 246 2442 411 2470; x_wconf 83' lang='lat' dir='ltr'><strong>discesserit.</strong></span> <span class='ocrx_word' id='word_1_402' title='bbox 428 2440 474 2467; x_wconf 90' lang='lat' dir='ltr'><strong>llis</strong></span> <span class='ocrx_word' id='word_1_403' title='bbox 494 2440 583 2466; x_wconf 80' lang='lat' dir='ltr'><strong>verbis</strong></span> <span class='ocrx_word' id='word_1_404' title='bbox 597 2438 655 2464; x_wconf 87' lang='lat' dir='ltr'><strong>illos</strong></span> <span class='ocrx_word' id='word_1_405' title='bbox 668 2436 848 2468; x_wconf 79' lang='lat' dir='ltr'><strong>confirmavit,</strong></span> <span class='ocrx_word' id='word_1_406' title='bbox 869 2439 896 2462; x_wconf 91' lang='lat' dir='ltr'><strong>et</strong></span> <span class='ocrx_word' id='word_1_407' title='bbox 916 2442 1038 2462; x_wconf 84' lang='lat' dir='ltr'><strong>necessa-</strong></span> 
     </span>
    </p>
   </div>
   <div class='ocr_carea' id='block_1_51' title="bbox 246 2481 1038 2516">
    <p class='ocr_par' dir='ltr' id='par_1_51' title="bbox 246 2481 1038 2516">
     <span class='ocr_line' id='line_1_51' title="bbox 246 2481 1038 2516; baseline -0.011 -1"><span class='ocrx_word' id='word_1_408' title='bbox 246 2489 315 2515; x_wconf 85' lang='lat' dir='ltr'><strong>riam</strong></span> <span class='ocrx_word' id='word_1_409' title='bbox 331 2493 439 2515; x_wconf 84' lang='lat' dir='ltr'><strong>cansam</strong></span> <span class='ocrx_word' id='word_1_410' title='bbox 455 2484 583 2515; x_wconf 82' lang='lat' dir='ltr'><strong>subdidit,</strong></span> <span class='ocrx_word' id='word_1_411' title='bbox 594 2491 641 2510; x_wconf 90' lang='lat' dir='ltr'><strong>cur</strong></span> <span class='ocrx_word' id='word_1_412' title='bbox 653 2483 700 2509; x_wconf 87' lang='lat' dir='ltr'><strong>illo</strong></span> <span class='ocrx_word' id='word_1_413' title='bbox 715 2481 881 2516; x_wconf 77' lang='lat' dir='ltr'><strong>migrandum</strong></span> <span class='ocrx_word' id='word_1_414' title='bbox 897 2485 969 2508; x_wconf 80' lang='lat' dir='ltr'><strong>esset</strong></span> <span class='ocrx_word' id='word_1_415' title='bbox 988 2489 995 2506; x_wconf 89' lang='lat'><strong>:</strong></span> <span class='ocrx_word' id='word_1_416' title='bbox 1011 2485 1038 2506; x_wconf 87' lang='lat' dir='ltr'><strong>et</strong></span> 
     </span>
    </p>
   </div>
   <div class='ocr_carea' id='block_1_52' title="bbox 249 2526 1038 2568">
    <p class='ocr_par' dir='ltr' id='par_1_52' title="bbox 249 2526 1038 2568">
     <span class='ocr_line' id='line_1_52' title="bbox 249 2526 1038 2568; baseline -0.006 -11"><span class='ocrx_word' id='word_1_417' title='bbox 249 2538 390 2568; x_wconf 75' lang='lat' dir='ltr'><strong>postquam</strong></span> <span class='ocrx_word' id='word_1_418' title='bbox 411 2532 581 2563; x_wconf 75' lang='lat' dir='ltr'><strong>declarasset,</strong></span> <span class='ocrx_word' id='word_1_419' title='bbox 605 2538 657 2557; x_wconf 86' lang='lat' dir='ltr'><strong>non</strong></span> <span class='ocrx_word' id='word_1_420' title='bbox 677 2530 761 2556; x_wconf 80' lang='lat' dir='ltr'><strong>ituros</strong></span> <span class='ocrx_word' id='word_1_421' title='bbox 773 2528 977 2562; x_wconf 81' lang='lat' dir='ltr'><strong>Jerosolymarn,</strong></span> <span class='ocrx_word' id='word_1_422' title='bbox 991 2526 1038 2553; x_wconf 84' lang='lat' dir='ltr'><strong>sed</strong></span> 
     </span>
    </p>
   </div>
   <div class='ocr_carea' id='block_1_53' title="bbox 250 2573 1038 2610">
    <p class='ocr_par' dir='ltr' id='par_1_53' title="bbox 250 2573 1038 2610">
     <span class='ocr_line' id='line_1_53' title="bbox 250 2573 1038 2610; baseline -0.01 -3"><span class='ocrx_word' id='word_1_423' title='bbox 250 2580 418 2610; x_wconf 77' lang='lat' dir='ltr'><strong>iietbaniarn,</strong></span> <span class='ocrx_word' id='word_1_424' title='bbox 431 2578 498 2604; x_wconf 81' lang='lat' dir='ltr'><strong>dixit</strong></span> <span class='ocrx_word' id='word_1_425' title='bbox 514 2587 521 2604; x_wconf 87' lang='lat'>:</span> <span class='ocrx_word' id='word_1_426' title='bbox 538 2578 566 2605; x_wconf 81' lang='lat' dir='ltr'><strong>li</strong></span> <span class='ocrx_word' id='word_1_427' title='bbox 592 2577 705 2604; x_wconf 70' lang='lat' dir='ltr'><strong>Lazarus</strong></span> <span class='ocrx_word' id='word_1_428' title='bbox 719 2575 813 2601; x_wconf 74' lang='lat' dir='ltr'><strong>auritus</strong></span> <span class='ocrx_word' id='word_1_429' title='bbox 826 2574 928 2605; x_wconf 82' lang='lat' dir='ltr'><strong>dormit,</strong></span> <span class='ocrx_word' id='word_1_430' title='bbox 942 2579 964 2600; x_wconf 75' lang='lat' dir='ltr'><strong>et</strong></span> <span class='ocrx_word' id='word_1_431' title='bbox 975 2573 1038 2600; x_wconf 83' lang='lat' dir='ltr'><strong>vado</strong></span> 
     </span>
    </p>
   </div>
   <div class='ocr_carea' id='block_1_54' title="bbox 247 2620 1039 2656">
    <p class='ocr_par' dir='ltr' id='par_1_54' title="bbox 247 2620 1039 2656">
     <span class='ocr_line' id='line_1_54' title="bbox 247 2620 1039 2656; baseline -0.006 -4"><span class='ocrx_word' id='word_1_432' title='bbox 247 2631 276 2652; x_wconf 81' lang='grc' dir='ltr'><strong>ιιι</strong></span> <span class='ocrx_word' id='word_1_433' title='bbox 290 2626 362 2652; x_wconf 81' lang='lat' dir='ltr'><strong>illum</strong></span> <span class='ocrx_word' id='word_1_434' title='bbox 376 2629 490 2650; x_wconf 60' lang='lat' dir='ltr'><strong>excitem.</strong></span> <span class='ocrx_word' id='word_1_435' title='bbox 508 2623 561 2651; x_wconf 85' lang='lat' dir='ltr'><strong>Hoc</strong></span> <span class='ocrx_word' id='word_1_436' title='bbox 582 2628 633 2656; x_wconf 85' lang='lat' dir='ltr'><strong>est,</strong></span> <span class='ocrx_word' id='word_1_437' title='bbox 654 2622 711 2649; x_wconf 84' lang='lat' dir='ltr'><strong>Non</strong></span> <span class='ocrx_word' id='word_1_438' title='bbox 730 2622 825 2649; x_wconf 89' lang='lat' dir='ltr'><strong>iterum</strong></span> <span class='ocrx_word' id='word_1_439' title='bbox 838 2620 904 2647; x_wconf 88' lang='lat' dir='ltr'><strong>vado</strong></span> <span class='ocrx_word' id='word_1_440' title='bbox 919 2629 978 2647; x_wconf 79' lang='lat' dir='ltr'><strong>CIIII]</strong></span> <span class='ocrx_word' id='word_1_441' title='bbox 990 2620 1039 2647; x_wconf 81' lang='lat' dir='ltr'><strong>.lu~</strong></span> 
     </span>
    </p>
   </div>
   <div class='ocr_carea' id='block_1_55' title="bbox 248 2667 1038 2705">
    <p class='ocr_par' dir='ltr' id='par_1_55' title="bbox 248 2667 1038 2705">
     <span class='ocr_line' id='line_1_55' title="bbox 248 2667 1038 2705; baseline -0.009 -7"><span class='ocrx_word' id='word_1_442' title='bbox 248 2671 317 2698; x_wconf 60' lang='lat' dir='ltr'><strong>«laris</strong></span> <span class='ocrx_word' id='word_1_443' title='bbox 333 2671 515 2705; x_wconf 79' lang='lat' dir='ltr'><strong>disputaturos</strong></span> <span class='ocrx_word' id='word_1_444' title='bbox 530 2675 556 2697; x_wconf 90' lang='lat' dir='ltr'><strong>et</strong></span> <span class='ocrx_word' id='word_1_445' title='bbox 567 2676 770 2701; x_wconf 48' lang='lat' dir='ltr'><strong>coagremurns,</strong></span> <span class='ocrx_word' id='word_1_446' title='bbox 792 2668 838 2695; x_wconf 87' lang='lat' dir='ltr'><strong>sed</strong></span> <span class='ocrx_word' id='word_1_447' title='bbox 854 2667 969 2694; x_wconf 83' lang='lat' dir='ltr'><strong>amicum</strong></span> <span class='ocrx_word' id='word_1_448' title='bbox 990 2675 1038 2693; x_wconf 87' lang='lat' dir='ltr'><strong>no-</strong></span> 
     </span>
    </p>
   </div>
   <div class='ocr_carea' id='block_1_56' title="bbox 250 2713 1038 2748">
    <p class='ocr_par' dir='ltr' id='par_1_56' title="bbox 250 2713 1038 2748">
     <span class='ocr_line' id='line_1_56' title="bbox 250 2713 1038 2748; baseline -0.008 -4"><span class='ocrx_word' id='word_1_449' title='bbox 250 2723 336 2745; x_wconf 83' lang='lat' dir='ltr'><strong>strum</strong></span> <span class='ocrx_word' id='word_1_450' title='bbox 361 2717 534 2743; x_wconf 73' lang='lat' dir='ltr'><strong>exoilaturns.</strong></span> <span class='ocrx_word' id='word_1_451' title='bbox 556 2717 599 2743; x_wconf 77' lang='lat'><strong>1‘2.</strong></span> <span class='ocrx_word' id='word_1_452' title='bbox 616 2715 709 2742; x_wconf 84' lang='lat' dir='ltr'><strong>Dicunt</strong></span> <span class='ocrx_word' id='word_1_453' title='bbox 725 2714 845 2748; x_wconf 77' lang='lat' dir='ltr'><strong>discipuli</strong></span> <span class='ocrx_word' id='word_1_454' title='bbox 861 2722 870 2741; x_wconf 87' lang='lat'><em>:</em></span> <span class='ocrx_word' id='word_1_455' title='bbox 886 2714 1002 2745; x_wconf 77' lang='lat' dir='ltr'><strong>Domine,</strong></span> <span class='ocrx_word' id='word_1_456' title='bbox 1018 2713 1038 2739; x_wconf 83' lang='lat' dir='ltr'><strong>si</strong></span> 
     </span>
    </p>
   </div>
   <div class='ocr_carea' id='block_1_57' title="bbox 252 2761 1039 2793">
    <p class='ocr_par' dir='ltr' id='par_1_57' title="bbox 252 2761 1039 2793">
     <span class='ocr_line' id='line_1_57' title="bbox 252 2761 1039 2793; baseline -0.005 -4"><span class='ocrx_word' id='word_1_457' title='bbox 252 2764 354 2793; x_wconf 82' lang='lat' dir='ltr'><strong>rho-mit,</strong></span> <span class='ocrx_word' id='word_1_458' title='bbox 370 2763 452 2788; x_wconf 74' lang='lat' dir='ltr'><strong>saluus</strong></span> <span class='ocrx_word' id='word_1_459' title='bbox 466 2763 521 2789; x_wconf 74' lang='lat' dir='ltr'><strong>cril.</strong></span> <span class='ocrx_word' id='word_1_460' title='bbox 539 2763 564 2790; x_wconf 89' lang='lat' dir='ltr'><strong>Id</strong></span> <span class='ocrx_word' id='word_1_461' title='bbox 582 2771 644 2789; x_wconf 74' lang='grc' dir='ltr'><strong>νιϊη</strong></span> <span class='ocrx_word' id='word_1_462' title='bbox 658 2770 709 2789; x_wconf 72' lang='lat' dir='ltr'><strong>tuon</strong></span> <span class='ocrx_word' id='word_1_463' title='bbox 731 2762 789 2788; x_wconf 78' lang='lat' dir='ltr'><strong>sine</strong></span> <span class='ocrx_word' id='word_1_464' title='bbox 807 2769 885 2787; x_wconf 82' lang='lat' dir='ltr'><strong>causa</strong></span> <span class='ocrx_word' id='word_1_465' title='bbox 906 2761 1039 2790; x_wconf 76' lang='lat' dir='ltr'><strong>dixerunt,</strong></span> 
     </span>
    </p>
   </div>
   <div class='ocr_carea' id='block_1_58' title="bbox 251 2806 1039 2843">
    <p class='ocr_par' dir='ltr' id='par_1_58' title="bbox 251 2806 1039 2843">
     <span class='ocr_line' id='line_1_58' title="bbox 251 2806 1039 2843; baseline -0.004 -9"><span class='ocrx_word' id='word_1_466' title='bbox 251 2809 297 2835; x_wconf 77' lang='lat' dir='ltr'><strong>:1-d</strong></span> <span class='ocrx_word' id='word_1_467' title='bbox 319 2813 347 2835; x_wconf 84' lang='lat' dir='ltr'><strong>ut</strong></span> <span class='ocrx_word' id='word_1_468' title='bbox 366 2808 523 2843; x_wconf 75' lang='lat' dir='ltr'><strong>impedirent</strong></span> <span class='ocrx_word' id='word_1_469' title='bbox 548 2809 689 2843; x_wconf 80' lang='lat' dir='ltr'><strong>qmnuintts</strong></span> <span class='ocrx_word' id='word_1_470' title='bbox 710 2808 769 2834; x_wconf 83' lang='lat' dir='ltr'><strong>iret.</strong></span> <span class='ocrx_word' id='word_1_471' title='bbox 789 2807 875 2839; x_wconf 77' lang='lat' dir='ltr'><strong>ilicis,</strong></span> <span class='ocrx_word' id='word_1_472' title='bbox 899 2806 1039 2840; x_wconf 80' lang='lat' dir='ltr'><strong>inquiunt,</strong></span> 
     </span>
    </p>
   </div>
   <div class='ocr_carea' id='block_1_59' title="bbox 285 2885 996 2919">
    <p class='ocr_par' dir='ltr' id='par_1_59' title="bbox 285 2885 996 2919">
     <span class='ocr_line' id='line_1_59' title="bbox 285 2885 996 2919; baseline -0.006 -6"><span class='ocrx_word' id='word_1_473' title='bbox 285 2886 291 2902; x_wconf 79' lang='grc'><strong>¹</strong></span> <span class='ocrx_word' id='word_1_474' title='bbox 312 2886 338 2912; x_wconf 80' lang='lat' dir='ltr'><strong>in</strong></span> <span class='ocrx_word' id='word_1_475' title='bbox 351 2889 430 2913; x_wconf 86' lang='lat' dir='ltr'><strong>\torcl.</strong></span> <span class='ocrx_word' id='word_1_476' title='bbox 445 2887 544 2919; x_wconf 72' lang='lat' dir='ltr'><strong>legitur,</strong></span> <span class='ocrx_word' id='word_1_477' title='bbox 557 2887 672 2916; x_wconf 74' lang='lat' dir='ltr'><strong>(intuitur,</strong></span> <span class='ocrx_word' id='word_1_478' title='bbox 688 2894 738 2918; x_wconf 69' lang='lat' dir='ltr'><strong>pro,</strong></span> <span class='ocrx_word' id='word_1_479' title='bbox 754 2886 829 2917; x_wconf 70' lang='lat' dir='ltr'><strong>magis</strong></span> <span class='ocrx_word' id='word_1_480' title='bbox 847 2885 996 2910; x_wconf 60' lang='lat' dir='ltr'><strong>incredulus.</strong></span> 
     </span>
    </p>
   </div>
   <div class='ocr_carea' id='block_1_60' title="bbox 619 170 1522 205">
    <p class='ocr_par' dir='ltr' id='par_1_60' title="bbox 619 170 1522 205">
     <span class='ocr_line' id='line_1_60' title="bbox 619 170 1522 205; baseline 0.002 -3"><span class='ocrx_word' id='word_1_481' title='bbox 619 174 647 202; x_wconf 91' lang='lat' dir='ltr'><strong>S.</strong></span> <span class='ocrx_word' id='word_1_482' title='bbox 663 173 801 202; x_wconf 77' lang='lat' dir='ltr'><strong>JOANNIS</strong></span> <span class='ocrx_word' id='word_1_483' title='bbox 819 170 1057 200; x_wconf 59' lang='lat' dir='ltr'><strong>CllliYSOSTOill</strong></span> <span class='ocrx_word' id='word_1_484' title='bbox 1076 171 1235 201; x_wconf 76' lang='lat' dir='ltr'><strong>ARCIIIEP.</strong></span> <span class='ocrx_word' id='word_1_485' title='bbox 1254 172 1522 205; x_wconf 82' lang='lat' dir='ltr'><strong>CONSTANTINOP.</strong></span> 
     </span>
    </p>
   </div>
   <div class='ocr_carea' id='block_1_61' title="bbox 1835 181 1884 210">
    <p class='ocr_par' dir='ltr' id='par_1_61' title="bbox 1835 181 1884 210">
     <span class='ocr_line' id='line_1_61' title="bbox 1835 181 1884 210; baseline 0.02 -1"><span class='ocrx_word' id='word_1_486' title='bbox 1835 181 1884 210; x_wconf 77' lang='lat' dir='ltr'><strong>5H</strong></span> 
     </span>
    </p>
   </div>
   <div class='ocr_carea' id='block_1_62' title="bbox 1095 229 1885 273">
    <p class='ocr_par' dir='ltr' id='par_1_62' title="bbox 1095 229 1885 273">
     <span class='ocr_line' id='line_1_62' title="bbox 1095 229 1885 273; baseline 0.014 -17"><span class='ocrx_word' id='word_1_487' title='bbox 1095 229 1168 257; x_wconf 91' lang='lat' dir='ltr'><strong>illum</strong></span> <span class='ocrx_word' id='word_1_488' title='bbox 1183 229 1325 258; x_wconf 86' lang='lat' dir='ltr'><strong>dormire?</strong></span> <span class='ocrx_word' id='word_1_489' title='bbox 1346 239 1410 265; x_wconf 71' lang='lat' dir='ltr'><strong>ergo</strong></span> <span class='ocrx_word' id='word_1_490' title='bbox 1425 233 1488 260; x_wconf 87' lang='lat' dir='ltr'><strong>nihil</strong></span> <span class='ocrx_word' id='word_1_491' title='bbox 1504 234 1574 269; x_wconf 76' lang='lat' dir='ltr'><strong>cogit</strong></span> <span class='ocrx_word' id='word_1_492' title='bbox 1587 234 1633 262; x_wconf 89' lang='lat' dir='ltr'><strong>illo</strong></span> <span class='ocrx_word' id='word_1_493' title='bbox 1645 235 1729 265; x_wconf 86' lang='lat' dir='ltr'><strong>abire.</strong></span> <span class='ocrx_word' id='word_1_494' title='bbox 1747 237 1826 273; x_wconf 81' lang='lat' dir='ltr'><strong>Atqui</strong></span> <span class='ocrx_word' id='word_1_495' title='bbox 1843 240 1885 267; x_wconf 81' lang='lat' dir='ltr'><strong>illo</strong></span> 
     </span>
    </p>
   </div>
   <div class='ocr_carea' id='block_1_63' title="bbox 1093 275 1884 311">
    <p class='ocr_par' dir='ltr' id='par_1_63' title="bbox 1093 275 1884 311">
     <span class='ocr_line' id='line_1_63' title="bbox 1093 275 1884 311; baseline 0.011 -9"><span class='ocrx_word' id='word_1_496' title='bbox 1093 275 1154 303; x_wconf 87' lang='lat' dir='ltr'><strong>ideo</strong></span> <span class='ocrx_word' id='word_1_497' title='bbox 1176 275 1290 309; x_wconf 73' lang='lat' dir='ltr'><strong>dixerat,</strong></span> <span class='ocrx_word' id='word_1_498' title='bbox 1311 278 1414 305; x_wconf 80' lang='lat' dir='ltr'><strong>Anticus</strong></span> <span class='ocrx_word' id='word_1_499' title='bbox 1434 284 1527 311; x_wconf 73' lang='lat' dir='ltr'><strong>noster,</strong></span> <span class='ocrx_word' id='word_1_500' title='bbox 1549 284 1576 308; x_wconf 92' lang='lat' dir='ltr'><strong>ut</strong></span> <span class='ocrx_word' id='word_1_501' title='bbox 1591 281 1747 310; x_wconf 82' lang='lat' dir='ltr'><strong>ostenderet</strong></span> <span class='ocrx_word' id='word_1_502' title='bbox 1762 291 1884 311; x_wconf 85' lang='lat' dir='ltr'><strong>necessa-</strong></span> 
     </span>
    </p>
   </div>
   <div class='ocr_carea' id='block_1_64' title="bbox 1091 321 1447 357">
    <p class='ocr_par' dir='ltr' id='par_1_64' title="bbox 1091 321 1447 357">
     <span class='ocr_line' id='line_1_64' title="bbox 1091 321 1447 357; baseline 0.014 -10"><span class='ocrx_word' id='word_1_503' title='bbox 1091 321 1158 348; x_wconf 82' lang='lat' dir='ltr'><strong>riam</strong></span> <span class='ocrx_word' id='word_1_504' title='bbox 1172 329 1232 349; x_wconf 88' lang='lat' dir='ltr'><strong>esse</strong></span> <span class='ocrx_word' id='word_1_505' title='bbox 1245 323 1447 357; x_wconf 79' lang='lat' dir='ltr'><strong>profectionem.</strong></span> 
     </span>
    </p>
   </div>
   <div class='ocr_carea' id='block_1_65' title="bbox 1126 366 1882 409">
    <p class='ocr_par' dir='ltr' id='par_1_65' title="bbox 1126 366 1882 409">
     <span class='ocr_line' id='line_1_65' title="bbox 1126 366 1882 409; baseline 0.013 -16"><span class='ocrx_word' id='word_1_506' title='bbox 1126 366 1153 394; x_wconf 72' lang='grc'><strong>2.</strong></span> <span class='ocrx_word' id='word_1_507' title='bbox 1174 367 1241 402; x_wconf 91' lang='lat' dir='ltr'><strong>Quia</strong></span> <span class='ocrx_word' id='word_1_508' title='bbox 1263 376 1328 396; x_wconf 84' lang='lat' dir='ltr'><strong>vero</strong></span> <span class='ocrx_word' id='word_1_509' title='bbox 1348 369 1383 396; x_wconf 85' lang='lat' dir='ltr'><strong>illi</strong></span> <span class='ocrx_word' id='word_1_510' title='bbox 1405 370 1544 406; x_wconf 71' lang='lat' dir='ltr'><strong>segniores</strong></span> <span class='ocrx_word' id='word_1_511' title='bbox 1564 376 1653 406; x_wconf 86' lang='lat' dir='ltr'><strong>erant,</strong></span> <span class='ocrx_word' id='word_1_512' title='bbox 1678 373 1745 402; x_wconf 83' lang='lat' dir='ltr'><strong>dixit</strong></span> <span class='ocrx_word' id='word_1_513' title='bbox 1765 376 1882 409; x_wconf 68' lang='lat' dir='ltr'><strong>tandem,</strong></span> 
     </span>
    </p>
   </div>
   <div class='ocr_carea' id='block_1_66' title="bbox 1093 412 1882 454">
    <p class='ocr_par' dir='ltr' id='par_1_66' title="bbox 1093 412 1882 454">
     <span class='ocr_line' id='line_1_66' title="bbox 1093 412 1882 454; baseline 0.013 -15"><span class='ocrx_word' id='word_1_514' title='bbox 1093 412 1136 440; x_wconf 77' lang='grc' dir='ltr'><strong>Η.</strong></span> <span class='ocrx_word' id='word_1_515' title='bbox 1150 412 1268 440; x_wconf 77' lang='lat' dir='ltr'><strong>Mortuus</strong></span> <span class='ocrx_word' id='word_1_516' title='bbox 1284 419 1330 441; x_wconf 81' lang='lat' dir='ltr'><strong>est.</strong></span> <span class='ocrx_word' id='word_1_517' title='bbox 1345 414 1435 442; x_wconf 84' lang='lat' dir='ltr'><strong>Primo</strong></span> <span class='ocrx_word' id='word_1_518' title='bbox 1447 417 1537 451; x_wconf 83' lang='lat' dir='ltr'><strong>itaque</strong></span> <span class='ocrx_word' id='word_1_519' title='bbox 1553 421 1580 444; x_wconf 93' lang='lat' dir='ltr'><strong>nt</strong></span> <span class='ocrx_word' id='word_1_520' title='bbox 1594 417 1691 446; x_wconf 79' lang='lat' dir='ltr'><strong>fastum</strong></span> <span class='ocrx_word' id='word_1_521' title='bbox 1705 420 1821 454; x_wconf 86' lang='lat' dir='ltr'><strong>tolleret,</strong></span> <span class='ocrx_word' id='word_1_522' title='bbox 1844 422 1882 449; x_wconf 79' lang='lat' dir='ltr'><strong>sic</strong></span> 
     </span>
    </p>
   </div>
   <div class='ocr_carea' id='block_1_67' title="bbox 1092 457 1882 501">
    <p class='ocr_par' dir='ltr' id='par_1_67' title="bbox 1092 457 1882 501">
     <span class='ocr_line' id='line_1_67' title="bbox 1092 457 1882 501; baseline 0.013 -17"><span class='ocrx_word' id='word_1_523' title='bbox 1092 457 1218 492; x_wconf 78' lang='lat' dir='ltr'><strong>loquutus</strong></span> <span class='ocrx_word' id='word_1_524' title='bbox 1232 458 1335 492; x_wconf 86' lang='lat' dir='ltr'><strong>fuerat;</strong></span> <span class='ocrx_word' id='word_1_525' title='bbox 1350 467 1410 487; x_wconf 91' lang='lat' dir='ltr'><strong>cum</strong></span> <span class='ocrx_word' id='word_1_526' title='bbox 1426 467 1515 488; x_wconf 79' lang='lat' dir='ltr'><strong>autem</strong></span> <span class='ocrx_word' id='word_1_527' title='bbox 1531 462 1555 489; x_wconf 90' lang='lat' dir='ltr'><strong>id</strong></span> <span class='ocrx_word' id='word_1_528' title='bbox 1571 463 1608 490; x_wconf 90' lang='lat' dir='ltr'><strong>illi</strong></span> <span class='ocrx_word' id='word_1_529' title='bbox 1623 471 1676 495; x_wconf 85' lang='lat' dir='ltr'><strong>non</strong></span> <span class='ocrx_word' id='word_1_530' title='bbox 1692 464 1882 501; x_wconf 82' lang='lat' dir='ltr'><strong>intelligerent,</strong></span> 
     </span>
    </p>
   </div>
   <div class='ocr_carea' id='block_1_68' title="bbox 1090 502 1881 544">
    <p class='ocr_par' dir='ltr' id='par_1_68' title="bbox 1090 502 1881 544">
     <span class='ocr_line' id='line_1_68' title="bbox 1090 502 1881 544; baseline 0.015 -17"><span class='ocrx_word' id='word_1_531' title='bbox 1090 502 1198 536; x_wconf 82' lang='lat' dir='ltr'><strong>adjecit,</strong></span> <span class='ocrx_word' id='word_1_532' title='bbox 1215 502 1332 538; x_wconf 70' lang='lat' dir='ltr'><strong>Mortuus</strong></span> <span class='ocrx_word' id='word_1_533' title='bbox 1345 510 1391 538; x_wconf 81' lang='lat' dir='ltr'><strong>est,</strong></span> <span class='ocrx_word' id='word_1_534' title='bbox 1412 505 1454 533; x_wconf 82' lang='lat' dir='ltr'><strong>i5.</strong></span> <span class='ocrx_word' id='word_1_535' title='bbox 1471 511 1495 533; x_wconf 86' lang='lat' dir='ltr'><strong>et</strong></span> <span class='ocrx_word' id='word_1_536' title='bbox 1509 508 1607 541; x_wconf 86' lang='lat' dir='ltr'><strong>gaudeo</strong></span> <span class='ocrx_word' id='word_1_537' title='bbox 1622 514 1726 543; x_wconf 79' lang='lat' dir='ltr'><strong>propter</strong></span> <span class='ocrx_word' id='word_1_538' title='bbox 1739 519 1792 537; x_wconf 77' lang='lat' dir='ltr'><strong>vos.</strong></span> <span class='ocrx_word' id='word_1_539' title='bbox 1818 512 1881 544; x_wconf 85' lang='lat' dir='ltr'><strong>Cor,</strong></span> 
     </span>
    </p>
   </div>
   <div class='ocr_carea' id='block_1_69' title="bbox 1093 547 1881 591">
    <p class='ocr_par' dir='ltr' id='par_1_69' title="bbox 1093 547 1881 591">
     <span class='ocr_line' id='line_1_69' title="bbox 1093 547 1881 591; baseline 0.014 -18"><span class='ocrx_word' id='word_1_540' title='bbox 1093 547 1202 582; x_wconf 81' lang='lat' dir='ltr'><strong>Propter</strong></span> <span class='ocrx_word' id='word_1_541' title='bbox 1220 549 1285 576; x_wconf 79' lang='lat' dir='ltr'><strong>vos?</strong></span> <span class='ocrx_word' id='word_1_542' title='bbox 1305 549 1380 584; x_wconf 86' lang='lat' dir='ltr'><strong>Quod</strong></span> <span class='ocrx_word' id='word_1_543' title='bbox 1395 551 1494 579; x_wconf 70' lang='lat' dir='ltr'><strong>absens</strong></span> <span class='ocrx_word' id='word_1_544' title='bbox 1509 552 1697 586; x_wconf 70' lang='lat' dir='ltr'><strong>pra&#39;dixerim:</strong></span> <span class='ocrx_word' id='word_1_545' title='bbox 1715 556 1804 591; x_wconf 87' lang='lat' dir='ltr'><strong>itaque</strong></span> <span class='ocrx_word' id='word_1_546' title='bbox 1821 565 1881 584; x_wconf 87' lang='lat' dir='ltr'><strong>cum</strong></span> 
     </span>
    </p>
   </div>
   <div class='ocr_carea' id='block_1_70' title="bbox 1090 594 1882 637">
    <p class='ocr_par' dir='ltr' id='par_1_70' title="bbox 1090 594 1882 637">
     <span class='ocr_line' id='line_1_70' title="bbox 1090 594 1882 637; baseline 0.013 -18"><span class='ocrx_word' id='word_1_547' title='bbox 1090 594 1295 626; x_wconf 83' lang='lat' dir='ltr'><strong>resuscitavero,</strong></span> <span class='ocrx_word' id='word_1_548' title='bbox 1311 596 1382 623; x_wconf 87' lang='lat' dir='ltr'><strong>nulla</strong></span> <span class='ocrx_word' id='word_1_549' title='bbox 1397 598 1546 625; x_wconf 86' lang='lat' dir='ltr'><strong>remanebit</strong></span> <span class='ocrx_word' id='word_1_550' title='bbox 1559 599 1686 633; x_wconf 80' lang='lat' dir='ltr'><strong>suspicio.</strong></span> <span class='ocrx_word' id='word_1_551' title='bbox 1706 601 1800 629; x_wconf 82' lang='lat' dir='ltr'><strong>Viden‘</strong></span> <span class='ocrx_word' id='word_1_552' title='bbox 1813 611 1882 637; x_wconf 87' lang='lat' dir='ltr'><strong>quo-</strong></span> 
     </span>
    </p>
   </div>
   <div class='ocr_carea' id='block_1_71' title="bbox 1089 638 1882 684">
    <p class='ocr_par' dir='ltr' id='par_1_71' title="bbox 1089 638 1882 684">
     <span class='ocr_line' id='line_1_71' title="bbox 1089 638 1882 684; baseline 0.014 -19"><span class='ocrx_word' id='word_1_553' title='bbox 1089 638 1169 666; x_wconf 87' lang='lat' dir='ltr'><strong>modo</strong></span> <span class='ocrx_word' id='word_1_554' title='bbox 1182 639 1268 667; x_wconf 86' lang='lat' dir='ltr'><strong>adhuc</strong></span> <span class='ocrx_word' id='word_1_555' title='bbox 1282 640 1494 676; x_wconf 87' lang='lat' dir='ltr'><strong>imperfectiores</strong></span> <span class='ocrx_word' id='word_1_556' title='bbox 1505 649 1597 672; x_wconf 87' lang='lat' dir='ltr'><strong>essent</strong></span> <span class='ocrx_word' id='word_1_557' title='bbox 1609 645 1742 681; x_wconf 85' lang='lat' dir='ltr'><strong>discipuli,</strong></span> <span class='ocrx_word' id='word_1_558' title='bbox 1757 656 1807 676; x_wconf 88' lang='lat' dir='ltr'><strong>nec</strong></span> <span class='ocrx_word' id='word_1_559' title='bbox 1822 649 1882 684; x_wconf 77' lang='lat' dir='ltr'><strong>ejus</strong></span> 
     </span>
    </p>
   </div>
   <div class='ocr_carea' id='block_1_72' title="bbox 1089 685 1881 726">
    <p class='ocr_par' dir='ltr' id='par_1_72' title="bbox 1089 685 1881 726">
     <span class='ocr_line' id='line_1_72' title="bbox 1089 685 1881 726; baseline 0.014 -15"><span class='ocrx_word' id='word_1_560' title='bbox 1089 685 1213 713; x_wconf 89' lang='lat' dir='ltr'><strong>virtutem</strong></span> <span class='ocrx_word' id='word_1_561' title='bbox 1227 691 1255 713; x_wconf 94' lang='lat' dir='ltr'><strong>nt</strong></span> <span class='ocrx_word' id='word_1_562' title='bbox 1275 694 1323 721; x_wconf 84' lang='lat' dir='ltr'><strong>par</strong></span> <span class='ocrx_word' id='word_1_563' title='bbox 1341 692 1400 715; x_wconf 81' lang='lat' dir='ltr'><strong>erat</strong></span> <span class='ocrx_word' id='word_1_564' title='bbox 1420 691 1633 723; x_wconf 74' lang='lat' dir='ltr'><strong>cognoscerent?</strong></span> <span class='ocrx_word' id='word_1_565' title='bbox 1650 692 1726 726; x_wconf 86' lang='lat' dir='ltr'><strong>Quod</strong></span> <span class='ocrx_word' id='word_1_566' title='bbox 1750 702 1782 721; x_wconf 81' lang='lat' dir='ltr'><strong>ex</strong></span> <span class='ocrx_word' id='word_1_567' title='bbox 1809 700 1881 723; x_wconf 84' lang='lat' dir='ltr'><strong>ructu</strong></span> 
     </span>
    </p>
   </div>
   <div class='ocr_carea' id='block_1_73' title="bbox 1089 731 1881 770">
    <p class='ocr_par' dir='ltr' id='par_1_73' title="bbox 1089 731 1881 770">
     <span class='ocr_line' id='line_1_73' title="bbox 1089 731 1881 770; baseline 0.013 -12"><span class='ocrx_word' id='word_1_568' title='bbox 1089 731 1195 759; x_wconf 90' lang='lat' dir='ltr'><strong>illorum</strong></span> <span class='ocrx_word' id='word_1_569' title='bbox 1218 733 1324 761; x_wconf 83' lang='lat' dir='ltr'><strong>animos</strong></span> <span class='ocrx_word' id='word_1_570' title='bbox 1347 735 1473 762; x_wconf 89' lang='lat' dir='ltr'><strong>turbante</strong></span> <span class='ocrx_word' id='word_1_571' title='bbox 1494 738 1676 770; x_wconf 83' lang='lat' dir='ltr'><strong>proreniebat.</strong></span> <span class='ocrx_word' id='word_1_572' title='bbox 1706 740 1737 767; x_wconf 86' lang='lat' dir='ltr'><strong>Et</strong></span> <span class='ocrx_word' id='word_1_573' title='bbox 1760 748 1820 767; x_wconf 90' lang='lat' dir='ltr'><strong>cum</strong></span> <span class='ocrx_word' id='word_1_574' title='bbox 1838 742 1881 768; x_wconf 90' lang='lat' dir='ltr'><strong>di-</strong></span> 
     </span>
    </p>
   </div>
   <div class='ocr_carea' id='block_1_74' title="bbox 1089 777 1881 818">
    <p class='ocr_par' dir='ltr' id='par_1_74' title="bbox 1089 777 1881 818">
     <span class='ocr_line' id='line_1_74' title="bbox 1089 777 1881 818; baseline 0.013 -15"><span class='ocrx_word' id='word_1_575' title='bbox 1089 777 1136 808; x_wconf 79' lang='lat' dir='ltr'><strong>xit,</strong></span> <span class='ocrx_word' id='word_1_576' title='bbox 1154 777 1264 811; x_wconf 82' lang='lat' dir='ltr'><strong>Dormit,</strong></span> <span class='ocrx_word' id='word_1_577' title='bbox 1283 779 1393 811; x_wconf 82' lang='lat' dir='ltr'><strong>addidit,</strong></span> <span class='ocrx_word' id='word_1_578' title='bbox 1413 779 1484 807; x_wconf 84' lang='lat' dir='ltr'><strong>Vada</strong></span> <span class='ocrx_word' id='word_1_579' title='bbox 1499 786 1525 808; x_wconf 88' lang='lat' dir='ltr'><strong>ut</strong></span> <span class='ocrx_word' id='word_1_580' title='bbox 1537 783 1641 809; x_wconf 63' lang='lat' dir='ltr'><strong>excitem</strong></span> <span class='ocrx_word' id='word_1_581' title='bbox 1660 793 1734 818; x_wconf 76' lang='lat' dir='ltr'><strong>eum;</strong></span> <span class='ocrx_word' id='word_1_582' title='bbox 1756 794 1816 812; x_wconf 76' lang='lat' dir='ltr'><strong>cum</strong></span> <span class='ocrx_word' id='word_1_583' title='bbox 1833 794 1881 813; x_wconf 82' lang='lat' dir='ltr'><strong>an-</strong></span> 
     </span>
    </p>
   </div>
   <div class='ocr_carea' id='block_1_75' title="bbox 1089 822 1882 863">
    <p class='ocr_par' dir='ltr' id='par_1_75' title="bbox 1089 822 1882 863">
     <span class='ocr_line' id='line_1_75' title="bbox 1089 822 1882 863; baseline 0.013 -15"><span class='ocrx_word' id='word_1_584' title='bbox 1089 826 1142 849; x_wconf 68' lang='grc' dir='ltr'><em>ιιιιι]</em></span> <span class='ocrx_word' id='word_1_585' title='bbox 1156 822 1233 853; x_wconf 80' lang='lat' dir='ltr'><strong>dixit.</strong></span> <span class='ocrx_word' id='word_1_586' title='bbox 1249 823 1367 852; x_wconf 80' lang='lat' dir='ltr'><strong>Mortuus</strong></span> <span class='ocrx_word' id='word_1_587' title='bbox 1381 831 1427 858; x_wconf 80' lang='lat' dir='ltr'><strong>est,</strong></span> <span class='ocrx_word' id='word_1_588' title='bbox 1444 834 1495 853; x_wconf 91' lang='lat' dir='ltr'><strong>non</strong></span> <span class='ocrx_word' id='word_1_589' title='bbox 1508 827 1563 861; x_wconf 85' lang='lat' dir='ltr'><strong>jam</strong></span> <span class='ocrx_word' id='word_1_590' title='bbox 1579 828 1780 863; x_wconf 85' lang='lat' dir='ltr'><strong>addidit,Vado,</strong></span> <span class='ocrx_word' id='word_1_591' title='bbox 1798 837 1825 858; x_wconf 87' lang='lat' dir='ltr'><strong>ut</strong></span> <span class='ocrx_word' id='word_1_592' title='bbox 1839 841 1882 858; x_wconf 80' lang='lat' dir='ltr'><strong>su-</strong></span> 
     </span>
    </p>
   </div>
   <div class='ocr_carea' id='block_1_76' title="bbox 1087 867 1880 911">
    <p class='ocr_par' dir='ltr' id='par_1_76' title="bbox 1087 867 1880 911">
     <span class='ocr_line' id='line_1_76' title="bbox 1087 867 1880 911; baseline 0.014 -18"><span class='ocrx_word' id='word_1_593' title='bbox 1087 867 1173 894; x_wconf 75' lang='lat' dir='ltr'><strong>scitcm</strong></span> <span class='ocrx_word' id='word_1_594' title='bbox 1187 876 1254 896; x_wconf 89' lang='lat' dir='ltr'><strong>eum.</strong></span> <span class='ocrx_word' id='word_1_595' title='bbox 1271 869 1328 896; x_wconf 89' lang='lat' dir='ltr'><strong>Non</strong></span> <span class='ocrx_word' id='word_1_596' title='bbox 1348 871 1419 898; x_wconf 89' lang='lat' dir='ltr'><strong>enim</strong></span> <span class='ocrx_word' id='word_1_597' title='bbox 1436 872 1541 899; x_wconf 84' lang='lat' dir='ltr'><strong>volebat</strong></span> <span class='ocrx_word' id='word_1_598' title='bbox 1555 881 1586 900; x_wconf 78' lang='lat' dir='ltr'><strong>ex</strong></span> <span class='ocrx_word' id='word_1_599' title='bbox 1605 874 1693 902; x_wconf 83' lang='lat' dir='ltr'><strong>verbis</strong></span> <span class='ocrx_word' id='word_1_600' title='bbox 1712 876 1860 911; x_wconf 72' lang='lat' dir='ltr'><strong>pra-dicere</strong></span> <span class='ocrx_word' id='word_1_601' title='bbox 1871 897 1880 910; x_wconf 87' lang='lat'><strong>,</strong></span> 
     </span>
    </p>
   </div>
   <div class='ocr_carea' id='block_1_77' title="bbox 1087 917 1880 956">
    <p class='ocr_par' dir='ltr' id='par_1_77' title="bbox 1087 917 1880 956">
     <span class='ocr_line' id='line_1_77' title="bbox 1087 917 1880 956; baseline 0.008 -13"><span class='ocrx_word' id='word_1_602' title='bbox 1087 924 1147 951; x_wconf 60' lang='lat' dir='ltr'><strong>quae</strong></span> <span class='ocrx_word' id='word_1_603' title='bbox 1162 923 1243 951; x_wconf 86' lang='lat' dir='ltr'><strong>opere</strong></span> <span class='ocrx_word' id='word_1_604' title='bbox 1257 917 1463 945; x_wconf 80' lang='lat' dir='ltr'><strong>confirmaturus</strong></span> <span class='ocrx_word' id='word_1_605' title='bbox 1481 924 1550 950; x_wconf 84' lang='lat' dir='ltr'><strong>erat,</strong></span> <span class='ocrx_word' id='word_1_606' title='bbox 1567 927 1616 947; x_wconf 74' lang='grc'><strong>1108</strong></span> <span class='ocrx_word' id='word_1_607' title='bbox 1634 928 1741 956; x_wconf 87' lang='lat' dir='ltr'><strong>semper</strong></span> <span class='ocrx_word' id='word_1_608' title='bbox 1760 922 1880 956; x_wconf 72' lang='lat' dir='ltr'><strong>docens,</strong></span> 
     </span>
    </p>
   </div>
   <div class='ocr_carea' id='block_1_78' title="bbox 1088 963 1882 1000">
    <p class='ocr_par' dir='ltr' id='par_1_78' title="bbox 1088 963 1882 1000">
     <span class='ocr_line' id='line_1_78' title="bbox 1088 963 1882 1000; baseline 0.008 -12"><span class='ocrx_word' id='word_1_609' title='bbox 1088 970 1182 989; x_wconf 88' lang='lat' dir='ltr'><strong>vanam</strong></span> <span class='ocrx_word' id='word_1_610' title='bbox 1196 963 1308 998; x_wconf 78' lang='lat' dir='ltr'><strong>gloriam</strong></span> <span class='ocrx_word' id='word_1_611' title='bbox 1323 970 1385 990; x_wconf 85' lang='lat' dir='ltr'><strong>esse</strong></span> <span class='ocrx_word' id='word_1_612' title='bbox 1404 963 1567 998; x_wconf 75' lang='lat' dir='ltr'><strong>fugiendam,</strong></span> <span class='ocrx_word' id='word_1_613' title='bbox 1593 972 1679 1000; x_wconf 85' lang='lat' dir='ltr'><strong>neque</strong></span> <span class='ocrx_word' id='word_1_614' title='bbox 1702 971 1802 994; x_wconf 77' lang='lat' dir='ltr'><strong>temere</strong></span> <span class='ocrx_word' id='word_1_615' title='bbox 1821 975 1882 994; x_wconf 66' lang='lat' dir='ltr'><strong>csse</strong></span> 
     </span>
    </p>
   </div>
   <div class='ocr_carea' id='block_1_79' title="bbox 1089 1008 1882 1045">
    <p class='ocr_par' dir='ltr' id='par_1_79' title="bbox 1089 1008 1882 1045">
     <span class='ocr_line' id='line_1_79' title="bbox 1089 1008 1882 1045; baseline 0.008 -11"><span class='ocrx_word' id='word_1_616' title='bbox 1089 1008 1310 1043; x_wconf 88' lang='lat' dir='ltr'><strong>promittendum.</strong></span> <span class='ocrx_word' id='word_1_617' title='bbox 1335 1008 1410 1042; x_wconf 88' lang='lat' dir='ltr'><strong>Quod</strong></span> <span class='ocrx_word' id='word_1_618' title='bbox 1426 1009 1447 1036; x_wconf 91' lang='lat' dir='ltr'><strong>si</strong></span> <span class='ocrx_word' id='word_1_619' title='bbox 1462 1015 1569 1045; x_wconf 80' lang='lat' dir='ltr'><strong>rogatus</strong></span> <span class='ocrx_word' id='word_1_620' title='bbox 1590 1010 1640 1038; x_wconf 88' lang='lat' dir='ltr'><strong>hoc</strong></span> <span class='ocrx_word' id='word_1_621' title='bbox 1655 1013 1804 1039; x_wconf 83' lang='lat' dir='ltr'><strong>centurioni</strong></span> <span class='ocrx_word' id='word_1_622' title='bbox 1820 1013 1882 1040; x_wconf 71' lang='lat' dir='ltr'><strong>fecit</strong></span> 
     </span>
    </p>
   </div>
   <div class='ocr_carea' id='block_1_80' title="bbox 1088 1054 1881 1093">
    <p class='ocr_par' dir='ltr' id='par_1_80' title="bbox 1088 1054 1881 1093">
     <span class='ocr_line' id='line_1_80' title="bbox 1088 1054 1881 1093; baseline 0.005 -13"><span class='ocrx_word' id='word_1_623' title='bbox 1088 1054 1255 1087; x_wconf 83' lang='lat' dir='ltr'><strong>(dixitenim,</strong></span> <span class='ocrx_word' id='word_1_624' title='bbox 1268 1054 1323 1090; x_wconf 82' lang='lat' dir='ltr'><strong>Ego</strong></span> <span class='ocrx_word' id='word_1_625' title='bbox 1337 1055 1450 1087; x_wconf 84' lang='lat' dir='ltr'><strong>veniam;</strong></span> <span class='ocrx_word' id='word_1_626' title='bbox 1463 1059 1485 1081; x_wconf 85' lang='lat' dir='ltr'><strong>et</strong></span> <span class='ocrx_word' id='word_1_627' title='bbox 1495 1055 1587 1082; x_wconf 83' lang='lat' dir='ltr'><strong>curabo</strong></span> <span class='ocrx_word' id='word_1_628' title='bbox 1596 1065 1652 1083; x_wconf 85' lang='lat' dir='ltr'><strong>eum</strong></span> <span class='ocrx_word' id='word_1_629' title='bbox 1665 1055 1771 1093; x_wconf 65' lang='lat' dir='ltr'><strong>[Matt/1.</strong></span> <span class='ocrx_word' id='word_1_630' title='bbox 1783 1058 1809 1084; x_wconf 85' lang='lat'><strong>8.</strong></span> <span class='ocrx_word' id='word_1_631' title='bbox 1822 1057 1849 1093; x_wconf 82' lang='lat'><strong>7]</strong></span> <span class='ocrx_word' id='word_1_632' title='bbox 1858 1058 1881 1091; x_wconf 89' lang='lat'><strong>);</strong></span> 
     </span>
    </p>
   </div>
   <div class='ocr_carea' id='block_1_81' title="bbox 1088 1099 1881 1138">
    <p class='ocr_par' dir='ltr' id='par_1_81' title="bbox 1088 1099 1881 1138">
     <span class='ocr_line' id='line_1_81' title="bbox 1088 1099 1881 1138; baseline 0.008 -12"><span class='ocrx_word' id='word_1_633' title='bbox 1088 1099 1114 1126; x_wconf 93' lang='lat' dir='ltr'><strong>id</strong></span> <span class='ocrx_word' id='word_1_634' title='bbox 1129 1099 1206 1133; x_wconf 83' lang='lat' dir='ltr'><strong>dixit,</strong></span> <span class='ocrx_word' id='word_1_635' title='bbox 1222 1105 1250 1127; x_wconf 93' lang='lat' dir='ltr'><strong>ut</strong></span> <span class='ocrx_word' id='word_1_636' title='bbox 1262 1100 1320 1135; x_wconf 89' lang='lat' dir='ltr'><strong>ejus</strong></span> <span class='ocrx_word' id='word_1_637' title='bbox 1335 1101 1412 1128; x_wconf 85' lang='lat' dir='ltr'><strong>fidem</strong></span> <span class='ocrx_word' id='word_1_638' title='bbox 1427 1101 1592 1129; x_wconf 80' lang='lat' dir='ltr'><strong>ostenderet.</strong></span> <span class='ocrx_word' id='word_1_639' title='bbox 1609 1102 1636 1130; x_wconf 92' lang='lat' dir='ltr'><strong>Si</strong></span> <span class='ocrx_word' id='word_1_640' title='bbox 1650 1103 1710 1138; x_wconf 86' lang='lat' dir='ltr'><strong>quis</strong></span> <span class='ocrx_word' id='word_1_641' title='bbox 1725 1112 1790 1131; x_wconf 82' lang='lat' dir='ltr'><strong>vero</strong></span> <span class='ocrx_word' id='word_1_642' title='bbox 1803 1104 1881 1132; x_wconf 77' lang='lat' dir='ltr'><strong>dixe-</strong></span> 
     </span>
    </p>
   </div>
   <div class='ocr_carea' id='block_1_82' title="bbox 1088 1147 1883 1185">
    <p class='ocr_par' dir='ltr' id='par_1_82' title="bbox 1088 1147 1883 1185">
     <span class='ocr_line' id='line_1_82' title="bbox 1088 1147 1883 1185; baseline 0.006 -12"><span class='ocrx_word' id='word_1_643' title='bbox 1088 1147 1132 1178; x_wconf 89' lang='lat' dir='ltr'><strong>rit,</strong></span> <span class='ocrx_word' id='word_1_644' title='bbox 1147 1147 1200 1174; x_wconf 91' lang='lat' dir='ltr'><strong>Cur</strong></span> <span class='ocrx_word' id='word_1_645' title='bbox 1210 1155 1333 1174; x_wconf 90' lang='lat' dir='ltr'><strong>somnum</strong></span> <span class='ocrx_word' id='word_1_646' title='bbox 1354 1147 1560 1182; x_wconf 85' lang='lat' dir='ltr'><strong>suspicabantur</strong></span> <span class='ocrx_word' id='word_1_647' title='bbox 1571 1157 1632 1176; x_wconf 88' lang='lat' dir='ltr'><strong>esse</strong></span> <span class='ocrx_word' id='word_1_648' title='bbox 1643 1149 1779 1185; x_wconf 84' lang='lat' dir='ltr'><strong>discipuli,</strong></span> <span class='ocrx_word' id='word_1_649' title='bbox 1794 1158 1883 1185; x_wconf 72' lang='lat' dir='ltr'><strong>neque</strong></span> 
     </span>
    </p>
   </div>
   <div class='ocr_carea' id='block_1_83' title="bbox 1087 1194 1883 1226">
    <p class='ocr_par' dir='ltr' id='par_1_83' title="bbox 1087 1194 1883 1226">
     <span class='ocr_line' id='line_1_83' title="bbox 1087 1194 1883 1226; baseline 0.006 -8"><span class='ocrx_word' id='word_1_650' title='bbox 1087 1196 1220 1219; x_wconf 48' lang='lat' dir='ltr'><strong>noverunt</strong></span> <span class='ocrx_word' id='word_1_651' title='bbox 1233 1197 1366 1220; x_wconf 90' lang='lat' dir='ltr'><strong>mortuum</strong></span> <span class='ocrx_word' id='word_1_652' title='bbox 1382 1200 1452 1224; x_wconf 84' lang='lat' dir='ltr'><strong>esse.</strong></span> <span class='ocrx_word' id='word_1_653' title='bbox 1465 1201 1526 1222; x_wconf 92' lang='lat' dir='ltr'><strong>cum</strong></span> <span class='ocrx_word' id='word_1_654' title='bbox 1540 1194 1650 1226; x_wconf 85' lang='lat' dir='ltr'><strong>diceret,</strong></span> <span class='ocrx_word' id='word_1_655' title='bbox 1679 1195 1778 1222; x_wconf 86' lang='lat' dir='ltr'><strong>Vadam</strong></span> <span class='ocrx_word' id='word_1_656' title='bbox 1793 1202 1819 1223; x_wconf 88' lang='lat' dir='ltr'><strong>et</strong></span> <span class='ocrx_word' id='word_1_657' title='bbox 1835 1204 1883 1223; x_wconf 85' lang='lat' dir='ltr'><strong>en-</strong></span> 
     </span>
    </p>
   </div>
   <div class='ocr_carea' id='block_1_84' title="bbox 1088 1237 1872 1275">
    <p class='ocr_par' dir='ltr' id='par_1_84' title="bbox 1088 1237 1872 1275">
     <span class='ocr_line' id='line_1_84' title="bbox 1088 1237 1872 1275; baseline 0.006 -12"><span class='ocrx_word' id='word_1_658' title='bbox 1088 1237 1153 1264; x_wconf 82' lang='lat' dir='ltr'><strong>rabu</strong></span> <span class='ocrx_word' id='word_1_659' title='bbox 1173 1238 1252 1264; x_wconf 79' lang='lat' dir='ltr'><strong>eum?</strong></span> <span class='ocrx_word' id='word_1_660' title='bbox 1277 1237 1408 1274; x_wconf 88' lang='lat' dir='ltr'><strong>(stultum</strong></span> <span class='ocrx_word' id='word_1_661' title='bbox 1430 1239 1503 1266; x_wconf 89' lang='lat' dir='ltr'><strong>enim</strong></span> <span class='ocrx_word' id='word_1_662' title='bbox 1523 1244 1582 1267; x_wconf 87' lang='lat' dir='ltr'><strong>erat</strong></span> <span class='ocrx_word' id='word_1_663' title='bbox 1596 1240 1617 1266; x_wconf 90' lang='lat' dir='ltr'><strong>si</strong></span> <span class='ocrx_word' id='word_1_664' title='bbox 1633 1245 1757 1275; x_wconf 83' lang='lat' dir='ltr'><strong>putarent</strong></span> <span class='ocrx_word' id='word_1_665' title='bbox 1777 1241 1872 1268; x_wconf 85' lang='lat' dir='ltr'><strong>.lesnm</strong></span> 
     </span>
    </p>
   </div>
   <div class='ocr_carea' id='block_1_85' title="bbox 1087 1281 1882 1321">
    <p class='ocr_par' dir='ltr' id='par_1_85' title="bbox 1087 1281 1882 1321">
     <span class='ocr_line' id='line_1_85' title="bbox 1087 1281 1882 1321; baseline 0.009 -14"><span class='ocrx_word' id='word_1_666' title='bbox 1087 1281 1238 1317; x_wconf 85' lang='lat' dir='ltr'><strong>quindecim</strong></span> <span class='ocrx_word' id='word_1_667' title='bbox 1251 1283 1336 1310; x_wconf 79' lang='lat' dir='ltr'><strong>stadia</strong></span> <span class='ocrx_word' id='word_1_668' title='bbox 1356 1283 1541 1312; x_wconf 86' lang='lat' dir='ltr'><strong>confecturum</strong></span> <span class='ocrx_word' id='word_1_669' title='bbox 1559 1292 1638 1319; x_wconf 83' lang='lat' dir='ltr'><strong>esse,</strong></span> <span class='ocrx_word' id='word_1_670' title='bbox 1654 1289 1683 1312; x_wconf 91' lang='lat' dir='ltr'><strong>ut</strong></span> <span class='ocrx_word' id='word_1_671' title='bbox 1697 1286 1771 1314; x_wconf 91' lang='lat' dir='ltr'><strong>illum</strong></span> <span class='ocrx_word' id='word_1_672' title='bbox 1786 1295 1882 1321; x_wconf 75' lang='lat' dir='ltr'><strong>exper-</strong></span> 
     </span>
    </p>
   </div>
   <div class='ocr_carea' id='block_1_86' title="bbox 1086 1327 1881 1368">
    <p class='ocr_par' dir='ltr' id='par_1_86' title="bbox 1086 1327 1881 1368">
     <span class='ocr_line' id='line_1_86' title="bbox 1086 1327 1881 1368; baseline 0.009 -15"><span class='ocrx_word' id='word_1_673' title='bbox 1086 1327 1221 1362; x_wconf 73' lang='lat' dir='ltr'><strong>gefaceret</strong></span> <span class='ocrx_word' id='word_1_674' title='bbox 1236 1327 1245 1363; x_wconf 90' lang='lat'><strong>)</strong></span> <span class='ocrx_word' id='word_1_675' title='bbox 1261 1337 1268 1354; x_wconf 73' lang='grc' dir='ltr'><strong>ε</strong></span> <span class='ocrx_word' id='word_1_676' title='bbox 1284 1329 1463 1364; x_wconf 83' lang='lat' dir='ltr'><strong>respondebo,</strong></span> <span class='ocrx_word' id='word_1_677' title='bbox 1491 1335 1598 1365; x_wconf 87' lang='lat' dir='ltr'><strong>putasse</strong></span> <span class='ocrx_word' id='word_1_678' title='bbox 1619 1331 1680 1359; x_wconf 87' lang='lat' dir='ltr'><strong>illos</strong></span> <span class='ocrx_word' id='word_1_679' title='bbox 1696 1331 1748 1360; x_wconf 91' lang='lat' dir='ltr'><strong>hoc</strong></span> <span class='ocrx_word' id='word_1_680' title='bbox 1767 1333 1881 1368; x_wconf 71' lang='lat' dir='ltr'><strong>antigum</strong></span> 
     </span>
    </p>
   </div>
   <div class='ocr_carea' id='block_1_87' title="bbox 1087 1374 1568 1410">
    <p class='ocr_par' dir='ltr' id='par_1_87' title="bbox 1087 1374 1568 1410">
     <span class='ocr_line' id='line_1_87' title="bbox 1087 1374 1568 1410; baseline 0.006 -9"><span class='ocrx_word' id='word_1_681' title='bbox 1087 1381 1157 1406; x_wconf 83' lang='lat' dir='ltr'><strong>esse,</strong></span> <span class='ocrx_word' id='word_1_682' title='bbox 1173 1380 1202 1401; x_wconf 92' lang='lat' dir='ltr'><strong>ut</strong></span> <span class='ocrx_word' id='word_1_683' title='bbox 1214 1374 1266 1402; x_wconf 85' lang='lat' dir='ltr'><strong>alia</strong></span> <span class='ocrx_word' id='word_1_684' title='bbox 1281 1375 1363 1402; x_wconf 84' lang='lat' dir='ltr'><strong>multa</strong></span> <span class='ocrx_word' id='word_1_685' title='bbox 1379 1384 1438 1410; x_wconf 77' lang='lat' dir='ltr'><strong>quuc</strong></span> <span class='ocrx_word' id='word_1_686' title='bbox 1453 1375 1568 1404; x_wconf 80' lang='lat' dir='ltr'><strong>dicebat.</strong></span> 
     </span>
    </p>
   </div>
   <div class='ocr_carea' id='block_1_88' title="bbox 1124 1420 1882 1459">
    <p class='ocr_par' dir='ltr' id='par_1_88' title="bbox 1124 1420 1882 1459">
     <span class='ocr_line' id='line_1_88' title="bbox 1124 1420 1882 1459; baseline 0.007 -13"><span class='ocrx_word' id='word_1_687' title='bbox 1124 1420 1234 1447; x_wconf 79' lang='lat' dir='ltr'><strong>Thomas</strong></span> <span class='ocrx_word' id='word_1_688' title='bbox 1257 1421 1370 1448; x_wconf 81' lang='lat' dir='ltr'><strong>onusium</strong></span> <span class='ocrx_word' id='word_1_689' title='bbox 1395 1422 1583 1456; x_wconf 81' lang='lat' dir='ltr'><strong>inﬁrmissimus</strong></span> <span class='ocrx_word' id='word_1_690' title='bbox 1612 1428 1700 1458; x_wconf 71' lang='lat' dir='ltr'><strong>postea</strong></span> <span class='ocrx_word' id='word_1_691' title='bbox 1726 1425 1882 1459; x_wconf 82' lang='lat' dir='ltr'><strong>fortissimus</strong></span> 
     </span>
    </p>
   </div>
   <div class='ocr_carea' id='block_1_89' title="bbox 1087 1467 1879 1506">
    <p class='ocr_par' dir='ltr' id='par_1_89' title="bbox 1087 1467 1879 1506">
     <span class='ocr_line' id='line_1_89' title="bbox 1087 1467 1879 1506; baseline 0.006 -13"><span class='ocrx_word' id='word_1_692' title='bbox 1087 1467 1190 1500; x_wconf 75' lang='lat' dir='ltr'><strong>effectus</strong></span> <span class='ocrx_word' id='word_1_693' title='bbox 1214 1472 1260 1494; x_wconf 87' lang='lat' dir='ltr'><strong>est.</strong></span> <span class='ocrx_word' id='word_1_694' title='bbox 1283 1483 1318 1487; x_wconf 98' lang='lat'>—</span> <span class='ocrx_word' id='word_1_695' title='bbox 1337 1467 1437 1495; x_wconf 84' lang='lat' dir='ltr'><strong>Omnes</strong></span> <span class='ocrx_word' id='word_1_696' title='bbox 1461 1468 1550 1502; x_wconf 86' lang='lat' dir='ltr'><strong>itaque</strong></span> <span class='ocrx_word' id='word_1_697' title='bbox 1566 1468 1721 1496; x_wconf 80' lang='lat' dir='ltr'><strong>Jud:cornm</strong></span> <span class='ocrx_word' id='word_1_698' title='bbox 1749 1470 1879 1506; x_wconf 77' lang='lat' dir='ltr'><strong>impetitur</strong></span> 
     </span>
    </p>
   </div>
   <div class='ocr_carea' id='block_1_90' title="bbox 1089 1513 1879 1548">
    <p class='ocr_par' dir='ltr' id='par_1_90' title="bbox 1089 1513 1879 1548">
     <span class='ocr_line' id='line_1_90' title="bbox 1089 1513 1879 1548; baseline 0.001 -8"><span class='ocrx_word' id='word_1_699' title='bbox 1089 1513 1282 1542; x_wconf 83' lang='lat' dir='ltr'><strong>formidabant:</strong></span> <span class='ocrx_word' id='word_1_700' title='bbox 1299 1514 1417 1541; x_wconf 88' lang='lat' dir='ltr'><strong>omnimn</strong></span> <span class='ocrx_word' id='word_1_701' title='bbox 1434 1514 1550 1542; x_wconf 84' lang='lat' dir='ltr'><strong>maxime</strong></span> <span class='ocrx_word' id='word_1_702' title='bbox 1566 1514 1684 1542; x_wconf 81' lang='lat' dir='ltr'><strong>Thomas</strong></span> <span class='ocrx_word' id='word_1_703' title='bbox 1699 1524 1706 1542; x_wconf 91' lang='lat'>:</span> <span class='ocrx_word' id='word_1_704' title='bbox 1722 1515 1782 1543; x_wconf 76' lang='lat' dir='ltr'><strong>ideo</strong></span> <span class='ocrx_word' id='word_1_705' title='bbox 1799 1516 1879 1548; x_wconf 78' lang='lat' dir='ltr'><strong>dixit,</strong></span> 
     </span>
    </p>
   </div>
   <div class='ocr_carea' id='block_1_91' title="bbox 1089 1559 1882 1595">
    <p class='ocr_par' dir='ltr' id='par_1_91' title="bbox 1089 1559 1882 1595">
     <span class='ocr_line' id='line_1_91' title="bbox 1089 1559 1882 1595; baseline 0 -9"><span class='ocrx_word' id='word_1_706' title='bbox 1089 1559 1131 1587; x_wconf 80' lang='lat' dir='ltr'><strong>l6.</strong></span> <span class='ocrx_word' id='word_1_707' title='bbox 1150 1559 1255 1591; x_wconf 83' lang='lat' dir='ltr'><strong>Eamus,</strong></span> <span class='ocrx_word' id='word_1_708' title='bbox 1272 1565 1298 1586; x_wconf 88' lang='lat' dir='ltr'><strong>ut</strong></span> <span class='ocrx_word' id='word_1_709' title='bbox 1313 1565 1336 1587; x_wconf 80' lang='lat' dir='ltr'><strong>et</strong></span> <span class='ocrx_word' id='word_1_710' title='bbox 1349 1568 1395 1587; x_wconf 83' lang='lat' dir='ltr'><strong>nos</strong></span> <span class='ocrx_word' id='word_1_711' title='bbox 1406 1561 1544 1587; x_wconf 84' lang='lat' dir='ltr'><strong>moriamur</strong></span> <span class='ocrx_word' id='word_1_712' title='bbox 1561 1569 1618 1587; x_wconf 87' lang='lat' dir='ltr'><strong>cum</strong></span> <span class='ocrx_word' id='word_1_713' title='bbox 1632 1569 1671 1587; x_wconf 86' lang='lat' dir='ltr'><strong>eo.</strong></span> <span class='ocrx_word' id='word_1_714' title='bbox 1686 1561 1800 1595; x_wconf 83' lang='lat' dir='ltr'><strong>Quidam</strong></span> <span class='ocrx_word' id='word_1_715' title='bbox 1816 1570 1882 1589; x_wconf 72' lang='lat' dir='ltr'><strong>vero</strong></span> 
     </span>
    </p>
   </div>
   <div class='ocr_carea' id='block_1_92' title="bbox 1087 1605 1879 1642">
    <p class='ocr_par' dir='ltr' id='par_1_92' title="bbox 1087 1605 1879 1642">
     <span class='ocr_line' id='line_1_92' title="bbox 1087 1605 1879 1642; baseline 0.003 -9"><span class='ocrx_word' id='word_1_716' title='bbox 1087 1605 1189 1639; x_wconf 86' lang='lat' dir='ltr'><strong>dicunt,</strong></span> <span class='ocrx_word' id='word_1_717' title='bbox 1212 1606 1298 1641; x_wconf 87' lang='lat' dir='ltr'><strong>ipsum</strong></span> <span class='ocrx_word' id='word_1_718' title='bbox 1324 1607 1391 1633; x_wconf 89' lang='lat' dir='ltr'><strong>mori</strong></span> <span class='ocrx_word' id='word_1_719' title='bbox 1416 1611 1544 1642; x_wconf 81' lang='lat' dir='ltr'><strong>optasse;</strong></span> <span class='ocrx_word' id='word_1_720' title='bbox 1566 1606 1612 1634; x_wconf 83' lang='lat' dir='ltr'><strong>sed</strong></span> <span class='ocrx_word' id='word_1_721' title='bbox 1628 1615 1681 1634; x_wconf 89' lang='lat' dir='ltr'><strong>non</strong></span> <span class='ocrx_word' id='word_1_722' title='bbox 1702 1608 1737 1634; x_wconf 88' lang='lat' dir='ltr'><strong>ita</strong></span> <span class='ocrx_word' id='word_1_723' title='bbox 1760 1615 1804 1635; x_wconf 88' lang='lat' dir='ltr'><strong>res</strong></span> <span class='ocrx_word' id='word_1_724' title='bbox 1819 1614 1879 1635; x_wconf 78' lang='lat' dir='ltr'><strong>est:</strong></span> 
     </span>
    </p>
   </div>
   <div class='ocr_carea' id='block_1_93' title="bbox 1088 1652 1882 1690">
    <p class='ocr_par' dir='ltr' id='par_1_93' title="bbox 1088 1652 1882 1690">
     <span class='ocr_line' id='line_1_93' title="bbox 1088 1652 1882 1690; baseline 0.003 -11"><span class='ocrx_word' id='word_1_725' title='bbox 1088 1660 1149 1680; x_wconf 90' lang='lat' dir='ltr'><strong>nam</strong></span> <span class='ocrx_word' id='word_1_726' title='bbox 1161 1653 1248 1687; x_wconf 88' lang='lat' dir='ltr'><strong>potius</strong></span> <span class='ocrx_word' id='word_1_727' title='bbox 1258 1661 1290 1679; x_wconf 81' lang='lat' dir='ltr'><strong>cx</strong></span> <span class='ocrx_word' id='word_1_728' title='bbox 1305 1653 1399 1680; x_wconf 85' lang='lat' dir='ltr'><strong>timore</strong></span> <span class='ocrx_word' id='word_1_729' title='bbox 1410 1653 1577 1687; x_wconf 85' lang='lat' dir='ltr'><strong>loquebatur.</strong></span> <span class='ocrx_word' id='word_1_730' title='bbox 1588 1652 1641 1681; x_wconf 89' lang='lat' dir='ltr'><strong>Sed</strong></span> <span class='ocrx_word' id='word_1_731' title='bbox 1658 1661 1710 1680; x_wconf 88' lang='lat' dir='ltr'><strong>non</strong></span> <span class='ocrx_word' id='word_1_732' title='bbox 1726 1653 1882 1690; x_wconf 68' lang='lat' dir='ltr'><strong>incl-epatris</strong></span> 
     </span>
    </p>
   </div>
   <div class='ocr_carea' id='block_1_94' title="bbox 1088 1698 1882 1733">
    <p class='ocr_par' dir='ltr' id='par_1_94' title="bbox 1088 1698 1882 1733">
     <span class='ocr_line' id='line_1_94' title="bbox 1088 1698 1882 1733; baseline 0 -8"><span class='ocrx_word' id='word_1_733' title='bbox 1088 1698 1158 1725; x_wconf 89' lang='lat' dir='ltr'><strong>fnit..&#39;</strong></span> <span class='ocrx_word' id='word_1_734' title='bbox 1173 1698 1238 1733; x_wconf 87' lang='lat' dir='ltr'><strong>Ejus</strong></span> <span class='ocrx_word' id='word_1_735' title='bbox 1252 1699 1324 1726; x_wconf 91' lang='lat' dir='ltr'><strong>enim</strong></span> <span class='ocrx_word' id='word_1_736' title='bbox 1342 1699 1522 1726; x_wconf 82' lang='lat' dir='ltr'><strong>infirmitatem</strong></span> <span class='ocrx_word' id='word_1_737' title='bbox 1542 1699 1632 1726; x_wconf 89' lang='lat' dir='ltr'><strong>adhuc</strong></span> <span class='ocrx_word' id='word_1_738' title='bbox 1655 1699 1806 1732; x_wconf 86' lang='lat' dir='ltr'><strong>tolerabat;</strong></span> <span class='ocrx_word' id='word_1_739' title='bbox 1834 1699 1882 1726; x_wconf 71' lang='lat' dir='ltr'><strong>dc-</strong></span> 
     </span>
    </p>
   </div>
   <div class='ocr_carea' id='block_1_95' title="bbox 1088 1744 1881 1773">
    <p class='ocr_par' dir='ltr' id='par_1_95' title="bbox 1088 1744 1881 1773">
     <span class='ocr_line' id='line_1_95' title="bbox 1088 1744 1881 1773; baseline 0 -1"><span class='ocrx_word' id='word_1_740' title='bbox 1088 1753 1161 1772; x_wconf 86' lang='lat' dir='ltr'><strong>rnum</strong></span> <span class='ocrx_word' id='word_1_741' title='bbox 1175 1749 1249 1772; x_wconf 84' lang='lat' dir='ltr'><strong>certe</strong></span> <span class='ocrx_word' id='word_1_742' title='bbox 1260 1744 1302 1772; x_wconf 86' lang='lat' dir='ltr'><strong>his</strong></span> <span class='ocrx_word' id='word_1_743' title='bbox 1316 1745 1434 1772; x_wconf 88' lang='lat' dir='ltr'><strong>omnimn</strong></span> <span class='ocrx_word' id='word_1_744' title='bbox 1449 1745 1609 1772; x_wconf 85' lang='lat' dir='ltr'><strong>fortissimus</strong></span> <span class='ocrx_word' id='word_1_745' title='bbox 1623 1745 1736 1773; x_wconf 67' lang='lat' dir='ltr'><strong>effectus</strong></span> <span class='ocrx_word' id='word_1_746' title='bbox 1750 1750 1790 1773; x_wconf 89' lang='lat' dir='ltr'><strong>est</strong></span> <span class='ocrx_word' id='word_1_747' title='bbox 1803 1751 1830 1772; x_wconf 86' lang='lat' dir='ltr'><strong>et</strong></span> <span class='ocrx_word' id='word_1_748' title='bbox 1845 1746 1881 1772; x_wconf 71' lang='grc' dir='ltr'><em>ιιι.</em></span> 
     </span>
    </p>
   </div>
   <div class='ocr_carea' id='block_1_96' title="bbox 1088 1790 1881 1826">
    <p class='ocr_par' dir='ltr' id='par_1_96' title="bbox 1088 1790 1881 1826">
     <span class='ocr_line' id='line_1_96' title="bbox 1088 1790 1881 1826; baseline 0.001 -9"><span class='ocrx_word' id='word_1_749' title='bbox 1088 1791 1255 1825; x_wconf 84' lang='lat' dir='ltr'><strong>superabilis.</strong></span> <span class='ocrx_word' id='word_1_750' title='bbox 1281 1790 1357 1823; x_wconf 89' lang='lat' dir='ltr'><strong>Nam,</strong></span> <span class='ocrx_word' id='word_1_751' title='bbox 1382 1792 1453 1826; x_wconf 90' lang='lat' dir='ltr'><strong>quod</strong></span> <span class='ocrx_word' id='word_1_752' title='bbox 1467 1791 1644 1819; x_wconf 87' lang='lat' dir='ltr'><strong>admiratione</strong></span> <span class='ocrx_word' id='word_1_753' title='bbox 1657 1791 1765 1826; x_wconf 79' lang='lat' dir='ltr'><strong>dignum</strong></span> <span class='ocrx_word' id='word_1_754' title='bbox 1782 1796 1834 1823; x_wconf 82' lang='lat' dir='ltr'><strong>est,</strong></span> <span class='ocrx_word' id='word_1_755' title='bbox 1859 1793 1881 1818; x_wconf 87' lang='lat' dir='ltr'><strong>is</strong></span> 
     </span>
    </p>
   </div>
   <div class='ocr_carea' id='block_1_97' title="bbox 1088 1836 1880 1871">
    <p class='ocr_par' dir='ltr' id='par_1_97' title="bbox 1088 1836 1880 1871">
     <span class='ocr_line' id='line_1_97' title="bbox 1088 1836 1880 1871; baseline 0.001 -9"><span class='ocrx_word' id='word_1_756' title='bbox 1088 1843 1167 1870; x_wconf 89' lang='lat' dir='ltr'><strong>quem</strong></span> <span class='ocrx_word' id='word_1_757' title='bbox 1181 1836 1216 1863; x_wconf 85' lang='lat' dir='ltr'><strong>ita</strong></span> <span class='ocrx_word' id='word_1_758' title='bbox 1229 1836 1361 1863; x_wconf 88' lang='lat' dir='ltr'><strong>infirmnrn</strong></span> <span class='ocrx_word' id='word_1_759' title='bbox 1372 1841 1433 1863; x_wconf 85' lang='lat' dir='ltr'><strong>ante</strong></span> <span class='ocrx_word' id='word_1_760' title='bbox 1446 1844 1552 1863; x_wconf 85' lang='lat' dir='ltr'><strong>erucem</strong></span> <span class='ocrx_word' id='word_1_761' title='bbox 1567 1836 1692 1869; x_wconf 88' lang='lat' dir='ltr'><strong>vidimus,</strong></span> <span class='ocrx_word' id='word_1_762' title='bbox 1703 1842 1763 1871; x_wconf 83' lang='lat' dir='ltr'><strong>post</strong></span> <span class='ocrx_word' id='word_1_763' title='bbox 1773 1845 1880 1864; x_wconf 84' lang='lat' dir='ltr'><strong>erm-em</strong></span> 
     </span>
    </p>
   </div>
   <div class='ocr_carea' id='block_1_98' title="bbox 1088 1881 1880 1915">
    <p class='ocr_par' dir='ltr' id='par_1_98' title="bbox 1088 1881 1880 1915">
     <span class='ocr_line' id='line_1_98' title="bbox 1088 1881 1880 1915; baseline 0.001 -7"><span class='ocrx_word' id='word_1_764' title='bbox 1088 1885 1115 1908; x_wconf 92' lang='lat' dir='ltr'><strong>et</strong></span> <span class='ocrx_word' id='word_1_765' title='bbox 1131 1886 1190 1915; x_wconf 88' lang='lat' dir='ltr'><strong>post</strong></span> <span class='ocrx_word' id='word_1_766' title='bbox 1203 1882 1406 1909; x_wconf 82' lang='lat' dir='ltr'><strong>resurrectionis</strong></span> <span class='ocrx_word' id='word_1_767' title='bbox 1427 1881 1505 1909; x_wconf 80' lang='lat' dir='ltr'><strong>fidem</strong></span> <span class='ocrx_word' id='word_1_768' title='bbox 1519 1881 1747 1910; x_wconf 82' lang='lat' dir='ltr'><strong>ferventissimam</strong></span> <span class='ocrx_word' id='word_1_769' title='bbox 1760 1883 1880 1909; x_wconf 86' lang='lat' dir='ltr'><strong>omnium</strong></span> 
     </span>
    </p>
   </div>
   <div class='ocr_carea' id='block_1_99' title="bbox 1089 1927 1881 1963">
    <p class='ocr_par' dir='ltr' id='par_1_99' title="bbox 1089 1927 1881 1963">
     <span class='ocr_line' id='line_1_99' title="bbox 1089 1927 1881 1963; baseline 0.004 -10"><span class='ocrx_word' id='word_1_770' title='bbox 1089 1927 1278 1961; x_wconf 74' lang='lat' dir='ltr'><strong>cornspicimus.</strong></span> <span class='ocrx_word' id='word_1_771' title='bbox 1293 1927 1376 1954; x_wconf 84' lang='lat' dir='ltr'><strong>Tanta</strong></span> <span class='ocrx_word' id='word_1_772' title='bbox 1390 1932 1431 1955; x_wconf 89' lang='lat' dir='ltr'><strong>est</strong></span> <span class='ocrx_word' id='word_1_773' title='bbox 1443 1927 1541 1956; x_wconf 85' lang='lat' dir='ltr'><strong>Christi</strong></span> <span class='ocrx_word' id='word_1_774' title='bbox 1553 1928 1649 1955; x_wconf 87' lang='lat' dir='ltr'><strong>virtus.</strong></span> <span class='ocrx_word' id='word_1_775' title='bbox 1673 1927 1739 1955; x_wconf 85' lang='lat' dir='ltr'><strong>Nam</strong></span> <span class='ocrx_word' id='word_1_776' title='bbox 1761 1929 1806 1963; x_wconf 91' lang='lat' dir='ltr'><strong>qui</strong></span> <span class='ocrx_word' id='word_1_777' title='bbox 1820 1936 1881 1956; x_wconf 88' lang='lat' dir='ltr'><strong>cum</strong></span> 
     </span>
    </p>
   </div>
   <div class='ocr_carea' id='block_1_100' title="bbox 1089 1973 1880 2006">
    <p class='ocr_par' dir='ltr' id='par_1_100' title="bbox 1089 1973 1880 2006">
     <span class='ocr_line' id='line_1_100' title="bbox 1089 1973 1880 2006; baseline 0.003 -7"><span class='ocrx_word' id='word_1_778' title='bbox 1089 1973 1196 2000; x_wconf 84' lang='lat' dir='ltr'><strong>Christo</strong></span> <span class='ocrx_word' id='word_1_779' title='bbox 1210 1973 1365 2000; x_wconf 82' lang='lat' dir='ltr'><strong>Bethaniam</strong></span> <span class='ocrx_word' id='word_1_780' title='bbox 1382 1973 1420 2000; x_wconf 91' lang='lat' dir='ltr'><strong>ire</strong></span> <span class='ocrx_word' id='word_1_781' title='bbox 1433 1981 1484 1999; x_wconf 86' lang='lat' dir='ltr'><strong>non</strong></span> <span class='ocrx_word' id='word_1_782' title='bbox 1499 1973 1623 2006; x_wconf 80' lang='lat' dir='ltr'><strong>audebat,</strong></span> <span class='ocrx_word' id='word_1_783' title='bbox 1649 1974 1692 2001; x_wconf 86' lang='lat' dir='ltr'><strong>hic</strong></span> <span class='ocrx_word' id='word_1_784' title='bbox 1705 1973 1815 2001; x_wconf 82' lang='lat' dir='ltr'><strong>Christo</strong></span> <span class='ocrx_word' id='word_1_785' title='bbox 1826 1982 1880 2001; x_wconf 69' lang='lat' dir='ltr'><strong>non</strong></span> 
     </span>
    </p>
   </div>
   <div class='ocr_carea' id='block_1_101' title="bbox 1089 2018 1881 2054">
    <p class='ocr_par' dir='ltr' id='par_1_101' title="bbox 1089 2018 1881 2054">
     <span class='ocr_line' id='line_1_101' title="bbox 1089 2018 1881 2054; baseline 0.003 -11"><span class='ocrx_word' id='word_1_786' title='bbox 1089 2023 1221 2054; x_wconf 66' lang='lat' dir='ltr'><strong>prasente</strong></span> <span class='ocrx_word' id='word_1_787' title='bbox 1241 2018 1334 2046; x_wconf 86' lang='lat' dir='ltr'><strong>orbem</strong></span> <span class='ocrx_word' id='word_1_788' title='bbox 1357 2018 1413 2045; x_wconf 83' lang='lat' dir='ltr'><strong>fere</strong></span> <span class='ocrx_word' id='word_1_789' title='bbox 1437 2019 1578 2053; x_wconf 83' lang='lat' dir='ltr'><strong>percurrit.</strong></span> <span class='ocrx_word' id='word_1_790' title='bbox 1604 2019 1629 2046; x_wconf 91' lang='lat' dir='ltr'><strong>in</strong></span> <span class='ocrx_word' id='word_1_791' title='bbox 1655 2019 1751 2046; x_wconf 86' lang='lat' dir='ltr'><strong>mediis</strong></span> <span class='ocrx_word' id='word_1_792' title='bbox 1776 2020 1881 2054; x_wconf 80' lang='lat' dir='ltr'><strong>populis</strong></span> 
     </span>
    </p>
   </div>
   <div class='ocr_carea' id='block_1_102' title="bbox 1090 2064 1879 2100">
    <p class='ocr_par' dir='ltr' id='par_1_102' title="bbox 1090 2064 1879 2100">
     <span class='ocr_line' id='line_1_102' title="bbox 1090 2064 1879 2100; baseline 0.005 -11"><span class='ocrx_word' id='word_1_793' title='bbox 1090 2064 1245 2091; x_wconf 74' lang='lat' dir='ltr'><strong>versabatur</strong></span> <span class='ocrx_word' id='word_1_794' title='bbox 1259 2064 1445 2100; x_wconf 77' lang='lat' dir='ltr'><strong>sanguinariis,</strong></span> <span class='ocrx_word' id='word_1_795' title='bbox 1461 2065 1505 2099; x_wconf 90' lang='lat' dir='ltr'><strong>qui</strong></span> <span class='ocrx_word' id='word_1_796' title='bbox 1522 2065 1594 2091; x_wconf 82' lang='grc' dir='ltr'><em>ἱΙΙιιιιι</em></span> <span class='ocrx_word' id='word_1_797' title='bbox 1610 2064 1761 2092; x_wconf 82' lang='lat' dir='ltr'><strong>interficere</strong></span> <span class='ocrx_word' id='word_1_798' title='bbox 1776 2073 1879 2098; x_wconf 75' lang='lat' dir='ltr'><strong>utra-rc-</strong></span> 
     </span>
    </p>
   </div>
   <div class='ocr_carea' id='block_1_103' title="bbox 1091 2109 1881 2144">
    <p class='ocr_par' dir='ltr' id='par_1_103' title="bbox 1091 2109 1881 2144">
     <span class='ocr_line' id='line_1_103' title="bbox 1091 2109 1881 2144; baseline 0.001 -9"><span class='ocrx_word' id='word_1_799' title='bbox 1091 2109 1164 2136; x_wconf 62' lang='lat' dir='ltr'><strong>latnt.</strong></span> <span class='ocrx_word' id='word_1_800' title='bbox 1185 2109 1213 2137; x_wconf 90' lang='lat' dir='ltr'><strong>Si</strong></span> <span class='ocrx_word' id='word_1_801' title='bbox 1229 2114 1317 2137; x_wconf 84' lang='lat' dir='ltr'><strong>autem</strong></span> <span class='ocrx_word' id='word_1_802' title='bbox 1332 2109 1424 2136; x_wconf 84' lang='lat' dir='ltr'><strong>stadiis</strong></span> <span class='ocrx_word' id='word_1_803' title='bbox 1438 2109 1588 2144; x_wconf 83' lang='lat' dir='ltr'><strong>quindecim</strong></span> <span class='ocrx_word' id='word_1_804' title='bbox 1605 2110 1719 2137; x_wconf 81' lang='lat' dir='ltr'><strong>distabat</strong></span> <span class='ocrx_word' id='word_1_805' title='bbox 1734 2110 1881 2140; x_wconf 70' lang='lat' dir='ltr'><strong>Bethania,</strong></span> 
     </span>
    </p>
   </div>
   <div class='ocr_carea' id='block_1_104' title="bbox 1090 2155 1882 2190">
    <p class='ocr_par' dir='ltr' id='par_1_104' title="bbox 1090 2155 1882 2190">
     <span class='ocr_line' id='line_1_104' title="bbox 1090 2155 1882 2190; baseline 0.003 -9"><span class='ocrx_word' id='word_1_806' title='bbox 1090 2164 1150 2189; x_wconf 67' lang='lat' dir='ltr'><strong>qua:</strong></span> <span class='ocrx_word' id='word_1_807' title='bbox 1165 2160 1227 2182; x_wconf 85' lang='lat' dir='ltr'><strong>sunt</strong></span> <span class='ocrx_word' id='word_1_808' title='bbox 1240 2156 1365 2183; x_wconf 85' lang='lat' dir='ltr'><strong>milliaria</strong></span> <span class='ocrx_word' id='word_1_809' title='bbox 1378 2155 1441 2188; x_wconf 88' lang='lat' dir='ltr'><strong>duo,</strong></span> <span class='ocrx_word' id='word_1_810' title='bbox 1466 2155 1600 2190; x_wconf 86' lang='lat' dir='ltr'><strong>quomodo</strong></span> <span class='ocrx_word' id='word_1_811' title='bbox 1616 2156 1811 2190; x_wconf 87' lang='lat' dir='ltr'><strong>qnatridnanus</strong></span> <span class='ocrx_word' id='word_1_812' title='bbox 1825 2162 1882 2183; x_wconf 84' lang='lat' dir='ltr'><strong>erat</strong></span> 
     </span>
    </p>
   </div>
   <div class='ocr_carea' id='block_1_105' title="bbox 1093 2202 1884 2236">
    <p class='ocr_par' dir='ltr' id='par_1_105' title="bbox 1093 2202 1884 2236">
     <span class='ocr_line' id='line_1_105' title="bbox 1093 2202 1884 2236; baseline -0.001 -7"><span class='ocrx_word' id='word_1_813' title='bbox 1093 2202 1228 2229; x_wconf 78' lang='lat' dir='ltr'><strong>Lazarus?</strong></span> <span class='ocrx_word' id='word_1_814' title='bbox 1252 2202 1347 2230; x_wconf 85' lang='lat' dir='ltr'><strong>Mansit</strong></span> <span class='ocrx_word' id='word_1_815' title='bbox 1368 2202 1474 2229; x_wconf 84' lang='lat' dir='ltr'><strong>duobus</strong></span> <span class='ocrx_word' id='word_1_816' title='bbox 1496 2202 1599 2234; x_wconf 83' lang='lat' dir='ltr'><strong>diebus,</strong></span> <span class='ocrx_word' id='word_1_817' title='bbox 1623 2207 1651 2230; x_wconf 91' lang='lat' dir='ltr'><strong>et</strong></span> <span class='ocrx_word' id='word_1_818' title='bbox 1673 2202 1758 2236; x_wconf 86' lang='lat' dir='ltr'><strong>pridie</strong></span> <span class='ocrx_word' id='word_1_819' title='bbox 1775 2209 1884 2231; x_wconf 71' lang='lat' dir='ltr'><strong>venerat</strong></span> 
     </span>
    </p>
   </div>
   <div class='ocr_carea' id='block_1_106' title="bbox 1092 2248 1878 2283">
    <p class='ocr_par' dir='ltr' id='par_1_106' title="bbox 1092 2248 1878 2283">
     <span class='ocr_line' id='line_1_106' title="bbox 1092 2248 1878 2283; baseline -0.001 -8"><span class='ocrx_word' id='word_1_820' title='bbox 1092 2250 1218 2281; x_wconf 89' lang='lat' dir='ltr'><strong>nuntius,</strong></span> <span class='ocrx_word' id='word_1_821' title='bbox 1241 2257 1274 2276; x_wconf 88' lang='lat' dir='ltr'><strong>eo</strong></span> <span class='ocrx_word' id='word_1_822' title='bbox 1298 2249 1355 2283; x_wconf 86' lang='lat' dir='ltr'><strong>ipso</strong></span> <span class='ocrx_word' id='word_1_823' title='bbox 1373 2249 1467 2276; x_wconf 86' lang='lat' dir='ltr'><strong>mortis</strong></span> <span class='ocrx_word' id='word_1_824' title='bbox 1483 2248 1546 2276; x_wconf 82' lang='lat' dir='ltr'><strong>dic:</strong></span> <span class='ocrx_word' id='word_1_825' title='bbox 1563 2248 1660 2276; x_wconf 85' lang='lat' dir='ltr'><strong>deinde</strong></span> <span class='ocrx_word' id='word_1_826' title='bbox 1672 2252 1765 2282; x_wconf 83' lang='lat' dir='ltr'><strong>quarta</strong></span> <span class='ocrx_word' id='word_1_827' title='bbox 1781 2248 1823 2274; x_wconf 81' lang='lat' dir='ltr'><strong>die</strong></span> <span class='ocrx_word' id='word_1_828' title='bbox 1835 2248 1878 2274; x_wconf 84' lang='lat' dir='ltr'><strong>ad-</strong></span> 
     </span>
    </p>
   </div>
   <div class='ocr_carea' id='block_1_107' title="bbox 1093 2293 1881 2328">
    <p class='ocr_par' dir='ltr' id='par_1_107' title="bbox 1093 2293 1881 2328">
     <span class='ocr_line' id='line_1_107' title="bbox 1093 2293 1881 2328; baseline -0.003 -7"><span class='ocrx_word' id='word_1_829' title='bbox 1093 2295 1176 2323; x_wconf 79' lang='lat' dir='ltr'><strong>venit.</strong></span> <span class='ocrx_word' id='word_1_830' title='bbox 1194 2295 1255 2322; x_wconf 83' lang='lat' dir='ltr'><strong>ideo</strong></span> <span class='ocrx_word' id='word_1_831' title='bbox 1268 2295 1357 2322; x_wconf 74' lang='lat' dir='ltr'><strong>donec</strong></span> <span class='ocrx_word' id='word_1_832' title='bbox 1369 2299 1510 2321; x_wconf 83' lang='lat' dir='ltr'><strong>vocaretur</strong></span> <span class='ocrx_word' id='word_1_833' title='bbox 1523 2293 1706 2328; x_wconf 75' lang='lat' dir='ltr'><strong>exspectavit;</strong></span> <span class='ocrx_word' id='word_1_834' title='bbox 1729 2301 1815 2327; x_wconf 85' lang='lat' dir='ltr'><strong>neque</strong></span> <span class='ocrx_word' id='word_1_835' title='bbox 1831 2301 1881 2320; x_wconf 88' lang='lat' dir='ltr'><strong>non</strong></span> 
     </span>
    </p>
   </div>
   <div class='ocr_carea' id='block_1_108' title="bbox 1091 2338 1885 2375">
    <p class='ocr_par' dir='ltr' id='par_1_108' title="bbox 1091 2338 1885 2375">
     <span class='ocr_line' id='line_1_108' title="bbox 1091 2338 1885 2375; baseline -0.003 -8"><span class='ocrx_word' id='word_1_836' title='bbox 1091 2340 1237 2369; x_wconf 81' lang='lat' dir='ltr'><strong>accersitus</strong></span> <span class='ocrx_word' id='word_1_837' title='bbox 1263 2340 1336 2368; x_wconf 85' lang='lat' dir='ltr'><strong>venit</strong></span> <span class='ocrx_word' id='word_1_838' title='bbox 1361 2347 1395 2369; x_wconf 90' lang='lat' dir='ltr'><strong>ne</strong></span> <span class='ocrx_word' id='word_1_839' title='bbox 1419 2348 1470 2375; x_wconf 87' lang='lat' dir='ltr'><strong>qna</strong></span> <span class='ocrx_word' id='word_1_840' title='bbox 1496 2340 1612 2368; x_wconf 86' lang='lat' dir='ltr'><strong>oriretur</strong></span> <span class='ocrx_word' id='word_1_841' title='bbox 1635 2339 1763 2374; x_wconf 89' lang='lat' dir='ltr'><strong>suspicio.</strong></span> <span class='ocrx_word' id='word_1_842' title='bbox 1793 2338 1885 2371; x_wconf 88' lang='lat' dir='ltr'><strong>Neque</strong></span> 
     </span>
    </p>
   </div>
   <div class='ocr_carea' id='block_1_109' title="bbox 1094 2385 1883 2421">
    <p class='ocr_par' dir='ltr' id='par_1_109' title="bbox 1094 2385 1883 2421">
     <span class='ocr_line' id='line_1_109' title="bbox 1094 2385 1883 2421; baseline -0.004 -8"><span class='ocrx_word' id='word_1_843' title='bbox 1094 2387 1168 2421; x_wconf 74' lang='lat' dir='ltr'><strong>ips&#39;r,</strong></span> <span class='ocrx_word' id='word_1_844' title='bbox 1184 2393 1244 2421; x_wconf 66' lang='lat' dir='ltr'><strong>quae</strong></span> <span class='ocrx_word' id='word_1_845' title='bbox 1257 2386 1424 2418; x_wconf 86' lang='lat' dir='ltr'><strong>amabantur,</strong></span> <span class='ocrx_word' id='word_1_846' title='bbox 1439 2390 1567 2412; x_wconf 84' lang='lat' dir='ltr'><strong>venerunt</strong></span> <span class='ocrx_word' id='word_1_847' title='bbox 1581 2394 1588 2418; x_wconf 94' lang='lat'>;</span> <span class='ocrx_word' id='word_1_848' title='bbox 1612 2385 1659 2412; x_wconf 85' lang='lat' dir='ltr'><strong>sed</strong></span> <span class='ocrx_word' id='word_1_849' title='bbox 1674 2385 1717 2412; x_wconf 83' lang='lat' dir='ltr'><strong>alii</strong></span> <span class='ocrx_word' id='word_1_850' title='bbox 1732 2385 1883 2412; x_wconf 90' lang='lat' dir='ltr'><strong>mittuntur.</strong></span> 
     </span>
    </p>
   </div>
   <div class='ocr_carea' id='block_1_110' title="bbox 1095 2431 1885 2466">
    <p class='ocr_par' dir='ltr' id='par_1_110' title="bbox 1095 2431 1885 2466">
     <span class='ocr_line' id='line_1_110' title="bbox 1095 2431 1885 2466; baseline -0.004 -7"><span class='ocrx_word' id='word_1_851' title='bbox 1095 2433 1136 2459; x_wconf 80' lang='grc'><strong>18.</strong></span> <span class='ocrx_word' id='word_1_852' title='bbox 1155 2432 1218 2459; x_wconf 73' lang='lat' dir='ltr'><strong>Erat</strong></span> <span class='ocrx_word' id='word_1_853' title='bbox 1231 2438 1316 2459; x_wconf 82' lang='lat' dir='ltr'><strong>autent</strong></span> <span class='ocrx_word' id='word_1_854' title='bbox 1331 2431 1453 2458; x_wconf 68' lang='lat' dir='ltr'><strong>Bethania</strong></span> <span class='ocrx_word' id='word_1_855' title='bbox 1468 2432 1540 2465; x_wconf 78' lang='lat' dir='ltr'><strong>quasi</strong></span> <span class='ocrx_word' id='word_1_856' title='bbox 1553 2431 1642 2459; x_wconf 82' lang='lat' dir='ltr'><strong>stadiis</strong></span> <span class='ocrx_word' id='word_1_857' title='bbox 1653 2431 1805 2466; x_wconf 71' lang='lat' dir='ltr'><strong>quindecim.</strong></span> <span class='ocrx_word' id='word_1_858' title='bbox 1819 2431 1885 2457; x_wconf 87' lang='lat' dir='ltr'><strong>Hinc</strong></span> 
     </span>
    </p>
   </div>
   <div class='ocr_carea' id='block_1_111' title="bbox 1093 2477 1884 2513">
    <p class='ocr_par' dir='ltr' id='par_1_111' title="bbox 1093 2477 1884 2513">
     <span class='ocr_line' id='line_1_111' title="bbox 1093 2477 1884 2513; baseline -0.004 -8"><span class='ocrx_word' id='word_1_859' title='bbox 1093 2478 1257 2512; x_wconf 73' lang='lat' dir='ltr'><strong>significatur</strong></span> <span class='ocrx_word' id='word_1_860' title='bbox 1282 2478 1380 2504; x_wconf 81' lang='lat' dir='ltr'><strong>multos</strong></span> <span class='ocrx_word' id='word_1_861' title='bbox 1400 2485 1433 2505; x_wconf 78' lang='lat' dir='ltr'><strong>ex</strong></span> <span class='ocrx_word' id='word_1_862' title='bbox 1460 2477 1634 2513; x_wconf 84' lang='lat' dir='ltr'><strong>Jerosolymis</strong></span> <span class='ocrx_word' id='word_1_863' title='bbox 1657 2477 1793 2508; x_wconf 68' lang='lat' dir='ltr'><strong>adfuisse;</strong></span> <span class='ocrx_word' id='word_1_864' title='bbox 1825 2485 1884 2503; x_wconf 85' lang='lat' dir='ltr'><strong>nam</strong></span> 
     </span>
    </p>
   </div>
   <div class='ocr_carea' id='block_1_112' title="bbox 1094 2523 1886 2558">
    <p class='ocr_par' dir='ltr' id='par_1_112' title="bbox 1094 2523 1886 2558">
     <span class='ocr_line' id='line_1_112' title="bbox 1094 2523 1886 2558; baseline -0.003 -8"><span class='ocrx_word' id='word_1_865' title='bbox 1094 2525 1182 2551; x_wconf 87' lang='lat' dir='ltr'><strong>statim</strong></span> <span class='ocrx_word' id='word_1_866' title='bbox 1201 2523 1301 2558; x_wconf 86' lang='lat' dir='ltr'><strong>adjicit,</strong></span> <span class='ocrx_word' id='word_1_867' title='bbox 1323 2523 1422 2550; x_wconf 88' lang='lat' dir='ltr'><strong>mullos</strong></span> <span class='ocrx_word' id='word_1_868' title='bbox 1434 2531 1468 2550; x_wconf 78' lang='lat' dir='ltr'><strong>ex</strong></span> <span class='ocrx_word' id='word_1_869' title='bbox 1484 2523 1584 2550; x_wconf 64' lang='lat' dir='ltr'><strong>.ludaeis</strong></span> <span class='ocrx_word' id='word_1_870' title='bbox 1594 2523 1714 2550; x_wconf 81' lang='lat' dir='ltr'><strong>adfuisse</strong></span> <span class='ocrx_word' id='word_1_871' title='bbox 1727 2523 1773 2557; x_wconf 89' lang='lat' dir='ltr'><strong>qui</strong></span> <span class='ocrx_word' id='word_1_872' title='bbox 1789 2530 1886 2549; x_wconf 81' lang='lat' dir='ltr'><strong>conso-</strong></span> 
     </span>
    </p>
   </div>
   <div class='ocr_carea' id='block_1_113' title="bbox 1094 2567 1887 2603">
    <p class='ocr_par' dir='ltr' id='par_1_113' title="bbox 1094 2567 1887 2603">
     <span class='ocr_line' id='line_1_113' title="bbox 1094 2567 1887 2603; baseline -0.003 -7"><span class='ocrx_word' id='word_1_873' title='bbox 1094 2569 1212 2596; x_wconf 80' lang='lat' dir='ltr'><strong>Iurenlut‘</strong></span> <span class='ocrx_word' id='word_1_874' title='bbox 1220 2577 1266 2597; x_wconf 81' lang='lat' dir='ltr'><strong>eas</strong></span> <span class='ocrx_word' id='word_1_875' title='bbox 1278 2569 1366 2603; x_wconf 79' lang='lat' dir='ltr'><strong>(Imm.</strong></span> <span class='ocrx_word' id='word_1_876' title='bbox 1384 2570 1393 2595; x_wconf 82' lang='lat'><strong>1</strong></span> <span class='ocrx_word' id='word_1_877' title='bbox 1403 2570 1412 2596; x_wconf 89' lang='grc' dir='ltr'><strong>ι</strong></span> <span class='ocrx_word' id='word_1_878' title='bbox 1421 2589 1428 2596; x_wconf 92' lang='grc'><strong>.</strong></span> <span class='ocrx_word' id='word_1_879' title='bbox 1444 2569 1501 2603; x_wconf 74' lang='grc'><strong>19).</strong></span> <span class='ocrx_word' id='word_1_880' title='bbox 1511 2568 1651 2602; x_wconf 88' lang='lat' dir='ltr'><strong>Quomodo</strong></span> <span class='ocrx_word' id='word_1_881' title='bbox 1662 2569 1669 2584; x_wconf 82' lang='grc' dir='ltr'><strong>ι</strong></span> <span class='ocrx_word' id='word_1_882' title='bbox 1679 2577 1693 2595; x_wconf 89' lang='lat' dir='ltr'><strong>a</strong></span> <span class='ocrx_word' id='word_1_883' title='bbox 1703 2569 1811 2595; x_wconf 90' lang='lat' dir='ltr'><strong>Christo</strong></span> <span class='ocrx_word' id='word_1_884' title='bbox 1818 2567 1887 2595; x_wconf 73' lang='lat' dir='ltr'><strong>dile-</strong></span> 
     </span>
    </p>
   </div>
   <div class='ocr_carea' id='block_1_114' title="bbox 1093 2613 1887 2648">
    <p class='ocr_par' dir='ltr' id='par_1_114' title="bbox 1093 2613 1887 2648">
     <span class='ocr_line' id='line_1_114' title="bbox 1093 2613 1887 2648; baseline -0.004 -7"><span class='ocrx_word' id='word_1_885' title='bbox 1093 2621 1150 2642; x_wconf 82' lang='lat' dir='ltr'><strong>etas</strong></span> <span class='ocrx_word' id='word_1_886' title='bbox 1167 2615 1251 2642; x_wconf 69' lang='lat' dir='ltr'><strong>Judaei</strong></span> <span class='ocrx_word' id='word_1_887' title='bbox 1267 2615 1496 2642; x_wconf 79' lang='lat' dir='ltr'><strong>consolabantur?</strong></span> <span class='ocrx_word' id='word_1_888' title='bbox 1523 2615 1601 2648; x_wconf 84' lang='lat' dir='ltr'><strong>Atqui</strong></span> <span class='ocrx_word' id='word_1_889' title='bbox 1624 2619 1807 2642; x_wconf 85' lang='lat' dir='ltr'><strong>convenerant</strong></span> <span class='ocrx_word' id='word_1_890' title='bbox 1823 2619 1849 2640; x_wconf 90' lang='grc' dir='ltr'><strong>ιιι</strong></span> <span class='ocrx_word' id='word_1_891' title='bbox 1865 2613 1887 2638; x_wconf 80' lang='lat' dir='ltr'><strong>si</strong></span> 
     </span>
    </p>
   </div>
   <div class='ocr_carea' id='block_1_115' title="bbox 1093 2659 1887 2696">
    <p class='ocr_par' dir='ltr' id='par_1_115' title="bbox 1093 2659 1887 2696">
     <span class='ocr_line' id='line_1_115' title="bbox 1093 2659 1887 2696; baseline -0.004 -9"><span class='ocrx_word' id='word_1_892' title='bbox 1093 2662 1153 2696; x_wconf 86' lang='lat' dir='ltr'><strong>quis</strong></span> <span class='ocrx_word' id='word_1_893' title='bbox 1167 2661 1303 2688; x_wconf 89' lang='lat' dir='ltr'><strong>Christum</strong></span> <span class='ocrx_word' id='word_1_894' title='bbox 1317 2661 1501 2692; x_wconf 83' lang='lat' dir='ltr'><strong>confiteretur,</strong></span> <span class='ocrx_word' id='word_1_895' title='bbox 1523 2665 1597 2686; x_wconf 79' lang='lat' dir='ltr'><strong>extra</strong></span> <span class='ocrx_word' id='word_1_896' title='bbox 1612 2667 1777 2695; x_wconf 74' lang='lat' dir='ltr'><strong>synagogam</strong></span> <span class='ocrx_word' id='word_1_897' title='bbox 1793 2659 1887 2686; x_wconf 70' lang='lat' dir='ltr'><strong>fieret?</strong></span> 
     </span>
    </p>
   </div>
   <div class='ocr_carea' id='block_1_116' title="bbox 1126 2727 1888 2759">
    <p class='ocr_par' dir='ltr' id='par_1_116' title="bbox 1126 2727 1888 2759">
     <span class='ocr_line' id='line_1_116' title="bbox 1126 2727 1888 2759; baseline -0.004 -5"><span class='ocrx_word' id='word_1_898' title='bbox 1126 2731 1134 2745; x_wconf 83' lang='grc'>¹</span> <span class='ocrx_word' id='word_1_899' title='bbox 1152 2733 1241 2754; x_wconf 77' lang='lat' dir='ltr'><strong>Omnes</strong></span> <span class='ocrx_word' id='word_1_900' title='bbox 1257 2729 1311 2753; x_wconf 74' lang='lat' dir='ltr'><strong>fore</strong></span> <span class='ocrx_word' id='word_1_901' title='bbox 1324 2734 1375 2753; x_wconf 72' lang='lat' dir='ltr'><strong>Vss.</strong></span> <span class='ocrx_word' id='word_1_902' title='bbox 1389 2730 1462 2753; x_wconf 85' lang='lat' dir='ltr'><strong>nostri</strong></span> <span class='ocrx_word' id='word_1_903' title='bbox 1476 2729 1564 2759; x_wconf 78' lang='lat' dir='ltr'><strong>locum,</strong></span> <span class='ocrx_word' id='word_1_904' title='bbox 1578 2735 1605 2754; x_wconf 89' lang='lat' dir='ltr'><strong>ut</strong></span> <span class='ocrx_word' id='word_1_905' title='bbox 1623 2729 1647 2754; x_wconf 86' lang='lat' dir='ltr'><strong>in</strong></span> <span class='ocrx_word' id='word_1_906' title='bbox 1661 2732 1732 2754; x_wconf 80' lang='lat' dir='ltr'><strong>textu</strong></span> <span class='ocrx_word' id='word_1_907' title='bbox 1740 2729 1813 2759; x_wconf 79' lang='lat' dir='ltr'><strong>jacet,</strong></span> <span class='ocrx_word' id='word_1_908' title='bbox 1827 2727 1888 2751; x_wconf 68' lang='lat' dir='ltr'><strong>olfe-</strong></span> 
     </span>
    </p>
   </div>
   <div class='ocr_carea' id='block_1_117' title="bbox 1095 2760 1889 2791">
    <p class='ocr_par' dir='ltr' id='par_1_117' title="bbox 1095 2760 1889 2791">
     <span class='ocr_line' id='line_1_117' title="bbox 1095 2760 1889 2791; baseline -0.003 -7"><span class='ocrx_word' id='word_1_909' title='bbox 1095 2764 1164 2790; x_wconf 84' lang='lat' dir='ltr'><strong>rnnt;</strong></span> <span class='ocrx_word' id='word_1_910' title='bbox 1178 2760 1239 2784; x_wconf 80' lang='lat' dir='ltr'><strong>Editi</strong></span> <span class='ocrx_word' id='word_1_911' title='bbox 1249 2767 1310 2784; x_wconf 68' lang='lat' dir='ltr'><strong>vero</strong></span> <span class='ocrx_word' id='word_1_912' title='bbox 1321 2761 1406 2784; x_wconf 53' lang='grc' dir='ltr'><strong>μίαν...</strong></span> <span class='ocrx_word' id='word_1_913' title='bbox 1423 2760 1510 2789; x_wconf 66' lang='lat' dir='ltr'><strong>«inuisi</strong></span> <span class='ocrx_word' id='word_1_914' title='bbox 1523 2760 1607 2785; x_wconf 75' lang='lat' dir='ltr'><strong>stadiis</strong></span> <span class='ocrx_word' id='word_1_915' title='bbox 1618 2760 1757 2791; x_wconf 70' lang='lat' dir='ltr'><strong>quindecim</strong></span> <span class='ocrx_word' id='word_1_916' title='bbox 1768 2768 1793 2783; x_wconf 74' lang='grc' dir='ltr'><em>ι.</em></span> <span class='ocrx_word' id='word_1_917' title='bbox 1811 2764 1889 2791; x_wconf 56' lang='lat' dir='ltr'><strong>neque</strong></span> 
     </span>
    </p>
   </div>
   <div class='ocr_carea' id='block_1_118' title="bbox 1098 2788 1886 2819">
    <p class='ocr_par' dir='ltr' id='par_1_118' title="bbox 1098 2788 1886 2819">
     <span class='ocr_line' id='line_1_118' title="bbox 1098 2788 1886 2819; baseline -0.005 -4"><span class='ocrx_word' id='word_1_918' title='bbox 1098 2788 1162 2815; x_wconf 80' lang='lat' dir='ltr'><strong>illud</strong></span> <span class='ocrx_word' id='word_1_919' title='bbox 1171 2791 1222 2816; x_wconf 80' lang='lat' dir='ltr'><strong>sine</strong></span> <span class='ocrx_word' id='word_1_920' title='bbox 1234 2797 1307 2815; x_wconf 72' lang='lat' dir='ltr'><strong>causa</strong></span> <span class='ocrx_word' id='word_1_921' title='bbox 1319 2794 1413 2815; x_wconf 81' lang='lat' dir='ltr'><strong>tmtulur</strong></span> <span class='ocrx_word' id='word_1_922' title='bbox 1424 2798 1433 2815; x_wconf 96' lang='lat'><em>:</em></span> <span class='ocrx_word' id='word_1_923' title='bbox 1447 2788 1490 2815; x_wconf 67' lang='lat' dir='ltr'><strong>sed</strong></span> <span class='ocrx_word' id='word_1_924' title='bbox 1507 2788 1632 2816; x_wconf 65' lang='lat' dir='ltr'><strong>ostendere</strong></span> <span class='ocrx_word' id='word_1_925' title='bbox 1651 2790 1724 2816; x_wconf 78' lang='lat' dir='ltr'><strong>wluit</strong></span> <span class='ocrx_word' id='word_1_926' title='bbox 1736 2788 1886 2819; x_wconf 63' lang='lat' dir='ltr'><strong>mumgrlista</strong></span> 
     </span>
    </p>
   </div>
   <div class='ocr_carea' id='block_1_119' title="bbox 1096 2816 1888 2853">
    <p class='ocr_par' dir='ltr' id='par_1_119' title="bbox 1096 2816 1888 2853">
     <span class='ocr_line' id='line_1_119' title="bbox 1096 2816 1888 2853; baseline -0.004 -7"><span class='ocrx_word' id='word_1_927' title='bbox 1096 2823 1234 2846; x_wconf 67' lang='lat' dir='ltr'><strong>Itu&#39;umcsxe</strong></span> <span class='ocrx_word' id='word_1_928' title='bbox 1246 2822 1399 2852; x_wconf 66' lang='lat' dir='ltr'><strong>proximum,</strong></span> <span class='ocrx_word' id='word_1_929' title='bbox 1412 2825 1433 2846; x_wconf 63' lang='lat' dir='ltr'><strong>at</strong></span> <span class='ocrx_word' id='word_1_930' title='bbox 1453 2829 1485 2845; x_wconf 60' lang='lat' dir='ltr'><strong>er</strong></span> <span class='ocrx_word' id='word_1_931' title='bbox 1493 2821 1535 2846; x_wconf 82' lang='lat' dir='ltr'><strong>illa</strong></span> <span class='ocrx_word' id='word_1_932' title='bbox 1559 2820 1714 2853; x_wconf 67' lang='lat' dir='ltr'><strong>proximitate</strong></span> <span class='ocrx_word' id='word_1_933' title='bbox 1734 2816 1888 2853; x_wconf 65' lang='lat' dir='ltr'><strong>uerisimilem</strong></span> 
     </span>
    </p>
   </div>
   <div class='ocr_carea' id='block_1_120' title="bbox 1097 2852 1887 2883">
    <p class='ocr_par' dir='ltr' id='par_1_120' title="bbox 1097 2852 1887 2883">
     <span class='ocr_line' id='line_1_120' title="bbox 1097 2852 1887 2883; baseline -0.005 -7"><span class='ocrx_word' id='word_1_934' title='bbox 1097 2853 1150 2882; x_wconf 60' lang='grc' dir='ltr'><strong>μὴ’νί</strong></span> <span class='ocrx_word' id='word_1_935' title='bbox 1162 2852 1288 2876; x_wconf 79' lang='lat' dir='ltr'><strong>multorum</strong></span> <span class='ocrx_word' id='word_1_936' title='bbox 1301 2852 1459 2883; x_wconf 65' lang='lat' dir='ltr'><strong>prtl’scutiunt.</strong></span> <span class='ocrx_word' id='word_1_937' title='bbox 1485 2856 1566 2883; x_wconf 75' lang='lat' dir='ltr'><strong>Itaque</strong></span> <span class='ocrx_word' id='word_1_938' title='bbox 1580 2853 1704 2882; x_wconf 71' lang='lat' dir='ltr'><strong>subjmtzit</strong></span> <span class='ocrx_word' id='word_1_939' title='bbox 1718 2858 1726 2876; x_wconf 89' lang='lat'><strong>.&#39;</strong></span> <span class='ocrx_word' id='word_1_940' title='bbox 1742 2862 1753 2875; x_wconf 88' lang='lat' dir='ltr'><strong>s</strong></span> <span class='ocrx_word' id='word_1_941' title='bbox 1768 2852 1832 2876; x_wconf 79' lang='lat' dir='ltr'><strong>Mults</strong></span> <span class='ocrx_word' id='word_1_942' title='bbox 1842 2856 1887 2873; x_wconf 75' lang='lat' dir='ltr'><strong>rsu-</strong></span> 
     </span>
    </p>
   </div>
   <div class='ocr_carea' id='block_1_121' title="bbox 1098 2883 1886 2916">
    <p class='ocr_par' dir='ltr' id='par_1_121' title="bbox 1098 2883 1886 2916">
     <span class='ocr_line' id='line_1_121' title="bbox 1098 2883 1886 2916; baseline 0.001 -10"><span class='ocrx_word' id='word_1_943' title='bbox 1098 2889 1143 2907; x_wconf 77' lang='lat' dir='ltr'><strong>mu</strong></span> <span class='ocrx_word' id='word_1_944' title='bbox 1153 2885 1202 2907; x_wconf 67' lang='grc' dir='ltr'><strong>αι’]</strong></span> <span class='ocrx_word' id='word_1_945' title='bbox 1206 2883 1280 2908; x_wconf 61' lang='lat' dir='ltr'><strong>mimis</strong></span> <span class='ocrx_word' id='word_1_946' title='bbox 1292 2887 1404 2908; x_wconf 77' lang='lat' dir='ltr'><strong>venermtt</strong></span> <span class='ocrx_word' id='word_1_947' title='bbox 1412 2886 1437 2908; x_wconf 87' lang='lat' dir='ltr'><strong>ut</strong></span> <span class='ocrx_word' id='word_1_948' title='bbox 1448 2891 1490 2908; x_wconf 82' lang='lat' dir='ltr'><strong>ruu</strong></span> <span class='ocrx_word' id='word_1_949' title='bbox 1495 2883 1626 2916; x_wconf 63' lang='lat' dir='ltr'><strong>~olargntur</strong></span> <span class='ocrx_word' id='word_1_950' title='bbox 1632 2890 1694 2908; x_wconf 71' lang='grc' dir='ltr'><strong>ειιδ.»</strong></span> <span class='ocrx_word' id='word_1_951' title='bbox 1700 2883 1830 2912; x_wconf 74' lang='lat' dir='ltr'><strong>Quomodo,</strong></span> <span class='ocrx_word' id='word_1_952' title='bbox 1836 2884 1886 2904; x_wconf 54' lang='lat' dir='ltr'><strong>ulc.</strong></span> 
     </span>
    </p>
   </div>
  </div>
