2036 3119
196 148 247 175 315

206 205 250 230 ιρι
261 204 296 230 ob
307 202 465 230 calamitatis
479 201 697 236 magnitudinem,
709 202 749 229 vel
760 203 819 236 quia
833 207 861 228 ut
875 202 984 229 nobilio-

203 257 246 276 res
269 247 482 280 venerabantur;
503 246 544 273 vel
566 247 633 274 forte
646 247 690 280 qui
705 254 758 274 non
773 247 884 281 improbi
897 251 984 279 erant,

201 298 330 321 venerunt
343 302 350 320 :
364 292 513 319 mnllienim
525 299 556 318 ex
571 292 634 326 ipsis
643 291 822 319 crediderunt.
834 293 895 319 Ha:c
907 300 985 327 porro

199 341 263 367 dit-it
285 339 465 373 evangelista,
489 337 581 365 Lazari
602 343 714 365 mortem
734 338 905 366 confirmans.
930 338 986 366 Cur

198 392 276 418 porro
289 383 396 411 Christo
407 383 512 410 obviam
526 383 598 410 venit
612 383 670 410 sine
685 391 778 411 sorore
793 384 911 412 comite?
924 384 986 412 Vult

195 430 307 456 scorsim
324 428 400 455 illum
414 428 499 461 adire,
511 433 538 455 et
553 435 608 455 rem
624 429 755 456 nuntiare.
771 429 915 464 Postquam
935 437 984 456 au-

197 479 250 500 tem
264 474 386 501 Christus
399 480 474 507 spem
498 473 594 500 bonam
618 473 760 507 indiderat,
784 478 847 501 tunc
867 474 933 507 abit,
958 479 985 502 et

201 518 306 545 Mariam
327 523 413 549 vocat,
436 522 463 545 et
486 518 602 545 occurrit
617 517 666 549 illi,
681 518 754 546 luctu
769 519 856 546 adhuc
869 520 982 554 vigente.

200 563 292 591 Viden’
305 563 405 591 amoris
420 564 645 598 magnitudinem?
666 564 729 592 Haec
747 569 790 592 est
802 564 836 592 de
848 573 898 600 qua
910 565 983 592 diee-

200 608 242 635 bat
255 617 262 635 :
278 608 364 634 Maria
378 615 436 634 vero
449 609 567 643 optimam
580 614 677 642 partem
687 609 761 644 elegit
780 609 854 642 (Luc.
870 609 912 637 10.
927 609 982 645 42).

197 653 335 686 Quomodo
346 661 419 688 ergo,
435 654 548 688 inquies,
572 654 673 681 Martha
693 662 764 682 nunc
788 655 933 683 ferventior
946 656 985 683 vi-

196 699 294 726 detur?
318 698 374 725 Non
396 703 453 725 crat
473 698 530 725 luce
543 698 704 732 ferventior;
720 699 767 727 sed
782 700 824 727 illa
837 701 900 728 nihil
914 701 984 728 didi-

195 749 269 771 cerat
284 753 290 771 :
310 752 371 771 nam
393 744 493 771 Martha
518 745 678 772 imbecillior
696 750 764 772 erat.
779 744 846 773 Cum
859 747 931 774 cnim
946 751 984 774 tot

197 794 320 824 tantaque
341 789 471 822 audisset,
496 790 582 818 adhuc
606 795 694 818 tamen
716 791 791 824 dicit,
812 790 873 818 Jam
894 794 983 827 falci;

195 836 376 869 quatriduanus
388 841 424 863 est
438 837 515 863 enim.
532 836 577 863 Illa
594 844 670 868 vero.
687 837 737 864 etsi
751 837 880 864 nihildum
892 838 984 865 audis-

196 886 247 913 set,
270 881 334 908 nihil
348 881 496 916 hujusmodi
507 882 614 917 loquuta
628 888 685 914 est;
707 882 754 910 sed
767 883 856 910 statim
872 884 983 912 credens

196 926 260 953 dixit
275 935 281 953 :
293 926 337 953 2i.
349 925 466 959 Domine,
480 927 502 953 si
515 927 605 962 fuisse:
616 927 668 961 hic,
683 929 761 963 frater
774 936 842 955 meus
854 936 904 956 non
916 930 981 964 [πίει

195 977 230 999 ut
250 978 372 1000 mortuus.

230 1019 256 1046 3.
272 1018 364 1047 Videte
374 1024 473 1054 quanta
487 1018 522 1046 sit
533 1018 675 1047 mulierum
691 1019 868 1055 philosophia,
879 1021 982 1050 etiarnsi

197 1064 328 1092 imbecilla
351 1069 442 1092 mente
463 1065 573 1092 essent?
587 1064 651 1093 Viso
668 1073 783 1102 namque
803 1066 910 1094 Christo
928 1075 982 1095 non

195 1110 282 1136 statim
307 1110 333 1137 in
357 1110 467 1142 luctum,
493 1110 520 1138 in
541 1110 685 1145 planctum,
706 1111 732 1139 in
753 1112 880 1147 gemitum
895 1121 982 1140 erutu-

196 1159 276 1188 punt,
299 1159 328 1182 ut
342 1162 392 1182 nos
405 1155 536 1188 solemus,
563 1156 671 1190 quando
692 1161 771 1184 notos
788 1158 926 1192 quospiam
948 1159 982 1186 ad

195 1201 292 1228 luctum
311 1202 448 1229 venientes
462 1202 660 1236 conspicimus;
676 1203 723 1230 sed
743 1204 832 1231 statim
853 1204 905 1231 illae
924 1212 982 1232 ma-

194 1246 305 1279 gistrum
327 1246 468 1273 mirantur.
493 1246 645 1274 Credebant
661 1248 752 1282 utique
765 1248 849 1276 amba:
865 1249 890 1276 in
905 1249 982 1276 Citri-

194 1295 279 1323 stum;
303 1291 349 1318 sed
376 1299 427 1318 non
451 1295 538 1327 utpar
551 1297 618 1319 erat.
638 1292 758 1320 Nondum
780 1294 851 1321 enim
867 1295 983 1328 perfecte

194 1335 322 1368 sciebant,
338 1343 388 1363 nec
403 1336 484 1363 Deum
499 1344 567 1369 esse,
585 1344 672 1370 neque
687 1345 734 1364 sua
751 1343 881 1373 potestate
894 1344 921 1367 et
934 1347 982 1367 au-

193 1383 315 1410 ctoritate
329 1382 387 1410 haec
399 1383 485 1410 facere
502 1393 509 1412 :
523 1383 594 1418 quod
610 1388 753 1420 utrumque
772 1385 842 1419 ipsas
863 1385 980 1413 edocuit.

193 1427 268 1460 Quod
290 1432 377 1455 autem
399 1428 560 1462 ignorarent,
586 1433 657 1463 patet
673 1436 707 1456 ex
728 1437 762 1457 eo
779 1430 850 1465 quod
870 1430 911 1457 his
924 1439 983 1458 ver-

195 1473 244 1504 bis,
270 1472 300 1500 Si
320 1473 410 1508 fuisses
431 1473 481 1505 hic,
505 1473 584 1507 frater
604 1479 689 1501 uoster
704 1482 754 1501 non
769 1479 832 1502 esset
847 1480 960 1503 mortuus
972 1496 980 1509 ,

194 1518 357 1550 addiderint,
380 1518 425 1545 23.
461 1519 629 1554 Quacumque
651 1519 752 1554 petieris
775 1528 792 1546 a
813 1519 886 1552 Deo,
911 1520 981 1547 dabit

196 1564 238 1590 tibi
248 1571 257 1595 ;
273 1564 346 1598 quasi
369 1564 403 1591 de
418 1565 514 1591 virtute
529 1564 640 1597 ιιι-ξεάίιο
661 1570 688 1592 et
702 1566 847 1599 conspicuo
864 1566 921 1592 viro
941 1566 981 1592 lo-

194 1614 312 1643 quentes.
326 1609 392 1636 Vide
414 1614 502 1637 autem
522 1609 584 1644 quid
599 1609 720 1637 Christus
736 1610 914 1645 respondeat:
927 1610 973 1639 25.

197 1655 318 1690 [inurget
335 1655 414 1689 frater
435 1660 514 1687 tuus;
544 1655 606 1682 illud
630 1655 781 1688 confutans,
813 1657 981 1692 Qttwcumque

197 1700 305 1732 petieris.
320 1699 410 1734 Neque
424 1700 495 1726 enim
509 1699 585 1732 dixit,
603 1700 704 1733 Petam,
719 1701 765 1728 sed
780 1701 864 1736 quid?
888 1701 982 1728 Resur-

195 1751 234 1779 get
246 1746 402 1780 ﬁ'atertuus.
428 1745 454 1773 Si
476 1745 587 1773 dixisset
607 1746 677 1773 enim
695 1754 702 1773 :
719 1745 740 1774 Ο
754 1747 867 1779 mulier,
895 1747 981 1775 adhuc

196 1795 291 1817 terram
315 1791 447 1825 respicis?
468 1791 555 1818 alieno
576 1799 629 1818 non
648 1799 713 1827 egeo
727 1792 839 1822 auxilio,
852 1799 865 1818 a
879 1792 980 1828 mcipso

195 1837 282 1863 omnia
305 1836 373 1864 facio
386 1846 393 1869 ;
410 1837 467 1864 haec
479 1838 592 1865 molesta
608 1837 730 1871 fuissent,
746 1843 772 1865 ct
787 1839 926 1866 mulierem
941 1839 980 1866 of-

196 1881 350 1909 fendissent.
375 1881 450 1910 Nunc
463 1889 525 1910 vero
536 1882 638 1914 dicens,
655 1882 790 1918 Resurget,
809 1883 924 1910 medium
940 1889 979 1910 tc-

196 1928 252 1954 nuit
271 1928 389 1961 modum,
411 1933 438 1956 et
461 1936 508 1963 per
521 1928 657 1963 sequentia
673 1936 704 1955 ea
717 1936 776 1964 quae
789 1929 844 1956 dixi
858 1930 979 1957 snbindi-

195 1974 273 2001 cavit.
291 1973 400 2001 Dicente
413 1974 483 2001 enim
499 1974 553 2005 illa,
568 1974 611 2001 24.
626 1975 686 2002 Scio
699 1976 756 2009 quia
770 1980 881 2010 resurget
894 1976 920 2002 in
935 1984 981 2003 no-

194 2020 294 2046 tissima
307 2019 356 2050 die,
379 2019 478 2046 clarius
494 2027 568 2046 suam
585 2019 701 2047 ostendit
721 2021 917 2052 auctoritatem,
939 2020 980 2047 di—

195 2073 267 2098 cens,
282 2065 327 2092 25.
343 2065 398 2100 Ego
411 2073 468 2092 sum
483 2065 630 2092 resurrectio
646 2070 669 2092 et
684 2066 754 2098 vita;
767 2070 980 2093 corrmmonstrans

194 2117 223 2137 se
236 2118 288 2137 non
303 2110 412 2137 alterius
425 2110 522 2137 auxilio
539 2117 628 2145 egere,
646 2110 776 2145 siquidem
791 2110 849 2145 ipse
863 2110 915 2137 vita
928 2115 978 2137 est.

195 2154 268 2187 Quod
281 2154 303 2181 si
324 2154 432 2182 alterius
453 2159 543 2190 egeret
565 2162 656 2190 opera,
680 2155 815 2189 quomodo
833 2155 888 2189 ipse
902 2155 980 2182 fuerit

195 2199 357 2226 resurrectio
377 2204 405 2226 et
426 2199 501 2226 vita?
524 2199 576 2227 Sed
600 2207 653 2226 non
674 2203 726 2226 tam
739 2199 811 2226 clare
822 2198 900 2231 dixit,
918 2199 981 2227 sub-

197 2243 320 2270 indicavit
345 2248 443 2271 tamen.
468 2244 583 2271 Rursum
606 2244 649 2271 illa
672 2244 786 2276 dicente,
814 2244 980 2278 Quwcumque

196 2289 348 2323 poposceris,
373 2289 417 2316 ille
438 2290 566 2324 reponit:
590 2289 640 2322 Qui
662 2289 741 2316 credit
761 2290 787 2316 in
808 2298 857 2322 me,
883 2290 979 2317 etiamsi

196 2339 308 2360 mortuus
323 2334 398 2367 ﬁerit,
413 2334 474 2361 vivet
487 2342 495 2366 ;
509 2333 655 2361 cstcudens
668 2341 697 2361 se
710 2334 840 2361 bonorum
860 2334 979 2361 datorem

196 2387 266 2413 esse,
279 2385 306 2407 ct
318 2388 332 2406 a
347 2387 376 2408 se
388 2380 530 2415 petendum
544 2387 612 2407 esse.
628 2379 672 2406 26.
690 2379 722 2406 Et
743 2380 823 2406 onmis
842 2380 885 2415 qui
906 2379 977 2412 vivit,

194 2430 218 2452 et
240 2426 321 2452 credit
335 2425 360 2451 in
375 2433 423 2457 me,
448 2433 496 2451 non
512 2425 630 2452 morietur
644 2425 670 2451 in
683 2430 814 2452 celei-num.
831 2424 898 2452 Vide
910 2432 978 2459 quo-

196 2471 276 2498 modo
295 2475 410 2498 mentem
425 2471 482 2505 ejus
496 2471 590 2505 erigat.
604 2470 660 2497 Non
674 2471 745 2497 cutim
762 2475 864 2497 tantum
882 2477 979 2504 quaere-

194 2516 272 2543 batur
287 2516 446 2543 resurrectio
465 2515 568 2548 Lazari,
584 2516 631 2543 sed
655 2516 794 2550 oportebat
814 2520 841 2542 et
856 2516 933 2548 hanc,
953 2520 980 2542 et

194 2562 237 2595 qni
258 2566 402 2596 prrcsentes
425 2569 484 2588 cum
506 2561 548 2588 illa
574 2565 661 2593 erant,
689 2561 912 2588 resurrectionem
924 2561 980 2588 edi-

195 2614 281 2633 scere.
296 2607 438 2640 Propterca
451 2611 593 2641 antequam
609 2607 719 2633 suscitet
734 2614 804 2638 eum,
821 2606 910 2633 verbis
923 2605 980 2640 phi-

197 2652 360 2686 losophatur.
377 2651 452 2685 Quod
473 2652 494 2678 si
509 2652 671 2679 resttrrectio
683 2651 718 2678 sit
732 2655 758 2678 et
769 2652 834 2683 vita,
855 2658 907 2678 non
921 2651 980 2678 loco

196 2696 433 2729 circumscribitur,
455 2696 502 2724 sed
524 2696 621 2730 ubique
641 2703 736 2723 sanare
757 2700 854 2730 potest.
876 2695 903 2723 Si
917 2703 980 2723 vero

197 2741 326 2769 dixissent.
348 2746 377 2768 ut
400 2741 530 2774 centurio,
555 2741 603 2767 Dic
623 2741 695 2768 verbo
719 2746 742 2768 et
765 2740 895 2768 satiabitur
919 2749 980 2775 puer

198 2796 266 2813 πιρηδ
288 2786 394 2821 (Matth.
408 2787 494 2821 8.8),
517 2786 542 2813 id
554 2786 672 2820 profecto
687 2786 812 2813 fecisset:
828 2786 890 2820 quia
915 2793 979 2813 vero

200 2832 271 2859 illum
285 2832 317 2860 ad
334 2839 362 2860 se
375 2832 520 2868 vocabant,
544 2836 571 2859 et
593 2836 621 2860 ut
635 2831 737 2860 veniret
754 2832 898 2867 rogabant,
919 2831 977 2860 ideo

722 144 753 171 ΙΝ
773 145 927 173 1οᾹΝΝΕΜ
948 145 1058 173 1101111..
1081 146 1156 173 LXII.
1178 148 1212 176 al.
1234 149 1298 177 LXI.

1773 160 1822 188 5M

1040 206 1242 240 obtemperavit,
1267 213 1296 235 nt
1315 209 1373 236 illas
1393 217 1408 237 a
1432 214 1484 238 tam
1506 211 1611 246 lmmili,
1636 221 1714 249 quam
1737 216 1771 244 de
1792 226 1822 246 se

1040 249 1181 284 habebant,
1205 253 1329 285 opinione
1351 255 1513 290 retraheret,
1537 261 1563 284 et
1577 258 1610 285 ad
1625 259 1710 287 locum
1727 263 1800 290 venit
1815 272 1822 290 :

1040 299 1065 323 et
1081 300 1168 323 tamen
1187 297 1249 324 dum
1271 306 1331 326 sese
1349 305 1521 336 attemperat,
1545 305 1661 332 ostendit
1682 314 1760 340 posse
1782 316 1822 342 se,

1038 341 1117 369 etiam
1128 341 1190 369 dum
1201 342 1299 371 absens
1312 350 1363 377 est,
1376 353 1487 380 sanare;
1503 348 1562 376 ideo
1576 351 1672 378 tardat.
1683 351 1739 380 Non
1751 354 1822 382 enim

1040 387 1144 422 vulgata
1167 388 1260 416 fuisset
1273 391 1357 425 gratia
1372 399 1483 426 repente
1497 396 1605 430 collata,
1626 398 1677 426 nisi
1699 398 1822 429 fauorem

1039 432 1180 460 emisisset.
1196 434 1231 461 Et
1252 435 1322 463 unde
1336 438 1437 465 sciebat
1452 440 1547 468 mulier
1566 442 1679 470 futuram
1702 452 1824 474 resurre-

1038 478 1175 507 ctionem?
1194 480 1322 509 Audierat
1335 482 1469 511 Christum
1485 487 1565 513 multa
1580 488 1613 515 de
1628 492 1824 520 resurrectione

1039 523 1203 558 loquentem,
1218 527 1265 553 sed
1281 535 1352 556 nunc
1367 529 1458 557 videre
1471 532 1612 566 cupiebat;
1639 541 1666 562 et
1680 536 1739 564 vide
1754 545 1823 572 quo-

1038 570 1118 597 modo
1131 570 1217 598 adhuc
1231 572 1302 600 humi
1319 579 1450 602 versetur.
1461 576 1526 603 Cum
1541 579 1659 606 audisset
1671 582 1752 615 enim,
1764 570 1824 618 figo

1037 623 1092 641 sum
1105 617 1253 644 resurrectio
1263 622 1286 644 et
1299 619 1360 653 vita,
1373 627 1425 647 non
1439 623 1586 657 respondit.
1599 624 1735 653 Rcsnscita
1745 617 1821 660 cum:

1037 659 1083 686 sed
1099 660 1182 694 quid?
1195 661 1275 689 Credo
1288 664 1347 698 quia
1362 670 1388 690 tu
1402 674 1428 692 es
1442 665 1557 694 Christus
1573 667 1655 696 Filius
1670 669 1726 697 Dei.
1754 672 1822 705 Quid

1037 712 1101 739 ergo
1115 705 1236 735 Christus
1250 708 1286 735 illi
1297 709 1363 737 1’25.
1377 710 1465 738 Omnis
1477 713 1520 747 qui
1533 714 1612 740 credit
1625 714 1651 741 in
1665 723 1713 748 me,
1727 717 1823 745 etiantsi

1037 756 1150 777 mortuus
1163 753 1250 786 fuerit,
1267 754 1347 787 vivet,
1364 755 1386 782 si
1407 755 1457 783 hac
1481 765 1576 793 nempe
1591 765 1677 787 morte
1699 768 1820 790 mortuus

1037 795 1131 829 fuerit;
1149 797 1194 824 26.
1209 803 1232 824 et
1252 800 1333 827 ontnis
1346 801 1389 835 qui
1403 802 1461 829 vivit
1473 808 1496 830 et
1509 804 1587 831 credit
1599 805 1626 832 in
1641 814 1690 843 me,
1705 815 1755 834 non
1768 816 1824 835 mo-

1035 841 1125 874 rietur,
1138 842 1180 868 Ilia
1195 843 1315 872 videlicet
1327 850 1423 873 morte.
1432 846 1498 874 Cum
1510 848 1591 883 igitur
1603 857 1653 884 ego
1666 841 1717 878 sim
1735 860 1823 879 resur-

1037 886 1132 918 sectio,
1146 894 1179 914 ne
1195 888 1308 916 turberis
1319 890 1341 917 si
1351 890 1406 925 jam
1418 897 1538 920 mortuus
1552 892 1647 927 fuerit,
1671 896 1718 924 sed
1730 898 1820 925 crede.

1036 929 1099 957 llaec
1113 931 1185 958 enim
1207 939 1260 960 non
1281 942 1355 962 mors
1377 940 1427 962 est.
1451 936 1558 965 Interim
1578 939 1650 966 illam
1672 940 1706 968 de
1725 945 1821 969 eventu

1035 976 1185 1004 consolatus
1199 983 1250 1011 est,
1260 985 1388 1014 spemque
1402 980 1509 1016 adjecit,
1520 987 1575 1010 tum
1588 983 1679 1012 dicens
1689 993 1749 1013 eum
1761 994 1822 1014 esse

1035 1026 1258 1056 resurrecturum,
1284 1029 1339 1051 tutn
1355 1026 1411 1053 hsce
1426 1027 1574 1061 proferens,
1600 1029 1655 1065 Ego
1668 1039 1723 1057 sum
1736 1040 1821 1058 resur-

1035 1067 1132 1099 rectio;
1146 1071 1199 1094 tum
1212 1068 1293 1096 etiam
1309 1071 1379 1104 quia,
1401 1072 1423 1098 si
1439 1078 1560 1108 resurgat
1573 1078 1601 1102 et
1611 1075 1706 1102 iterum
1721 1077 1820 1103 moria-

1036 1116 1087 1143 tur,
1102 1112 1165 1139 nihil
1177 1113 1237 1140 mali
1254 1121 1380 1148 passurus
1393 1116 1438 1143 sit.
1455 1117 1545 1152 Itaque
1558 1126 1611 1146 non
1626 1125 1668 1147 est
1681 1120 1737 1147 lucc
1748 1129 1821 1149 mors

1035 1156 1198 1185 formidanda
1210 1165 1217 1190 ;
1232 1158 1281 1186 hoc
1295 1165 1346 1192 est,
1359 1161 1516 1196 Nequeipse
1530 1169 1650 1192 mortuus
1665 1171 1716 1200 est,
1733 1174 1820 1202 neque

1035 1208 1082 1246 vos
1094 1203 1253 1230 moriemini.
1267 1203 1353 1232 Credis
1368 1206 1435 1234 hoc?
1448 1207 1489 1234 Ait
1501 1208 1548 1235 illa
1562 1217 1571 1236 :
1587 1209 1666 1237 Credo
1683 1212 1743 1246 quia
1757 1218 1782 1238 tu
1793 1221 1820 1240 es

1035 1245 1149 1274 Christus
1170 1247 1253 1275 Filius
1274 1249 1332 1283 Dei,
1355 1251 1398 1285 qui
1410 1252 1437 1278 in
1452 1253 1573 1280 mundum
1588 1245 1693 1282 venisti.
1710 1256 1820 1284 Videtur

1034 1291 1130 1319 mulier
1151 1293 1249 1320 Christi
1270 1294 1369 1322 dictuut
1392 1304 1445 1323 non
1469 1297 1643 1326 intellexisse.
1659 1299 1736 1327 Novit
1747 1307 1820 1329 certe

1034 1345 1231 1372 magnumesse
1251 1341 1396 1376 quidpiam,
1420 1342 1466 1370 sed
1490 1347 1574 1371 totum
1601 1353 1652 1372 non
1679 1345 1817 1374 intellexit.

1034 1383 1100 1425 ldeo,
1109 1384 1143 1412 de
1156 1385 1205 1411 alia
1219 1393 1248 1413 re
1261 1386 1433 1422 interrogata,
1445 1388 1477 1416 de
1486 1389 1538 1416 alia
1550 1391 1703 1424 respondet.
1720 1391 1746 1419 ld
1756 1400 1819 1420 vero

1034 1428 1139 1456 interim
1155 1430 1254 1458 lucrata
1270 1437 1322 1465 est,
1337 1433 1406 1467 quod
1421 1433 1520 1461 luctum
1537 1441 1658 1470 poneret.
1677 1437 1737 1465 llzcc
1747 1439 1820 1473 quip-

1033 1482 1067 1510 pe
1081 1476 1165 1503 virtus
1187 1482 1230 1504 est
1244 1477 1387 1506 verborum
1406 1480 1515 1508 Christi.
1543 1481 1605 1509 ldeo
1619 1483 1662 1509 illa
1677 1485 1817 1518 prtevenit,

1034 1521 1091 1549 hate
1115 1527 1225 1558 sequuta
1251 1529 1303 1551 est.
1339 1525 1403 1553 Nam
1437 1526 1624 1554 benevolentia
1653 1535 1715 1564 erga
1736 1530 1819 1565 Inagi-

1034 1573 1118 1594 strum
1142 1575 1171 1595 re
1193 1570 1316 1603 praesenti
1338 1578 1391 1598 non
1407 1571 1519 1599 multum
1540 1572 1608 1599 affici
1633 1575 1814 1608 permittebat.

1033 1612 1123 1648 Itaque
1147 1621 1207 1641 cum
1229 1615 1312 1650 gratia
1337 1624 1413 1644 mens
1436 1624 1543 1653 quoque
1567 1618 1707 1646 mulierum
1730 1620 1818 1655 philo-

1032 1659 1205 1694 sopbabatur.

1069 1706 1096 1732 4.
1115 1704 1250 1733 Mulierum
1265 1707 1380 1741 planctus
1393 1712 1416 1734 et
1433 1709 1513 1735 luctus
1527 1709 1696 1737 immodestus.
1717 1725 1753 1731 —-
1765 1710 1818 1739 Ve-

1033 1759 1090 1778 rum
1105 1759 1175 1779 nunc
1187 1773 1195 1786 ,
1209 1758 1306 1787 prmter
1327 1754 1377 1781 alia
1401 1754 1468 1782 mala
1479 1775 1486 1788 ,
1500 1755 1544 1783 hic
1558 1763 1664 1791 quoque
1677 1756 1816 1784 mulierum

1033 1798 1140 1825 morbus
1161 1798 1274 1826 obtinet.
1299 1799 1365 1827 Nam
1387 1801 1412 1828 in
1437 1800 1508 1828 luctu
1530 1805 1558 1829 et
1576 1802 1682 1836 planctu
1700 1807 1816 1830 ostenta-

1034 1845 1131 1872 tionem
1145 1845 1279 1879 affcclanl,
1291 1847 1400 1874 brachia
1412 1847 1542 1880 nudant‘,
1555 1848 1643 1875 crines
1651 1848 1814 1884 discerpunt,

1032 1899 1113 1926 genas
1128 1891 1245 1924 laniant;
1258 1892 1317 1920 alia:
1329 1893 1364 1920 ob
1378 1892 1496 1920 dolorem
1509 1902 1516 1926 ;
1532 1893 1591 1921 alia:
1607 1893 1639 1920 ad
1659 1895 1816 1922 ostentatio-

1032 1945 1104 1969 nem;
1117 1937 1175 1964 alia:
1188 1937 1320 1971 impudico
1334 1938 1422 1965 aninto
1437 1938 1544 1966 brachia
1559 1939 1677 1971 nudant,
1693 1939 1757 1966 viris
1775 1940 1817 1966 in-

1033 1982 1178 2010 tuentibus.
1192 1983 1259 2016 Quid
1273 1984 1338 2010 facis
1349 2003 1357 2015 ,
1373 1991 1390 2011 ο
1402 1984 1519 2012 mulier?
1543 1985 1580 2011 Te
1599 1985 1625 2012 in
1648 1985 1736 2012 medio
1758 1985 1817 2012 foro

1033 2027 1145 2061 turpiter
1157 2027 1256 2060 nudas,
1273 2035 1331 2062 qua:
1344 2028 1443 2055 Christi
1460 2029 1609 2056 metubrum
1633 2036 1662 2056 es
1675 2049 1682 2062 ,
1698 2029 1775 2063 idque
1790 2029 1816 2055 iu

1032 2072 1090 2100 foro
1103 2072 1168 2100 viris
1184 2073 1380 2107 praesentibus?
1394 2073 1486 2100 Crines
1508 2073 1615 2101 vellicas
1627 2093 1636 2107 ,
1659 2079 1758 2101 vestem
1776 2075 1817 2101 di-

1032 2118 1140 2151 scindis,
1152 2126 1262 2153 magnos
1273 2118 1387 2153 ejulatus
1399 2119 1508 2152 emittis,
1518 2119 1642 2146 choream
1652 2120 1751 2147 circum
1760 2120 1816 2147 efﬁ-

1032 2164 1084 2197 cis,
1100 2169 1127 2191 et
1146 2164 1294 2191 mamadum
1316 2165 1419 2192 illarum
1441 2165 1581 2200 imaginem
1600 2172 1691 2192 servas
1703 2185 1712 2197 ,
1728 2170 1816 2192 necte

1033 2214 1110 2244 putas
1131 2209 1213 2236 Deum
1237 2209 1393 2237 offendere?
1415 2210 1480 2243 Quae
1498 2211 1541 2238 illa
1573 2210 1696 2238 insania?
1720 2211 1815 2238 Αιιιιυιι

1031 2255 1142 2290 gentiles
1161 2254 1412 2283 ridebunt?Annon
1429 2255 1529 2283 fabulas
1551 2261 1641 2283 nostra
1663 2263 1722 2283 csse
1741 2261 1816 2291 puta-

1032 2301 1096 2327 bunt
1108 2300 1120 2320 "
1135 2300 1227 2327 Dicent
1239 2300 1319 2333 enim,
1333 2300 1409 2327 Nulla
1427 2305 1467 2328 est
1482 2302 1659 2334 resurrectio;
1676 2301 1721 2329 sed
1736 2302 1814 2329 Chri-

1032 2347 1177 2373 stianorum
1193 2345 1314 2380 dogmata
1332 2345 1441 2373 ridicula
1457 2350 1518 2373 sunt
1530 2367 1538 2380 ,
1553 2346 1659 2374 frandes
1670 2368 1677 2379 ,
1694 2347 1814 2374 fallacia-.

1032 2392 1072 2418 Ac
1083 2392 1104 2418 si
1118 2391 1188 2418 enim
1204 2391 1268 2418 nihil
1283 2396 1342 2426 post
1356 2391 1424 2418 hanc
1435 2392 1513 2419 vitam
1527 2392 1662 2427 supersit,
1675 2393 1709 2420 ita
1727 2392 1818 2427 lugent

1031 2437 1100 2472 apud
1120 2436 1179 2463 illos
1197 2436 1338 2469 mulieres;
1361 2437 1427 2464 nihil
1440 2437 1581 2464 attendunt
1593 2438 1734 2472 Scriptnris
1749 2438 1814 2466 suis.

1032 2483 1169 2517 Figmenta
1187 2487 1248 2508 sunt
1268 2482 1310 2508 illa
1325 2482 1412 2509 omnia
1428 2503 1435 2515 ,
1451 2488 1480 2509 ut
1500 2482 1565 2517 ipsae
1576 2483 1760 2517 comprobant.
1787 2483 1814 2509 Si

1032 2529 1102 2555 enim
1116 2528 1254 2556 crederent
1266 2535 1326 2555 eum
1340 2527 1383 2562 qui
1397 2533 1517 2555 mortuus
1528 2533 1587 2561 est,
1599 2535 1651 2555 non
1664 2535 1727 2555 vere
1742 2535 1814 2554 mor-

1033 2579 1104 2602 tuum
1119 2581 1178 2602 esse
1190 2595 1198 2606 ,
1213 2574 1260 2601 sed
1278 2573 1310 2600 ad
1327 2574 1464 2601 meliorem
1477 2573 1556 2600 vitam
1571 2573 1726 2600 translatum
1739 2581 1747 2605 ;
1762 2580 1814 2601 non

1031 2621 1107 2648 illum
1120 2621 1194 2656 quasi
1209 2620 1263 2655 jam
1277 2620 1344 2647 ultra
1360 2627 1412 2646 non
1425 2623 1496 2646 esset
1510 2620 1648 2654 lugerent,
1666 2626 1718 2645 non
1737 2619 1771 2646 ita
1786 2626 1815 2646 se

1032 2670 1208 2700 maecrarent,
1224 2673 1275 2692 non
1291 2665 1350 2692 illas
1369 2665 1521 2692 emitterent
1534 2671 1612 2691 voces
1626 2664 1816 2692 incredulitatis

1064 2744 1071 2759 ι
1090 2742 1135 2767 Alii
1147 2743 1252 2774 habent,
1260 2745 1391 2774 cruentam,
1406 2748 1459 2774 pro,
1467 2741 1567 2774 nudant.
1579 2744 1643 2766 More
1655 2748 1745 2774 nempe
1753 2748 1816 2773 gen-

1031 2773 1119 2807 t_i|inm_,
1131 2773 1173 2804 qui
1190 2772 1296 2803 pradicas
1312 2773 1336 2796 iu
1353 2772 1612 2807 funera_inducebant,
1624 2772 1725 2807 quarum
1741 2772 1815 2807 odiem

1031 2802 1152 2859 deierin
1169 2802 1226 2828 sunt
1247 2807 1319 2828 Torno
1338 2803 1422 2833 quinto
1437 2802 1590 2833 Antiquitalis
1612 2802 1746 2835 eiplanatsc
1771 2805 1817 2829 sub

1033 2840 1065 2860 un
1078 2841 1135 2858 tum.
