2036 3119
219 146 268 174 5H

219 209 330 241 plenas:
349 205 404 232 Non
420 209 444 230 te
458 202 570 237 amplius
586 201 680 227 ridebo
694 221 701 230 ,
722 208 773 226 non
790 203 814 225 te
834 194 1006 229 recuperabo.

220 252 328 279 Fabula!
338 251 407 285 apud
423 250 482 277 illos
497 248 585 275 omnia
602 252 672 273 sunt.
689 245 764 279 Quod
778 245 798 270 si
812 244 836 271 id
850 242 920 278 quod
932 247 1011 275 caput

219 299 337 325 omnimn
353 297 482 323 honorum
495 299 536 322 est
549 302 600 321 non
614 293 736 324 credunt,
750 291 834 318 inulto
850 290 938 316 minus
950 296 1009 314 rre-

219 345 284 372 dent
305 348 411 371 ca‘leva'.
428 343 484 370 Non
497 348 549 368 iam
571 340 713 369 eﬂ‘eminati
728 339 840 374 gentiles
853 342 932 365 sunt:
948 336 1011 364 oml-

221 391 240 417 ti
255 389 323 424 apud
338 389 398 415 illos
411 388 644 423 phiiosopliantur.
660 386 777 414 Audiens
795 384 901 419 gentilis
915 383 1011 409 moliar

221 435 302 462 ﬁlium
313 434 337 460 iii
349 440 436 469 pugna
446 433 585 467 cecidisse,
595 433 685 460 statim
694 432 826 459 sciscitata
837 435 887 461 est.
897 437 1010 465 quomo-

219 481 254 508 do
261 488 290 508 se
300 487 343 507 res
357 480 458 514 publica
470 480 578 507 haberet
589 479 628 514 (ii)
638 487 645 511 ;
655 479 774 514 aliasque
783 477 955 512 philosophus
963 483 1010 503 ro-

219 531 340 558 ronatiis,
351 532 377 553 ιιι
389 526 487 553 audivit
503 526 584 553 ﬁlium
595 533 643 561 pro
659 526 741 560 patria
754 524 894 556 cecidisse,
907 523 1009 550 sublata

219 581 317 601 eorona
345 574 495 601 sciscitatus
510 579 570 601 uter
595 581 627 600 ex
651 572 754 600 duobus
766 593 773 603 ,
786 579 846 599 cum
860 570 920 606 quis
939 575 1011 597 esset

219 620 367 652 didicisset,
381 627 507 647 coronam
521 620 609 647 statim
626 619 754 654 reposuit.
769 618 843 645 Multi
859 618 885 644 iu
899 617 1009 643 deorum

219 672 329 692 suorum
341 665 469 692 honorem
484 665 552 692 ﬁlios
563 665 684 698 ﬁliasque
697 663 852 691 mactandos
868 662 1009 689 tradidere.

220 709 341 737 hiemum
353 715 441 737 autem
464 710 589 737 mulieres
604 709 672 737 filios
686 709 826 736 hortantur
837 729 843 740 .
862 713 889 735 ut
906 712 1009 735 sentum

219 764 253 783 ex
271 757 362 791 praelio
379 757 510 790 referam,
527 757 569 784 vel
585 765 666 792 super
681 758 766 792 ipsum
781 755 879 784 mortui
893 754 1010 782 refcran-

220 808 274 830 tiir.
290 803 374 830 Pudet
394 812 437 831 me
455 804 491 831 ita
513 804 628 839 gentiles
650 803 854 839 philosophari,
875 803 938 830 dum
963 811 1010 831 nos

219 850 334 884 turpiter
347 851 460 885 agimus.
474 850 524 884 Qui
541 850 606 878 nihil
625 851 659 878 de
679 850 877 878 resurrectione
892 853 1009 878 norunt.

220 895 330 930 perinde
349 900 431 930 agunt
454 903 484 922 ae
507 897 529 923 si
554 902 663 923 nossent
680 905 686 923 :
702 896 746 931 qui
770 902 866 923 norunt
891 903 1010 923 resurre-

219 940 352 973 ctionem,
368 941 402 968 ita
425 949 454 968 se
465 946 561 977 gerunt
575 950 605 969 ac
620 943 641 969 si
667 942 736 970 illam
758 942 920 977 ignorarent.
938 942 1010 970 Multi

219 985 289 1019 quod
305 991 413 1021 propter
426 987 510 1015 Deum
524 995 576 1015 non
599 988 717 1016 facerent
730 996 761 1016 ex
779 989 896 1016 humano
911 989 1010 1023 pudore

220 1032 326 1060 faciunt.
354 1032 544 1067 Opulrntiores
565 1036 637 1061 enim
666 1035 792 1062 mulieres
821 1035 932 1069 capillos
958 1043 1009 1062 non

220 1077 340 1110 vellunt,
357 1079 464 1106 brachia
481 1088 533 1107 non
554 1080 674 1112 nudant;
689 1080 759 1115 quod
774 1080 880 1115 quidem
896 1088 1012 1109 summo-

221 1130 285 1156 pere
299 1124 502 1158 iiiiprobandmn
516 1146 524 1159 ,
542 1133 595 1153 non
607 1126 677 1161 quod
694 1134 747 1154 non
763 1126 873 1159 nudent,
889 1127 936 1154 scd
950 1127 1010 1162 quia

220 1176 274 1195 non
288 1169 393 1204 pietatis
414 1178 493 1198 causa
508 1193 516 1205 ,
531 1179 562 1199 ac
577 1180 610 1200 ne
625 1176 717 1207 turpes
736 1173 876 1200 videantur
887 1193 894 1206 ,
912 1172 962 1200 hoc
978 1173 1012 1200 fa-

220 1215 302 1242 eiunt.
315 1215 403 1244 Pudor
417 1217 515 1244 luctum
526 1218 644 1251 eoliibet,
662 1219 707 1246 Dei
721 1223 807 1246 metus
818 1227 869 1247 non
884 1219 1012 1247 cohibet?

221 1261 255 1288 Et
268 1262 402 1296 quomodo
417 1262 474 1290 hate
494 1271 546 1290 non
565 1264 709 1291 admodum
724 1265 916 1299 improbanda?
927 1264 1011 1299 Opor-

221 1310 290 1334 tcret
300 1315 364 1344 ergo
377 1309 448 1343 quod
462 1309 597 1343 opulcntze
611 1309 711 1337 faciunt
721 1311 780 1345 quia
795 1311 927 1345 opulenta:
939 1316 1010 1344 sunt,

222 1351 248 1379 id
264 1360 393 1388 pauperes
416 1354 450 1380 oh
465 1354 512 1382 Dei
527 1355 650 1382 timorem
665 1355 763 1383 facere.
782 1356 856 1383 Nune
869 1358 957 1383 omnia
973 1357 1012 1383 iii-

222 1405 301 1425 verso
322 1398 415 1426 ordine
433 1400 499 1427 ﬁunt
512 1409 518 1427 ε
531 1400 583 1427 illic
596 1401 631 1428 ob
647 1408 741 1428 vanam
764 1401 876 1436 gloriam
893 1402 1011 1436 philoso-

223 1444 357 1478 phantur,
382 1445 422 1472 lia:
447 1445 482 1473 ob
507 1447 753 1481 piisillaiiimitatem
776 1448 888 1482 turpiter
919 1454 1011 1483 agunt.

222 1488 291 1521 Quid
303 1489 352 1516 hac
360 1489 539 1525 iiiiequalitate
552 1491 669 1520 deterius
679 1493 691 1520 ?
701 1492 794 1520 Omnia
810 1493 945 1520 hominum
954 1502 1014 1529 gra-

223 1535 260 1562 tia
281 1535 401 1563 facimus.
419 1536 505 1565 Verba
516 1545 621 1574 quoque
636 1539 755 1566 stultitim
771 1539 847 1574 plena
865 1544 891 1567 et
903 1540 1012 1568 ridicula

224 1580 371 1615 profcntnt.
389 1581 515 1609 Dominus
539 1584 644 1619 quidem
664 1584 832 1612 dicit:BeaIi'
852 1587 894 1620 qui
908 1587 1012 1622 lugent,

224 1625 257 1653 de
275 1626 307 1654 iis
323 1627 452 1662 loquens,
479 1629 523 1663 qui
549 1634 658 1665 peccata
685 1630 941 1667 liigentznemoque
969 1633 1014 1660 illo

225 1671 296 1706 luget
311 1673 381 1700 luctu
393 1695 401 1707 ,
418 1682 467 1701 nec
477 1680 552 1702 curat
566 1676 587 1703 si
602 1680 693 1710 pereat
705 1677 809 1709 anima;
824 1678 874 1705 hoc
887 1685 938 1705 nou
948 1678 1014 1712 jiissi

225 1727 318 1746 sumus
330 1719 429 1753 facere.
441 1726 468 1749 et
479 1722 590 1749 facimus
604 1723 623 1748 ¹.
638 1723 707 1756 Quid
721 1731 785 1759 ergo
797 1745 804 1757 ,
824 1724 927 1760 inquies
942 1746 949 1756 ,
964 1725 1015 1753 ho-

227 1765 326 1792 minem
341 1766 440 1794 deﬂere
456 1775 508 1794 non
538 1768 647 1796 licebit?
661 1769 716 1796 lloc
728 1778 779 1796 uoii
791 1775 852 1797 veto
867 1791 874 1803 ,
891 1771 937 1798 sed
961 1776 1017 1799 tun-

226 1810 316 1838 sioncs
328 1831 336 1843 .
350 1811 398 1839 sed
413 1812 603 1841 immoderatos
623 1814 713 1843 ﬂetus.
737 1815 795 1843 Non
815 1824 873 1843 sum
890 1816 991 1844 ferinus
1007 1838 1014 1850 ,

228 1864 280 1884 non
294 1857 454 1886 inhumanus
468 1867 475 1884 :
490 1859 547 1887 scio
562 1864 682 1888 naturam
696 1860 775 1891 ﬂecti.
793 1867 820 1889 et
835 1863 1016 1897 quotidianam

228 1903 364 1938 requirere
377 1905 608 1934 consuetudinem.
620 1906 677 1935 Non
691 1915 831 1942 possumus
845 1917 897 1936 non
914 1910 1015 1943 lugere,

229 1950 300 1984 quod
323 1955 350 1978 et
368 1951 491 1980 Christus
506 1953 622 1981 ostendit
639 1962 645 1981 :
661 1955 820 1990 laerymatus
832 1957 903 1984 enim
924 1961 964 1984 est
984 1957 1017 1984 de

231 1995 342 2024 Lazaro.
357 1996 413 2025 Hoc
432 2002 459 2025 et
483 2003 509 2025 tu
530 1998 629 2026 facito!
648 2000 793 2036 lacrymare
806 2023 812 2033 ,
832 2002 879 2030 sed
903 2003 1016 2034 leuiter.

229 2041 274 2068 sed
292 2042 430 2075 pudenter,
443 2043 490 2070 sed
503 2051 562 2071 cum
580 2045 674 2073 timore
686 2047 742 2073 Dei.
761 2047 787 2074 Si
800 2048 837 2075 sic
852 2048 1016 2082 lacrymeris,

229 2095 282 2114 non
295 2087 450 2123 lacrymaris
470 2090 545 2124 quasi
571 2092 793 2120 resurrectionem
810 2101 861 2120 non
884 2094 996 2122 credens
1008 2115 1015 2127 ,

228 2132 276 2159 sed
291 2133 365 2167 quasi
381 2134 574 2168 scparationcni
590 2144 641 2162 nou
655 2136 751 2164 ferens.

265 2178 292 2205 5.
314 2178 378 2205 Nam
402 2179 461 2207 illos
475 2181 554 2208 etiam
568 2182 613 2216 qui
630 2190 740 2218 peregre
762 2185 967 2219 proﬁciscuntur
981 2187 1019 2213 la-

230 2224 329 2259 cryinis
342 2226 525 2261 prosequimur
538 2249 546 2259 ,
560 2229 607 2255 sed
621 2236 675 2256 non
692 2230 766 2264 quasi
780 2230 963 2266 desperantes.
975 2233 1019 2260 Sic

230 2276 255 2297 et
269 2275 295 2297 tu
311 2271 441 2306 lacrymas
453 2273 544 2300 emitte
557 2294 564 2306 ,
585 2281 615 2301 ac
627 2275 649 2302 si
674 2277 886 2308 proﬁciscentem
902 2279 1019 2312 puemit-

232 2322 311 2344 teres.
326 2317 387 2345 ilice
407 2326 458 2345 non
473 2319 569 2353 juhens
581 2342 588 2353 ,
613 2321 659 2347 si-il
674 2321 795 2350 humanae
811 2332 852 2350 me
874 2324 1019 2351 inﬁrmitati

231 2367 411 2397 ntteiiiperans
436 2365 507 2393 dico.
529 2366 593 2392 Nam
616 2367 636 2393 si
664 2374 787 2401 perrator
801 2374 858 2396 erat
878 2370 900 2397 is
913 2370 956 2404 qui
970 2370 1018 2397 de-

232 2405 336 2433 functus
348 2411 398 2438 est.
415 2407 458 2441 qui
473 2415 544 2441 sirpe
558 2407 639 2436 Deum
657 2409 807 2442 oﬂ‘enderit,
818 2410 957 2439 dcﬂendus
970 2412 1020 2439 uti-

265 2462 272 2498 ξ
290 2461 384 2498 illatus
396 2462 495 2498 legitur.
512 2470 558 2498 non
567 2464 631 2498 ῥηξδὶ
639 2472 724 2498 sumtis
734 2464 814 2498 lugere
825 2471 848 2492 et
861 2466 976 2498 (agamus.

262 2492 299 2528 (Ii)
310 2492 436 2528 tta-epulo
447 2494 534 2528 referri
546 2492 575 2518 ad
588 2492 834 2528 i_I_lud__ai~.oplith'L-giiia
846 2492 949 2524 lactente
958 2492 1019 2524 vinu-

242 2523 247 2528 _
262 2503 299 2528 in;
310 2503 366 2517 nzec
378 2503 436 2524 μιιιυ
447 2503 534 2519 reierri
546 2503 575 2518 au
588 2503 834 2550 uiuu‘apopntncgnia
846 2503 949 2524 lactente
966 2507 1019 2524 mu-

232 2523 372 2561 IlurlSﬂ-‘Itl'llld
385 2523 535 2561 Plutarchum
544 2532 568 2556 p.
582 2526 624 2550 601
642 2526 670 2550 Et
680 2530 710 2561 i_t._
726 2531 790 2552 Paris
802 2547 808 2557 ,
819 2535 834 2561 s
854 2536 878 2559 p.
897 2530 951 2555 ΞΗ.
964 2536 1020 2561 una:

231 2560 285 2577 eum
299 2554 359 2590 ﬁlios
366 2556 474 2586 quinque
486 2556 514 2593 ad
526 2554 632 2593 pugnam
639 2558 773 2593 _eniisi§_set,
783 2554 808 2583 et
819 2560 841 2584 in
854 2554 1021 2593 suburliio‘pu:

231 2591 286 2624 {intra
297 2586 694 2624 exiliuitexsppctar’et,’plintianti
706 2588 835 2624 tiliussum
842 2598 927 2624 onines
940 2592 964 2616 in
976 2586 1019 2624 pu-

248 2621 279 2655 na
290 2616 418 2655 cecidisse...
432 2615 488 2655 ι’ἰιιεΔ
501 2615 1020 2655 ηιφιτίρίιιτξιηΓθξιιοιιιίίιιπλαξε-Ιιοιξηήὶιῖνξ.

246 2646 342 2676 Μηδία
352 2646 455 2680 quotam
465 2651 541 2672 essent
550 2654 588 2672 res
599 2646 693 2678 ῃαιιέὶιιι.
700 2646 834 2680 n'eSpondt-l
848 2652 888 2677 ille
898 2646 1019 2680 victiiriiiiii

233 2683 311 2711 penes
327 2677 454 2714 spartiatas
473 2684 539 2714 esse.
561 2677 635 2714 nunc,
650 2681 730 2714 inquit
743 2677 798 2714 Villa,
811 2682 915 2714 ﬁliorum
928 2677 1019 2712 έιὶίᾰέὲὶῆ

231 2713 277 2742 non
288 2707 361 2731 inrita
373 2707 452 2742 rhytio.
466 2708 534 2732 Alius
552 2707 708 2742 philosophus
725 2712 763 2736 hic
779 2707 1021 2742 ιιίὀιιιοιτιιέιέῖίειιῦί

248 2737 295 2761 lion
312 2737 447 2775 est._Haiic
469 2746 541 2775 parare
553 2737 679 2775 historiam
698 2744 776 2768 refert
792 2737 863 2775 Diog.
877 2737 1019 2772 thermis-hi

244 2767 391 2809 ienoplionte
408 2767 493 2809 versus
504 2771 585 2796 tinem.
599 2772 643 2797 Hic
656 2767 798 2799 memoriter

231 2803 331 2829 stoiiiiis,
345 2806 396 2824 rem
407 2802 479 2829 paulo
491 2810 562 2827 secus
575 2808 663 2830 narrat.

584 141 610 168 S.
629 137 766 167 J0.\!\'.\'|S
785 130 1020 164 ιιιιιιγςοετυιιι
1041 130 1200 158 ΑΠΟΙΙΙΕΡ.
1220 131 1487 160 CONSTANTINOP.

1805 136 1858 162 δίε

1065 202 1116 228 qiie
1130 199 1188 226 est;
1206 196 1259 223 imo
1280 203 1332 223 non
1355 196 1494 224 deﬂendus
1516 202 1616 224 tantum
1632 219 1638 229 ,
1665 206 1724 224 cum
1744 199 1768 225 id
1792 199 1857 226 nihil

1066 240 1114 274 ipsi
1127 241 1220 268 all‘erat
1234 243 1353 269 utilitatis
1363 264 1371 275 ,
1386 243 1432 269 sril
1445 251 1475 270 ea
1492 243 1612 271 facienda
1627 249 1706 277 sunt.
1721 252 1780 279 qua:
1795 253 1857 279 pns-

1064 287 1116 313 siut
1131 287 1203 314 illiiin
1223 288 1318 322 juvare
1328 309 1335 321 ,
1353 293 1381 316 ιιι
1405 289 1583 325 eleemosynic
1595 312 1602 321 ,
1617 291 1775 319 oblationes.
1791 292 1857 320 Hinc

1063 333 1144 360 etiam
1157 334 1302 362 limandum
1314 340 1366 368 est.
1381 336 1451 370 quod
1463 336 1551 363 omnis
1567 337 1675 364 malitiae
1688 339 1794 365 occasio
1807 339 1856 372 ipsi

1063 378 1150 406 ablata
1166 380 1210 407 sit.
1232 380 1259 407 Si
1274 388 1336 407 vero
1347 380 1436 415 justus
1451 382 1486 408 sit
1497 403 1504 414 ,
1519 383 1708 410 exsultantium
1719 404 1726 416 ,
1743 385 1814 419 quod
1830 385 1856 411 iii

1063 429 1120 451 tuto
1134 426 1169 452 sit
1188 426 1336 454 collocatus
1348 447 1355 460 ,
1369 431 1397 454 et
1408 427 1474 455 liber
1485 427 1519 455 ab
1532 428 1634 456 incerto
1658 429 1747 457 futuro
1765 435 1835 457 statu
1849 439 1857 458 :

1063 471 1084 498 si
1097 472 1202 506 juvenis
1217 474 1262 505 sit,
1274 473 1442 508 gaudendum
1456 473 1526 508 quod
1540 475 1593 502 cito
1609 481 1718 510 ereptus
1728 478 1762 504 sit
1776 477 1857 511 hujus

1064 517 1124 544 vitae
1139 518 1231 550 malis;
1246 519 1267 545 si
1283 526 1377 552 senex,
1392 519 1463 554 quod
1476 527 1509 547 eo
1519 520 1619 548 diutius
1634 521 1669 549 sit
1685 530 1749 549 usus
1762 543 1769 554 ,
1783 523 1855 558 quod

1065 563 1179 591 maxime
1194 563 1371 593 desiderabile
1393 565 1542 594 videbatur.
1559 567 1598 594 Tu
1615 575 1678 595 vero
1693 568 1734 596 his
1746 575 1856 604 praeter-

1066 608 1153 636 miiisis
1164 609 1298 642 omnibus,
1314 611 1425 639 ancillas
1438 611 1472 639 ad
1487 612 1585 640 luctum
1601 613 1696 641 incitas
1710 636 1717 648 ,
1735 615 1809 650 quasi
1829 616 1855 644 in

1063 653 1179 682 defuncti
1195 655 1325 684 honorem
1338 677 1346 690 ,
1364 657 1434 692 quod
1447 663 1594 686 extremum
1608 660 1726 688 dedecus
1736 667 1786 689 est.
1803 662 1858 689 llo-

1065 707 1114 727 nor
1127 701 1198 728 enim
1219 702 1345 730 defuncto
1364 707 1435 734 sunt.
1461 711 1512 732 non
1534 705 1611 733 ﬂetus
1624 727 1631 740 ,
1649 715 1701 734 non
1717 708 1832 742 ejiilatns
1847 731 1854 742 ,

1063 747 1110 774 scd
1124 746 1283 782 hymnorum
1307 749 1524 786 psalmoruinque
1552 758 1646 780 cantus
1668 774 1674 783 .
1700 756 1856 791 optimaque

1063 793 1127 820 vita.
1142 793 1188 821 Ille.
1203 801 1318 829 namque
1332 794 1468 829 digressus
1489 804 1550 825 cum
1570 799 1671 833 angelis
1685 802 1835 828 versabitur
1847 823 1854 833 ,

1063 838 1167 866 etiamsi
1185 839 1270 867 funeri
1284 848 1362 868 nemo
1375 842 1464 869 adsit:
1480 844 1524 878 qui
1541 851 1622 879 porro
1642 845 1779 880 improbus
1799 855 1853 873 nio-

1062 884 1132 911 ritur
1143 906 1150 916 ,
1167 886 1215 912 etsi
1240 891 1320 914 totam
1336 887 1470 915 civitatem
1482 889 1616 925 exsequiis
1633 897 1790 925 przesentcni
1805 892 1853 920 ha-

1062 930 1134 964 heat,
1150 931 1215 959 nihil
1230 932 1292 961 inde
1304 933 1462 962 lucrabitur.

1099 977 1219 1013 Defimcli
1239 981 1364 1014 quomodo
1378 981 1427 1008 sint
1442 981 1633 1009 lionorandi.-—
1644 983 1688 1010 Vis
1702 984 1855 1013 defunctum

1063 1022 1263 1052 cohonestare?
1285 1027 1342 1053 Alia
1365 1026 1473 1057 adhibe.
1486 1028 1672 1065 elceinosynas
1684 1051 1691 1063 ,
1715 1031 1852 1064 beneﬁcia,

1064 1070 1223 1098 ministeria.
1248 1072 1315 1105 Quid
1340 1080 1372 1100 ex
1401 1079 1438 1101 tot
1462 1075 1568 1103 ﬂetibus
1591 1077 1679 1104 lucri?
1703 1078 1760 1113 Ego
1783 1079 1854 1106 aliud

1064 1117 1172 1150 gravius
1187 1118 1274 1145 audivi
1290 1127 1296 1144 :
1312 1120 1408 1147 multas
1422 1129 1519 1156 nempe
1545 1130 1605 1150 esse
1621 1132 1679 1158 qua:
1707 1132 1754 1159 per
1778 1125 1856 1152 ﬂetus

1064 1168 1197 1191 amatores
1211 1165 1331 1192 alliciunt
1343 1187 1350 1199 ,
1365 1166 1427 1194 dum
1444 1168 1611 1196 vehementia
1626 1170 1712 1198 luctus
1726 1172 1856 1199 maritalis

1064 1211 1162 1238 amoris
1178 1211 1274 1240 famam
1296 1214 1346 1241 sibi
1370 1220 1536 1249 comparant.
1553 1217 1576 1243 0
1589 1216 1751 1246 diabolicum
1763 1218 1855 1246 inven-

1065 1261 1120 1284 tiiiit
1134 1258 1140 1284 !
1156 1257 1179 1286 0
1192 1259 1338 1287 satauiciim
1360 1261 1500 1289 artificium
1513 1263 1520 1290 !
1534 1262 1677 1299 Usquequo
1695 1269 1765 1292 terra
1780 1270 1807 1293 et
1819 1266 1857 1293 ci-

1065 1304 1106 1332 uis
1119 1325 1126 1337 ,
1143 1312 1280 1342 itaque-quo
1299 1308 1409 1343 sanguis
1422 1313 1449 1336 et
1461 1317 1524 1337 caro
1536 1311 1636 1339 erimus
1647 1311 1659 1337 ‘l
1672 1312 1857 1347 Respiciamus

1065 1351 1091 1378 in
1106 1352 1186 1379 cielos
1200 1372 1208 1385 ,
1233 1353 1381 1388 spiritualia
1402 1356 1559 1390 cogitemus.
1583 1356 1724 1390 Quomodo
1745 1360 1857 1393 gentiles

1065 1405 1206 1433 arguemus
1220 1399 1232 1426 τ
1245 1399 1385 1432 Quomodo
1399 1401 1433 1429 de
1447 1403 1642 1430 resurrectione
1660 1411 1720 1431 eum
1735 1404 1788 1432 illis
1801 1413 1859 1439 age-

1066 1453 1124 1471 mus
1137 1466 1145 1478 ,
1159 1447 1293 1480 quomodo
1311 1447 1346 1475 de
1365 1448 1528 1476 virtutibus?
1547 1449 1603 1483 Qun
1623 1453 1769 1480 securitate
1791 1453 1858 1479 vive-

1067 1491 1152 1518 mus?
1174 1493 1213 1519 An
1238 1493 1344 1527 ignoras
1366 1502 1398 1521 ex
1414 1502 1529 1523 incerare
1555 1498 1696 1531 provenire
1720 1500 1857 1526 mortem?

1068 1535 1149 1563 Dolor
1169 1538 1239 1565 enim
1264 1544 1380 1567 mentem
1405 1540 1585 1569 obtciiebrans
1600 1563 1606 1575 .
1629 1551 1682 1570 non
1698 1544 1779 1571 modo
1793 1544 1856 1571 nihil

1067 1587 1096 1609 iit
1110 1590 1157 1617 par
1170 1589 1240 1611 esset
1261 1585 1352 1614 videre
1366 1586 1448 1618 sinit.
1465 1588 1512 1616 sed
1536 1589 1647 1616 multum
1662 1590 1743 1618 infert
1756 1590 1857 1618 damni.

1068 1629 1114 1658 Illo
1129 1631 1218 1665 itaque
1234 1632 1313 1660 modo
1329 1633 1410 1661 Deum
1424 1634 1596 1668 oﬂ'endimus.
1614 1643 1645 1663 ac
1659 1644 1746 1672 neque
1762 1638 1839 1665 nobis
1850 1659 1857 1670 ,

1068 1683 1154 1711 neque
1178 1677 1303 1705 defuncto
1327 1683 1484 1712 prosuinus:
1500 1681 1549 1708 hac
1576 1687 1665 1710 autem
1686 1684 1790 1711 ratione
1806 1684 1859 1712 Deo

1068 1722 1204 1758 placemus
1217 1745 1223 1755 ,
1241 1729 1267 1752 ct
1288 1725 1322 1753 ab
1337 1725 1488 1753 hominibus
1499 1728 1675 1756 celebramur.
1693 1729 1758 1758 Nam
1773 1731 1795 1758 si
1811 1739 1859 1758 nos

1069 1777 1122 1797 non
1133 1771 1305 1798 i-oncidainus
1318 1794 1325 1803 ,
1338 1773 1392 1800 cito
1408 1775 1531 1802 maeroris
1549 1775 1676 1810 reliquias
1694 1777 1780 1805 aufert
1795 1786 1802 1806 :
1818 1778 1858 1805 sin

1070 1815 1237 1851 indignemur
1251 1838 1258 1847 .
1281 1826 1329 1845 nos
1350 1818 1436 1846 dolori
1462 1821 1536 1854 quasi
1557 1820 1692 1848 dedititios
1709 1822 1807 1850 reddit.
1831 1824 1859 1851 Si

1069 1863 1168 1896 gratias
1183 1870 1303 1898 agamus,
1317 1871 1368 1892 non
1383 1865 1542 1894 dolehimus.
1560 1867 1594 1894 Et
1606 1869 1741 1902 quomodo
1754 1874 1840 1903 potest
1850 1890 1857 1901 .

1071 1908 1183 1942 inquies.
1199 1916 1251 1936 non
1262 1910 1352 1943 lugere
1364 1930 1372 1941 .
1386 1911 1429 1945 qui
1453 1910 1545 1943 ﬁlium,
1560 1916 1606 1939 aut
1623 1912 1702 1940 ﬁliam
1715 1935 1723 1947 ,
1734 1919 1780 1941 aut
1794 1923 1848 1942 tuo

1070 1961 1126 1981 rem
1142 1955 1253 1981 amisit?
1266 1955 1323 1982 Non
1343 1956 1404 1983 dico
1425 1965 1477 1984 non
1491 1957 1645 1992 lugendum,
1660 1959 1707 1986 sed
1729 1967 1781 1987 non
1803 1949 1859 1988 sine

1071 2001 1150 2028 modo
1165 2002 1309 2036 lugendum
1325 2011 1394 2030 esse.
1410 2003 1436 2031 Si
1453 2005 1523 2031 enim
1538 2005 1686 2039 cogitemus
1701 2006 1784 2033 Deum
1798 2007 1856 2032 abs-

1071 2049 1162 2076 tulissc
1173 2070 1179 2079 .
1194 2057 1295 2085 nosque
1311 2057 1357 2077 seu
1371 2050 1455 2078 virum
1473 2060 1519 2078 seu
1541 2053 1623 2079 tilium
1648 2054 1788 2081 mortalem
1816 2053 1833 2080 h
1849 2070 1860 2075 -

1071 2095 1145 2127 bere.
1160 2096 1213 2123 cito
1233 2097 1631 2126 consolationemailniittemus.
1644 2099 1778 2134 lndignari
1792 2107 1865 2126 nan:-

1070 2150 1122 2176 que
1137 2148 1179 2169 est
1191 2150 1284 2170 eorum
1298 2144 1341 2178 qui
1356 2145 1442 2177 majus
1456 2145 1591 2179 quidpiam
1605 2146 1746 2181 requirnnt
1758 2169 1765 2179 ,
1783 2157 1862 2182 quain

1072 2191 1164 2214 natura
1179 2187 1256 2214 ferat.
1274 2189 1359 2216 Homo
1374 2194 1401 2217 et
1421 2191 1541 2219 mortalis
1564 2198 1642 2219 natus
1653 2201 1682 2220 es
1695 2215 1702 2225 ,
1726 2202 1775 2221 riir
1789 2195 1862 2222 doles

1071 2233 1140 2268 quod
1153 2234 1298 2261 secundum
1320 2240 1440 2263 naturam
1461 2237 1624 2271 contigerit?
1643 2240 1684 2265 An
1695 2239 1772 2267 doles
1791 2245 1861 2275 quod

1072 2280 1196 2307 comedas
1207 2281 1240 2308 ad
1255 2281 1334 2309 vitam
1349 2283 1529 2310 servandam?
1541 2283 1608 2311 Num
1621 2286 1718 2319 quieris
1732 2286 1791 2314 sine
1802 2288 1863 2314 cibo

1072 2326 1184 2353 vivere?
1197 2326 1240 2353 Sic
1252 2327 1323 2354 circa
1339 2333 1453 2356 mortem
1466 2328 1545 2356 fat-ilo
1555 2351 1562 2361 ,
1576 2337 1625 2357 nec
1638 2339 1743 2365 qumras
1759 2332 1862 2360 immorv

1074 2373 1212 2402 talitatem.
1227 2374 1346 2401 mortalis
1360 2383 1419 2401 cum
1433 2376 1480 2402 sis.
1497 2375 1552 2403 Hoc
1564 2377 1647 2404 semel
1662 2377 1800 2405 definitum
1812 2384 1862 2406 est.

1072 2418 1110 2446 Ne
1123 2419 1214 2447 doleas
1229 2441 1236 2452 ,
1253 2428 1287 2449 ne
1309 2425 1336 2448 te
1356 2429 1478 2450 maceres
1494 2443 1500 2454 .
1515 2424 1560 2450 sed
1574 2424 1611 2451 rer
1623 2432 1653 2451 ea
1670 2432 1729 2459 quia
1740 2427 1864 2453 omnibus

1072 2470 1170 2494 statuta
1189 2471 1260 2495 sunt.
1278 2467 1341 2495 Dolc
1362 2467 1396 2495 de
1422 2469 1546 2503 peccatis.
1572 2469 1619 2497 llic
1639 2471 1757 2505 optimus
1780 2471 1865 2499 lectus

1072 2515 1113 2539 est
1126 2532 1133 2543 ,
1150 2511 1208 2540 hinc
1232 2513 1347 2540 maxima
1372 2513 1548 2550 philosophia.
1565 2515 1628 2543 llmc
1649 2523 1713 2552 ergo
1736 2522 1864 2552 perpetuo

1072 2557 1217 2585 deﬂeamus
1229 2579 1235 2590 ,
1251 2564 1278 2586 ut
1293 2560 1347 2586 illic
1361 2560 1486 2595 gaudium
1508 2569 1704 2596 consequamur
1717 2583 1725 2595 ,
1739 2563 1825 2598 gratia
1840 2569 1864 2591 et

1073 2605 1235 2639 benignitate
1249 2606 1353 2633 Domini
1368 2608 1451 2634 nostri
1470 2607 1533 2636 Jesu
1548 2607 1647 2637 Christi
1657 2629 1665 2642 ,
1679 2609 1721 2636 cui
1742 2610 1826 2646 gloria
1837 2610 1864 2638 in

1072 2652 1168 2679 saecula
1184 2653 1352 2681 Sit-culorum.
1367 2654 1464 2682 Amen.
