2036 3119
153 186 203 214 549

809 273 980 306 HOMILIA
1000 275 1113 305 LXIII.

153 359 217 387 Cn.
232 360 276 386 Η.
291 368 316 386 v.
331 359 375 387 30.
406 359 527 386 Nondum
546 364 629 386 autem
650 365 749 386 renerat
763 359 838 385 Iesus
858 360 883 385 in
899 366 943 384 ca-

189 405 302 438 stellum,
321 405 365 432 sed
381 405 466 431 eratin
485 405 548 436 loco,
566 406 608 432 ubi
619 405 726 432 occurrit
740 405 763 432 ei
779 405 938 432 Mar!ha.5l.

187 450 274 478 Judtei
287 456 369 478 autem
380 472 387 483 ,
402 451 444 485 qui
454 457 524 478 erant
539 459 594 477 cum
609 452 670 484 illa,
687 455 738 478 etc.

188 497 213 524 i.
230 496 382 524 Diuitiarum
395 501 551 532 contemptus
569 498 643 523 etiam
654 497 680 523 in
695 500 742 523 hoc
758 496 808 522 vita
823 496 940 522 utilis.—

153 543 275 578 Magnum
303 543 400 572 bonum
415 548 454 570 cst
480 542 664 577 philosophia:
680 542 873 577 philosophiam
897 542 938 568 di-

152 595 185 615 co
200 593 316 614 nostram
327 609 335 621 ,
351 596 403 615 non
427 593 575 616 externam.
591 588 705 615 Gentilis
723 588 793 615 enim
816 588 937 622 philoso-

150 631 210 666 phia
234 632 314 658 verba
328 637 354 659 et
373 632 470 659 fabulae
490 637 552 659 sunt
566 642 571 659 :
597 632 744 667 fabulaeque
757 632 809 659 illa:
824 632 888 659 nihil
903 632 936 659 ad

149 676 342 712 philosophiam
354 679 496 712 pertinent.
509 677 602 705 Omnia
614 678 713 713 quippe
725 678 792 712 apud
807 678 867 704 illos
879 678 935 712 glo-

148 723 194 749 ria
213 729 292 749 causa
308 723 381 749 ﬁunt.
400 723 522 758 Magnum
540 725 626 758 itaque
647 724 744 751 bonum
770 723 934 758 philoSophia

147 772 186 794 est
200 787 208 798 ,
224 775 283 801 quae
305 768 380 794 nobis
400 768 440 795 vel
457 768 482 795 in
505 768 554 796 hac
569 769 620 795 vita
635 769 720 810 vicem
739 777 813 796 suam
837 769 932 796 reddit.

146 811 212 839 Nam
223 813 266 847 qui
277 812 382 839 divitias
392 814 551 846 contemnit,
566 814 620 849 jam
633 814 677 842 hic
689 815 828 842 utilitatem
840 815 932 841 decer-

146 857 194 891 pit,
206 857 345 892 superﬁuis
355 858 543 894 inutilibusque
553 860 624 888 curis
638 868 745 887 vacuus.
758 861 807 894 Qui
818 861 930 896 gloriam

144 903 245 934 calcat.
260 903 315 938 jam
331 903 374 931 hic
396 905 547 932 mercedem
562 913 637 933 suam
659 906 771 940 recipit,
787 914 846 933 cum
869 907 929 933 nul-

144 949 194 975 lius
208 950 243 975 sit
256 957 364 983 servus,
383 951 428 978 sed
443 959 505 978 vera
519 952 638 980 libertate
653 953 728 980 liber.
745 953 794 986 Qui
811 953 928 980 c;rlestia

145 994 289 1027 desiderat,
303 996 345 1023 ltic
355 997 491 1031 prtemium
502 998 607 1033 accipit,
621 1006 680 1026 cum
690 999 829 1034 przcsentia
840 1000 927 1026 omnia

143 1040 206 1067 nihil
221 1047 280 1067 esse
293 1042 444 1074 existimet,
460 1047 486 1070 et
501 1043 621 1070 dolorem
636 1051 741 1071 omnem
757 1044 832 1070 facile
846 1051 926 1077 supe-

142 1091 191 1112 ret.
209 1086 247 1112 En
264 1087 342 1121 igitur
366 1089 505 1116 mulierem
532 1089 780 1124 philosophantem,
803 1097 862 1124 qua:
884 1089 926 1116 hic

141 1131 289 1158 mercedem
310 1139 384 1159 suam
409 1134 521 1168 accepit.
539 1133 604 1161 Cum
620 1135 690 1161 enim
706 1135 803 1169 lugenti
818 1139 844 1161 et
857 1142 924 1161 ince-

140 1176 206 1202 renti
229 1183 323 1204 omnes
345 1178 509 1211 assiderent,
533 1186 585 1205 non
608 1180 770 1213 exspectavit
784 1179 818 1205 ad
833 1186 862 1206 se
881 1187 926 1204 vc-

140 1221 255 1249 nicntem
269 1222 419 1257 Magistrum
429 1244 437 1257 ,
457 1232 542 1258 neque
556 1224 710 1259 dignitatem
727 1226 845 1253 servavit
856 1247 862 1257 ,
879 1233 925 1253 ne-

138 1275 189 1300 que
203 1268 273 1294 luctu
289 1268 393 1295 detenta
416 1269 473 1297 fuit.
494 1269 559 1296 Nam
576 1275 672 1304 prmter
685 1271 753 1298 hanc
768 1271 901 1298 miseriam
914 1292 921 1303 ,

137 1320 196 1345 quae
212 1313 300 1347 lugent
310 1333 318 1346 ,
334 1313 384 1341 hoc
403 1315 495 1341 ntorho
511 1315 632 1342 laborant
647 1316 716 1350 quod
731 1316 813 1343 velint
825 1323 840 1342 a
854 1323 923 1351 prte-

137 1357 257 1384 senlibus
271 1357 296 1384 in
321 1359 420 1386 honore
441 1359 542 1387 haberi.
565 1360 647 1388 Sectis
661 1360 703 1387 illa
714 1381 722 1394 ,
738 1361 826 1388 Statim
843 1366 923 1396 atque

136 1403 234 1429 audivit
245 1424 253 1436 ,
269 1404 321 1430 cito
334 1405 404 1431 venit
420 1405 451 1432 ad
467 1406 549 1433 illum.
565 1406 643 1433 Iesus
661 1411 748 1434 autem
763 1407 879 1435 nondum
896 1408 921 1435 in

136 1448 221 1474 vicum
235 1448 389 1476 advenerat.
405 1450 489 1477 Lento
502 1451 573 1478 enim
586 1452 669 1486 gradu
683 1453 824 1485 veniebat,
841 1461 874 1480 ne
888 1453 920 1480 ad

135 1492 238 1526 signum
261 1493 391 1521 edendum
415 1502 555 1523 accurrere
575 1496 726 1529 videretur,
743 1498 790 1525 scd
814 1503 921 1533 rogatus

135 1539 235 1566 venire.
252 1539 298 1567 Vel
313 1541 363 1567 hoc
374 1541 542 1570 subindicare
555 1543 610 1570 vult
624 1545 786 1578 evangelista
800 1552 859 1571 cum
870 1545 918 1576 ait,

134 1585 188 1611 cito
207 1587 353 1613 surrexisse
374 1582 444 1614 illain
457 1597 464 1620 ;
480 1589 519 1615 vel
535 1589 652 1616 declarat
667 1590 702 1616 ita
717 1591 874 1622 accurrisse,
892 1595 920 1617 ut

135 1630 280 1657 adventum
303 1633 361 1664 ejus
383 1638 564 1667 prmvcrterel.
582 1635 658 1662 Venit
672 1640 759 1662 autent
776 1643 827 1662 non
842 1636 896 1662 sola
911 1656 917 1667 ,

133 1674 179 1701 sed
191 1682 251 1701 cum
261 1675 360 1703 Iudaeis
372 1678 417 1711 qui
432 1678 503 1704 domi
516 1683 600 1706 erant.
617 1680 650 1706 Et
665 1687 789 1714 perquam
805 1681 918 1714 pruden-

134 1723 174 1745 ter
184 1719 208 1746 ei
221 1727 297 1746 soror
307 1721 374 1748 clam
389 1722 503 1756 Magistri
520 1724 662 1751 adventum
689 1725 847 1760 signiﬁcavit
857 1746 864 1757 ,
884 1734 918 1753 ne

133 1769 232 1791 emtum
246 1765 365 1793 turbaret
378 1776 384 1794 :
400 1775 486 1802 neque
496 1770 619 1804 surgendi
633 1778 739 1798 causam
750 1772 815 1798 dixit
829 1781 834 1797 :
850 1772 917 1798 alio-

132 1810 195 1843 quin
220 1811 293 1837 multi
316 1813 498 1840 recessissent.
521 1815 596 1842 Nunc
619 1820 706 1843 autent
729 1817 800 1844 illaut
823 1825 916 1845 omnes

132 1855 207 1888 quasi
221 1855 253 1882 ad
270 1856 367 1883 luctum
393 1858 603 1892 proﬁciscentem
620 1867 765 1895 seqttuntur
780 1872 785 1889 :
806 1868 831 1889 et
848 1862 916 1890 forte

133 1898 194 1926 hinc
207 1899 286 1927 etiam
298 1907 430 1929 ntortunm
445 1904 524 1931 fuisse
535 1905 664 1933 Lazarum
676 1907 856 1935 conﬁrmatur.
869 1909 914 1936 59..

132 1943 166 1970 Et
180 1945 288 1979 procidit
300 1947 334 1972 ad
344 1947 418 1981 pedes
429 1950 495 1983 ejus.
511 1949 666 1977 Fervettlior
679 1951 735 1979 luce
746 1959 803 1979 crat
813 1973 820 1985 ,
837 1962 914 1988 quam

131 1996 208 2017 soror
217 1991 285 2025 ejus.
296 1992 353 2019 Non
367 1993 469 2020 turbam
482 1996 593 2022 reverita
606 2002 657 2028 est,
672 2005 724 2024 non
735 2000 914 2034 suspicionem

131 2044 209 2070 quam
221 2039 289 2064 circa
301 2038 373 2065 illuttt
386 2039 517 2068 habebant
531 2042 621 2076 (Militi
633 2044 703 2070 enim
719 2045 766 2078 ipsi
777 2050 852 2072 erant
863 2046 915 2073 itii-

132 2081 191 2108 mici
203 2082 246 2115 qui
262 2082 402 2110 dicebant:
420 2084 480 2112 Non
491 2092 587 2120 poterat
599 2088 649 2120 hic,
667 2090 710 2123 qui
720 2091 818 2124 aperuit
829 2092 914 2119 oculos

131 2125 190 2151 caci
203 2127 266 2159 nati,
283 2129 363 2162 facere
375 2134 401 2155 ut
412 2129 453 2156 hic
465 2139 515 2158 non
530 2138 668 2160 moreretur
679 2133 774 2169 (Joan.
786 2136 828 2162 ll.
841 2137 874 2163 57
886 2137 915 2170 )ν

130 2169 180 2196 Sed
202 2177 333 2204 pra-sonte
354 2173 477 2208 Magistro
502 2176 642 2204 humanam
662 2186 768 2206 omnem
784 2181 914 2208 rationem

131 2211 249 2249 expulit,
266 2225 399 2253 unumque
411 2222 519 2248 curabat
531 2222 646 2258 Magistri
659 2224 797 2253 honorem.
810 2227 842 2255 Et
852 2229 914 2262 quid

130 2260 214 2288 dicit?
226 2263 337 2290 Domine
346 2285 353 2297 ,
367 2266 389 2291 si
408 2265 497 2299 fuisse:
509 2268 564 2299 hic,
586 2271 666 2305 frater
679 2279 747 2298 meus
763 2280 812 2299 non
827 2275 914 2308 fuisset

131 2311 244 2335 mortuus
254 2308 335 2343 (Ibid.
348 2318 371 2336 ιι.
386 2311 442 2346 21).
453 2313 519 2346 Quid
528 2322 591 2342 vero
600 2314 739 2345 Christus?
750 2319 818 2346 Nihil
830 2321 916 2349 adhuc

130 2359 188 2378 cum
204 2352 248 2379 illa
265 2353 391 2389 loquitur,
408 2365 492 2392 neque
506 2359 570 2386 dixit
584 2360 677 2388 eadem
699 2371 759 2395 qua:
772 2365 856 2392 sorori
872 2365 914 2392 di-

130 2402 203 2424 xerat
223 2398 321 2432 (turba
334 2401 432 2436 quippe
452 2403 532 2430 multa
558 2404 665 2437 aderat,
681 2413 707 2435 et
723 2415 774 2436 non
788 2415 845 2437 erat
859 2410 915 2438 hanc

132 2442 256 2477 loquendi
272 2448 411 2480 tempus);
427 2449 473 2475 sed
488 2457 517 2476 se
529 2455 686 2487 attemperat
697 2461 727 2481 ac
739 2454 856 2490 dimittit,
872 2461 913 2484 at—

130 2495 181 2520 que
194 2488 336 2518 humanam
348 2491 397 2518 sibi
413 2499 532 2522 naturam
546 2503 606 2524 esse
620 2498 769 2532 declarans,
787 2502 916 2536 tantisper

131 2532 301 2568 lacrynmlnr,
314 2541 340 2563 et
353 2538 456 2572 signum
467 2539 556 2568 differt
567 2542 682 2570 interim.
696 2545 762 2578 Quia
774 2546 844 2573 enim
859 2555 915 2574 ma-

130 2585 209 2611 gnum
224 2585 282 2607 erat
296 2582 470 2616 miraculum,
486 2590 513 2613 et
536 2587 613 2621 quale
637 2596 697 2617 raro
716 2591 831 2625 fecerat,
848 2594 916 2620 mul-

132 2623 202 2658 tique
217 2632 264 2659 per
277 2626 341 2653 illud
356 2629 481 2657 credituri
496 2637 571 2658 erant
588 2633 595 2648 '
609 2654 615 2665 ,
634 2641 667 2662 ne
679 2635 701 2661 si
717 2637 792 2664 turba
805 2623 915 2667 absente

133 2667 227 2696 factum
241 2676 329 2703 esset,
345 2680 398 2700 non
420 2675 575 2704 crederetur
585 2699 591 2709 ,
606 2679 724 2714 nihilque
739 2681 791 2708 illis
805 2683 915 2716 prodes—

131 2718 187 2746 set.
201 2716 299 2743 multos
320 2718 429 2746 attrahit
451 2725 531 2748 testes
542 2743 549 2754 ,
562 2723 588 2750 in
605 2723 655 2752 hoc
670 2725 721 2754 illis
734 2733 763 2754 se
785 2733 914 2764 attempe-

132 2765 209 2793 rans,
225 2768 258 2787 ne
273 2762 390 2796 praedam
411 2766 556 2794 amitteret.
572 2768 718 2798 Humanam
733 2777 821 2799 autem
837 2775 913 2801 exhi-

132 2803 175 2831 bet
198 2809 344 2834 naturam:
362 2807 521 2844 lacrymatur
544 2813 614 2840 enim
637 2819 663 2841 et
685 2816 816 2846 turbatur.
840 2819 914 2847 Solet

162 2871 170 2888 ¹
185 2873 236 2898 Alii
246 2874 347 2904 habent,
359 2883 471 2908 magnum
481 2884 547 2904 ertmt
562 2881 654 2907 lucrum
666 2886 823 2912 consecuturi.

284 2925 418 2957 PATROL.
442 2929 499 2958 Gn.
524 2930 603 2962 LIX.

669 184 701 212 IN
720 184 873 212 JOANNEM
894 184 1007 212 IIOMIL.
1029 185 1119 213 LXIII.
1140 187 1174 215 al.
1196 187 1273 219 LXII.

1737 199 1789 228 350

1156 247 1554 261 Ἥ

1568 254 1789 266 -——_—_

996 362 1093 389 quippe
1106 355 1203 383 luctum
1221 356 1350 387 humanus
1362 361 1472 390 adactus
1487 372 1618 396 excitare.
1633 369 1734 403 Deinde
1746 374 1786 401 af-

996 400 1092 427 fectum
1104 403 1250 437 corripiens
1261 404 1343 439 (illud
1357 409 1426 434 enim
1437 430 1444 442 ,
1457 409 1592 443 Infremuit
1603 400 1695 451 spiritu
1705 438 1714 450 ,
1731 400 1782 447 hoc

994 445 1126 479 signiﬁcat
1137 447 1145 481 )
1156 468 1162 478 ,
1179 449 1356 477 turbationem
1371 453 1503 489 cohibuit,
1519 462 1546 484 et
1560 460 1598 487 sic
1610 445 1756 500 i'nterrt'igat
1771 474 1777 492 :

993 490 1037 517 Si.
1051 491 1100 518 Ubi
1110 494 1228 526 posuistis
1239 496 1314 523 eum?
1327 505 1360 524 ne
1371 497 1460 527 ﬂendo
1471 501 1656 539 interrogaret.
1668 490 1781 537 Cui-ian-

994 539 1048 561 tent
1061 536 1224 572 interrogat?
1234 539 1309 571 Quod
1321 542 1402 570 nollet
1413 551 1473 572 sese
1484 536 1601 580 proferre
1610 571 1618 583 ,
1630 552 1675 579 sed
1689 556 1777 583 omnia

990 585 1098 614 cuperet
1113 581 1146 608 ab
1160 582 1212 610 illis
1224 584 1344 614 ediscere
1363 594 1489 623 rogatus;
1506 591 1541 619 ita
1557 598 1584 620 ut
1599 581 1671 623 omni
1686 600 1776 633 suspi-

993 624 1070 652 ciotte
1084 625 1193 654 liberum
1202 627 1273 657 foret
1282 630 1397 666 signum.
1414 633 1509 663 Dicunt
1522 637 1558 664 illi
1571 658 1577 669 ,
1600 638 1660 666 Veni
1675 624 1775 670 et

989 671 1031 705 :55.
1044 671 1210 707 Lacrynmtus
1222 681 1258 702 est
1268 676 1355 704 Jews.
1370 679 1460 707 Viden'
1474 681 1558 716 ipsum
1573 685 1675 713 nullum
1689 688 1777 716 adhuc

989 719 1193 747 resurrectionis
1211 721 1316 755 signum
1331 723 1457 759 dedisse,
1473 732 1552 762 atque
1572 731 1700 760 accedere
1721 741 1774 762 non

987 766 1014 787 ut
1037 763 1226 793 suscitaturunt
1236 785 1244 799 ,
1260 767 1307 794 sed
1321 773 1349 795 ut
1368 770 1595 806 lacrymaturum?
1610 776 1635 803 id
1651 777 1721 812 quod
1734 779 1773 806 si-

983 807 1111 839 gniﬁcant
1134 808 1237 842 Judaei,
1261 812 1305 846 qui
1328 813 1474 843 dicebant:
1503 818 1546 845 56.
1570 819 1635 848 Ecce
1647 807 1772 855 quomodo

988 852 1086 878 amabat
1098 862 1165 881 eum.
1179 855 1286 887 Quidam
1304 864 1385 886 autent
1395 869 1425 888 es
1438 862 1489 890 illis
1507 864 1621 893 dicebant
1634 875 1643 893 :
1653 852 1700 895 37.
1710 868 1772 896 Non

986 901 1083 929 poterat
1097 899 1147 932 hic,
1157 901 1199 934 qui
1207 903 1305 936 aperuit
1315 907 1400 933 oculos
1409 909 1468 935 mei
1477 929 1484 941 ,
1500 911 1582 945 facere
1592 917 1619 938 ut
1632 917 1656 940 et
1670 913 1710 941 hic
1719 923 1770 942 non

982 944 1138 970 moreretur?
1153 945 1190 972 Ne
1201 946 1226 972 in
1237 948 1432 979 calamitatibus
1446 954 1553 987 quidem
1567 958 1709 991 nequitiam
1723 967 1770 987 re-

980 993 1141 1020 presserant.
1165 992 1246 1026 Atqui
1268 993 1385 1023 facturus
1399 1003 1440 1024 est
1452 1006 1507 1026 rem
1528 1001 1605 1036 longe
1620 1004 1767 1032 mirabilio-

980 1039 1047 1058 rcm.
1063 1032 1127 1060 Nam
1143 1035 1220 1070 longe
1233 1038 1378 1068 mirabilius
1393 1048 1433 1069 est
1447 1049 1505 1077 post
1518 1032 1630 1074 mortem
1641 1048 1674 1075 ad
1686 1049 1766 1078 vitam

979 1083 1114 1110 revocare,
1129 1087 1207 1114 quam
1222 1082 1363 1112 instantem
1378 1093 1488 1116 mortem
1501 1089 1645 1125 depellere.
1661 1094 1699 1122 Ex
1709 1103 1763 1130 quo
1775 1114 1786 1124 κ

978 1128 1040 1156 ergo
1051 1123 1107 1157 ejus
1120 1125 1244 1155 virtutem
1260 1129 1350 1157 mirari
1364 1139 1412 1166 par
1423 1139 1497 1166 erat,
1514 1136 1585 1163 illuni
1600 1139 1762 1168 calumnian-

979 1170 1038 1199 tur;
1050 1168 1211 1197 conﬁtentur
1225 1176 1312 1201 tamen
1325 1175 1409 1209 ipsum
1422 1179 1514 1207 oculos
1527 1182 1591 1209 cret-i
1605 1185 1742 1216 aperuisse
1754 1194 1760 1212 :

978 1216 1004 1237 et
1017 1219 1077 1239 cum
1091 1216 1253 1248 oportuisset
1265 1217 1324 1246 ideo
1338 1221 1446 1255 mirari,
1463 1223 1501 1250 illi
1512 1230 1603 1253 contra
1619 1228 1764 1257 criminan-

978 1259 1038 1290 tur,
1053 1258 1122 1292 quod
1142 1259 1192 1287 hoc
1211 1262 1289 1289 etiam
1305 1272 1357 1292 non
1373 1265 1474 1295 fecerit.
1489 1269 1580 1304 Neque
1597 1272 1658 1299 inde
1674 1275 1760 1301 solum

976 1302 1103 1334 probatur
1118 1304 1176 1332 illus
1193 1313 1318 1340 perverso
1332 1310 1411 1337 fuisse
1425 1313 1515 1341 animo
1527 1302 1599 1346 {sed
1613 1318 1682 1351 quod
1698 1326 1758 1346 cum

976 1346 1092 1374 nondum
1106 1348 1258 1378 atlvcnisSct
1269 1372 1275 1383 ,
1292 1360 1341 1380 nec
1355 1356 1489 1390 quidpiam
1505 1360 1690 1395 praestitisset,
1705 1365 1759 1390 cri-

976 1391 1164 1419 minationibus
1191 1402 1366 1430 pra-vertant,
1384 1408 1435 1427 non
1462 1391 1617 1437 exspectato
1637 1406 1675 1434 rei
1697 1407 1760 1436 ﬁne.

975 1434 1066 1463 Vidcn'
1079 1445 1156 1471 quam
1170 1446 1294 1475 corrupto
1308 1450 1399 1472 essent
1410 1434 1529 1479 judicio-tl

1008 1481 1034 1507 2.
1048 1481 1217 1518 Eumtgelislce
1229 1487 1341 1514 ltumana
1350 1489 1382 1517 de
1392 1490 1490 1518 Christo
1501 1494 1622 1522 scribunt.
1635 1510 1670 1516 —
1680 1496 1759 1525 Venit

973 1533 1036 1561 ergo
1049 1527 1082 1554 ad
1105 1536 1304 1559 monumentum
1314 1552 1322 1565 ,
1338 1539 1364 1561 et
1387 1543 1480 1563 rursus
1491 1538 1614 1567 aﬁ‘ectum
1636 1542 1756 1577 corripit.

972 1570 1025 1598 Cur
1035 1571 1068 1600 de
1076 1573 1204 1602 industria
1219 1576 1362 1606 identidem
1373 1580 1436 1608 dicit
1447 1585 1610 1618 evangelista
1622 1570 1755 1622 lacrynia-

972 1619 1025 1643 tum
1041 1617 1115 1646 illum
1129 1627 1196 1652 esse,
1212 1626 1240 1648 et
1253 1623 1438 1653 infremuisse‘!
1460 1627 1492 1655 Ut
1504 1617 1590 1657 discas
1604 1631 1677 1659 illuni
1691 1641 1754 1661 vero

972 1667 1061 1689 natura
1075 1669 1164 1691 nostra
1181 1666 1300 1695 indutum
1317 1669 1408 1697 fuisse.
1423 1672 1488 1706 Quia
1499 1675 1569 1701 enim
1581 1677 1655 1710 plura
1667 1678 1700 1705 de
1710 1687 1755 1706 sc—

971 1707 1045 1741 ipso,
1062 1710 1213 1745 majoraqu
1227 1720 1305 1747 quam
1329 1717 1414 1750 quivis
1428 1718 1494 1746 alius
1519 1721 1603 1754 palam
1630 1723 1756 1758 dixerat,

971 1760 1074 1780 rut-sunt
1090 1754 1115 1780 in
1138 1759 1273 1790 corporeis
1293 1759 1432 1789 humiliora
1454 1762 1527 1791 dicit.
1541 1765 1611 1793 Nihil
1624 1767 1658 1795 de
1673 1754 1756 1804 ipsius

970 1803 1065 1830 morte.
1076 1804 1103 1826 ut
1112 1800 1206 1834 reliqui
1217 1805 1394 1838 cvangelistm,
1406 1813 1494 1835 narrat
1503 1809 1559 1842 hic;
1570 1813 1638 1845 quod
1655 1815 1736 1841 tristis
1746 1836 1754 1848 ,

969 1843 1038 1876 quod
1053 1844 1077 1870 in
1092 1846 1184 1878 agonia
1197 1852 1268 1874 esset
1286 1848 1380 1884 (Matth
1408 1851 1451 1878 26.
1467 1854 1511 1881 38.
1533 1843 1614 1883 Marc.
1632 1859 1674 1885 Η.
1691 1843 1754 1894 ΞΗΞ

969 1888 1014 1913 scd
1028 1894 1117 1916 contra
1132 1891 1201 1925 quod
1215 1895 1325 1927 supinos
1342 1899 1514 1929 prostravcrit
1536 1900 1634 1930 (Jomt.
1651 1904 1694 1931 18.
1710 1888 1754 1939 6'):

968 1933 1043 1964 Quod
1057 1934 1109 1960 illic
1120 1937 1257 1968 ontiSsum,
1279 1939 1321 1966 hic
1340 1943 1483 1976 supplevit,
1505 1945 1567 1972 dum
1582 1947 1680 1976 luctum
1696 1951 1754 1984 ejus

970 1986 1109 2006 memorat.
1133 1980 1198 2008 Nam
1225 1983 1258 2010 de
1280 1990 1364 2012 morte
1384 1987 1518 2016 disserens
1536 1991 1659 2020 dicebat:
1677 1994 1754 2022 Potc-

968 2027 1057 2049 atatem
1067 2025 1144 2052 habeo
1163 2029 1272 2060 ponendi
1286 2031 1397 2058 animant
1410 2041 1492 2060 meam
1513 2035 1606 2070 (Joan.
1624 2039 1667 2066 i0.
1681 2041 1729 2075 l8)
1746 2050 1753 2068 :

969 2073 995 2095 et
1009 2069 1073 2096 nihEl
1085 2071 1218 2106 al-jcctum
1235 2075 1268 2101 ibi
1285 2076 1410 2110 loquitur.
1428 2079 1491 2106 Ideo
1504 2069 1592 2108 autem
1608 2084 1633 2110 in
1650 2069 1753 2118 passio-

969 2122 1003 2141 ne
1025 2116 1159 2144 mullailii
1179 2119 1292 2147 humana
1307 2122 1478 2158 adscribunt,
1494 2126 1556 2154 ltinc
1579 2132 1754 2164 comproban-

970 2163 1008 2185 tes
1033 2167 1121 2187 verant
1146 2163 1353 2194 incarnationem
1369 2176 1438 2196 esse.
1466 2171 1604 2201 Matthmns
1629 2163 1663 2203 ab
1687 2185 1754 2212 ago-

970 2205 1010 2231 nia
1021 2226 1028 2238 ,
1044 2213 1057 2232 a
1085 2209 1282 2242 perturbatione
1293 2233 1300 2244 ,
1312 2220 1326 2239 a
1349 2215 1446 2243 sudore
1460 2217 1541 2249 (Luc.
1558 2219 1604 2247 ΞΘ..
1620 2221 1664 2248 45.
1680 2205 1730 2260 ιῖ)
1744 2233 1752 2257 ;

1704 2250 1728 2260 η
1744 2250 1752 2257 ,

969 2250 1012 2277 hic
1024 2259 1038 2278 a
1053 2251 1122 2279 luctu
1137 2254 1162 2281 id
1176 2256 1277 2283 suadet.
1293 2257 1320 2285 Si
1335 2260 1404 2287 enini
1418 2267 1516 2290 nostra:
1529 2272 1581 2291 non
1597 2266 1689 2295 fuisset
1707 2277 1754 2296 na-

970 2300 1035 2323 tura:
1045 2318 1052 2330 .
1068 2306 1118 2325 non
1134 2307 1146 2326 a
1163 2300 1234 2328 luctu
1249 2305 1330 2332 semel
1342 2310 1370 2333 et
1381 2306 1476 2334 iterum
1497 2316 1637 2346 correptus
1647 2313 1752 2343 fuisset.

968 2342 1035 2374 Quid
1049 2351 1111 2371 Vero
1123 2344 1216 2373 Jcsusi‘
1228 2349 1247 2374 A
1264 2350 1421 2379 criminibus
1432 2361 1484 2380 non
1496 2362 1526 2382 se
1536 2342 1655 2385 defendit
1666 2368 1673 2386 :
1687 2342 1749 2394 quid

968 2388 1038 2415 enim
1051 2397 1117 2424 opus
1126 2397 1182 2418 erat
1192 2394 1280 2420 verbis
1289 2396 1426 2425 confutare
1437 2406 1482 2426 eos
1493 2401 1537 2435 qui
1549 2409 1610 2433 mox
1623 2405 1748 2438 operibus

969 2439 1044 2461 erant
1066 2436 1239 2465 confutandi‘l
1254 2441 1281 2467 Id
1297 2443 1365 2476 quod
1381 2445 1467 2471 minus
1483 2447 1621 2475 utolestum
1636 2455 1709 2482 erat,
1726 2457 1752 2479 et

969 2480 1052 2514 magis
1066 2486 1168 2516 poterat
1180 2484 1238 2511 illos
1253 2486 1419 2519 pudefaCere.
1434 2490 1480 2516 59.
1494 2492 1534 2518 Ait
1545 2500 1627 2520 autem
1637 2501 1647 2520 :
1661 2480 1752 2522 Toilite

969 2524 1078 2559 lapidem
1097 2526 1149 2554 Cur
1156 2537 1207 2555 non
1217 2531 1313 2559 absens
1322 2536 1423 2561 vocavit
1433 2540 1458 2562 ct
1465 2538 1676 2572 surgerejus~it?
1685 2541 1749 2573 into.

969 2578 1017 2597 cur
1031 2580 1082 2599 non
1106 2574 1192 2602 adhuc
1213 2579 1380 2613 superposito
1403 2581 1490 2615 lapide
1515 2584 1669 2612 suscitavit?
1684 2586 1750 2614 Nam

969 2617 1012 2650 qui
1023 2622 1126 2651 poterat
1136 2627 1232 2655 corpus
1242 2629 1375 2651 mortuum
1385 2633 1449 2653 voce
1459 2634 1566 2656 movere
1573 2633 1600 2656 et
1607 2630 1750 2660 animatum

970 2663 1129 2695 thlt‘l’ltlcl‘c,
1144 2666 1227 2692 multo
1248 2669 1331 2702 magis
1352 2677 1417 2697 voce
1441 2670 1554 2706 lapidem
1574 2674 1755 2707 removisset:

969 2707 1013 2740 qni
1041 2707 1156 2736 vinctum
1173 2711 1276 2744 insciis,
1290 2718 1316 2740 et
1328 2714 1482 2748 impeditunt
1492 2737 1500 2749 ,
1515 2724 1579 2744 voce
1590 2722 1619 2745 ut
1631 2719 1749 2747 ambula-

970 2757 1010 2779 ret
1023 2753 1127 2787 etl‘ccit,
1145 2755 1222 2790 longe
1236 2757 1336 2785 facilius
1351 2759 1465 2793 lapidem
1478 2763 1636 2792 removisset
1653 2764 1749 2800 (Joan.

971 2798 1014 2824 ll.
1028 2799 1071 2825 45.
1087 2799 1147 2836 64).
1162 2801 1228 2834 Quid
1243 2803 1323 2830 dico?
1335 2804 1419 2832 Etiam
1431 2807 1527 2834 absens
1538 2808 1588 2836 hoc
1603 2798 1689 2838 facere
1701 2819 1749 2845 ρο-

971 2843 1028 2869 tuit.
1045 2844 1098 2871 Cur
1121 2853 1184 2880 ergo
1207 2855 1258 2874 non
1284 2848 1363 2876 fecit?
1377 2850 1411 2878 Ut
1435 2851 1505 2886 ipsos
1526 2854 1648 2883 miraculi
1667 2857 1748 2880 leste!

971 2888 1079 2922 faceret.
1097 2899 1129 2918 ne
1145 2892 1256 2927 idipsum
1270 2894 1390 2923 dicerent
1403 2898 1472 2931 quod
1484 2899 1553 2926 circa
1569 2908 1667 2931 ett-eum
1681 2911 1686 2928 :
1704 2901 1750 2929 Πὶι
