2036 3119
255 219 303 246 351

259 283 294 305 est
304 297 311 309 .
334 282 387 303 non
402 277 444 302 est
459 272 512 300 hic.
533 270 600 306 Ipsae
614 274 730 302 namque
745 272 856 298 manus,
870 268 896 291 et
911 262 979 298 quod
994 269 1040 289 ve-

260 306 343 349 nisset
354 317 388 346 ad
407 316 556 352 sepulcrum
568 334 576 347 ,
593 311 745 341 tetimonio
770 313 848 337 erant
862 307 984 336 eutndem
1000 306 1040 340 ip-

257 372 317 393 sum
328 351 485 397 esseutian.
493 360 519 388 9.
529 360 556 387 8.
568 356 611 394 9).
624 357 713 392 Quare
722 355 808 383 sinon
820 361 853 381 eo
863 351 1043 384 advenissent,

257 407 375 445 putaturi
388 410 466 435 erant
477 409 522 433 ant
536 404 692 439 phantasma
707 408 786 433 esse,
802 403 847 426 aut
859 398 939 425 alium
953 400 981 423 et
991 402 1044 422 non

260 442 334 484 illum
355 461 417 483 esse
428 460 507 489 quem
526 450 661 479 videbam.
674 447 750 476 Nunc
770 450 859 474 autem
880 451 939 472 cum
954 442 985 470 ad
1001 449 1041 489 sc-

258 501 381 535 pulcrum
402 485 541 530 venerint,
555 494 669 529 lapidem
684 491 862 522 removerint,
876 488 996 524 jussique
1010 485 1043 512 Ii-

259 532 348 580 iyatum
362 551 379 572 a
391 542 504 571 vinculis
523 539 669 571 solverint,
685 541 712 564 et
724 535 801 563 amici
815 534 859 570 qui
874 542 906 561 ex
921 532 1046 567 sepulcro

263 577 422 621 retulerant,
435 594 469 615 ex
483 585 578 621 pannis
593 584 666 611 illum
681 580 845 617 agnoverint.
861 577 930 614 quod
942 583 1048 605 sorores

262 642 316 661 non
343 631 537 663 abscesserint,
562 628 632 664 quod
654 627 737 655 altera
752 624 866 656 dixerit.
880 623 940 650 .lam
960 623 1046 657 fatet,

262 679 445 715 quatriduum
457 676 523 704 enim
538 679 573 702 est
581 681 591 706 ;
610 674 664 707 jam
680 671 737 699 lnec
751 669 840 698 omnia
854 667 958 696 abunde
972 670 1047 701 pote-

264 712 324 752 rant
334 721 470 758 improbos
483 719 532 755 ipsi
545 716 664 746 miraculi
676 720 756 744 testes
766 714 900 742 cohibere.
913 712 974 740 Ideo
985 718 1050 758 prte-

263 768 327 803 cipit
337 755 390 795 illis
405 770 432 793 ut
441 764 556 800 lapidem
570 771 585 790 a
597 762 721 797 sepulcro
733 762 895 790 amoverent,
907 755 1050 784 ostendens

265 801 297 841 se
305 814 390 849 ipsum
399 811 528 839 suscitare
540 817 547 836 :
564 807 624 836 ideo
632 807 711 834 etiam
723 805 884 838 interrogat,
902 801 951 830 Ubi
964 801 1050 836 posui-

268 846 383 885 atir‘eum
393 856 406 883 .’
419 860 447 882 ut
459 854 504 890 qui
518 852 655 884 dixerant,
675 849 736 878 Veni
749 854 772 876 et
783 848 854 879 vide.
869 852 894 875 et
908 847 951 882 qni
966 846 1050 873 duxe-

265 908 325 931 rant
335 901 418 934 illum,
428 900 517 928 dicere
526 905 581 926 non
593 896 695 932 possint
703 895 781 922 alium
790 894 870 921 luisse
878 892 1032 920 suscitatam
1043 899 1050 918 :

266 952 296 974 ut
309 952 335 974 et
349 953 398 974 vox
414 949 441 973 et
455 950 550 971 manus
565 941 770 970 testiﬁcarentur
784 938 851 975 (vox
866 936 990 969 dicendo,
1005 935 1053 962 Ve-

263 993 292 1019 ni
302 997 324 1019 et
339 992 412 1023 vide;
426 997 519 1018 manus
530 987 644 1024 lapidem
657 985 774 1013 tollendo
783 1004 792 1018 ,
803 989 830 1012 et
841 983 936 1011 fascias
946 982 1052 1010 solven-

266 1037 333 1073 do);
348 1037 420 1064 visus
434 1042 539 1071 quoque
553 1037 580 1062 et
600 1032 705 1061 auditus
724 1031 785 1067 (hic
796 1037 889 1058 vocem
902 1027 1033 1055 audiendo
1043 1047 1052 1060 ,

267 1072 311 1110 ille
328 1085 468 1109 exeuntem
485 1078 640 1114 videndo);
655 1076 770 1104 olfactus
783 1081 889 1110 quoque
902 1073 994 1105 testis,
1009 1072 1053 1114 qui

267 1127 379 1155 odorem
405 1125 526 1160 excepit;
551 1112 615 1151 lant
635 1124 721 1159 finiet,
746 1121 846 1156 inquit;
873 1112 1055 1155 quatriduum}

268 1173 334 1201 enim
353 1177 399 1199 est.
416 1171 480 1200 lure
494 1177 557 1206 ergo
571 1169 625 1196 dixi
637 1189 644 1201 ,
659 1175 712 1196 non
735 1166 899 1195 intellexisse
915 1164 1053 1191 mulierem

270 1219 321 1245 hoc
340 1217 438 1245 Christi
461 1216 579 1248 dictum,
604 1213 687 1241 Etiam
700 1213 723 1240 si
742 1217 855 1239 mortuus
870 1210 962 1246 fuerit,
981 1209 1054 1236 vivet.

272 1263 338 1291 Vide
347 1269 413 1298 ergo
423 1261 486 1297 quid
498 1267 568 1288 nunc
576 1259 658 1293 dicat,
669 1258 743 1294 quasi
754 1264 796 1284 res
807 1256 842 1284 ob
855 1255 1055 1283 diuturnitatem

271 1307 386 1343 amplius
410 1306 466 1334 ﬁeri
482 1312 535 1332 non
562 1304 656 1339 possit.
672 1303 725 1329 Res
737 1302 807 1330 enim
829 1299 957 1335 stupenda
979 1303 1056 1331 erat,

272 1354 476 1390 qnatriduanum
489 1356 517 1380 et
539 1354 694 1385 corruptum
718 1348 831 1376 cadaver
853 1347 991 1374 suscitare.
1015 1345 1058 1372 Di-

275 1389 385 1434 scipulis
405 1397 512 1433 quidem
526 1396 609 1428 dixit,
627 1394 661 1422 Ut
674 1393 829 1430 gloriﬁcetur
850 1391 932 1418 Filius
950 1390 1008 1423 Dei,
1024 1389 1058 1418 de

276 1444 365 1478 seipse
390 1443 520 1478 loquens;
544 1440 648 1468 mulieri
667 1446 731 1466 vero
751 1438 806 1465 ait:
828 1436 927 1464 Videbis
952 1435 1058 1472 gloriam

275 1489 325 1516 Dei
335 1509 342 1522 ,
359 1488 392 1515 de
406 1487 484 1515 Patre
498 1486 576 1513 verba
591 1485 702 1512 faciens.
717 1482 809 1511 Viden‘
819 1481 968 1509 auditorum
981 1479 1058 1508 diffe-

272 1535 386 1562 rentiam
409 1533 506 1560 diversi
530 1531 662 1560 sermonis
676 1537 736 1557 esse
757 1527 884 1557 causam?
900 1528 927 1555 ln
943 1532 1059 1554 mentem

275 1583 382 1607 revocat
403 1574 434 1606 ea
458 1585 517 1613 qua:
541 1576 646 1604 mulieri
670 1575 789 1607 dixerat,
805 1581 837 1601 ac
859 1573 880 1600 si
902 1572 1058 1607 redarguat,

276 1625 345 1660 quod
359 1625 440 1651 oblita
454 1624 504 1655 sit;
520 1623 562 1650 vel
577 1629 638 1649 cum
653 1621 735 1648 nollet
746 1619 881 1647 adstantes
894 1618 1040 1653 percellere
1051 1637 1059 1650 ,

273 1669 379 1706 placide
391 1669 472 1696 dicit:
489 1668 535 1695 40.
551 1666 644 1694 Nonne
656 1666 709 1693 dixi
722 1665 765 1693 tibi
775 1685 782 1699 ,
797 1665 820 1692 si
836 1663 986 1697 credideris,
997 1663 1060 1690 vide-

276 1718 314 1744 bis
332 1716 439 1752 gloriam
454 1713 501 1740 Dei
512 1712 525 1739 .’

309 1763 336 1791 ὅ.
344 1755 828 1795 Fidesquantumsitbonum.Apostoli
835 1763 910 1791 quam
934 1759 1060 1789 praeten-

278 1810 352 1836 tiores
365 1808 530 1844 philosophis.
545 1820 580 1828 —
590 1804 712 1842 Magnum
733 1810 796 1840 ergo
808 1802 906 1832 bonum
921 1806 963 1829 est
978 1801 1060 1834 ﬁdes,

279 1862 402 1891 magnum
429 1856 536 1889 utique.
563 1857 590 1880 et
616 1853 759 1879 multorum
783 1858 862 1878 causa
889 1850 1018 1877 bonorum
1035 1847 1060 1878 ';

278 1901 314 1927 ita
330 1904 358 1927 ut
372 1899 495 1927 homines
519 1898 565 1926 Dei
589 1904 669 1932 opera
694 1896 723 1924 in
746 1896 853 1923 nomine
876 1895 958 1929 ipsius
983 1893 1062 1922 edere

277 1943 391 1979 possint.
413 1942 492 1975 Nam,
520 1942 550 1970 St
576 1941 709 1980 habueritis
734 1941 826 1975 ﬁdem,
851 1939 950 1974 inquit,
976 1938 1062 1965 dicetis

279 1989 357 2017 monti
369 1989 442 2022 huic,
456 1987 550 2015 Transi
565 1987 634 2020 hinc,
650 1992 672 2014 et
687 1986 800 2013 transibit
816 1984 922 2020 (Matth.
939 1984 983 2012 Π.
1001 1983 1060 2016 l9);

277 2042 310 2064 ac
330 2041 446 2067 rursum,
468 2033 518 2066 Qui
540 2033 619 2060 credit
640 2033 666 2059 in
693 2040 741 2065 me,
766 2038 857 2066 apera,
882 2037 939 2065 qute
958 2037 1004 2065 ego
1024 2030 1064 2064 {a-

275 2081 331 2113 cio,
344 2083 367 2106 et
376 2079 430 2115 ipse
441 2079 530 2116 faciet,
544 2082 567 2105 et
579 2078 678 2112 majora
688 2077 727 2104 Itis
749 2076 823 2111 faciet
835 2074 930 2111 (Joan.
945 2075 988 2102 14.
1001 2073 1062 2108 i2).

278 2125 343 2158 Quae
362 2123 483 2158 majora?
496 2123 534 2150 Ea
547 2130 606 2157 quae
626 2120 747 2156 discipuli
769 2124 859 2154 postea
885 2118 982 2147 fecere.
998 2117 1063 2145 Nam

279 2170 370 2196 umbra
379 2168 450 2196 Petri
460 2172 593 2195 mortuum
602 2165 740 2194 suscitavit
750 2164 817 2200 (Act.
827 2164 926 2199 5.15).
938 2163 982 2191 Sic
990 2163 1062 2190 enitn

280 2214 363 2250 magis
379 2213 572 2248 praedicabatur
591 2211 691 2239 Christi
715 2215 843 2246 potestas.
859 2209 995 2244 Siquidem
1011 2216 1064 2236 non

280 2265 332 2286 tom
347 2258 467 2286 mirabile
480 2262 539 2286 erat
567 2257 652 2292 ipsum
676 2256 807 2283 viventem
822 2254 949 2282 miracula
963 2254 1044 2282 edere
1054 2274 1064 2288 ,

279 2313 359 2340 quam
372 2308 433 2339 post
445 2308 559 2331 mortem
574 2303 632 2338 ejus
645 2303 713 2330 alios
727 2302 753 2329 in
768 2301 874 2328 nomine
887 2300 970 2335 ipsius
982 2299 1066 2335 majo-

281 2359 309 2378 ra
331 2354 458 2385 praestare
472 2356 560 2384 posse.
574 2347 640 2375 Nam
667 2350 852 2382 argumentum
868 2345 934 2372 illud
949 2353 1001 2372 non
1014 2345 1064 2372 du-

281 2396 353 2422 bium
366 2399 424 2422 erat
445 2393 648 2422 resurrectionis
668 2392 726 2426 ejus
742 2399 749 2418 :
769 2398 829 2426 qua:
850 2390 872 2418 si
887 2390 922 2418 ab
943 2389 1067 2417 omnibus

280 2441 336 2468 visa
352 2439 463 2472 fuisset,
475 2445 528 2466 non
540 2437 578 2465 ita
593 2437 688 2465 fuisset
700 2435 821 2468 credita;
838 2435 985 2470 potuissent
995 2435 1065 2462 enim

281 2486 370 2514 dicere
391 2485 546 2520 phantasma
567 2491 645 2512 esse:
666 2482 728 2518 quia
741 2485 829 2509 autem
846 2481 953 2509 videbat
964 2489 996 2508 ex
1009 2481 1067 2508 solo

282 2530 389 2558 nomine
399 2529 457 2565 ejus
469 2529 548 2564 longe
560 2527 660 2563 majora
672 2528 746 2562 signa
757 2527 814 2554 fieri
825 2547 833 2560 ,
849 2534 928 2561 quant
940 2534 1000 2554 cum
1011 2526 1067 2561 ipse

283 2576 351 2602 inter
364 2574 487 2602 homines
501 2577 665 2604 versaretur,
679 2572 757 2600 ﬁdem
771 2579 869 2607 negare
884 2579 936 2598 non
952 2575 1065 2606 poterat,

282 2620 332 2648 nisi
346 2619 488 2647 admodum
498 2618 632 2653 desiperet
657 2618 777 2652 Magnum
793 2617 880 2652 itaque
893 2616 990 2644 bonum
1003 2616 1067 2643 fides

282 2670 340 2699 est,
353 2672 413 2692 cum
426 2672 460 2692 ex
475 2663 586 2692 ferventi
596 2663 685 2691 animo
694 2682 702 2696 ,
726 2670 816 2690 amore
827 2669 922 2697 magno
932 2682 940 2695 ,
963 2661 1067 2689 ardenti

284 2709 366 2738 corde
387 2709 516 2745 procedit.
531 2709 593 2737 Haec
608 2715 656 2736 nos
670 2707 842 2743 philosophos
854 2706 970 2735 ostendit
986 2714 993 2734 :
1009 2706 1068 2733 haec

286 2757 427 2784 humanam
440 2755 540 2791 detegit
553 2754 680 2782 vilitatem
691 2774 699 2788 ,
713 2757 740 2781 et
753 2753 841 2780 missis
853 2751 1000 2780 ratiociniis
1010 2772 1017 2785 ,
1032 2750 1067 2778 de

269 2807 299 2829 ’ἦ

315 2867 324 2882 ¹
342 2865 406 2901 Eii.“
417 2865 518 2901 habent.
529 2871 617 2901 magna
627 2866 712 2901 τευτευ
722 2862 784 2901 βείω
791 2880 801 2895 ι
812 2866 835 2889 ει
857 2868 954 2895 ηιαθηοδ
965 2861 1069 2894 allis-‘9"!

282 2903 323 2922 eos
334 2896 374 2926 qui
379 2896 455 2927 juxta
465 2896 532 2922 illam
543 2895 614 2922 vitam
625 2895 759 2922 itumitum.

655 208 683 237 S.
703 205 839 235 JOANNIS
857 201 1093 233 CIIRYSOSTOMI
1114 199 1270 229 ARClllEP.
1286 199 1548 227 CONSTABTLVOP.

1835 200 1886 228 351

1099 258 1247 287 exlestibus
1256 256 1466 292 philosophatur;
1476 256 1530 283 imo
1538 256 1624 291 potius
1631 263 1662 283 ea
1671 263 1728 292 qua!
1737 265 1790 283 non
1802 262 1888 291 potest

1098 305 1212 332 humana
1227 303 1354 338 sapientia
1369 302 1500 337 reperire,
1519 303 1573 336 ipsa
1589 302 1660 336 capit
1672 306 1700 329 et
1712 302 1811 337 dirigit.
1824 302 1889 331 lluic

1098 350 1186 385 itaque
1201 349 1365 382 haereamus,
1380 356 1463 383 neque
1477 348 1622 375 ratiociniis
1635 352 1726 375 nostra
1738 349 1889 375 committa-

1099 403 1169 423 mus.
1185 395 1248 428 Cur,
1263 402 1370 430 qumso,
1391 394 1503 428 gentiles
1518 393 1581 420 nihil
1600 394 1716 428 reperire
1732 395 1891 428 potuerunt?

1099 448 1186 468 annon
1211 445 1292 468 totam
1313 440 1384 467 illam
1405 444 1540 466 externam
1565 439 1722 473 sapientiam
1738 439 1889 466 noverant?

1099 495 1147 514 ettr
1166 486 1312 521 piscatores
1324 490 1350 513 et
1372 485 1544 512 tentoriorum
1563 484 1671 519 opiﬁces
1689 492 1817 519 superare
1838 492 1890 512 non

1101 530 1265 566 potuerunt?
1283 538 1370 557 nonne
1382 529 1426 565 qtti
1445 529 1481 556 illi
1496 529 1655 560 ratiociniis.
1678 529 1704 555 hi
1726 528 1788 556 ﬁdei
1803 533 1887 556 totum

1101 575 1310 604 commiserant?
1334 574 1396 602 ldeo
1425 574 1560 601 Platonem
1583 573 1635 604 illi,
1659 573 1837 608 Pythagoram
1863 577 1890 601 et

1102 622 1169 648 alios
1183 627 1276 649 omnes
1298 627 1409 648 errones
1427 619 1505 654 longe
1526 622 1700 653 superarunt;
1720 619 1889 654 astrologos,

1102 666 1320 698 mathematicos,
1342 668 1509 700 geometras,
1527 663 1724 696 arithmeticos,
1739 664 1832 698 quavis
1853 663 1893 690 di-

1102 712 1212 747 sciplina
1226 711 1370 739 instructos
1382 709 1529 742 vicerunt‘,
1550 709 1635 744 iisque
1645 710 1796 743 superiores
1805 709 1891 737 effecti

1102 761 1182 789 sunt;
1206 756 1240 784 ita
1256 760 1284 783 ut
1297 756 1324 783 hi
1335 763 1398 783 vere
1409 755 1550 782 videantur
1565 754 1732 789 philosophi,
1748 755 1784 782 illi
1799 759 1888 782 autem

1103 802 1175 830 stulti
1189 809 1220 830 ac
1234 801 1320 829 deliri.
1337 801 1526 828 Animadverte
1545 800 1633 834 enim,
1659 801 1708 827 hos
1720 801 1819 828 dixisse
1832 801 1893 827 ani-

1104 854 1174 875 mam
1196 846 1389 879 immortalem;
1413 854 1463 873 nec
1478 846 1581 873 dixisse
1594 845 1674 872 modo
1684 866 1692 878 ,
1707 845 1753 873 sed
1771 846 1851 872 etiam
1867 845 1893 873 id

1104 893 1229 921 suasisse.
1249 893 1288 920 Illi
1299 900 1363 920 vero
1376 893 1461 927 primo
1474 892 1536 926 quid
1550 896 1620 919 esset
1634 891 1800 924 nesciebant;
1818 895 1892 926 post-

1104 945 1183 972 quam
1195 942 1282 964 autem
1298 938 1473 969 invenerunt,
1496 942 1520 964 et
1535 936 1712 963 distinxerunt
1731 943 1790 963 eam
1803 943 1818 962 a
1830 943 1892 963 cor-

1106 991 1170 1019 pore
1180 1005 1188 1017 ,
1210 983 1287 1011 divisi
1301 989 1362 1010 sunt
1378 983 1446 1010 inter
1460 990 1504 1014 se,
1527 982 1586 1008 aliis
1601 981 1786 1014 incerpoream
1800 981 1872 1008 il'am
1882 1002 1891 1014 ,

1106 1029 1164 1056 aliis
1175 1035 1272 1063 corpus
1288 1035 1363 1060 esse,
1376 1032 1403 1055 ct
1412 1035 1473 1054 cttm
1485 1033 1597 1062 corpore
1608 1026 1716 1054 dissolvi
1733 1026 1893 1054 dicentibus.

1105 1075 1205 1102 Caelum
1228 1074 1290 1102 item
1312 1074 1349 1101 illi
1372 1074 1515 1100 animatum
1530 1077 1557 1100 et
1572 1072 1649 1099 deum
1665 1079 1725 1100 esse
1742 1072 1871 1100 dixerunt
1886 1081 1894 1100 :

1108 1120 1252 1154 piscatores
1264 1126 1328 1146 vero
1340 1119 1473 1153 opiﬁcium
1485 1125 1544 1145 esse
1554 1118 1600 1144 Dei
1612 1121 1639 1145 et
1652 1117 1777 1145 dixerunt
1795 1122 1823 1145 et
1835 1125 1896 1145 sua-

1107 1170 1208 1193 serunt.
1234 1164 1287 1193 Sed
1308 1164 1379 1200 qttod
1400 1165 1510 1199 gentiles
1533 1163 1678 1190 ratiociniis
1692 1168 1810 1196 utantur,
1829 1163 1895 1190 nihil

1108 1211 1204 1238 mirum
1216 1219 1223 1237 :
1235 1210 1306 1245 quod
1320 1214 1408 1237 autem
1423 1210 1440 1236 ii
1453 1210 1497 1244 qui
1513 1208 1606 1236 ﬁdeles
1617 1216 1677 1236 esse
1691 1208 1823 1241 videntur,
1837 1208 1896 1236 ani-

1108 1256 1192 1284 males
1211 1256 1378 1283 inveniantur
1389 1276 1396 1288 ,
1413 1255 1464 1282 ltoc
1485 1255 1556 1282 luctu
1572 1254 1678 1289 dignum
1695 1259 1736 1282 est
1750 1255 1772 1280 ί.
1788 1254 1851 1282 [deo
1870 1254 1897 1281 hi

1108 1308 1213 1336 quoque
1227 1305 1401 1333 erraverunt,
1412 1305 1439 1327 et
1448 1300 1493 1327 alii
1504 1299 1610 1334 quidem
1619 1299 1708 1327 dicunt
1722 1306 1750 1327 se
1764 1300 1801 1326 ita
1815 1306 1896 1327 nosse

1110 1346 1208 1379 Deum,
1232 1350 1260 1373 nt
1282 1346 1350 1373 Deus
1371 1345 1487 1380 scipsum
1508 1346 1595 1377 novit,
1622 1344 1692 1379 quod
1711 1352 1746 1372 ne
1758 1344 1898 1380 gentilium

1110 1391 1214 1426 quidem
1232 1391 1370 1426 quisquam
1391 1391 1480 1418 dicere
1494 1398 1575 1418 ausus
1591 1395 1653 1419 est:
1669 1391 1713 1418 alii
1735 1391 1828 1418 dicunt
1844 1398 1896 1419 non

1111 1444 1190 1471 posse
1202 1437 1284 1465 Deum
1300 1437 1358 1464 sine
1372 1436 1494 1471 passione
1508 1436 1616 1470 gignere
1626 1456 1633 1468 ,
1659 1443 1708 1463 nec
1720 1437 1780 1470 plus
1795 1436 1834 1463 illi
1850 1436 1898 1462 tri-

1112 1483 1195 1510 bttunt
1208 1490 1286 1518 quant
1302 1482 1453 1509 hominibus
1467 1491 1473 1508 :
1485 1482 1528 1508 alii
1542 1481 1632 1509 dicunt
1643 1481 1708 1508 nihil
1721 1481 1848 1516 prode:se
1863 1481 1900 1508 vi-

1112 1533 1164 1556 tam
1178 1529 1287 1564 probam
1298 1548 1306 1562 ,
1321 1528 1362 1555 vel
1377 1533 1477 1555 rectum
1491 1527 1650 1555 institutum.
1667 1526 1720 1555 Sed
1735 1526 1793 1554 haec
1807 1525 1899 1554 conlu-

1113 1578 1170 1601 tare
1182 1580 1235 1601 non
1250 1573 1312 1601 licet
1325 1580 1372 1608 per
1383 1577 1497 1607 tempus.

1147 1618 1174 1646 ι,
1207 1617 1286 1645 Fides
1317 1617 1380 1644 nihil
1415 1617 1515 1652 prodest
1544 1617 1667 1651 improbo.
1701 1616 1795 1644 Contra
1824 1616 1898 1642 adul-

1114 1669 1188 1691 teros.
1218 1678 1254 1684 —
1275 1663 1351 1697 Quod
1373 1668 1462 1690 autem
1482 1662 1547 1690 fides
1570 1667 1641 1690 recta
1660 1663 1725 1689 nihil
1746 1663 1849 1697 prosit,
1877 1662 1899 1689 si

1115 1714 1240 1743 corrupta
1259 1709 1312 1736 vita
1327 1708 1379 1742 sit,
1400 1711 1427 1736 et
1446 1707 1568 1735 Christus
1581 1711 1608 1735 et
1627 1707 1724 1734 Paulus
1743 1707 1877 1735 declarant
1890 1726 1899 1740 ,

1114 1754 1159 1788 qui
1179 1754 1230 1781 ltoc
1243 1753 1357 1781 maxime
1367 1757 1460 1781 curant
1480 1761 1487 1779 :
1507 1752 1628 1780 Christus
1637 1773 1645 1786 ,
1658 1760 1718 1780 cum
1729 1752 1768 1780 sic
1782 1752 1878 1780 doeet'
1892 1761 1899 1779 :

1116 1798 1175 1826 Non
1188 1799 1268 1826 omnia
1281 1800 1324 1834 qui
1343 1799 1402 1825 dicit
1423 1798 1483 1825 milii
1493 1819 1501 1831 ,
1518 1797 1623 1825 Domine
1635 1818 1643 1831 ,
1660 1797 1766 1824 Domine
1777 1818 1785 1831 ,
1800 1797 1901 1824 intrabit

1114 1844 1140 1871 in
1151 1851 1254 1879 regnum
1267 1844 1386 1871 calorum
1399 1843 1498 1878 (Mallt.
1515 1843 1540 1870 7.
1556 1842 1588 1869 2t
1600 1843 1609 1878 )
1623 1850 1630 1875 ;
1648 1847 1674 1870 et
1689 1850 1809 1875 rursum,
1826 1841 1902 1869 Multi

1117 1890 1199 1920 dicent
1213 1889 1275 1918 mihi
1287 1890 1312 1916 in
1327 1889 1372 1916 illa
1385 1889 1426 1916 die
1440 1897 1450 1916 .'
1462 1888 1570 1916 Domine
1579 1909 1586 1921 ,
1605 1897 1688 1915 nonne
1703 1889 1729 1915 in
1745 1888 1846 1914 nomine
1860 1894 1900 1914 me

1115 1936 1340 1974 prop/tetart'tttttl.’
1362 1934 1394 1963 Ει
1408 1940 1466 1962 tunc
1483 1935 1620 1968 conﬁtebor
1637 1934 1687 1960 illis
1699 1954 1706 1966 ,
1731 1933 1796 1966 Quia
1820 1934 1900 1959 nescio

1115 1984 1300 2020 vcndiscetlite
1312 1992 1375 2010 ante
1389 1985 1433 2018 qui
1455 1980 1594 2017 operamini
1613 1980 1766 2016 iniqwtawm
1783 1978 1861 2013 (Ibid.
1876 1986 1900 2004 ν.

1114 2030 1159 2057 22.
1173 2030 1209 2057 25
1219 2030 1238 2065 ).
1253 2030 1301 2063 Qui
1313 2030 1384 2056 enim
1402 2028 1413 2044 ⁵
1426 2036 1480 2056 non
1495 2028 1544 2055 sibi
1556 2028 1704 2058 attendunt,
1719 2024 1796 2053 facile
1807 2024 1839 2051 ad
1855 2032 1901 2050 ne-

1115 2075 1224 2110 quitiam
1248 2081 1320 2109 sa-pe
1334 2074 1484 2106 declinant,
1507 2072 1610 2100 etiarnsi
1636 2073 1714 2099 lident
1735 2077 1834 2098 rectattt
1856 2069 1901 2095 lta-

1117 2121 1207 2148 beant.
1229 2120 1328 2148 Paulus
1342 2124 1429 2147 autem
1444 2118 1565 2146 Hebraeis
1578 2117 1707 2149 scribens,
1724 2116 1782 2144 haec
1800 2116 1864 2142 dicit
1878 2121 1904 2142 et

1117 2171 1208 2195 monet
1221 2175 1228 2193 :
1245 2165 1338 2193 Patent
1352 2173 1410 2192 cum
1425 2164 1539 2192 omnibus
1552 2162 1737 2199 persequimini,
1752 2166 1775 2189 et
1788 2161 1902 2194 sanctiﬁ—

1116 2214 1252 2246 cationem,
1267 2213 1320 2239 sine
1332 2218 1382 2247 qua
1396 2219 1468 2238 nemo
1483 2210 1574 2237 videbit
1595 2209 1732 2236 Dominum
1743 2208 1753 2243 (
1763 2206 1844 2234 Hebr.
1860 2206 1904 2233 i2.

1118 2258 1151 2286 M
1161 2257 1182 2293 ).
1201 2257 1440 2286 Sanctiﬁcationem
1455 2255 1571 2290 appellat
1584 2254 1733 2281 castitatem
1745 2272 1752 2285 ,
1774 2257 1802 2279 ut
1817 2258 1901 2278 unus-

1117 2304 1229 2339 quisque
1242 2310 1288 2330 sua
1305 2310 1387 2330 uxore
1399 2305 1540 2329 contentus
1550 2299 1604 2332 sit,
1618 2306 1706 2334 neque
1720 2298 1800 2325 aliam
1817 2296 1903 2324 adeat.

1117 2349 1182 2377 Nam
1195 2348 1239 2384 qui
1253 2355 1299 2376 sua
1312 2352 1454 2376 contentus
1466 2353 1519 2374 non
1534 2349 1576 2373 est
1585 2365 1593 2378 ,
1616 2344 1706 2372 salvus
1720 2350 1781 2370 esse
1795 2342 1904 2377 nequit;

1118 2395 1164 2423 sed
1179 2398 1269 2430 pereat
1281 2397 1401 2429 oportet,
1415 2392 1465 2420 etsi
1479 2391 1551 2419 ntille
1566 2390 1642 2418 bonis
1670 2389 1798 2424 operibus
1813 2388 1848 2414 sit
1866 2387 1908 2414 in-

1120 2445 1246 2468 structus.
1263 2439 1449 2467 Fornicantem
1462 2437 1533 2465 enim
1547 2434 1708 2470 impossibile
1716 2438 1757 2460 est
1771 2433 1871 2460 intrare
1882 2433 1907 2458 in

1118 2493 1228 2521 regnum
1242 2484 1384 2516 caelorum;
1400 2483 1454 2510 imo
1468 2482 1492 2509 id
1502 2481 1556 2516 jam
1569 2488 1622 2507 non
1636 2479 1776 2506 fortticatio
1789 2481 1833 2505 est
1842 2498 1848 2510 ,
1862 2476 1907 2503 sed

1119 2530 1286 2559 adulterium.
1309 2529 1383 2557 Sicut
1398 2528 1470 2556 enim
1490 2526 1596 2562 alligata
1611 2525 1686 2557 viro,
1710 2523 1732 2550 si
1747 2531 1808 2550 eutn
1823 2523 1907 2549 alu-m

1119 2581 1210 2609 coeat,
1226 2575 1389 2603 adulteretur
1405 2582 1412 2600 :
1426 2573 1465 2601 sic
1479 2573 1602 2608 alligatus
1616 2571 1710 2603 uxori,
1726 2570 1749 2597 si
1765 2570 1846 2596 aliam
1861 2569 1907 2594 ha-

1120 2623 1197 2656 beat,
1211 2621 1314 2649 adulter
1323 2625 1375 2648 est.
1388 2619 1437 2647 Hic
1447 2626 1511 2646 vero
1525 2625 1577 2645 non
1591 2617 1669 2644 iteres
1682 2616 1733 2643 erit
1744 2614 1819 2650 regni
1828 2614 1907 2641 caelo-

1153 2709 1161 2724 ¹
1173 2707 1220 2732 Alit
1231 2706 1331 2735 habent,
1337 2704 1405 2737 quasi
1416 2703 1537 2735 puluerem
1549 2702 1707 2733 dissiparwu,
1720 2699 1784 2729 loco,
1793 2699 1853 2724 rica
1860 2702 1907 2724 tau.

1151 2739 1162 2755 ³
1178 2737 1278 2761 cuidam
1291 2736 1385 2761 letzunt.
1397 2735 1440 2759 hoc
1452 2733 1584 2759 ridiculum
1592 2736 1635 2758 est.
1750 2759 1755 2761 Α
1807 2759 1812 2761 _
1884 2758 1898 2761 __

1151 2740 1162 2755 ²
1178 2740 1278 2773 Quidam
1291 2740 1385 2772 tegunt,
1397 2740 1440 2759 hoc
1452 2740 1584 2770 ridiculum
1592 2740 1635 2758 est.
1807 2759 1812 2765 _
1892 2758 1898 2763 Ι

1139 2769 1164 2803 μ’
1181 2768 1209 2792 in
1221 2767 1274 2792 altis
1291 2767 1391 2798 legttur,
1409 2765 1518 2790 Christus
1538 2763 1610 2796 plura
1631 2763 1661 2787 de
1683 2761 1728 2786 hoc
1747 2759 1854 2792 loquitur
1873 2759 1907 2784 dr-

1121 2805 1288 2854 amomum
1311 2827 1375 2852 hunc
1389 2826 1469 2851 locum
1492 2826 1527 2850 sic
1550 2824 1665 2849 efferunt.
1731 2821 1814 2854 «Quia
1834 2820 1910 2854 nescio

1121 2849 1373 2893 msjfgifit'ériniﬁf
1380 2849 1623 2893 .(_t?erttntttitttettAin
1645 2854 1689 2888 hoc
1711 2849 1784 2893 nolite
1805 2849 1910 2885 gaudere

1123 2890 1180 2922 quia
1190 2886 1288 2922 spiritus
1300 2887 1457 2919 subjiciuntur
1469 2886 1543 2912 vobis.
1551 2894 1562 2908 ι
1578 2889 1621 2916 Qui
1632 2886 1704 2914 enim,
1718 2887 1767 2909 etc.
