2036 3119
162 132 214 163 353

163 197 223 218 rtmt
234 209 242 223 ,
256 188 303 216 sed
319 189 346 215 in
358 186 506 222 gehennam
519 184 626 212 incidet.
650 184 716 212 Audi
730 191 788 219 qua:
803 183 837 211 de
851 183 893 210 his
907 182 946 210 di-

164 238 199 265 cit
213 235 335 264 Christus
351 243 357 261 :
377 233 472 260 Venilia
484 240 570 259 eorum
582 240 632 258 non
646 231 774 263 morietur,
790 235 812 257 et
823 230 888 264 ignis
903 237 951 255 non

165 283 336 316 exstinguetur
351 280 360 314 (
373 279 453 306 Mare.
476 279 503 306 9.
515 278 550 305 45
561 277 580 313 ).
598 277 678 310 ‘Nulla
691 277 762 304 ettim
777 276 853 303 venia
868 275 892 302 ei
908 275 951 308 qui

165 328 254 354 uxoris
264 325 474 353 consolationem
487 323 602 354 habens,
620 322 692 349 illam
705 342 712 355 ,
727 321 810 348 altera
825 320 952 352 admissa,

165 371 326 399 contumelia
348 369 430 396 afﬁcit
444 378 452 397 ι
466 369 522 395 haec
543 367 640 402 quippe
664 366 868 401 intemperantia
893 372 954 391 vero

165 422 216 445 est.
236 416 312 450 Quod
336 415 357 442 si
387 414 462 441 multi
478 413 613 448 jejunandi
636 417 662 439 et
680 411 804 446 precandi
828 418 906 438 causa
922 410 954 436 ab

167 470 249 489 uxore
264 460 415 493 abstinent;
439 459 482 494 qui
497 467 544 485 sua
562 465 613 485 non
628 462 770 484 contentus
781 457 891 483 alterant
906 456 954 482 ad—

167 507 263 538 ntittit,
286 510 412 540 quatttum
428 504 477 531 sibi
494 504 581 539 ignem
595 502 766 530 accumulat?
785 501 813 529 Si
827 509 878 528 tton
894 501 954 527 licet

167 553 191 580 ei
206 552 250 587 qui
265 558 374 578 uxorem
386 550 533 584 repudiavit
547 554 574 576 et
583 548 676 583 eiecit,
692 556 751 575 cum
765 548 850 575 altera
863 546 955 579 coire;

168 598 218 625 hoc
230 598 327 632 quippe
347 601 387 623 est
401 595 578 626 adulterium;
603 594 647 629 qui
669 600 778 620 uxorem
800 600 890 620 secum
912 592 957 618 ha-

169 644 254 676 bens,
279 643 389 669 alteram
406 640 525 672 inducit,
549 644 677 674 quatttum
701 638 789 666 scelus
805 637 958 672 perpetrat?

169 688 253 715 Nemo
267 687 345 722 igitur
367 686 438 713 hunc
454 685 575 712 morbum
589 685 614 711 in
629 684 715 711 anima
733 683 849 710 insidere
871 682 957 715 sinat,

170 734 215 761 sed
228 733 353 760 radicitus
365 732 470 760 evellat.
485 731 575 765 Neque
589 731 660 758 ettim
673 735 725 757 tant
737 737 847 757 uxorem
859 749 866 761 ,
881 736 958 763 quatn

171 780 286 815 scipsum
301 778 383 806 Ludit.
400 777 472 805 Adeo
487 783 569 812 grave
580 797 587 809 ,
600 775 668 803 adeo
680 775 756 803 venia
768 775 905 810 indignum
919 781 934 801 e
951 779 960 800 t

173 825 222 852 hoc
236 828 388 859 peccatum,
404 827 434 850 ut
448 823 470 850 si
481 830 547 850 uxor
557 843 563 854 ,
583 822 664 848 invito
678 820 792 855 coajuge
806 820 885 847 etiam
901 819 959 846 ido-

173 870 266 897 lolatra
276 889 282 901 ,
294 869 327 896 ab
340 869 385 895 illo
392 873 541 903 separetur,
557 875 572 894 a
584 867 639 894 Deo
654 867 786 901 puniatur;
800 866 821 892 si
838 865 872 892 ab
885 865 958 892 adul-

174 922 245 947 tero,
261 915 381 942 minime.
396 914 488 941 Viden’
500 919 626 948 quantum
640 913 673 940 sit
687 912 738 939 huc
751 912 870 938 malum?
895 911 959 938 Nam

176 961 206 988 Si
217 969 266 995 qua
281 960 379 994 fidelis,
396 959 479 995 inquit
492 981 499 992 ,
513 959 602 986 habeat
616 959 694 986 virum
709 958 852 993 inﬁdelem,
869 962 890 983 et
909 957 962 992 ipsa

174 1007 291 1033 consentit
301 1005 413 1032 habitare
423 1013 478 1031 cum
490 1005 544 1037 illa,
556 1013 586 1032 ne
595 1005 703 1031 dimittat
713 1005 795 1039 ipsum
807 1004 849 1038 (i.
860 1003 919 1030 Cor.
934 1004 960 1029 'l.

175 1052 207 1079 15
217 1052 238 1086 ).
261 1051 296 1077 De
310 1051 430 1078 adultera
455 1058 533 1077 secus
545 1059 552 1082 ;
570 1050 617 1077 sed
631 1050 714 1084 quid?
728 1049 757 1076 Si
771 1049 827 1083 quis
840 1048 962 1074 dimiserit

175 1105 277 1124 uxorem
298 1105 369 1123 suam
385 1101 475 1131 praeter
496 1103 598 1122 causam
620 1095 808 1129 fornicationis.
832 1095 891 1129 facit
909 1102 963 1120 eum

176 1143 292 1169 tum/tari
307 1141 412 1177 (Matth.
425 1142 451 1168 5.
463 1141 520 1176 52).
535 1141 600 1168 Nam
612 1141 633 1168 si
647 1141 796 1175 coniugium
812 1148 891 1167 uttttttt
906 1148 964 1166 eor-

177 1197 223 1222 pus
246 1188 324 1220 facit;
348 1187 370 1214 si
387 1187 446 1222 quis
459 1195 518 1213 ctttn
534 1187 675 1214 meretrice
700 1191 775 1213 coeat
786 1207 792 1219 ,
810 1194 889 1212 ntttttn
904 1194 963 1212 cum

176 1234 216 1261 illa
230 1241 327 1268 corpus
342 1233 465 1260 efficitur.
487 1233 625 1266 Quomodo
643 1240 706 1267 ergo
723 1232 832 1259 honesta
849 1231 944 1258 mulier
955 1251 962 1261 ,

175 1288 233 1314 qua:
248 1284 290 1307 est
303 1279 451 1305 membrum
473 1278 570 1305 Christi
583 1298 590 1310 ,
616 1278 695 1305 talem
719 1277 803 1304 \‘il'lltll
824 1277 964 1303 admittat?

175 1331 219 1352 aut
243 1324 377 1360 quomodo
398 1324 447 1351 sibi
466 1324 560 1359 junget
581 1324 728 1351 membrum
750 1323 917 1350 merezreis?
934 1323 965 1349 Et

177 1370 234 1397 vide
248 1377 326 1405 quam
341 1370 406 1396 mira
419 1377 461 1397 res
471 1369 514 1396 sit.
530 1369 593 1403 Qua:
604 1377 663 1396 cuin
676 1369 774 1396 infideli
789 1369 899 1399 habitat,
913 1375 964 1394 non

177 1421 215 1443 est
230 1417 334 1450 impura
348 1416 357 1451 (
370 1423 428 1442 nattt
444 1415 624 1449 Sanctiﬁcatus
636 1419 672 1441 est
685 1435 692 1446 ,
709 1415 791 1449 inquit
803 1435 809 1446 ,
826 1415 863 1440 vir
875 1413 966 1448 inﬁde-

177 1463 207 1489 lis
220 1463 245 1489 in
260 1463 362 1489 muliere
379 1462 423 1496 (i.
437 1461 496 1488 Cor.
510 1462 536 1488 7.
552 1461 602 1495 Η)
620 1470 628 1488 :
644 1461 677 1488 de
693 1462 834 1488 nteretrice
850 1467 901 1487 non
915 1460 964 1492 sic,

178 1510 222 1536 sed
236 1508 370 1543 quomodo
380 1508 391 1528 τ
416 1507 518 1534 Totlens
534 1507 612 1542 igitur
624 1506 734 1533 membra
747 1506 857 1539 Christi,
872 1506 966 1540 furiam

180 1556 288 1582 membra
298 1555 433 1582 meretricis
445 1553 525 1591 (Ibid.
535 1554 560 1581 6.
574 1554 607 1581 l5
618 1553 646 1587 )?
659 1553 714 1580 lllic
729 1552 856 1580 sanctitas
868 1557 965 1584 manet,

180 1601 278 1628 ittlideli
291 1608 351 1627 cum
363 1600 406 1627 illa
418 1600 572 1632 habitante;
589 1599 651 1626 ltinc
665 1598 776 1626 recedit.
792 1597 879 1625 Grave
893 1605 968 1625 nant-

179 1653 229 1679 que
244 1645 343 1672 malum
359 1650 400 1672 est
420 1645 559 1672 iornicatio
570 1666 578 1677 ,
593 1652 673 1679 grave
688 1644 778 1678 utique
789 1664 796 1676 ,
817 1648 843 1670 et
858 1644 967 1670 immor-

645 129 676 156 ΙΝ
696 128 850 156 ΙΟΛΝΝΕΜ
873 126 964 154 Ii0.\lil

1018 127 1097 154 λιν.
1119 128 1153 155 al.
1175 127 1268 156 LXIII.
1746 130 1792 158 551

1003 182 1054 208 tale
1065 182 1177 209 achrctts
1193 183 1362 217 supplicium.
1378 183 1412 210 Et
1427 183 1453 210 in
1469 182 1518 211 hac
1532 185 1583 211 vita
1600 184 1737 213 innumera
1752 191 1795 213 at-
1816 167 1819 177 ί

1005 228 1086 254 trahit
1105 229 1170 254 mala
1183 249 1189 259 ,
1207 229 1287 255 vitam
1312 229 1448 262 miseram,
1473 237 1521 257 nec
1543 230 1679 258 meliorem
1693 251 1700 263 ,
1716 239 1793 266 quam

1004 281 1095 300 eorutn
1109 274 1153 308 qui
1169 274 1300 308 supplicio
1320 274 1482 308 afﬁciuntur,
1497 275 1559 302 dum
1573 277 1597 303 in
1615 276 1727 304 alienam
1743 277 1792 303 dn—

1005 327 1076 346 ttutnt
1093 318 1181 346 furtim
1198 325 1224 346 et
1239 327 1299 346 cum
1316 324 1431 347 tremore
1452 320 1599 356 ingreditur
1612 343 1619 355 ,
1645 329 1803 357 omnesque-

1006 369 1144 400 suspectos
1159 365 1236 392 habet
1250 385 1257 395 ,
1274 369 1325 391 tam
1340 373 1431 392 servos
1446 373 1523 400 quam
1539 367 1646 394 libi-rm.
1659 367 1792 401 Quamob-

1007 419 1061 437 rem
1083 411 1211 443 obsecro,
1238 410 1287 438 hoc
1301 418 1347 437 vos
1363 411 1487 445 expedire
1501 413 1593 439 morbo
1614 413 1722 440 curetis.
1749 413 1795 440 Sin

1007 464 1058 483 non
1075 456 1275 491 obsequamini,
1293 464 1325 483 ne
1341 456 1365 482 in
1382 464 1456 483 sacra
1473 456 1561 483 limina
1577 457 1760 492 ingrediamini
1775 459 1794 485 ‘.

1007 503 1071 530 Nam
1086 503 1220 529 scabiosus
1235 508 1260 529 et
1276 502 1411 529 mut-bitias
1425 509 1488 528 oves
1502 511 1553 528 non
1567 507 1674 537 oportet
1687 504 1711 530 in
1729 504 1796 531 bene

1008 548 1150 575 valentium
1163 556 1242 582 grege
1257 548 1357 574 versari
1369 569 1375 578 ,
1392 547 1438 573 sed
1453 547 1486 573 ab
1498 547 1559 574 ovili
1574 548 1710 582 exigenda:
1725 554 1795 580 sunt,

1007 595 1092 621 donec
1114 593 1234 620 morbum
1249 593 1394 628 deponant.
1415 593 1480 619 Nam
1502 592 1621 619 ntembra
1639 593 1737 620 Christi
1751 602 1797 620 su-

1009 648 1068 666 ntus
1082 648 1088 666 :
1109 647 1141 666 tte
1156 638 1304 666 efﬁciamur
1319 639 1436 666 membra
1451 638 1610 665 meretricis.
1626 637 1682 664 Non
1698 643 1738 665 est
1754 639 1794 665 lu-

1011 694 1092 720 panar
1113 685 1155 713 hic
1178 685 1269 718 locus,
1290 685 1337 712 sed
1361 685 1484 712 ecclesia.
1505 685 1532 712 Si
1548 685 1696 712 membrum
1711 693 1798 712 meri:-

1011 732 1084 758 tricis
1107 731 1204 758 habeas
1215 751 1224 762 ,
1250 738 1283 757 ne
1298 734 1353 757 stes
1367 730 1392 756 in
1407 730 1518 756 ecclesia
1532 751 1538 762 ,
1556 737 1589 757 ne
1600 731 1694 756 .locunt
1708 736 1801 757 contu-

1011 777 1088 804 melia
1102 776 1213 803 afﬁcias.
1239 776 1348 803 Etiamsi
1363 776 1432 802 enim
1449 776 1569 810 geltcnna
1586 776 1656 803 nttlla
1669 797 1676 810 ,
1697 777 1799 812 nullum

1011 823 1169 858 supplicium
1192 827 1280 855 esset,
1307 826 1366 856 post
1383 826 1456 856 pacta
1473 822 1515 849 illa
1529 827 1554 848 et
1571 822 1702 858 nuptiales
1716 823 1800 850 lucer-

1012 876 1073 900 nas,
1090 868 1256 903 postjustmn
1267 868 1362 895 lectum
1375 872 1402 895 et
1417 868 1560 895 liberorum
1575 868 1800 902 procreationem,

1014 919 1072 949 post
1088 914 1140 941 tale
1153 913 1329 944 consortium,
1343 912 1476 947 quontodo
1485 912 1566 940 audes
1580 913 1655 940 alteri
1669 913 1804 948 copulari?

1013 967 1059 987 cur
1075 967 1127 986 non
1141 959 1240 986 vereris
1251 979 1258 991 ,
1276 966 1325 985 nec
1339 958 1497 985 erubescis?
1520 959 1560 985 An
1576 958 1683 993 ignoras
1696 966 1743 985 eos
1757 959 1801 993 qui

1015 1013 1030 1040 p
1049 1010 1073 1032 st
1089 1005 1179 1032 uxoris
1193 1009 1305 1032 mortem
1319 1025 1326 1037 ,
1343 1004 1422 1031 aliattt
1436 1004 1535 1031 ducunt
1546 1023 1554 1036 ,
1568 1011 1583 1030 a
1598 1004 1687 1030 multis
1701 1004 1803 1038 impru-

1015 1052 1069 1079 bat-i
1078 1073 1086 1086 ,
1105 1051 1207 1078 etiamsi
1221 1058 1313 1085 pinnas
1327 1058 1378 1077 tton
1391 1050 1477 1077 daturi
1492 1050 1562 1077 sint?
1573 1050 1613 1077 Tu
1626 1057 1689 1077 vero
1701 1071 1709 1083 ,
1723 1058 1802 1077 uxore

1014 1097 1172 1133 superstite,
1187 1098 1265 1124 aliam
1280 1097 1392 1124 inducis.
1416 1096 1505 1131 Ecqua
1521 1100 1561 1124 est
1574 1096 1617 1123 illa
1639 1096 1804 1123 incontinen-

1016 1146 1070 1172 tia't
1087 1145 1163 1172 Disce
1182 1152 1239 1179 qua:
1259 1144 1308 1170 hac
1319 1142 1354 1170 de
1374 1151 1403 1170 re
1423 1143 1491 1170 dicta
1513 1143 1585 1169 sint:
1607 1142 1703 1169 Vermis
1718 1151 1803 1169 eorum

1016 1200 1063 1218 non
1076 1191 1204 1223 morietur,
1221 1194 1244 1216 et
1255 1189 1319 1224 ignis
1332 1197 1382 1216 non
1396 1189 1569 1223 exstinguetur
1582 1188 1591 1224 (
1605 1187 1685 1214 Marc.
1703 1188 1729 1215 9.
1742 1188 1800 1223 45).

1015 1237 1099 1264 Minas
1122 1236 1315 1270 perltut‘resce,
1334 1235 1397 1262 time
1415 1234 1584 1269 supplicium.
1605 1234 1663 1261 Non
1679 1239 1718 1260 cst
1734 1238 1809 1260 tanta

1016 1282 1059 1309 hic
1073 1282 1195 1316 voluptas
1205 1286 1353 1316 ,quantum
1369 1280 1423 1307 illic
1435 1279 1607 1314 supplicimn.
1626 1279 1723 1305 Verum
1739 1279 1810 1305 absit

1017 1332 1044 1355 ut
1058 1328 1117 1363 quis
1130 1327 1175 1354 tali
1190 1327 1224 1354 sit
1236 1326 1367 1354 obnoxius
1387 1325 1532 1360 supplicio;
1558 1323 1605 1351 sed
1629 1324 1728 1351 utinam
1744 1332 1807 1350 san-

1016 1375 1135 1402 ctitatem
1152 1376 1285 1400 sectantes
1305 1371 1441 1398 videamus
1456 1370 1601 1402 Christum,
1621 1373 1648 1396 et
1671 1369 1811 1404 promissis

1017 1420 1136 1447 fruamur
1156 1418 1233 1446 b()1.i5
1248 1426 1254 1443 :
1268 1425 1327 1452 qua:
1355 1423 1403 1443 nos
1419 1423 1511 1442 omnes
1527 1415 1632 1450 assequi
1654 1415 1787 1449 contingat
1799 1434 1807 1446 ,

1017 1465 1102 1501 gratia
1114 1470 1140 1491 et
1155 1463 1320 1498 benignitate
1336 1461 1438 1488 Domini
1460 1461 1542 1487 nostri
1560 1460 1623 1487 Jesu
1637 1459 1734 1487 Christi
1751 1460 1808 1492 qui—

1018 1518 1077 1539 cum
1099 1510 1169 1537 Patri
1183 1509 1265 1544 gloria
1283 1515 1387 1542 unaquc
1406 1506 1515 1541 Spiritui
1538 1509 1648 1539 sancto,
1665 1505 1690 1532 in
1710 1505 1808 1532 saecula

1020 1557 1189 1585 saeculorum.
1211 1556 1306 1581 Amen.

1051 1647 1059 1661 ι
1078 1643 1125 1669 Alii
1136 1642 1236 1670 habent,
1249 1641 1271 1666 si
1281 1647 1327 1665 non
1339 1639 1418 1669 vultis,
1429 1646 1458 1664 tte
1467 1639 1492 1664 in
1503 1639 1578 1670 adyta
1589 1637 1770 1670 ingredtautini.

834 1724 1006 1755 HOMILIA
1028 1719 1139 1752 LXIV.

179 1801 245 1828 Car.
268 1801 310 1827 Η.
331 1808 357 1826 v.
378 1800 421 1827 ιι.
442 1798 516 1826 Iesus
532 1803 613 1825 autem
626 1819 633 1831 ,
648 1798 749 1825 elevatis
764 1805 864 1824 sursum
877 1796 966 1826 oculis,

217 1845 298 1873 dixit:
313 1845 391 1872 Pater
402 1865 410 1877 ,
429 1845 523 1880 gratias
536 1853 583 1879 ago
596 1843 658 1876 tibi,
674 1843 793 1878 quoniam
811 1841 904 1868 audisti
920 1849 968 1867 me.

217 1891 262 1918 η.
290 1890 343 1925 Ego
365 1895 448 1916 autem
462 1889 568 1916 sciebam
580 1890 639 1924 quia
652 1897 749 1922 semper
769 1896 808 1915 me
821 1887 912 1919 audis;
927 1887 970 1914 sed

217 1941 319 1971 propter
332 1935 431 1962 turbam
444 1936 645 1962 circutttstantem
660 1933 714 1961 dixi
722 1955 729 1968 ,
745 1938 796 1961 etc.

221 2015 248 2042 1.
266 2012 380 2040 Christus
403 2011 509 2039 humilia
522 2019 588 2046 stupe
602 2010 721 2046 loquitur,
744 2018 830 2046 quare.
847 2024 882 2030 -—
895 2008 970 2041 Quod

184 2067 256 2094 sa‘pe
279 2058 348 2092 dixi,
370 2059 421 2085 hoc
441 2062 467 2085 et
489 2064 560 2084 nunc
574 2057 678 2090 dicant,
705 2056 826 2083 Christus
849 2062 900 2081 non
918 2059 970 2081 tant

184 2112 258 2133 suam
273 2105 444 2139 dignitatem,
468 2110 546 2138 quant
562 2103 673 2129 salutent
695 2106 812 2128 ttostram
839 2100 969 2135 respicit,

185 2159 233 2178 nec
246 2151 341 2186 quierit
357 2157 480 2185 magnum
497 2148 633 2184 quidpiam
647 2148 751 2179 dicere,
778 2147 823 2174 Sed
835 2147 907 2182 quod
923 2153 971 2173 nos

185 2197 267 2230 possit
281 2195 314 2223 ad
329 2203 359 2223 se
373 2195 488 2223 trahere.
511 2195 572 2222 ideo
586 2201 667 2229 pauca
684 2201 777 2228 magna
793 2197 820 2220 et
837 2193 970 2225 Sublintia,

184 2247 263 2278 atque
276 2241 355 2268 etiam
369 2240 533 2268 subobscure
544 2241 621 2273 dicit,
638 2240 746 2267 ltnmilia
761 2248 822 2267 vero
833 2243 858 2266 et
871 2239 972 2274 abiecta

185 2289 337 2323 frequenter
351 2286 517 2314 sermonibus
531 2286 670 2313 admiscet.
686 2285 752 2320 Quia
768 2286 837 2313 enint
850 2285 908 2312 inec
922 2292 971 2312 au-

184 2333 284 2360 ditores
309 2332 393 2367 magis
417 2332 587 2364 allieiebant,
613 2331 655 2358 his
689 2332 770 2358 utitur
795 2331 972 2366 frequentius.

185 2379 273 2414 Neque
289 2386 395 2412 semper
410 2378 449 2405 sic
464 2378 590 2412 loquitur,
612 2385 646 2404 ne
662 2383 752 2412 postea
768 2377 908 2404 eredituris
923 2385 973 2404 tto-

184 2429 256 2454 ceat;
279 2432 366 2458 neque
381 2424 423 2450 illa
440 2427 527 2456 tacet,
551 2431 585 2450 ne
606 2428 751 2458 praesentes
766 2423 891 2450 offendat.
908 2423 973 2450 Nant

184 2471 227 2506 qui
241 2470 373 2505 abjectam
388 2470 457 2496 illam
472 2473 587 2496 mentem
603 2469 799 2503 deposuerunt,
817 2469 856 2496 vel
871 2476 903 2496 ex
921 2476 974 2495 ttno

184 2516 291 2543 sublimi
310 2515 434 2549 dogmate
456 2519 540 2541 tottttn
562 2515 712 2549 intelligere
732 2519 875 2549 potueruttt
902 2524 908 2542 :
929 2515 973 2549 qui

185 2570 246 2588 tero
261 2561 419 2588 demissiore
440 2561 529 2588 animo
550 2568 657 2595 semper
671 2566 746 2588 erant
757 2582 765 2594 ,
784 2560 834 2589 nisi
851 2560 907 2588 haec
921 2560 975 2587 fre-

184 2611 296 2641 quenter
319 2606 472 2638 audissent,
496 2613 547 2633 non
568 2606 659 2640 utique
677 2606 862 2633 accessissent.
885 2605 976 2640 Neque

186 2657 272 2679 tantm
288 2657 396 2679 manent
406 2673 414 2684 ,
429 2656 567 2687 postquam
582 2657 619 2679 tot
632 2657 659 2680 et
674 2656 746 2680 tanta
760 2652 912 2685 audierunt,
928 2652 974 2679 sed

186 2697 317 2732 lapidibus
329 2697 473 2732 itttpetuttt,
487 2702 681 2732 persequuntur
689 2703 714 2725 et
725 2697 849 2726 occidere
862 2703 973 2730 tentant,

186 2743 424 2779 blasphemnmque
446 2748 540 2771 vocant
556 2751 563 2770 :
579 2752 610 2771 ae
635 2753 696 2772 cum
717 2752 746 2772 se
772 2745 825 2772 Deo
846 2745 974 2780 aequalem

187 2790 262 2822 facit,
284 2789 376 2817 dicunt
390 2811 398 2823 ,
422 2789 472 2816 Hic
488 2790 650 2824 blaspheme!
667 2789 768 2826 (Marc.
791 2791 818 2820 9.
833 2792 866 2827 'I)
881 2800 888 2825 ;
916 2800 975 2819 cum

189 2842 274 2865 autent
284 2837 359 2869 dicit,
372 2837 539 2864 "emittuntur
553 2837 596 2862 tibi
618 2842 718 2871 peccata
733 2843 774 2864 tua
789 2836 892 2872 (.llutt/t.
905 2839 930 2866 9.
947 2839 972 2865 2.

1022 1791 1085 1819 Luc.
1099 1789 1192 1824 5.20),
1209 1788 1400 1815 ιιωιιιοιιὶηριηιι
1412 1791 1518 1819 vocant;
1529 1791 1557 1813 ut
1569 1786 1647 1814 etiant
1661 1793 1721 1813 cum
1736 1785 1812 1818 dixit,

1023 1838 1067 1873 qui
1102 1836 1181 1863 verba
1202 1842 1248 1861 sua
1271 1833 1391 1866 audiret,
1425 1838 1511 1860 morte
1539 1832 1702 1866 superiorem
1730 1839 1812 1859 esse:

1023 1890 1083 1910 cum
1097 1887 1188 1908 autem
1200 1879 1239 1908 sic
1259 1879 1377 1914 loquitur
1387 1899 1395 1912 ,
1422 1878 1478 1914 Ego
1493 1878 1519 1905 in
1534 1878 1613 1905 Putre
1624 1899 1631 1911 ,
1655 1883 1677 1904 et
1699 1877 1776 1905 Pater
1790 1879 1815 1904 in

1024 1936 1063 1954 me
1084 1926 1182 1963 (Joau.
1197 1925 1241 1952 14.
1266 1924 1316 1960 10)
1330 1944 1337 1958 ,
1361 1924 1447 1959 ipsum
1472 1923 1644 1958 relinquunt;
1669 1931 1814 1958 rursusque

1024 1972 1194 2000 offenduntur
1207 1978 1267 1998 cunt
1284 1971 1336 2003 ait,
1352 1977 1381 1997 se
1391 1969 1424 1997 de
1437 1970 1503 1997 creto
1517 1969 1696 1996 descendisse.
1711 1969 1739 1996 Si
1752 1977 1814 2004 ergo

1026 2018 1096 2050 haec,
1112 2017 1161 2044 etsi
1173 2016 1258 2044 rarius
1268 2016 1337 2043 dicta
1347 2035 1357 2048 ,
1373 2023 1424 2042 non
1437 2014 1555 2042 ferebant
1567 2019 1653 2041 tamen
1665 2035 1673 2048 ,
1689 2015 1732 2041 vix
1742 2019 1815 2042 certe

1024 2062 1216 2094 attendissent,
1238 2061 1260 2088 si
1283 2060 1405 2087 sublimia
1432 2067 1537 2094 semper
1556 2060 1680 2094 loquutus
1709 2059 1812 2087 fuisset.

1025 2107 1136 2142 Quando
1159 2107 1238 2141 igitur
1252 2106 1317 2133 dicit
1334 2114 1340 2132 :
1357 2105 1429 2139 Sicut
1445 2105 1572 2131 mandavit
1587 2105 1648 2131 mihi
1663 2104 1739 2131 Pater
1750 2125 1756 2136 ,
1780 2106 1814 2132 sic

1026 2154 1114 2187 loquor
1136 2152 1223 2188 (Ibid.
1238 2161 1262 2178 υ.
1276 2150 1350 2186 51);
1381 2155 1426 2184 et,
1450 2150 1472 2177 Α
1485 2151 1578 2185 nteipso
1599 2159 1647 2177 non
1677 2151 1731 2178 veni
1752 2151 1815 2185 (Id.

1027 2200 1052 2226 'l.
1069 2199 1140 2234 '28),
1166 2203 1227 2225 tunc
1242 2198 1354 2225 credunt
1366 2217 1372 2229 ,
1399 2201 1426 2224 ut
1453 2196 1539 2231 palam
1555 2196 1684 2230 significat
1700 2204 1815 2232 evange-

1028 2245 1086 2272 lista
1100 2253 1159 2272 cum
1176 2244 1240 2271 dicit
1251 2264 1257 2274 .
1284 2243 1345 2270 Ηιεσ
1362 2243 1406 2269 illo
1419 2243 1547 2276 loquente.
1573 2241 1644 2268 multi
1658 2242 1820 2269 crediderim!

1026 2290 1053 2317 in
1066 2289 1145 2324 eum(
1161 2289 1202 2316 Id.
1218 2297 1242 2315 υ.
1256 2289 1287 2316 51
1300 2288 1318 2323 ).
1336 2287 1362 2315 Si
1380 2295 1444 2322 ergo
1462 2286 1570 2314 huntilia
1597 2286 1677 2314 verba
1691 2287 1723 2314 ad
1740 2287 1816 2314 fidem

1028 2336 1181 2369 trahebant,
1198 2335 1320 2363 sublimia
1331 2342 1392 2361 vero
1401 2333 1556 2361 avertebant
1566 2353 1572 2364 .
1589 2340 1676 2360 annon
1690 2337 1817 2360 extremm

1027 2382 1169 2409 dementiae
1183 2381 1262 2408 fuerit
1276 2389 1327 2408 tton
1343 2380 1461 2415 cogitare
1477 2379 1584 2406 humilia
1600 2379 1680 2406 verba
1692 2379 1725 2406 ad
1746 2378 1817 2404 audi-

1029 2433 1114 2455 torum
1136 2431 1243 2462 captum
1267 2430 1440 2461 attemperata
1466 2425 1544 2452 esse?
1568 2425 1704 2460 Siquidetn
1721 2427 1749 2451 et
1763 2425 1814 2451 alio

1030 2472 1103 2506 loco,
1118 2480 1178 2499 cutn
1193 2480 1316 2506 magnum
1329 2471 1462 2506 qttidpiattt
1480 2470 1550 2504 quui
1565 2470 1660 2503 vellet,
1677 2469 1770 2499 tacuit,
1785 2473 1813 2494 et

1029 2526 1134 2546 causam
1150 2518 1246 2545 silentii
1260 2517 1377 2544 addidit:
1389 2516 1428 2543 Ne
1441 2515 1641 2543 scandalizemus
1657 2523 1708 2546 eos,
1718 2514 1815 2549 proiice

1029 2564 1131 2590 humum
1141 2563 1166 2590 in
1177 2571 1245 2590 mare
1259 2562 1269 2598 (
1281 2563 1371 2589 .llatth.
1388 2562 1427 2589 l7.
1441 2561 1475 2589 26
1484 2562 1504 2596 ).
1517 2561 1591 2594 Quod
1605 2561 1683 2588 etiam
1695 2560 1738 2588 hic
1748 2561 1819 2588 facit.

1030 2610 1093 2636 Nam
1108 2614 1246 2644 postquam
1259 2609 1379 2640 dixerat,
1396 2607 1449 2642 Ego
1470 2607 1577 2633 sciebant
1592 2607 1651 2641 quia
1669 2614 1766 2641 semper
1779 2615 1817 2633 me

1029 2656 1101 2682 audis
1113 2664 1122 2688 ;
1137 2654 1248 2686 addidit,
1259 2654 1311 2682 Sed
1321 2658 1422 2688 propter
1435 2653 1532 2679 turbam
1542 2652 1742 2678 circumsluntcm
1753 2653 1815 2683 dixi,

1030 2707 1056 2728 ut
1072 2701 1184 2728 credant.
1216 2702 1255 2726 Att
1270 2704 1361 2726 nostra
1382 2698 1438 2724 inut:
1456 2697 1536 2724 sunt?
1559 2705 1591 2723 an
1608 2697 1722 2724 humana
1750 2705 1814 2724 con-

1027 2747 1130 2781 jectuta
1142 2748 1153 2766 ν
1166 2746 1231 2772 Cum
1247 2752 1310 2780 ergo
1321 2743 1380 2778 quis
1394 2750 1426 2770 ex
1438 2743 1543 2776 scriptis
1554 2750 1583 2770 se
1593 2742 1748 2777 persuaderi
1768 2751 1819 2769 nm

1031 2793 1128 2827 patitur
1138 2813 1144 2824 ,
1161 2791 1230 2824 quod
1245 2791 1293 2825 ipsi
1309 2790 1341 2817 de
1355 2788 1554 2816 sublimioribus
1569 2787 1766 2815 offunderentur
1777 2809 1783 2821 ,
1800 2789 1819 2814 ἱ.

1030 2839 1140 2867 audiens
1161 2837 1294 2866 tiltristum
1310 2836 1443 2864 dicentem
1458 2843 1486 2862 sc
1502 2834 1562 2863 ideo
1579 2834 1688 2863 humilia
1702 2834 1773 2870 loqui
1791 2842 1823 2860 fit:
