2036 3119
237 134 290 162 355

237 189 465 222 scandaliaentur,
486 187 619 223 quomodo
631 186 760 220 suspicari
773 185 883 219 poterit‘
893 183 975 210 illum
990 190 1023 209 ex

238 239 332 262 natura
354 234 391 261 rei
416 232 505 268 loqui,
528 236 556 259 et
575 239 627 258 non
649 239 696 267 per
719 229 908 265 indulgentiam
931 235 1023 263 quaut-

236 281 318 308 dam?
339 280 382 307 Sic
403 283 430 306 et
451 278 514 306 alibi
536 285 599 305 voce
621 283 736 312 superne
757 276 843 303 delata
863 275 927 302 dicit
943 284 949 301 :
965 273 1025 301 Non

238 330 339 360 propter
354 332 393 352 me
412 324 465 351 Ιιωι
478 331 525 350 τοι
538 324 606 357 facta
620 328 666 356 est,
689 321 734 349 sed
753 326 855 356 propter
870 329 912 347 vos
928 319 1023 355 (Joan.

237 371 280 400 l2.
301 370 365 404 50).
389 370 469 404 Atqui
485 377 581 404 magno
604 369 666 396 licet
687 369 768 395 tnulta
790 367 824 394 dc
844 375 874 394 se
890 366 1026 393 humiliter

238 416 397 451 praedicare;
421 416 465 442 vili
481 419 570 442 autem
591 419 616 440 ct
633 414 737 448 abjeeto
759 420 811 440 non
827 413 887 439 licet
902 419 1025 446 maguum

235 461 371 496 quidpiam
392 465 419 488 ct
433 460 546 487 sublime
560 459 593 486 de
606 467 636 486 sc
648 459 746 485 dicere.
769 457 832 485 lllnd
849 465 882 484 ex
895 461 1029 489 attempe-

237 506 338 534 ratione
351 505 464 541 quadam
479 504 524 537 lit,
541 510 570 532 ut
583 504 616 532 ad
632 504 795 531 audientium
813 502 1025 530 imbeciliilatem

237 551 452 580 accommodetur
462 571 470 583 ,
485 551 538 578 imo
552 549 650 585 magis,
667 554 695 576 ut
708 548 883 576 humilitatem
899 547 935 574 illi
951 554 1027 574 exer-

237 602 333 631 ceant,
358 602 386 625 et
401 604 462 624 vere
478 595 598 623 indutum
613 602 695 622 carne
707 601 767 622 esse
786 595 892 623 sciant;
910 593 1026 626 itemque

238 650 265 672 ut
276 643 371 672 doceat
384 643 519 670 auditores
529 662 537 675 ,
555 649 696 676 numquam
708 647 831 675 magnum
843 638 978 674 quidpiatn
993 639 1026 665 de

238 700 267 718 se
283 689 443 725 loquendum
457 695 534 720 «sse;
552 692 606 714 tum
620 695 652 714 eo
665 686 734 721 quml
752 686 807 720 ipse
822 689 958 720 putaretur
973 683 1026 710 Deo

237 734 407 762 adversarius
422 740 499 766 esse,
523 737 550 760 et
563 731 634 768 qttod
650 739 701 758 non
716 730 870 758 crederetur
883 738 897 756 a
913 729 967 756 Deo
983 736 1027 755 rc-

240 783 315 814 nire,
340 779 464 814 quodque
479 779 678 812 suspicarentur
696 777 782 811 ipsum
795 776 901 803 soherc
922 775 1006 810 Ιι-ειιιιι
1019 795 1026 805 ,

237 827 309 862 quod
324 825 460 853 auditores
473 824 522 858 ipsi
538 823 685 850 inviderent
695 843 703 854 ,
719 823 857 857 ipsumque
869 821 930 847 odio
944 820 1027 847 habe-

239 878 300 901 reut
311 893 319 906 ,
334 872 394 908 quia
408 879 437 899 se
450 870 553 898 dicebat
567 869 696 904 :equalem
713 868 794 894 iteo'.
811 867 885 901 Quod
900 871 989 894 autem
1006 866 1027 892 is

239 920 284 954 qui
309 919 368 946 vilis
390 917 562 952 alijectusque
579 920 619 943 est
631 936 638 948 ,
661 914 784 942 sublimia
799 913 833 941 de
849 920 878 940 se
893 913 1024 947 loquatur,

239 965 312 993 nulla
335 968 421 999 potest
441 970 500 990 esse
522 965 698 989 consentanea
714 967 792 987 causa
804 979 812 992 ,
835 958 881 986 sed
898 957 923 984 id
939 957 1024 984 solum

239 1010 397 1045 arrogantia:
416 1014 443 1036 et
461 1007 632 1043 impudenth
654 1005 834 1037 adscribatur,
858 1003 1028 1036 audacia-que

239 1057 311 1085 nulla
321 1056 394 1082 venia
404 1053 560 1089 dignm.Cur
570 1060 633 1087 ergo
645 1052 727 1079 hutuil
739 1059 753 1079 a
767 1051 893 1086 loquitur,
905 1051 948 1085 qui
962 1050 1028 1077 inef-

239 1100 326 1128 fabilis
344 1100 412 1127 illius
426 1105 453 1126 et
468 1107 569 1133 magna:
583 1097 737 1124 subsmntim
749 1101 790 1123 est
803 1097 814 1122 ?
830 1096 896 1123 Tum
913 1097 944 1122 iis
962 1103 1027 1130 qua.~

239 1146 355 1173 diximus
367 1144 400 1171 de
414 1144 503 1171 causis
514 1163 522 1176 ,
537 1149 591 1170 tum
606 1150 639 1170 ne
660 1148 796 1178 ptllat‘clltr
810 1141 943 1176 ingenitus
957 1148 1026 1167 csm.

239 1190 305 1218 Nam
326 1195 352 1217 et
372 1189 469 1217 Paulus
483 1189 534 1216 tale
548 1188 684 1223 quidpiam
703 1187 823 1214 timuisse
836 1186 950 1213 videtur.
967 1186 1028 1212 Ideo

240 1236 292 1263 ait;
307 1235 401 1262 Pra’ler
412 1241 468 1261 eum
476 1233 520 1268 qui
528 1233 566 1260 illi
577 1237 666 1260 ctmcla
677 1232 779 1266 subjecit
792 1232 816 1266 (l
824 1251 831 1258 .
843 1231 902 1257 Cor.
915 1231 957 1258 15.
969 1230 1027 1266 9.7).

242 1282 297 1309 lloc
311 1281 382 1308 cnitn
395 1280 438 1308 vel
456 1279 572 1314 cogitare
592 1279 701 1313 impium
724 1282 806 1306 esset.

276 1326 389 1354 Cltrietua
403 1324 514 1360 ejusdem
526 1323 670 1351 substantia:
680 1329 715 1350 ert
729 1331 759 1350 ac
770 1321 857 1350 Paler.
869 1338 903 1342 —
912 1322 940 1350 Si
956 1322 1027 1350 enim

243 1371 331 1399 minor
345 1370 423 1399 Patre
436 1375 462 1397 et
480 1377 512 1398 ex
525 1369 574 1396 alia
588 1369 734 1397 substantia
751 1368 852 1400 fuisset,
867 1376 956 1396 annon
970 1375 1029 1394 om—

243 1420 286 1446 nia
301 1417 416 1449 fecisset,
433 1424 466 1445 ne
480 1417 539 1444 talis
556 1420 690 1451 putaretur
702 1415 782 1442 esse?
796 1414 870 1442 Nunc
886 1422 948 1442 vero
966 1422 1030 1441 cou-

244 1463 352 1490 trarium
368 1462 450 1490 efllcit
464 1461 579 1490 dicens:
604 1461 636 1489 Si
654 1469 704 1488 non
725 1460 791 1496 [acia
815 1467 891 1494 opera
915 1459 970 1495 ejus
987 1459 1030 1494 qui

242 1509 310 1536 misit
325 1516 379 1541 me,
401 1508 477 1535 nolite
492 1507 552 1534 mihi
569 1506 670 1534 credere
684 1505 772 1540 (Joan.
787 1505 830 1533 10.
849 1506 905 1541 37).
922 1506 953 1532 Et
967 1513 1027 1532 cutn

243 1555 319 1588 dicit,
343 1553 398 1589 Ego
419 1554 445 1581 in
460 1553 547 1586 Putre,
561 1557 584 1580 et
597 1552 676 1580 Pater
689 1552 715 1579 in
735 1560 774 1579 me
789 1557 837 1584 est,
852 1552 1029 1587 :cqualitatcm

244 1600 321 1628 nobis
339 1599 496 1628 subindicat.
517 1597 685 1633 Oportuisset
699 1598 771 1625 enirn
788 1605 848 1624 cum
863 1596 1029 1624 vehementia

243 1646 314 1675 illam
335 1645 485 1680 Opinionem
498 1649 619 1671 avertere
629 1662 640 1677 ,
654 1645 682 1670 si'
697 1642 784 1670 minor
797 1641 906 1675 fuisset,
922 1646 950 1670 et
967 1649 1030 1670 nus-

243 1698 322 1724 quam
345 1690 458 1718 dicere:
474 1688 529 1724 Ego
553 1689 578 1716 in
602 1688 699 1722 Patre,
722 1694 746 1716 et
764 1688 840 1716 Pater
853 1689 879 1716 in
901 1697 960 1721 me;
986 1694 1028 1722 et,

246 1735 330 1763 Unum
343 1734 447 1767 rumus‘;
459 1739 514 1769 aut,
531 1735 653 1769 Quividet
668 1743 717 1768 me,
732 1735 796 1761 videt
808 1733 954 1761 etPuu-em.
965 1734 1030 1761 Nam

243 1789 305 1810 cum
326 1780 361 1808 de
379 1781 476 1808 virtute
498 1787 587 1808 sermo
609 1785 681 1813 erat,
705 1779 820 1812 dicebat,
843 1779 897 1814 Ego
913 1784 935 1807 et
955 1779 1032 1806 Pater

244 1835 321 1854 unum
341 1834 426 1854 tumul
445 1826 524 1863 (Ibid.
543 1825 643 1854 10.58.
655 1825 762 1862 uso);
775 1830 875 1854 etcum
900 1826 933 1854 de
955 1831 1031 1861 pote-

244 1878 323 1904 state,
335 1873 409 1900 Sicut
421 1873 488 1899 enim
500 1871 576 1900 Pater
583 1873 686 1899 suscitat
693 1877 802 1899 mortuos
812 1876 835 1900 et
844 1871 1044 1906 viuiﬁeutniret

246 1918 328 1944 Filius
340 1925 402 1953 quos
411 1917 462 1944 rult
473 1917 581 1952 rivi/icui
595 1917 673 1951 (Ibid.
685 1917 728 1945 i2.
743 1918 788 1946 45.
802 1922 826 1945 et
836 1917 863 1946 5.
877 1917 935 1953 21).
955 1918 1031 1952 Quod

246 1972 299 1990 non
326 1968 431 1999 poterat
451 1963 558 1996 facere,
579 1963 601 1990 si
627 1963 736 1990 alterius
755 1963 847 1991 fuisset
867 1964 1031 1991 sub-tantim.

244 2009 319 2043 Quod
339 2009 362 2036 si
387 2009 466 2036 etiatn
482 2008 628 2043 potuisset,
644 2015 695 2035 non
711 2008 737 2035 id
757 2007 897 2035 dicendum
917 2013 984 2042 erat,
1000 2016 1033 2036 ne

245 2055 444 2090 suspicarentur
466 2061 544 2081 unam
568 2053 741 2088 eamdemque
765 2060 824 2080 esse
846 2053 1030 2080 subsumtinn.

244 2100 271 2127 Si
282 2100 363 2131 enim,
378 2107 411 2126 ne
421 2099 588 2133 suspicentur
602 2098 686 2133 ipsum
701 2105 761 2125 esse
772 2097 826 2125 Deo
839 2097 1030 2130 adversarium,

245 2147 326 2174 etiam
342 2152 401 2179 qua:
413 2144 462 2172 sibi
479 2153 530 2171 tton
546 2144 708 2171 conveniunt
727 2151 797 2178 sa-pe
808 2143 934 2178 loquitur,
950 2144 1034 2170 multo

247 2192 332 2226 magis
348 2195 411 2218 tunc
424 2191 550 2226 oportuit.
563 2189 638 2217 Nune
652 2197 715 2217 vero
727 2197 786 2216 cum
801 2189 865 2217 dicit
880 2197 886 2216 :
908 2189 942 2217 Ut
955 2189 1034 2216 Itono-

247 2236 344 2270 riﬁcent
359 2234 464 2268 Filium,
475 2235 538 2262 sicut
549 2234 715 2269 honorificam
724 2233 826 2261 Patrem
837 2233 916 2269 (Ibid.
927 2235 953 2261 5.
965 2234 1012 2266 25)
1024 2243 1032 2266 ς

247 2285 285 2314 et,
308 2280 392 2316 Opera
413 2288 469 2315 qua:
482 2280 536 2314 ipse
549 2280 620 2315 facit,
635 2284 658 2306 et
671 2287 716 2314 ego
729 2279 844 2306 similiter
855 2279 921 2313 [acia
942 2278 1032 2315 (Ibid.

247 2335 271 2352 υ.
283 2326 338 2360 56)
353 2329 401 2357 :et
413 2333 442 2353 se
458 2333 519 2353 esse
537 2325 758 2353 resurrectionem
773 2330 800 2352 et
813 2325 892 2352 vitam
902 2344 910 2357 ,
933 2326 1034 2353 lucem-

248 2379 300 2406 que
316 2371 416 2404 mundi,
433 2378 493 2398 sese
505 2371 576 2398 Patri
590 2370 756 2404 exaequantis
767 2370 844 2397 verba
857 2375 929 2401 sunt,
943 2378 975 2398 ac
986 2377 1034 2398 su-

248 2417 395 2452 spicionem
417 2423 496 2451 quam
519 2415 557 2443 illi
579 2415 711 2443 habebant
726 2416 918 2443 conﬁrmantis.
944 2415 1035 2443 Viden‘

248 2461 384 2497 quomodo
398 2469 458 2489 sese
471 2466 566 2496 purgat
583 2465 723 2488 accusatus
738 2460 807 2496 quod
822 2460 906 2496 legem
926 2462 1010 2490 solvat
1024 2470 1032 2495 ;

248 2508 409 2544 atqualitatis
418 2515 481 2534 vero
493 2514 553 2534 cum
566 2506 644 2533 Patre
658 2507 810 2540 opinionem
826 2515 877 2534 non
890 2507 969 2535 modo
981 2515 1034 2536 non

248 2553 334 2586 tollit,
351 2552 397 2580 sed
419 2552 517 2579 lirmat.
531 2551 576 2579 Sic
588 2551 739 2579 dicentibus
751 2551 802 2579 illis
813 2573 821 2585 ,
834 2553 894 2586 quia
914 2553 1032 2588 blttlplte-

281 2642 290 2656 ι
301 2639 364 2672 Multi
441 2638 586 2672 sichabent.
596 2643 656 2672 cum
670 2638 734 2665 enim
745 2645 777 2665 ea:
793 2639 852 2670 ipsa
871 2639 941 2672 rebus
955 2643 1035 2672 pateat

251 2670 344 2702 iliosde
356 2669 532 2702 sublimioribus
542 2669 641 2702 on'eudi,
650 2676 751 2702 euntque
766 2669 885 2702 primorei:
905 2669 961 2702 ipse
968 2670 1035 2696 dicat

248 2701 368 2736 Christus,
379 2706 423 2736 ego
433 2699 534 2736 humilia
552 2699 644 2733 loquor,
657 2707 687 2727 ne
703 2699 905 2732 scandalizentur,
915 2699 968 2732 una
979 2701 1035 2733 jam

248 2733 553 2797 ﬁse.
568 2763 604 2788 sic
619 2762 898 2797 elT_ertur_hic_locus.....
919 2763 982 2792 quod
993 2770 1035 2788 au-

251 2793 340 2825 ditores
353 2792 399 2825 ipsi
410 2792 550 2825 inviderent,
561 2797 584 2820 et
592 2793 656 2825 quod
667 2794 755 2825 impius
766 2792 790 2818 iu
800 2792 878 2818 Veteri
892 2797 1036 2819 ratiuncula

252 2824 379 2858 legeretur,
394 2824 504 2850 Dominus
515 2829 575 2851 Deus
585 2824 646 2850 tuus.
664 2824 775 2849 nornimts
788 2830 846 2848 unus
858 2828 900 2848 est.
909 2832 917 2843 ι

619 129 645 158 5
666 127 804 157 .IO.\N.\'|S
817 125 1051 155 CHRYSOSTOMI
1072 126 1232 156 AliClllEP.
1251 128 1514 158 CONSTANTINOP.

1817 133 1870 160 356

1080 183 1593 221 nm:et(acisteipnumDeum(Joau.10.
1616 186 1679 222 56),
1696 187 1759 215 illud
1781 187 1869 223 ipsum

1079 229 1112 256 ab
1125 236 1234 263 olerum
1250 230 1400 264 a‘qualitatc
1415 231 1514 258 statuit.

1113 275 1140 303 2.
1163 275 1222 302 Non
1237 276 1317 302 solum
1332 275 1416 303 Filius
1429 277 1474 303 sed
1487 277 1540 310 ipse
1550 277 1625 304 etiam
1637 276 1714 304 Pater
1725 285 1752 304 ee
1764 277 1870 312 indigna

1079 321 1176 346 locutus
1189 325 1234 346 est.
1246 321 1361 348 Cltris'us
1372 329 1417 347 cur
1427 322 1514 348 oravit.
1533 321 1592 349 Non
1608 323 1734 358 indigebat
1743 323 1869 358 precibus.

1084 365 1169 391 Verbis
1184 365 1365 400 humilitatem,
1387 367 1501 401 operibus
1519 368 1654 402 potentiam
1672 369 1871 395 ostendebat.—

1080 410 1180 444 Ecquid
1193 410 1251 438 dicu
1266 410 1360 438 Filium
1377 411 1401 438 id
1416 412 1524 444 feciSse.
1541 413 1646 447 quando
1664 413 1743 440 Pater
1756 414 1799 448 qui
1815 421 1868 440 non

1079 463 1186 483 carnem
1202 457 1364 491 assumpsit.
1383 457 1495 492 idipsnm
1510 459 1572 485 facit
1586 458 1673 486 ?Nam
1689 464 1713 485 et
1732 459 1788 493 ipse
1807 466 1868 494 pas-

1079 509 1123 527 sus
1134 507 1174 528 e~t
1189 503 1269 528 multa
1284 503 1316 529 de
1328 510 1357 529 se
1373 503 1479 530 humilia
1493 503 1544 530 dici
1559 504 1592 530 ad
1607 504 1768 531 audientium
1794 505 1867 531 salu-

1081 552 1132 573 tem
1161 547 1225 574 I.lttd
1247 548 1329 580 enim,
1346 549 1434 581 .idum,
1456 550 1498 576 ubi
1512 559 1537 576 es
1548 549 1625 585 (Cen.
1640 550 1667 578 3.
1683 550 1711 585 9)
1725 550 1736 577 ?
1751 555 1777 578 el
1791 550 1867 584 illud,

1082 592 1114 619 ιδ(
1129 601 1275 628 cognoscam
1289 594 1311 620 si
1332 594 1396 627 forte
1408 596 1543 621 set-mulum
1564 594 1699 622 clamorem
1712 603 1798 622 eorum
1808 604 1868 630 per

1079 639 1165 672 ﬁciaut
1184 638 1269 672 (Ibid.
1289 640 1330 666 18.
1343 640 1374 666 21
1389 640 1399 676 )
1421 648 1429 672 ;
1446 646 1481 669 et.
1505 640 1582 667 Nunc
1595 642 1699 676 cogitari
1713 642 1780 676 quod
1794 647 1820 668 tu
1834 643 1867 668 ti-

1079 691 1146 710 nteas
1161 684 1239 711 Deum
1253 685 1333 720 (Ibid.
1347 685 1392 712 22.
1409 686 1462 719 12):
1475 692 1510 717 et,
1521 687 1552 713 Si
1565 689 1630 721 forte
1641 688 1745 713 audiunt
1761 688 1867 723 (Each.

1079 731 1105 756 5.
1135 730 1199 764 ΙΙ);
1223 737 1259 760 e..
1284 730 1314 757 Si
1334 731 1496 766 intelligunt;
1516 737 1560 762 et.
1576 732 1639 764 Qui:
1654 734 1694 758 ιιιιι
1714 741 1758 759 cor
1781 733 1868 767 populi

1079 775 1154 810 lmjus
1177 776 1213 802 sic
1233 784 1286 802 exse
1312 776 1399 810 (Deut.
1421 777 1448 804 5.
1478 776 1550 812 29)?
1574 782 1611 808 et,
1635 776 1694 804 Non
1723 783 1758 804 est
1778 778 1868 805 simili:

1079 821 1116 847 lui
1139 822 1164 847 in
1179 821 1243 854 diis,
1270 821 1395 853 Domine;
1415 828 1439 849 et
1461 823 1543 849 multa
1567 823 1616 849 alia
1643 823 1670 849 iu
1699 824 1780 850 veteri
1809 824 1867 858 lege

1080 866 1101 892 5i
1126 866 1185 900 quis
1209 866 1327 901 colligat,
1355 867 1460 901 indigna
1490 868 1536 895 Dei
1558 868 1696 902 ttinsttate
1718 876 1779 895 esse
1791 876 1867 895 com-

1081 912 1173 945 pcriet.
1192 911 1226 938 Et
1243 912 1277 939 de
1297 912 1390 939 Achab
1409 912 1508 940 dictum
1530 917 1588 944 est,
1605 913 1666 946 Quis
1685 913 1791 945 decipiet
1806 914 1868 940 mihi

1079 957 1164 984 Achab
1176 958 1214 992 (εἰ.
1229 957 1316 985 Pural.
1328 958 1369 986 18.
1383 958 1448 993 l9)?
1464 959 1495 986 Et
1508 960 1578 994 quod
1592 958 1658 986 facta
1671 967 1730 986 cum
1744 959 1797 987 diis
1809 968 1868 994 gen-

1081 1004 1165 1031 tilium
1186 1005 1383 1039 comparatione
1398 1013 1427 1033 se
1447 1013 1552 1041 semper
1573 1006 1622 1032 ξιιί.
1638 1010 1773 1041 pra-ponat
1786 1027 1793 1038 ,
1811 1006 1869 1034 haec

1079 1058 1142 1077 omn
1154 1058 1166 1076 a
1184 1050 1289 1085 indigna
1302 1055 1364 1078 sunt
1384 1051 1455 1082 Deo;
1471 1051 1517 1078 sed
1532 1051 1583 1078 alia
1597 1053 1699 1078 ratione
1712 1052 1791 1087 digna
1806 1057 1869 1079 sunt

1081 1094 1136 1121 iiI-i.
1161 1094 1226 1122 Nam
1247 1096 1284 1123 ita
1303 1095 1432 1131 benignus
1447 1101 1503 1128 est,
1521 1101 1548 1123 ut
1565 1102 1672 1131 propter
1691 1097 1803 1124 salutem
1818 1104 1867 1124 no-

1080 1146 1162 1168 stram
1183 1142 1261 1169 Verba
1285 1142 1406 1177 dignitati
1422 1150 1477 1170 sua:
1496 1143 1679 1170 convenientia
1701 1147 1865 1170 contemnat.

1082 1187 1136 1214 hno
1159 1192 1185 1213 et
1199 1187 1269 1222 quod
1293 1187 1372 1214 homo
1395 1187 1478 1215 factus
1490 1188 1522 1214 sit
1534 1208 1542 1221 ,
1558 1188 1722 1222 forunnnqnc
1735 1188 1805 1215 servi
1821 1195 1867 1215 ac-

1080 1233 1198 1267 ceperit,
1222 1233 1291 1266 quid
1307 1233 1414 1260 humilia
1442 1233 1519 1259 verba
1543 1232 1674 1267 loquatur,
1696 1233 1765 1267 quod
1782 1233 1868 1260 vilitcr

1080 1279 1116 1305 sit
1141 1278 1263 1312 amictus,
1279 1279 1414 1313 indignum
1436 1278 1480 1306 iilo
1500 1284 1560 1310 est,
1581 1278 1602 1305 si
1617 1279 1677 1314 quis
1701 1279 1866 1313 majestatem

1079 1323 1138 1358 ejus
1153 1324 1295 1357 respiciat;
1310 1324 1417 1359 dignum
1435 1331 1508 1356 vero,
1523 1324 1545 1350 si
1559 1324 1619 1359 quis
1634 1324 1804 1359 benignitatis
1811 1324 1868 1358 ejus

1081 1369 1228 1398 incil‘abiles
1242 1369 1347 1398 divitias
1359 1377 1450 1398 secum
1469 1375 1580 1405 reputet.
1597 1369 1645 1397 Est
1657 1374 1685 1398 et
1696 1370 1747 1397 alia
1761 1369 1869 1397 humili-

1081 1415 1143 1442 tatis
1158 1415 1301 1442 verborum
1321 1422 1412 1442 causa.
1435 1415 1560 1448 Qurenam
1583 1415 1664 1442 haec?
1682 1415 1747 1448 Quia
1762 1414 1867 1442 Patrem

1080 1461 1188 1495 quidem
1206 1465 1233 1488 et
1247 1465 1376 1488 noverant
1390 1465 1417 1488 et
1427 1460 1632 1494 confitebantur,
1644 1461 1728 1495 ipsum
1742 1467 1804 1488 vero
1817 1468 1867 1487 non

1081 1510 1219 1533 noverant.
1234 1505 1294 1533 ldeo
1302 1505 1455 1540 frequenter
1464 1505 1497 1532 ad
1506 1505 1612 1533 Patrem
1624 1504 1730 1540 refugit,
1741 1504 1813 1540 quod
1824 1504 1868 1532 ille

1083 1550 1109 1578 in
1123 1550 1246 1579 confesso
1260 1556 1341 1584 esset,
1358 1551 1432 1586 quasi
1445 1551 1502 1585 ipse
1520 1551 1637 1578 nondum
1653 1551 1704 1578 fide
1716 1551 1813 1587 dignus
1826 1558 1869 1579 es-

1082 1603 1140 1630 set;
1156 1607 1207 1626 n')l'l
1225 1606 1257 1625 ex
1273 1605 1319 1630 se,
1332 1598 1379 1625 sed
1392 1605 1423 1625 ex
1437 1597 1587 1625 auditorum
1604 1598 1715 1625 stultitia
1736 1602 1763 1625 et
1783 1597 1869 1625 imbe.

1082 1645 1202 1671 cillilale.
1218 1643 1279 1672 ldeo
1300 1649 1422 1678 precatur
1442 1648 1470 1671 et
1489 1643 1574 1671 dicit:
1595 1642 1686 1676 Pater,
1706 1644 1803 1678 gratia:
1821 1651 1868 1678 ago

1083 1690 1138 1722 tibi,
1152 1690 1271 1725 quoniam
1295 1690 1346 1716 aud
1352 1690 1389 1717 'sti
1407 1698 1454 1717 me.
1474 1689 1541 1717 Nam
1554 1690 1577 1718 si
1593 1698 1656 1725 quos
1675 1691 1731 1717 rult
1744 1691 1866 1723 virilicat,

1083 1741 1109 1763 et
1123 1737 1158 1763 ita
1174 1736 1290 1763 vivificat
1304 1741 1331 1762 ut
1346 1735 1434 1768 Pater,
1448 1743 1497 1763 cur
1512 1740 1634 1770 precatur
1647 1737 1659 1762 7
1671 1735 1722 1763 Sed
1734 1736 1789 1770 jam
1804 1740 1868 1762 tem-

1084 1789 1134 1816 pus
1158 1786 1198 1809 est
1223 1781 1255 1808 ad
1281 1782 1366 1808 locum
1389 1782 1490 1809 venire.
1505 1781 1634 1809 Tuleruttt
1656 1789 1719 1816 ergo
1744 1781 1867 1816 lapidem,

1084 1827 1128 1856 ubi
1140 1832 1199 1856 erat
1208 1833 1328 1855 mortuus
1340 1828 1442 1863 jacens.
1458 1827 1534 1854 Iesu:
1546 1833 1640 1860 autem,
1657 1827 1757 1854 elevatis
1769 1835 1868 1853 sursum

1083 1873 1174 1906 oculir,
1189 1873 1253 1900 dixit
1265 1881 1275 1900 :
1293 1873 1382 1906 Pater,
1398 1874 1493 1909 gratias
1505 1881 1553 1908 ago
1572 1873 1626 1906 tibi,
1644 1873 1762 1907 quoniam
1777 1872 1870 1898 audisti

1083 1927 1133 1946 me.
1156 1918 1210 1954 Ego
1231 1923 1313 1946 autent
1332 1918 1438 1946 sciebam
1458 1919 1525 1954 quod
1537 1927 1634 1954 semper
1654 1926 1691 1945 me
1712 1919 1805 1950 audis;
1827 1918 1870 1944 sed

1085 1969 1185 2001 propter
1195 1965 1294 1991 turbam
1307 1965 1508 1991 circumstantiam
1521 1964 1586 1997 dixi,
1608 1969 1634 1990 ut
1647 1965 1749 1991 credunt
1768 1964 1826 1997 quia
1843 1968 1869 1990 tu

1085 2017 1124 2036 me
1144 2009 1245 2036 misisti.
1268 2009 1465 2044 lnterrogemus
1479 2016 1543 2044 ergo
1562 2008 1714 2036 bmreticum
1732 2008 1788 2044 (α);
1808 2016 1869 2035 num

1085 2062 1132 2088 per
1144 2061 1237 2090 preces
1248 2055 1359 2090 gratiam
1373 2059 1553 2090 consequutus
1564 2059 1697 2082 mortuum
1711 2054 1870 2082 suscitavit?

1085 2099 1218 2134 quomodo
1238 2107 1302 2134 ergo
1321 2099 1372 2127 alia
1397 2099 1456 2127 sine
1481 2099 1604 2134 precibus
1623 2103 1749 2133 operatus
1768 2104 1820 2130 est,
1844 2102 1871 2125 ut

1085 2152 1146 2172 cum
1159 2145 1207 2178 ait,
1220 2144 1276 2172 Tibi
1293 2145 1350 2172 dico
1359 2145 1521 2178 Milionium,
1536 2144 1663 2180 Egredere
1676 2145 1707 2171 ab
1722 2152 1751 2171 eo
1767 2145 1776 2178 (
1790 2144 1870 2171 Marc.

1085 2191 1112 2218 9.
1125 2190 1160 2218 21
1174 2192 1184 2226 )
1198 2198 1206 2223 ;
1221 2193 1258 2224 et,
1279 2189 1351 2223 Volo,
1373 2190 1495 2218 mundare
1509 2189 1597 2225 (Ibid.
1619 2190 1645 2217 1.
1658 2190 1689 2217 bl
1703 2192 1712 2224 )
1726 2197 1733 2222 ;
1748 2194 1785 2221 et,
1803 2189 1873 2216 Tolle

1085 2235 1232 2272 grabbatum
1253 2235 1428 2272 luum(Joan.
1449 2236 1476 2264 5.
1491 2235 1545 2271 9);
1567 2239 1608 2270 et,
1634 2235 1806 2262 Iletttittuutur
1829 2235 1872 2261 tibi

1087 2287 1187 2316 peccata
1200 2286 1243 2309 tua
1260 2282 1270 2318 (
1283 2282 1373 2310 Matth.
1389 2281 1416 2310 9.
1427 2282 1461 2317 ‘2)
1474 2290 1482 2315 ;
1499 2286 1527 2310 et
1546 2282 1628 2314 mari,
1645 2281 1720 2313 Tace,
1732 2282 1873 2308 obmutesce

1087 2327 1188 2362 (Marc.
1207 2328 1233 2356 ι.
1246 2329 1300 2363 59)
1315 2329 1327 2355 ?
1350 2328 1413 2364 quid
1434 2329 1495 2364 plus
1509 2328 1589 2355 habet
1606 2335 1684 2363 qnazn
1699 2328 1830 2362 apostoli,
1851 2327 1872 2354 si

1087 2378 1114 2401 ct
1129 2374 1185 2408 ipse
1205 2374 1326 2408 precibus
1348 2374 1496 2409 operatur?
1516 2374 1572 2401 lmo
1586 2382 1619 2401 ne
1636 2374 1685 2408 ipsi
1702 2374 1808 2408 quidem
1829 2381 1873 2408 per

1088 2427 1180 2454 preces
1196 2421 1283 2447 omnia
1302 2420 1453 2453 faciebant,
1467 2420 1515 2448 sed
1530 2427 1601 2454 saepe
1615 2420 1673 2447 sine
1687 2419 1811 2454 precibus
1828 2427 1873 2446 no-

1087 2465 1159 2492 mine
1176 2464 1238 2492 Jesu
1258 2465 1408 2492 utebantur.
1439 2464 1466 2493 Si
1492 2472 1555 2492 vero
1574 2471 1671 2492 nomen
1692 2463 1751 2498 ejus
1775 2469 1873 2491 tantam

1089 2510 1213 2538 virtutem
1226 2510 1326 2543 habuit,
1341 2511 1474 2545 quomodo
1487 2510 1543 2545 ipse
1560 2510 1681 2544 precibus
1694 2517 1762 2544 opus
1776 2509 1873 2536 habue-

1093 2557 1128 2584 rit
1142 2557 1153 2582 '.'
1165 2556 1193 2584 Si
1209 2556 1330 2590 precibus
1343 2556 1468 2593 eguisset,
1484 2556 1562 2590 plane
1573 2563 1669 2582 nomen
1679 2555 1738 2589 ejus
1750 2563 1810 2582 eam
1824 2555 1873 2582 vim

1089 2611 1142 2631 non
1169 2602 1315 2629 habuisset.
1331 2601 1397 2629 Cum
1415 2606 1503 2628 autetn
1520 2600 1654 2628 hominem
1676 2600 1758 2633 ferit,
1782 2600 1874 2635 quibus

1087 2653 1129 2677 est
1149 2648 1271 2683 precibus
1290 2654 1353 2674 usus
1367 2647 1380 2674 ?
1393 2655 1481 2675 nonne
1497 2650 1579 2674 multa
1595 2646 1629 2674 ibi
1647 2647 1810 2682 a-qualitas?
1827 2646 1873 2673 Fa-

1091 2695 1197 2727 ciamus,
1217 2693 1311 2728 inquit,
1334 2693 1460 2720 Itominem
1475 2691 1560 2728 (Gen.
1577 2692 1602 2719 l.
1617 2691 1680 2725 26).
1695 2693 1764 2725 Quid
1787 2698 1874 2719 autem

1091 2826 1098 2850 )
1121 2791 1278 2850 (aiﬂmretiei
1297 2793 1389 2824 quidam
1410 2790 1525 2818 dicebant
1546 2791 1666 2818 Christum
1690 2793 1804 2824 precibus
1817 2799 1876 2824 opm

1101 2834 1120 2850 lil
1133 2833 1191 2850 lEI'C'.

1101 2833 1128 2852 till
1133 2833 1180 2851 iEIT
1185 2843 1191 2850 .
