2036 3119
153 153 205 182 557

155 219 296 250 illlirmllls,
313 218 334 245 si
354 217 390 244 illi
406 215 566 251 precandum
580 215 627 242 fuit
640 215 651 241 ι
665 214 716 241 Sed
733 213 869 240 videamus
880 218 939 246 qua:

154 264 189 291 sit
201 264 288 290 oratio
304 271 312 290 :
334 261 422 292 Pater,
445 262 541 296 gratias
559 268 607 295 ago
629 259 683 290 tibi,
698 260 757 293 quia
777 258 871 284 audisti
890 265 939 284 me.

155 310 219 343 Quis
233 315 357 343 nunquam
372 307 405 334 ita
421 311 542 341 precatus
553 306 614 333 est?
628 305 782 339 Priusquam
796 303 858 338 quid
871 302 941 329 aliud

156 355 288 389 loquatur,
308 353 382 384 dicit,
399 351 499 380 Gratias
521 359 568 384 ago
587 352 641 383 tibi,
658 350 800 378 ostendens
813 357 842 376 se
858 349 942 383 preci-

157 400 204 426 bus
224 407 278 425 non
300 405 390 433 egere.
414 397 470 433 Ego
489 401 571 423 autem
587 395 693 423 sciebam
714 396 772 430 quia
786 403 882 430 semper
905 402 943 420 me

156 444 228 471 audis
243 445 262 470 ³.
291 443 345 471 lloc
359 443 441 475 dixit,
459 450 510 469 non
531 442 601 476 quod
624 441 680 476 ipse
702 449 754 468 non
773 445 880 474 poSset,
896 439 942 466 sed

157 489 226 525 quod
251 497 302 516 una
322 493 391 516 esset
409 488 540 515 voluntas.
562 487 614 514 Cur
635 487 758 522 precandi
777 487 859 513 forma
880 494 944 514 usus

156 540 197 563 est
211 535 222 562 τ
235 535 293 562 Non
309 543 361 566 ine,
377 534 423 561 sed
438 534 510 560 illum
526 533 657 561 dicentem
672 533 732 560 audi
747 542 753 558 :
770 532 879 566 Propter
892 532 943 558 cir-

157 584 318 607 cumstantem
334 580 450 611 turbam,
466 583 494 605 ut
506 583 655 613 cognoscunt
674 578 733 611 quia
751 582 776 604 tu
791 586 829 604 me
842 577 941 604 misisti.

158 626 215 653 Non
229 625 306 656 dixit.
323 625 356 652 Ut
373 629 533 660 cognoseant
547 632 590 651 mc
607 624 736 651 minorem
751 631 809 651 esse
819 644 827 655 ,
841 631 884 650 me
897 630 942 650 su-

159 680 238 707 perna
256 672 339 707 gratia
359 679 446 706 egere,
472 676 497 698 et
515 671 573 698 sine
596 671 746 705 precatione
767 670 871 704 operari
891 677 942 696 non

159 725 236 753 posse
254 727 260 749 ;
277 718 339 749 scd,
356 718 421 750 Quia
437 722 463 743 tu
484 726 524 743 me
541 717 638 744 misisti.
663 716 724 743 Haec
743 716 838 751 quippe
855 716 941 742 omnia

159 763 276 798 precatio
299 762 443 797 significat“,
467 763 489 789 si
511 763 665 796 simpliciter
686 762 758 788 illam
772 761 942 795 accipiamus.

158 807 215 835 Non
230 808 306 840 dixit,
323 808 412 835 Misisti
436 816 478 834 tne
491 808 634 838 iulirmum,
647 806 782 833 servitutis
795 806 943 838 c0iiscimn,

159 853 203 888 qui
219 853 284 880 nihil
300 861 331 879 ex
347 861 389 880 me
404 861 510 887 possum
529 861 536 885 ;
552 853 597 879 sed
610 853 650 879 his
664 852 751 879 missis
766 852 898 885 omnibus,
911 859 945 879 ne

159 899 255 932 aliquid
279 899 372 926 horum
398 899 559 934 suspiceris,
585 907 674 926 veram
693 898 815 932 precandi
836 905 943 925 causam

159 944 247 977 allert,
264 943 301 971 Ne
322 952 365 972 mc
390 944 443 971 Deo
464 944 642 970 :tdvcrsat‘itttlt
665 949 785 978 putarent
802 951 809 976 ;
824 951 857 970 ne
870 943 944 970 dice-

160 994 229 1018 rent.
242 990 298 1016 Non
311 995 353 1016 est
372 997 404 1016 ex
422 990 475 1016 Deo
488 999 494 1022 ;
512 995 539 1016 ut
554 989 692 1017 ostendam
707 996 762 1016 rem
777 989 871 1016 factam
886 996 945 1016 esse

159 1035 302 1063 secundum
328 1036 489 1062 Voluntatem
512 1040 581 1062 tuam
596 1045 602 1068 ;
625 1042 657 1062 ac
678 1035 699 1061 si
713 1035 833 1067 diceret,
846 1035 874 1062 Si
891 1035 946 1062 Deo

160 1082 308 1109 contrarius
321 1089 425 1112 essem,
441 1089 484 1109 res
508 1089 560 1108 non
583 1081 763 1116 processisset.
789 1081 853 1108 lllud
871 1088 944 1114 vero,

160 1127 260 1153 Audiui
283 1134 340 1160 me,
362 1126 442 1153 etiam
459 1126 528 1153 inter
542 1127 641 1153 amicos
661 1126 758 1153 dicittir
777 1130 804 1153 et
818 1126 944 1160 aiquales.

161 1171 215 1208 Ego
230 1177 312 1200 autem
328 1172 433 1199 sciebant
450 1173 508 1207 quia
524 1180 621 1207 seraper
635 1180 673 1198 me
686 1172 758 1198 audis
771 1180 780 1203 ,'
795 1171 820 1198 id
837 1175 888 1202 est,
913 1170 947 1198 Ut

160 1219 283 1246 voluntas
305 1227 362 1246 mea
384 1218 429 1246 fiat
441 1240 448 1252 ,
463 1225 514 1246 non
530 1227 593 1254 egeo
608 1218 746 1253 precibus;
762 1218 808 1245 sed
822 1218 872 1245 hoc
887 1218 947 1245 dico

163 1270 191 1292 ut
206 1265 257 1292 illis
272 1265 398 1292 suadeam
419 1266 464 1293 tibi
485 1270 512 1292 et
529 1265 593 1292 tnilii
608 1273 685 1292 unam
701 1272 760 1292 csse
771 1265 945 1292 voluntatem.

160 1311 213 1338 Cur
236 1318 300 1344 ergo
325 1311 463 1345 precaris?
484 1311 596 1345 Propter
617 1311 736 1337 iniit-mos
749 1316 776 1338 et
790 1310 945 1337 crassiores.

161 1357 204 1383 45.
230 1356 262 1382 Et
284 1364 340 1382 cum
362 1356 414 1382 llwc
430 1357 541 1386 dixisset,
558 1356 673 1382 clamavit
692 1364 751 1383 vare
772 1364 873 1391 magna.
895 1354 948 1382 Cur

163 1409 214 1428 non
228 1402 305 1434 dixit,
322 1402 348 1428 lu
366 1402 472 1429 nulliiue
487 1403 571 1429 Patris
584 1403 635 1430 mei
650 1403 709 1429 veni
724 1402 795 1430 foras
809 1403 821 1429 ιν
835 1410 883 1430 cur
894 1410 948 1430 non

162 1448 236 1480 dixit,
253 1447 357 1475 Suscita
375 1447 457 1479 illum,
473 1448 574 1475 Pater?
588 1448 634 1475 5rd
650 1449 691 1475 his
712 1448 800 1475 miSsis
813 1448 948 1482 omnibus,

163 1499 353 1528 assumptomle
368 1493 500 1528 precautis
513 1493 613 1526 habitu,
635 1494 713 1520 rebus
725 1494 789 1528 ipsis
803 1494 949 1522 auctorita-

165 1542 216 1565 tem
231 1538 421 1565 demonstrat?
435 1538 499 1578 Quia
513 1538 563 1564 ltoc
578 1538 714 1573 Sapientia:
725 1545 779 1565 suit:
794 1543 844 1570 est,
861 1538 949 1566 verbis

165 1583 360 1615 humilitatem,
386 1584 509 1617 operibus
534 1588 676 1617 potentiam
701 1583 852 1611 ostendere.
882 1583 949 1617 Quia

168 1630 237 1657 enitn
250 1629 321 1656 nulla
335 1629 384 1656 alia
400 1629 433 1655 de
448 1637 476 1656 re
492 1633 612 1663 poterant
628 1629 701 1655 illiilli
719 1635 855 1661 accusare,
870 1636 949 1663 quam

165 1674 236 1710 quod
252 1682 304 1701 non
320 1679 390 1701 esset
402 1682 436 1700 ex
453 1674 506 1700 Dco
517 1694 524 1706 ,
536 1678 560 1700 et
575 1675 612 1700 sic
627 1674 818 1700 multitudinem
832 1673 949 1707 decipie-

167 1720 248 1752 bant;
271 1719 329 1746 ideo
345 1727 377 1746 ex
400 1719 542 1746 abundanti
564 1718 628 1745 illlld
643 1718 730 1746 verbis
750 1719 805 1745 suis
819 1717 949 1750 ostendit,

165 1773 197 1792 eo
215 1773 270 1800 quo
293 1764 430 1792 inﬁrmitas
453 1764 557 1791 illorum
579 1764 699 1799 exigebat
722 1764 814 1793 modo.
842 1764 950 1791 Poterat

166 1810 236 1838 e;.iln
259 1810 311 1836 alio
329 1809 408 1837 modo
422 1809 590 1836 concordiam
611 1809 754 1837 ostendere
771 1817 822 1836 una
836 1816 896 1836 cum
909 1810 951 1836 di-

167 1857 266 1891 gnitate
290 1864 359 1888 Sua;
378 1857 423 1883 sed
447 1864 480 1884 eo
504 1856 580 1883 turba
607 1856 746 1890 pervenire
768 1863 819 1883 non
837 1860 950 1890 poterat.

168 1903 247 1935 Dixit,
264 1903 308 1930 45.
325 1902 431 1934 Lazare,
443 1903 497 1929 uelli
516 1905 593 1938 foras.
610 1902 665 1929 Hoc
679 1907 728 1934 Cal,
743 1902 811 1938 quod
826 1902 930 1930 dixerat
943 1911 952 1930 ι

173 1948 245 1975 l'euit
262 1950 336 1981 hora,
351 1949 450 1984 quando
464 1949 555 1975 mortui
571 1949 671 1975 audient
686 1956 768 1975 vocem
783 1948 844 1975 Filii
858 1948 914 1980 Dei,
931 1953 953 1975 et

168 1996 210 2030 qui
233 1995 360 2022 audierint
372 2016 378 2027 ,
402 1996 480 2022 vivent
494 1994 588 2032 (Joall.
603 1995 630 2022 5.
650 1993 716 2029 28).
731 1994 770 2022 Ne
788 1999 862 2029 putes
884 1995 953 2034 enim

170 2042 244 2069 illum
260 2042 294 2069 ab
306 2041 392 2069 altero
408 2042 529 2068 virtutem
553 2041 698 2075 accepissl-,
719 2041 772 2075 jam
795 2041 916 2075 superius
931 2046 955 2068 te

170 2087 269 2119 docuit,
282 2092 308 2115 et
322 2087 345 2113 id
357 2087 481 2122 operibus
494 2087 617 2114 ostendit.
626 2086 682 2113 Non
693 2086 768 2117 dixit,
780 2085 864 2120 Surge
876 2094 883 2118 ;
897 2085 954 2119 sed,

177 2133 238 2161 γρηὶ
258 2134 327 2168 (ora:
337 2154 343 2166 ,
359 2138 491 2160 mortuum
507 2138 639 2168 tamquam
658 2134 790 2160 viventem
804 2133 954 2167 alloquens.

207 2181 233 2208 5.
254 2179 323 2213 Quid
348 2179 409 2207 huic
433 2180 555 2214 potestati
580 2187 626 2214 par
651 2178 841 2212 fueritiQuod
857 2178 879 2204 si
904 2186 956 2204 non

174 2226 279 2260 propria
303 2225 401 2252 virtute
425 2225 475 2251 hoc
498 2224 569 2256 fecit,
594 2224 655 2259 qtlid
679 2224 738 2258 plus
757 2224 864 2251 habebit
878 2231 956 2257 quam

173 2271 296 2306 apostoli,
313 2271 357 2305 qui
378 2271 468 2297 dicunt
485 2279 491 2296 :
509 2271 575 2302 Quid
595 2270 665 2296 nobis
679 2270 815 2302 attenditis,
832 2275 958 2304 tamquam

174 2317 277 2352 propria
297 2317 386 2343 uirtute
407 2321 449 2343 aut
475 2316 567 2352 pietate
589 2316 720 2350 fecerimus
742 2316 807 2341 Illinc
829 2316 959 2342 ambulare

174 2363 240 2398 (Act.
256 2363 281 2389 3.
297 2361 340 2397 12)
355 2362 366 2388 ?
381 2361 445 2388 Nam
471 2362 491 2389 si
516 2371 566 2388 non
590 2362 692 2395 propria
717 2361 812 2388 virtute
836 2361 956 2393 faciebat,

175 2415 221 2434 cur
237 2415 289 2434 non
305 2407 401 2441 adjecit
417 2407 441 2433 id
457 2407 527 2441 quod
542 2407 653 2440 apostoli
674 2406 705 2432 de
719 2414 747 2433 se
759 2406 906 2433 dicebant?
924 2406 959 2433 lla

175 2457 247 2480 certe
268 2453 306 2480 illi
331 2452 458 2486 majorem
480 2451 672 2487 philosophiam
695 2456 722 2478 et
735 2453 857 2478 virtutem
881 2459 959 2478 exer-

175 2498 288 2529 cuerint,
303 2498 347 2532 qui
362 2497 470 2532 gloriam
488 2497 674 2531 prepulsariut.
688 2497 721 2523 Et
731 2496 804 2528 alibi,
821 2496 885 2529 Viri,
901 2497 961 2530 quid

177 2543 230 2570 lia'c
239 2543 322 2579 [licitis
333 2543 345 2570 Ζ)
357 2542 458 2570 Similes
469 2542 534 2569 vobis
545 2543 656 2569 homines
666 2550 750 2569 sumus
759 2541 838 2577 (Ibid.
851 2543 893 2569 H.
905 2541 959 2576 Η).

177 2589 242 2617 Νυιιι
257 2589 371 2624 apostoli
393 2589 453 2623 quia
468 2589 532 2616 nihil
549 2596 594 2623 per
609 2597 638 2616 se
652 2588 793 2621 laciebnnt,
809 2587 866 2616 hinc
885 2588 961 2615 dixe-

178 2640 253 2668 runt,
271 2640 300 2662 ut
324 2635 374 2661 hoc
392 2635 477 2670 ipsum
493 2633 684 2668 persuaderent
699 2641 706 2665 ;
722 2634 765 2661 illc
781 2641 845 2660 vero
859 2635 880 2661 si
895 2633 962 2660 hanc

209 2736 215 2750 '
233 2738 338 2764 Quatuor
356 2737 408 2758 Mss.
420 2733 512 2758 habent
525 2740 560 2764 ενι
572 2736 730 2764 Quintumque
742 2731 805 2757 enim
816 2732 908 2764 rolorrtu
924 2732 962 2763 fa-

178 2766 211 2790 cis
220 2763 397 2795 “inquinatum
408 2768 476 2795 putat
485 2763 586 2788 savilius
596 2763 716 2795 conjungi
722 2769 792 2795 posse
802 2769 857 2795 cuin
869 2763 898 2787 iis
908 2768 963 2794 qua:

178 2797 201 2820 ili
213 2792 286 2829 texui
296 2792 430 2823 habentur,
441 2796 491 2824 sic,
506 2798 577 2829 «ﬁgo
591 2792 672 2829 autem
681 2792 787 2829 sciebam
800 2792 858 2829 quia
869 2792 964 2829 seraper

178 2833 214 2850 me
226 2825 296 2850 audis
308 2832 314 2850 :
326 2831 480 2856 quarumque
490 2823 557 2856 enini
562 2825 612 2849 rato
622 2827 647 2849 tit
658 2823 726 2856 facis.
735 2831 748 2846 ι
762 2823 813 2848 Sed
818 2824 871 2849 sine
882 2823 962 2849 Maliti-

180 2857 324 2888 scr‘tptorum
333 2854 477 2882 auctoritate
485 2855 543 2881 nihil
551 2854 661 2888 iungere
668 2854 793 2880 audemus.

664 146 696 173 ΙΝ
716 142 869 172 ΙΟᾹΝΝΕΜ
889 141 1003 169 llOMIL.
1024 141 1114 169 LXlV.
1130 142 1164 169 al.
1186 142 1273 170 LXlll.

1734 147 1785 175 55“

994 198 1027 224 de
1041 205 1070 225 se
1091 200 1243 233 opinionem
1260 200 1391 228 habuisset
1403 222 1410 232 ,
1422 209 1509 228 annon
1525 203 1628 230 illorum
1644 205 1773 231 existima.

997 243 1094 270 tioncln
1108 245 1259 277 aillovisSct,
1272 246 1320 272 nisi
1335 254 1380 272 sua
1391 247 1547 275 auctoritate
1558 253 1682 282 Operatus
1694 256 1764 277 e~s~t
1777 251 1787 276 ἲ

996 288 1086 322 ecquis
1110 289 1158 316 hoc
1175 289 1298 316 dixerit?
1319 291 1396 325 Atqui
1416 297 1506 319 contra
1528 293 1642 328 loquitur
1663 293 1781 323 Christu-

995 332 1087 360 dicctts
1099 344 1106 361 :
1121 333 1227 368 Propter
1237 335 1435 363 t'il'cuntstalltcm
1444 338 1539 364 tiu‘bain
1552 339 1614 371 dixi,
1631 346 1656 366 ut
1667 341 1780 369 credant.

997 378 1086 412 Itaque
1110 379 1132 405 si
1159 379 1351 413 credidissent,
1368 389 1420 408 non
1443 391 1508 417 opus
1533 389 1589 412 crat
1606 387 1738 420 precibus.
1755 389 1781 415 Si

996 427 1084 450 autetn
1102 425 1203 458 precari
1221 424 1356 459 indignum
1373 426 1430 460 ipso
1449 436 1500 455 non
1514 435 1579 460 erat.
1594 438 1641 458 cur
1655 432 1705 459 illis
1720 441 1781 460 can-

996 476 1052 495 sam
1067 469 1177 502 imputet
1189 469 1201 495 ?
1213 478 1260 497 cur
1273 478 1325 497 non
1337 472 1414 504 dixit,
1432 473 1462 500 Ut
1477 475 1585 501 credant
1599 484 1641 503 me
1655 485 1705 504 non
1722 486 1781 506 esse

998 513 1043 540 tibi
1068 515 1196 548 a-qualcni
1212 515 1223 541 ?
1238 517 1377 550 oportebat
1391 519 1461 544 enim
1482 519 1516 546 ob
1538 520 1609 548 illam
1629 524 1780 557 opinionem

997 559 1030 586 ad
1045 559 1094 586 hoc
1104 560 1203 588 venire.
1216 561 1268 588 Sed
1284 570 1343 588 cum
1358 563 1439 597 legent
1453 565 1556 594 solvere
1573 568 1780 604 existimabatur,

997 604 1049 631 illis
1072 605 1135 631 nillil
1155 606 1348 640 proferentibus
1371 608 1426 642 ipse
1448 609 1545 637 dictum
1560 615 1711 648 expressit:
1726 616 1782 643 No~

998 649 1039 676 lite
1050 655 1138 684 putare
1154 652 1212 686 quia
1228 654 1282 679 velli
1295 653 1388 680 salvere
1399 655 1476 696 leqcni
1489 655 1594 691 (Jlallli.
1606 659 1632 686 ὅ.
1648 661 1679 686 Π
1692 662 1701 696 )
1716 670 1722 694 ;
1740 663 1781 690 llic

998 703 1060 722 vero
1073 696 1222 730 opinionem
1237 698 1332 725 lirmat.
1348 699 1374 726 lu
1389 694 1500 733 suillum,
1513 703 1574 736 qttid
1586 711 1652 739 opus
1661 694 1717 733 crat
1729 708 1782 734 cir-

997 741 1112 768 cuitione
1126 746 1152 768 et
1164 742 1363 776 ieniglnatibns?
1378 745 1448 772 Satis
1462 747 1638 780 cl'atdixiSse,
1653 750 1709 778 Non
1722 760 1779 780 sum

998 786 1121 819 thtlalis,
1147 791 1174 813 et
1195 795 1249 814 rem
1276 789 1389 817 solvere.
1413 791 1479 823 Quid
1502 793 1690 828 ergo?a:lnon
1706 797 1781 830 dixit,

999 831 1102 866 inquies
1112 853 1118 863 ,
1136 831 1194 860 Non
1208 834 1275 868 facio
1291 835 1442 863 uoluntatem
1458 847 1536 864 ineunt
1549 840 1562 866 .7
1572 839 1624 867 Sed
1641 842 1703 869 illtld
1719 844 1781 870 sub-

998 876 1111 903 obscure
1131 877 1206 909 dixit,
1222 882 1249 905 ct
1264 885 1369 914 propter
1389 889 1480 909 eorum
1502 884 1718 919 imbecillitatem,
1737 896 1783 916 ea-

999 922 1059 949 dem
1076 923 1109 950 de
1122 931 1213 958 causa,
1229 933 1279 960 qua
1299 927 1378 954 etiam
1404 934 1525 962 precatus
1542 936 1591 958 est.
1614 932 1680 966 Quid
1694 940 1782 963 autent

999 967 1048 994 sibi
1072 970 1126 995 vult
1145 969 1220 1003 illud,
1236 971 1361 1003 Quoniam
1383 975 1477 1001 illidiin
1495 984 1534 1002 me
1548 978 1561 1004 ?
1575 977 1630 1006 Hoc
1650 985 1700 1013 est,
1715 981 1783 1009 Nihil

999 1013 1068 1061 inter
1082 1022 1125 1042 me
1139 1020 1165 1042 et
1179 1020 1205 1043 te
1217 1018 1378 1045 contrarium
1398 1024 1447 1046 est.
1463 1020 1688 1054 Quemadmodum
1707 1027 1784 1061 igitur

999 1058 1074 1093 illud,
1088 1060 1185 1088 Audis-ti
1197 1070 1245 1096 me,
1258 1071 1309 1090 non
1324 1065 1453 1099 signiﬁcat
1463 1067 1547 1102 ip=uin
1562 1077 1612 1096 non
1626 1078 1702 1105 posse
1712 1058 1783 1108 (itam

999 1105 1022 1133 si
1038 1105 1088 1134 hoc
1099 1113 1180 1140 esset,
1195 1117 1246 1135 tton
1262 1109 1414 1144 impotentia
1425 1113 1522 1146 solum,
1537 1114 1583 1141 scd
1595 1122 1620 1142 ct
1638 1105 1783 1151 ignorantia

1000 1156 1082 1184 esset,
1097 1152 1226 1187 siquidem
1242 1159 1304 1182 ante
1323 1157 1499 1190 precationem
1520 1161 1675 1188 nescivissct
1702 1164 1783 1192 Deum

999 1203 1168 1242 assenSul-uul
1185 1206 1244 1226 esse
1259 1207 1267 1226 :
1281 1201 1303 1227 si
1318 1209 1380 1229 vero
1395 1202 1541 1238 ignorabat,
1557 1208 1690 1240 quomodo
1702 1210 1782 1242 dixit,

1005 1240 1076 1268 Vada
1089 1247 1115 1268 ut
1135 1245 1251 1271 suscitem
1271 1254 1327 1272 etilli
1341 1247 1354 1273 ."
1376 1256 1425 1274 nec
1444 1249 1526 1281 dixit,
1546 1251 1616 1279 Vallo
1632 1240 1785 1287 precaturus

1000 1287 1117 1336 l’atrenl,
1133 1295 1159 1317 iit
1173 1291 1282 1319 suscitet
1295 1293 1375 1331 cum)
1397 1303 1403 1320 :
1419 1297 1650 1333 quemadmodum,
1668 1301 1784 1336 inquam,

1001 1333 1052 1362 hoc
1072 1342 1124 1362 non
1142 1336 1346 1371 ilnllet’lllitatis,
1362 1340 1409 1367 scd
1424 1343 1573 1370 concordiae
1585 1350 1624 1372 est
1640 1353 1647 1377 ;
1662 1333 1739 1374 sie-ct
1753 1333 1785 1375 ιιζ

1001 1380 1174 1427 Ιιιά,-8εηιηεν
1187 1391 1225 1410 me
1232 1384 1314 1411 audis.
1326 1386 1378 1413 Aul.
1392 1387 1440 1414 hoc
1454 1388 1605 1423 ditendum,
1620 1397 1663 1418 aut
1678 1401 1784 1427 respou-

1000 1422 1125 1456 dcndulu,
1143 1425 1199 1452 lucc
1216 1431 1322 1460 propter
1334 1428 1437 1456 illorum
1453 1422 1603 1464 opinionem
1614 1434 1682 1462 dicit
1696 1422 1784 1464 fuisse.

1002 1469 1079 1502 Quod
1100 1471 1121 1498 si
1137 1480 1187 1499 nec
1208 1473 1355 1508 ignorabat,
1379 1483 1428 1503 nec
1450 1477 1597 1504 imbecillus
1620 1485 1687 1512 erat,
1703 1481 1786 1515 palmo

1001 1520 1042 1542 est
1056 1515 1130 1544 illutn
1146 1517 1205 1545 ideo
1221 1515 1332 1546 humilia
1346 1520 1424 1547 verba
1443 1521 1578 1556 loquutunl
1594 1524 1682 1557 luisse,
1705 1531 1732 1553 ut
1747 1527 1786 1554 vel

1002 1568 1034 1588 ex
1049 1561 1192 1598 hyperbole
1203 1565 1296 1593 credas
1306 1571 1331 1593 et
1342 1567 1461 1595 conﬁteri
1481 1570 1583 1604 cogaris
1593 1591 1601 1602 ,
1621 1571 1677 1599 hinc
1690 1573 1788 1602 dixisse

1004 1606 1076 1633 illum
1092 1615 1143 1635 non
1158 1610 1302 1637 secundum
1317 1611 1471 1646 dignitatem
1485 1621 1568 1648 suam,
1582 1617 1627 1643 scd
1643 1619 1788 1646 secundum

1004 1652 1211 1681 imbecillitatem
1231 1656 1391 1685 auditormn.
1414 1657 1481 1691 Quid
1501 1667 1563 1694 ergo
1581 1662 1655 1688 aiunt
1672 1664 1789 1690 tet-italis

1004 1696 1095 1726 hostes
1111 1699 1191 1726 ?l\'ou
1209 1701 1241 1727 ad
1257 1701 1464 1731 imbecillitatem
1481 1705 1630 1732 auditorum
1645 1707 1720 1739 dixit,
1737 1709 1791 1735 All-

1004 1744 1063 1770 disti
1086 1752 1147 1777 me;
1171 1746 1217 1773 sed
1241 1753 1269 1774 tit
1290 1749 1442 1776 ostenderet
1457 1751 1671 1784 pra-eelleniiam.
1695 1753 1790 1782 Verum

1005 1789 1055 1817 hoc
1078 1797 1129 1817 non
1152 1796 1209 1819 erat
1230 1793 1435 1827 prmecllentiam
1458 1795 1658 1831 demonstrare,
1681 1799 1727 1827 sed
1742 1800 1791 1827 ad-

1005 1835 1113 1862 modum
1132 1837 1265 1866 humiliter
1289 1842 1581 1878 agere,ostendcreque
1605 1852 1634 1872 se
1649 1845 1713 1872 nihil
1735 1847 1793 1881 plus

1006 1887 1084 1914 quam
1106 1880 1240 1910 hominem
1267 1883 1375 1912 habere.
1389 1885 1454 1912 Nam
1476 1889 1576 1922 precari
1601 1898 1652 1916 ttOlt
1673 1895 1714 1917 est
1728 1880 1788 1924 lilii,

1008 1933 1056 1953 ucc
1069 1926 1125 1961 ejus
1138 1928 1182 1962 qui
1197 1928 1222 1955 ili
1235 1929 1328 1956 eodem
1337 1931 1410 1958 sedet
1425 1931 1501 1958 solio.
1518 1932 1687 1962 Videu‘nulla
1701 1937 1750 1963 alia
1759 1937 1794 1963 de

1007 1979 1086 1998 causa
1107 1973 1138 2000 ad
1153 1973 1203 2001 hoc
1216 1976 1335 2008 venisse,
1352 1977 1401 2004 nisi
1423 1984 1531 2012 propter
1545 1988 1636 2007 corum
1651 1981 1787 2010 increduli-

1009 2018 1111 2045 tatem?
1131 2020 1317 2048 Animadverte
1330 2029 1393 2057 ergo
1410 2031 1464 2050 rent
1482 2024 1565 2058 ipsam
1580 2025 1638 2060 ejus
1651 2029 1793 2054 auctorita—

1009 2067 1062 2090 tetn
1087 2064 1231 2093 testiﬁcari.
1248 2066 1372 2099 Vocat-it,
1388 2073 1415 2094 et
1437 2069 1534 2102 prodiit
1549 2076 1669 2098 mortuus
1688 2072 1792 2106 liga'us.

1009 2108 1076 2136 lliuc
1089 2117 1123 2136 ne
1139 2110 1272 2138 videretur
1286 2120 1327 2138 res
1341 2120 1400 2139 esse
1415 2114 1569 2148 phantasma
1591 2116 1600 2150 (
1613 2125 1671 2143 nam
1688 2119 1795 2152 prodire

1009 2153 1118 2188 ligatum
1135 2164 1186 2182 llini
1202 2156 1289 2184 minus
1300 2158 1483 2185 admirandum
1499 2160 1645 2194 videbatur,
1660 2169 1737 2197 quam
1752 2172 1795 2190 rc-

1010 2200 1148 2235 surgere),
1162 2201 1244 2228 Jusail
1257 2203 1319 2230 solvi
1333 2203 1415 2237 illiilli,
1432 2209 1461 2231 tit
1478 2209 1615 2240 tangentes
1628 2213 1651 2234 et
1668 2209 1795 2235 ιιι-υιιιιριις

1012 2250 1051 2273 tes
1062 2246 1181 2274 viderent
1193 2256 1254 2275 vere
1269 2249 1342 2276 illum
1355 2257 1426 2279 ease.
1438 2250 1471 2278 Et
1484 2251 1559 2284 dixit,
1573 2253 1616 2279 41.
1632 2253 1713 2281 Sinite
1725 2255 1796 2282 illum

1011 2291 1087 2318 abire.
1104 2292 1195 2319 Viden‘
1206 2302 1284 2328 quant
1299 2295 1444 2323 sitahetnis
1454 2304 1468 2323 a
1482 2296 1549 2324 fastu
1564 2298 1575 2324 ?
1589 2298 1644 2326 Non
1658 2299 1726 2327 ducit
1737 2309 1797 2328 euut

1012 2345 1114 2369 secum,
1131 2347 1217 2373 ticqtte
1230 2341 1302 2375 sequi
1317 2348 1346 2368 se
1357 2341 1442 2376 jubet,
1458 2350 1490 2369 ne
1504 2343 1624 2371 videatur
1637 2352 1696 2373 sesc
1707 2352 1798 2374 ostcnv

1014 2387 1069 2410 tare
1086 2393 1091 2409 :
1109 2388 1178 2411 tanta
1203 2386 1326 2413 utebatur
1351 2387 1489 2415 modestia.
1510 2388 1618 2424 Signum
1640 2395 1740 2418 tantum
1757 2394 1799 2420 alii

1015 2429 1189 2463 mirabantur,
1204 2431 1247 2457 alii
1262 2431 1403 2459 Pharismis
1423 2434 1621 2465 nuntiaverunt.
1637 2435 1705 2469 Quid
1723 2438 1801 2472 igitur

1015 2475 1145 2502 illi?Cuiu
1161 2476 1250 2503 mirari
1266 2482 1291 2503 cl
1305 2478 1493 2513 obstupescere
1507 2480 1678 2514 oportuisset,
1690 2483 1799 2508 consul-

1015 2524 1071 2547 tant
1084 2526 1111 2548 ut
1127 2522 1198 2549 illuln
1222 2522 1390 2556 interﬁciant,
1404 2524 1448 2558 qui
1466 2529 1596 2552 mortuum
1612 2526 1757 2553 suscitavit.
1780 2527 1801 2553 0

1015 2565 1190 2600 insipientiam
1208 2567 1216 2595 l
1241 2567 1307 2594 Eunt
1328 2568 1372 2602 qui
1388 2568 1414 2595 in
1436 2568 1496 2596 aliis
1516 2570 1672 2604 corporibus
1687 2575 1798 2598 mortem

1015 2615 1185 2645 superaverat
1194 2632 1202 2643 ,
1215 2613 1291 2639 morti
1306 2620 1334 2640 se
1348 2613 1490 2641 tradituros
1501 2620 1560 2641 esse
1574 2615 1708 2649 putabant,
1719 2620 1746 2642 et
1760 2616 1799 2643 di-

1015 2661 1096 2688 cunt,
1122 2657 1166 2684 ιτ.
1185 2657 1253 2690 Quid
1272 2658 1394 2691 facimus,
1415 2659 1473 2693 quia
1489 2659 1529 2685 llic
1543 2659 1618 2686 homo
1633 2659 1710 2687 multa
1729 2659 1800 2695 signa

1016 2702 1076 2738 facit
1089 2702 1102 2729 Ρ
1116 2701 1256 2729 llomiuetn
1281 2703 1354 2729 illum
1370 2703 1456 2731 adhuc
1478 2708 1589 2737 vocant,
1604 2704 1649 2739 qtti
1674 2705 1743 2732 illius
1762 2705 1800 2732 di-

1017 2746 1134 2773 vinitatis
1154 2751 1252 2774 tantam
1272 2753 1431 2782 acceperant
1454 2748 1717 2777 demonstrationem.
1734 2750 1800 2783 Quid

1016 2791 1145 2827 facimus?
1156 2792 1270 2820 Credere
1283 2794 1432 2828 oportebat,
1445 2795 1528 2829 ipsum
1540 2794 1628 2822 colere
1639 2798 1666 2823 et
1676 2795 1800 2828 adorare,

1017 2846 1103 2873 neque
1126 2839 1239 2874 amplius
1262 2840 1393 2868 hominem
1412 2839 1576 2869 existimare.
1592 2841 1635 2869 48.
1653 2841 1682 2869 Si
1697 2841 1798 2870 dimitti-
