2036 3119
249 114 300 142 559

248 180 304 199 ntus
314 179 369 198 eum
381 171 427 204 sic,
439 169 533 196 venient
548 167 667 198 Romani,
680 170 703 193 et
716 165 803 193 tollent
815 169 912 201 gentem
925 168 1037 192 nostram

251 221 272 244 et
293 216 428 244 ciuitatem.
442 213 510 247 Quid
522 214 606 240 facere
621 211 769 239 deliberant
783 211 814 238 ιτ
828 210 957 245 Populum
969 217 1035 237 con-

248 263 331 290 citare
344 261 451 292 volunt,
465 263 494 286 ut
509 258 717 293 periclitaturam
733 257 767 284 ob
783 256 931 292 tyrannidis
949 255 1036 291 suspi-

247 308 362 335 cionem.
376 305 404 333 Si
423 304 528 332 discant
550 303 660 330 Romani
677 303 763 338 ipsum
783 303 963 337 circumagere
979 305 1035 329 tur-

247 353 317 385 bam,
332 358 381 379 nos
393 354 529 385 sntspectos
542 349 688 382 habebunt,
713 354 739 376 et
762 349 869 377 venient
889 349 1034 383 tollentque

247 403 364 426 nostram
387 396 530 424 civitatem.
555 395 609 423 Cur
629 395 743 430 quaem?
768 403 832 422 num
856 393 1032 422 defectionem

244 442 357 470 docebat
371 441 382 468 2
396 447 485 468 nonne
495 440 605 475 jubebat
621 440 746 467 tributum
761 439 824 466 dare
843 438 964 466 Caesari?
984 445 1032 465 an-

247 495 298 514 non
310 494 370 515 cum
382 487 455 514 illum
467 493 557 521 regem
569 485 655 513 facere
663 484 803 518 volebatis,
814 483 934 520 aufugit?
944 491 1031 511 annon

247 533 326 560 vilem
341 537 369 560 et
377 532 434 560 sine
447 531 517 559 fastu
533 531 613 559 vitam
627 531 750 564 ducebat,
765 530 823 558 sine
834 530 914 558 domo
933 533 961 557 et
973 529 1031 556 aliis

246 579 396 615 liujusmodi
410 578 421 605 ?
434 578 497 606 Haec
509 577 642 611 dicebant,
658 585 711 605 non
728 581 886 608 metuentes,
897 575 943 604 sed
959 575 1031 603 invi-

244 625 350 653 dentes.
373 624 469 652 Verum
486 624 511 651 id
533 623 661 658 contigit,
683 623 754 657 quod
770 622 878 649 minime
893 626 1031 656 exspecta-

245 671 324 702 bant,
339 675 366 699 et
380 676 484 705 gentem
504 674 530 696 et
547 669 639 697 urbem
655 673 780 702 ceperunt
793 688 800 699 ,
816 667 875 701 quia
895 667 1029 694 Christum

245 718 295 752 ipsi
310 717 473 745 occiderant.
489 715 572 743 Erant
591 718 665 750 gesta
690 714 762 741 illius
786 713 875 748 procul
890 712 962 740 omni
986 720 1029 739 su-

243 764 373 799 spicione.
387 762 452 790 Nam
467 761 511 797 qui
525 768 611 795 :egros
625 759 734 787 sanabat
747 779 755 792 ,
771 759 816 794 qui
829 759 957 793 optimum
970 758 1029 784 vita:

243 810 390 838 insdtutum
412 808 532 842 docebat,
550 811 577 835 et
591 805 752 842 principibus
765 812 857 840 parere
867 804 990 840 jubebat,
1007 803 1030 831 is

243 864 295 883 non
316 854 466 888 alfectabat,
482 853 527 881 sed
542 852 710 888 propulsabat
726 851 901 888 tyrannidem.
923 851 974 883 At,
989 850 1029 877 in—

242 902 353 937 quiunt,
369 901 395 929 id
415 908 447 928 ex
463 898 644 934 superioribus
657 897 848 933 conjectamus.
865 895 963 923 Verum
979 895 1027 930 ipsi

242 946 420 975 defectionem
435 944 574 975 docebant,
598 950 676 971 secus
698 942 753 969 ille.
778 941 872 969 Viden’
892 941 936 969 illa
958 940 1027 967 dicta

242 991 438 1019 simulationem
454 989 559 1017 fuisse?
580 988 646 1023 Quid
662 988 732 1016 enim
753 987 839 1014 simile
863 986 1028 1014 exhibebat?

241 1046 303 1065 num
316 1036 473 1065 satellitibus
492 1034 661 1069 stipabatur?
684 1041 746 1060 num
764 1040 859 1060 currus
882 1031 1027 1060 trahebat?

239 1090 327 1111 annon
342 1082 497 1110 solitudines
511 1081 602 1108 obibat
616 1080 627 1107 ?
641 1079 694 1108 Sed
709 1087 743 1107 ne
757 1079 911 1106 viderentur
924 1078 980 1105 lure
993 1086 1025 1105 ex

238 1128 318 1156 animi
340 1128 381 1155 sui
402 1127 496 1154 morbo
511 1126 610 1156 dicere,
634 1125 768 1152 civitatem
783 1129 864 1151 totam
882 1123 1023 1158 periclitari

238 1175 338 1206 dicunt,
352 1177 379 1201 et
392 1172 545 1207 reipublicw
559 1170 669 1199 insidias
684 1171 781 1205 parari,
795 1177 877 1204 seque
891 1169 924 1196 de
936 1174 1025 1197 extre-

238 1220 288 1247 mis
302 1224 430 1246 mctuere.
446 1217 509 1245 Non
529 1217 586 1244 haec
605 1217 680 1244 vobis
700 1216 861 1251 captivitatis
873 1223 952 1242 causa
968 1214 1022 1243 fue-

237 1269 317 1298 runt;
332 1263 380 1292 sed
400 1263 442 1291 his
462 1263 605 1294 contraria,
621 1266 648 1290 et
662 1262 731 1290 hanc
744 1266 771 1289 et
785 1261 984 1297 Babylonicam.
999 1265 1026 1289 et

237 1311 309 1339 illam
331 1318 390 1346 qua:
410 1310 459 1338 sub
481 1308 612 1337 Antiocho
625 1308 735 1343 contigit
757 1313 918 1343 pepererunt
943 1315 950 1334 :
972 1315 1024 1334 non

237 1356 307 1392 quod
321 1355 391 1391 apud
405 1363 453 1383 vos
469 1355 514 1382 Dei
528 1355 645 1382 cultores
664 1357 764 1384 essent,
780 1352 827 1380 sed
840 1353 910 1388 quod
934 1351 1024 1386 injusti

236 1409 264 1432 et
278 1404 361 1432 Deum
377 1403 512 1430 irritantes
526 1409 534 1435 ;
547 1401 598 1428 hoc
612 1407 660 1428 vos
674 1398 801 1435 prodidit.
812 1398 911 1426 Verum
927 1398 1023 1433 hujus.

235 1449 305 1477 modi
319 1456 361 1476 res
374 1453 413 1476 est
429 1447 526 1475 invidia
541 1446 627 1475 :nihil
640 1446 764 1473 decorum
778 1444 843 1472 sinit
866 1443 965 1477 videre,
975 1452 1024 1472 ex-

236 1499 334 1522 caecata
348 1492 432 1521 semel
453 1493 552 1520 animo.
568 1491 661 1519 Nonne
676 1491 754 1518 mites
771 1498 831 1518 esse
845 1489 966 1518 Christus
980 1489 1024 1516 do-

235 1541 308 1568 cuit?
318 1547 406 1568 nonne
418 1539 502 1574 alapis
513 1545 598 1566 czesos
609 1538 634 1565 in
645 1537 765 1570 dextera,
776 1536 887 1564 alteram
898 1534 1024 1563 vertere?

235 1593 323 1614 nonne
344 1584 440 1620 injuria
454 1583 565 1612 alfectos
580 1584 695 1611 tolerare
709 1583 721 1609 τ
743 1590 832 1610 nonne
845 1581 975 1617 majorem
989 1581 1022 1608 ad

235 1633 303 1659 mala
323 1631 456 1666 patienda,
472 1637 552 1666 quam
572 1629 616 1657 alii
632 1629 665 1657 ad
680 1629 751 1656 mala
766 1627 885 1656 facienda
903 1628 1022 1655 animum

234 1678 385 1706 exhibere?
409 1677 532 1704 Hmccine
556 1675 720 1712 tyrannidem
735 1673 910 1702 all‘eclantis?
933 1681 1022 1701 annon

235 1724 322 1759 potius
334 1721 513 1758 propulsantis
529 1721 542 1748 ?

269 1770 297 1797 4.
318 1769 416 1796 Verum
428 1788 436 1800 ,
453 1772 481 1794 ut
493 1766 548 1794 dixi
559 1787 566 1800 ,
582 1767 670 1802 gravis
684 1770 725 1794 est
740 1765 837 1793 invidia
848 1785 855 1797 ,
869 1769 897 1793 et
910 1765 1021 1792 simula-

233 1816 306 1843 tione
319 1814 407 1850 plena.
423 1813 485 1840 Haec
497 1812 589 1840 orbem
615 1812 762 1839 innumeris
788 1811 907 1846 implevit
920 1810 997 1838 malis
1012 1819 1020 1839 :

235 1861 315 1895 hujus
333 1858 419 1886 morbi
438 1865 533 1890 causa,
550 1857 603 1885 reis
618 1861 645 1884 et
658 1857 744 1884 noxiis
756 1856 897 1884 tribunalia
913 1856 1020 1891 replen-

234 1910 277 1933 tur
294 1913 302 1933 :
321 1904 384 1932 hinc
400 1903 486 1931 oritur
507 1902 598 1938 gloria:
613 1907 641 1931 et
661 1902 832 1937 pecuniarum
852 1909 939 1935 amor,
960 1901 1022 1930 hinc

233 1958 310 1979 amor
323 1950 504 1985 principatus,
521 1949 582 1976 hinc
596 1948 718 1983 superbia
736 1957 743 1975 :
759 1948 821 1976 hinc
836 1949 885 1976 vite
899 1949 1022 1976 scelestis

233 1995 394 2028 latronibus,
416 2003 490 2022 mare
511 1994 603 2029 piratis
618 1994 756 2022 infestatur
772 2003 778 2020 :
795 1994 857 2022 hine
871 1994 959 2022 caedes
973 2001 1022 2030 per

231 2041 336 2074 orbem,
357 2040 420 2068 hinc
441 2047 524 2076 genus
543 2044 664 2068 nostrum
683 2040 852 2075 discerpitur.
866 2039 1019 2074 Quodcum-

232 2095 284 2123 que
296 2087 394 2114 malum
410 2086 500 2119 vides,
523 2086 585 2114 inde
600 2086 776 2121 proficiscitur
793 2095 800 2113 :
815 2085 866 2113 hoc
884 2086 910 2113 in
928 2086 1021 2114 Eccle—

232 2133 286 2160 sias
306 2132 413 2167 irrepsit
433 2140 440 2158 :
459 2131 511 2159 hoc
525 2132 625 2166 jamdiu
649 2132 786 2159 innumera
805 2132 909 2166 peperit
925 2132 995 2159 mala
1011 2140 1018 2158 :

230 2185 349 2205 amorem
363 2177 483 2212 pecunia:
495 2177 593 2212 ubique
605 2176 706 2204 induxit
722 2186 729 2204 ε
746 2177 789 2204 hic
804 2177 912 2204 morbus
924 2182 1020 2204 cuncta

230 2222 370 2255 subvertit,
384 2222 512 2257 justitiam
527 2222 645 2257 corrupit
661 2221 753 2258 (Dono
765 2223 835 2249 enim
847 2243 853 2253 ,
867 2222 961 2257 inquit,
978 2231 1020 2248 aa-

231 2269 353 2304 pientium
371 2268 457 2295 oculos
477 2273 620 2301 autut-ant,
641 2273 665 2295 et
692 2273 819 2303 tamquam
845 2270 943 2303 frenant
963 2269 1018 2302 ori,

230 2318 344 2341 auertunt
357 2315 526 2348 correptiones
540 2313 633 2350 [Eccti.
642 2313 688 2341 20.
698 2312 762 2349 51])
776 2323 782 2340 :
799 2313 850 2340 hoc
864 2321 956 2340 servos
971 2321 1019 2348 pro

230 2359 321 2386 liberis
339 2358 402 2386 facit
423 2367 430 2386 :
450 2358 484 2386 de
503 2358 554 2386 hoc
575 2358 695 2393 quotidie
718 2358 885 2390 disserimus,
907 2365 934 2386 ct
953 2359 1019 2387 nihil

230 2404 393 2440 proﬁcimus.
411 2404 487 2432 Feris
502 2404 607 2439 pejores
621 2403 761 2433 efﬁcimur.
776 2403 935 2438 pupillorum
950 2404 1018 2432 bona

229 2450 363 2484 rapimus,
388 2449 482 2476 viduas
504 2448 635 2475 nudamus
646 2469 653 2481 ,
668 2454 800 2483 pauperes
816 2448 936 2476 liedimus
948 2468 956 2482 ,
978 2457 1018 2476 va:

260 2516 268 2531 ¹
282 2514 330 2540 Alii
341 2515 434 2540 habent
445 2520 452 2539 :
465 2513 526 2545 Quid
536 2516 572 2539 est
583 2513 647 2546 quod
659 2512 738 2538 volunt
749 2512 831 2539 dicere
841 2512 855 2539 ?

617 109 645 138 S.
662 109 799 138 JOANNIS
812 106 1046 136 CHRYSOSTOMI
1065 106 1222 135 ARCHIEP.
1244 108 1508 140 CONSTANTINOI’.

1829 116 1877 145 356

1090 170 1171 199 super
1183 172 1222 192 vae
1235 165 1385 200 adjicimus.
1406 166 1450 194 γα»
1459 168 1521 196 mihi
1528 188 1536 202 ,
1548 169 1608 204 quia
1617 169 1694 204 periit
1705 170 1761 205 pina
1772 171 1804 198 de
1812 176 1878 199 terra

1090 208 1183 242 (Mida.
1207 210 1233 237 7.
1258 211 1296 245 2).
1319 211 1443 240 Nostrum
1464 213 1520 248 jam
1540 218 1582 242 est
1603 214 1711 250 lugere;
1736 216 1790 244 imo
1814 217 1876 245 illud

1088 255 1206 290 quotidie
1225 256 1378 285 dicendum.
1394 257 1465 285 Nihil
1479 259 1612 293 precando
1628 261 1799 295 profit-imus,
1815 263 1876 291 nihil

1087 308 1122 328 ex
1137 302 1257 329 consiliis
1271 307 1298 330 et
1311 304 1419 331 monitis
1433 304 1569 333 lucramur
1582 314 1590 333 z
1608 310 1688 334 restat
1703 312 1731 334 ut
1748 308 1876 344 lacrymas

1086 346 1237 375 fundamus.
1263 348 1327 376 Illud
1340 353 1367 377 et
1382 348 1503 378 Christus
1518 351 1579 379 fecit
1595 361 1601 378 :
1615 360 1675 380 eum
1695 354 1777 381 multa
1798 354 1875 382 Jero-

1087 392 1198 427 Solymis
1210 395 1309 422 monita
1323 394 1451 426 dedisset,
1466 403 1526 423 cum
1540 396 1565 424 id
1579 397 1630 424 illis
1644 397 1708 425 nihil
1724 399 1873 433 prodesset,

1085 445 1178 464 eorum
1196 438 1303 467 deﬂevit
1321 441 1478 468 cmcitatem.
1497 441 1553 469 Hoc
1563 446 1590 469 et
1602 444 1739 477 propheta:
1752 445 1852 472 faciunt
1867 454 1873 471 :

1085 482 1137 511 hoc
1157 488 1185 512 et
1206 492 1255 512 nos
1273 493 1344 514 nunc
1367 486 1503 514 faciamus.
1519 487 1724 523 Lacrymarum,
1747 489 1872 520 fletuum.

1084 531 1200 564 eiulatus
1219 539 1289 560 nunc
1309 536 1413 567 tempus
1427 537 1478 560 est.
1493 534 1648 569 Opportune
1660 535 1782 563 dicamus
1796 545 1802 562 :
1824 536 1872 564 Vo-

1085 580 1140 603 cate
1152 576 1263 612 lugentes
1277 577 1408 610 mulieres,
1428 583 1451 604 et
1470 579 1504 605 ad
1521 579 1648 614 sapientes
1667 580 1774 614 mittite,
1793 585 1817 607 et
1834 582 1873 608 lo-

1084 625 1193 654 quantur
1212 620 1285 656 (Jer.
1309 621 1336 649 9.
1357 623 1390 650 17
1402 622 1422 658 ).
1437 622 1482 650 Sic
1497 623 1564 651 forte
1579 625 1725 659 poterimus
1752 625 1872 653 morbum

1083 666 1190 700 abigere
1203 673 1294 693 eorum
1313 667 1358 702 qui
1378 668 1450 695 mdes
1467 668 1621 703 splendidas
1636 674 1794 697 construunt
1806 691 1814 704 ,
1828 671 1872 706 qui

1083 719 1114 738 ex
1129 711 1219 746 rapina
1231 719 1309 747 agros
1323 713 1372 740 sibi
1387 719 1553 749 comparant.

1119 757 1228 791 Quinam
1238 758 1287 785 sint
1299 767 1355 786 vere
1368 759 1637 797 tugendi.—Lugendi
1646 766 1749 797 tempus
1757 767 1798 790 est
1808 763 1870 791 :sed

1082 810 1186 830 mecum
1207 811 1254 831 vos
1274 804 1362 839 lugete
1376 806 1420 841 qui
1436 806 1537 840 nudati,
1551 808 1596 842 qui
1610 808 1665 835 laesi
1678 809 1744 836 estis
1758 818 1764 836 :
1781 814 1871 837 vestro

1082 849 1162 876 luctui
1178 849 1309 886 lacrymas
1322 858 1397 879 meas
1413 852 1527 888 jungite.
1550 853 1646 881 Verum
1665 862 1717 881 non
1738 861 1802 888 nos,
1823 855 1870 883 sed

1081 894 1140 921 illos
1153 894 1287 929 lngeamm
1300 904 1308 922 :
1320 904 1372 924 non
1388 904 1435 924 vos
1448 897 1584 930 laaserunt,
1599 899 1646 926 sed
1661 899 1710 927 sibi
1724 900 1869 934 perniciem

1081 938 1235 966 intulerunt.
1255 940 1306 968 Vos
1318 942 1388 968 enim
1405 949 1452 976 pro
1466 942 1561 977 injuria
1577 943 1648 970 illata
1665 951 1774 978 regnum
1788 945 1870 972 caelo-

1081 991 1138 1010 rum
1160 983 1276 1015 habetis:
1292 985 1327 1012 illi
1350 993 1398 1020 pro
1419 987 1493 1014 lucro
1513 987 1671 1022 gehennam.
1694 989 1756 1016 Ideo
1775 991 1869 1018 meiius

1080 1033 1120 1056 est
1135 1029 1213 1062 laedi,
1228 1037 1307 1065 quam
1321 1031 1429 1059 hedera.
1445 1032 1593 1068 Lugeamus
1607 1040 1669 1067 eos,
1686 1042 1738 1061 non
1753 1035 1870 1062 lmmano

1079 1073 1162 1107 luctu,
1178 1074 1225 1102 sed
1242 1082 1275 1102 ex
1290 1075 1387 1104 divinis
1399 1076 1544 1113 Scripturis
1562 1078 1714 1113 desumpto,
1734 1087 1787 1115 quo
1807 1087 1870 1114 pro-

1080 1120 1165 1155 pheta
1176 1120 1309 1148 luxerunt.
1324 1122 1428 1150 Acerbe
1440 1130 1499 1150 cum
1511 1123 1576 1151 lsaia
1591 1124 1740 1159 lugeamus,
1755 1130 1783 1153 et
1797 1125 1869 1153 dica-

1079 1172 1138 1192 mus
1160 1173 1168 1191 :
1201 1165 1243 1193 νω
1263 1167 1470 1203 conjungentibua
1488 1169 1589 1196 domum
1615 1169 1716 1203 domui,
1734 1175 1758 1198 et
1778 1179 1869 1206 agrum

1078 1220 1140 1247 agro
1153 1212 1345 1247 adjicientibus,
1360 1218 1416 1240 uta
1434 1215 1514 1241 vicino
1529 1215 1626 1250 aliquid
1643 1217 1760 1250 auferant
1770 1237 1778 1249 ,
1794 1224 1868 1244 num-

1077 1258 1138 1293 quid
1148 1258 1290 1286 habitabilis
1300 1259 1348 1286 solt
1357 1259 1384 1286 in
1395 1263 1461 1286 terra
1469 1261 1482 1287 2
1495 1260 1590 1288 Domus
1602 1269 1700 1296 magno:
1709 1267 1732 1289 et
1742 1262 1866 1297 pulchrae,

1077 1310 1101 1331 et
1115 1313 1164 1331 non
1177 1309 1249 1332 erant
1261 1306 1304 1340 qui
1317 1306 1345 1332 in
1359 1306 1395 1333 eis
1409 1306 1518 1334 habitent
1541 1306 1617 1342 (Isai.
1634 1309 1660 1336 5.
1677 1307 1703 1336 8.
1717 1312 1740 1335 et
1754 1309 1793 1340 9).
1814 1308 1868 1336 Lu-

1076 1357 1186 1384 geamus
1197 1358 1256 1378 cum
1271 1351 1407 1385 Nahumo,
1423 1356 1451 1379 et
1470 1360 1530 1380 cum
1547 1353 1591 1380 illo
1610 1353 1729 1381 dicamus
1740 1375 1747 1387 ,
1766 1354 1811 1382 γω
1824 1357 1867 1387 qni

1076 1395 1186 1430 aediﬁcat
1206 1396 1232 1422 in
1251 1396 1333 1423 altum
1353 1397 1457 1424 domum
1477 1406 1550 1425 suam
1570 1398 1636 1433 (Jer.
1661 1399 1706 1426 29..
1723 1399 1768 1435 15)
1785 1408 1792 1426 :
1813 1401 1867 1428 imo

1077 1441 1213 1477 lugeamus
1227 1442 1294 1475 illos,
1307 1447 1336 1470 ut
1351 1447 1414 1472 tunc
1422 1443 1544 1471 Christus
1554 1444 1670 1476 Judteos,
1685 1449 1711 1472 et
1725 1445 1846 1473 dicamus
1858 1455 1864 1473 :

1081 1488 1125 1516 Va:
1138 1489 1205 1516 vobis
1223 1489 1354 1522 divitibus,
1375 1490 1434 1524 quia
1453 1490 1548 1517 habetis
1563 1491 1698 1518 mercadem
1720 1496 1826 1518 vestram
1843 1498 1866 1519 et

1075 1536 1269 1563 consolationem
1293 1535 1375 1571 (Luc.
1391 1535 1416 1563 6.
1431 1535 1495 1572 24).
1511 1536 1555 1564 Sic
1566 1557 1573 1569 ,
1590 1545 1680 1572 quaeso
1691 1558 1698 1569 ,
1714 1544 1764 1565 nos
1777 1537 1866 1573 lugere

1075 1589 1128 1609 non
1148 1582 1306 1609 desistamus
1325 1591 1332 1609 :
1349 1587 1375 1609 et
1390 1582 1439 1609 nisi
1454 1586 1530 1617 turpe
1545 1583 1595 1613 sit.
1613 1582 1768 1618 plangamus
1786 1592 1866 1618 super

1075 1627 1186 1655 fratrum
1203 1628 1351 1663 segnitiem.
1369 1628 1406 1655 Ne
1426 1627 1565 1663 lugeamus
1584 1628 1638 1663 jam
1658 1634 1803 1661 mortuum,
1819 1629 1864 1656 sed

1074 1678 1220 1708 raptorem,
1237 1681 1362 1706 avarum,
1378 1674 1549 1708 pecuniarum
1566 1678 1716 1707 amantem,
1730 1674 1865 1702 insatiabi-

1075 1718 1138 1746 lem.
1151 1717 1205 1745 Cur
1219 1723 1338 1746 mortuos
1351 1719 1479 1754 lugemus,
1498 1719 1571 1746 nullo
1583 1719 1687 1747 fructu?
1699 1720 1753 1748 llos
1773 1720 1864 1755 lugea-

1073 1772 1144 1797 mus,
1166 1764 1211 1799 qui
1232 1765 1327 1792 mutari
1344 1770 1465 1800 possunt.
1479 1764 1575 1792 Verum
1601 1765 1677 1793 nobis
1699 1765 1862 1800 lugentibus,

1074 1809 1123 1844 ipsi
1143 1809 1256 1837 fortasse
1276 1809 1373 1837 rident.
1396 1811 1429 1837 At
1452 1810 1504 1838 hoc
1522 1818 1628 1846 quoque
1649 1810 1720 1839 luctu
1738 1811 1862 1847 dignum.

1073 1855 1135 1890 quia
1146 1856 1233 1883 rident
1245 1856 1280 1883 de
1292 1855 1388 1890 quibus
1399 1855 1489 1891 lugere
1501 1861 1646 1891 oporteret.
1658 1857 1685 1884 Si
1699 1856 1760 1884 ﬂetu
1773 1861 1864 1884 nostro

1074 1905 1257 1931 moverentur.
1272 1899 1430 1928 cessandum
1449 1908 1464 1927 a
1483 1900 1556 1928 luctu
1576 1906 1665 1933 esset,
1680 1909 1741 1928 cum
1757 1902 1795 1929 illi
1808 1902 1862 1936 jam

1073 1945 1106 1972 ad
1126 1945 1339 1973 emendationem
1361 1949 1501 1980 pergerent
1526 1955 1533 1973 :
1553 1953 1646 1974 verum
1666 1947 1726 1981 quia
1748 1947 1785 1973 illi
1807 1947 1864 1974 sine

1072 1998 1152 2019 sensu
1168 1990 1255 2025 supini
1269 1990 1368 2025 jaceat,
1384 1998 1433 2018 nos
1447 1990 1535 2018 flendo
1550 1990 1740 2026 persistamus,
1755 1998 1807 2018 nou
1824 1991 1863 2018 di-

1072 2037 1141 2064 vites
1161 2041 1261 2063 L-ntum
1273 2056 1280 2068 ,
1300 2036 1346 2064 sed
1364 2036 1443 2064 etiam
1463 2037 1582 2071 pecuniae
1602 2041 1741 2069 amantes,
1757 2044 1861 2064 avaros.

1072 2083 1130 2110 Non
1155 2082 1232 2109 malua
1252 2087 1315 2109 sunt
1333 2082 1443 2113 divitias,
1455 2082 1554 2117 quippe
1565 2082 1661 2117 quibus
1675 2087 1703 2109 ut
1715 2089 1763 2117 par
1773 2088 1812 2110 est
1825 2083 1862 2110 uti

1073 2136 1215 2163 possumus
1237 2128 1263 2154 in
1287 2135 1431 2162 egenorqu
1453 2135 1547 2159 usum;
1569 2127 1616 2155 sed
1637 2128 1750 2155 avaritia
1765 2129 1861 2155 malum

1072 2178 1131 2205 est,
1157 2180 1218 2207 qua:
1240 2177 1339 2200 aeterna
1367 2173 1434 2206 parit
1457 2172 1597 2207 supplicia.
1621 2173 1769 2208 Lugeamus
1786 2181 1859 2208 ergo.

1073 2219 1153 2246 Forte
1165 2219 1286 2253 quaedam
1302 2224 1428 2253 sequetur
1439 2218 1600 2246 emendatio.
1614 2218 1642 2246 Si
1657 2219 1702 2253 qui
1717 2220 1745 2246 in
1761 2220 1810 2246 hoc
1824 2220 1862 2246 in-

1072 2265 1163 2292 cidere
1183 2264 1279 2291 malum
1297 2272 1350 2291 non
1369 2269 1504 2296 eruantur,
1521 2264 1565 2291 alii
1581 2263 1650 2291 forte
1663 2264 1712 2291 sibi
1727 2266 1863 2291 cawhunt

1072 2318 1106 2337 ne
1121 2311 1147 2337 in
1162 2310 1275 2344 idipsum
1291 2311 1417 2338 incidant.
1434 2311 1510 2338 Faxit
1526 2310 1596 2338 Deus
1609 2316 1636 2337 ut
1649 2316 1675 2338 ct
1690 2310 1755 2338 illia
1769 2313 1863 2339 morbo

1072 2356 1229 2388 liberentur,
1247 2360 1275 2383 et
1295 2363 1374 2383 nemo
1387 2361 1507 2382 nostrum
1526 2356 1552 2382 in
1573 2355 1646 2382 illum
1664 2356 1774 2390 incidat,
1794 2356 1862 2384 utin

1071 2402 1205 2429 communi
1219 2409 1312 2429 omnes
1327 2402 1456 2436 promissa
1469 2409 1665 2437 consequamur
1678 2402 1760 2434 bona,
1779 2403 1861 2437 gratia

1071 2454 1097 2475 et
1116 2447 1279 2482 benignitate
1293 2447 1396 2475 Domini
1412 2448 1493 2475 nostri
1508 2447 1571 2475 Jesu
1585 2447 1696 2481 Christi,
1721 2448 1763 2475 cui
1779 2449 1861 2484 gloria

1070 2493 1098 2521 in
1113 2493 1210 2520 sarcula
1226 2494 1395 2520 saeculorum.
1410 2494 1507 2521 Amen.

1674 2574 1858 2582 ———_

895 2604 1067 2636 HOMILIA
1088 2606 1184 2636 LXV.

233 2656 293 2685 CAP.
316 2655 361 2682 ll.
375 2661 401 2681 ν.
417 2653 462 2681 49.
490 2652 562 2681 Unus
579 2658 663 2680 autem
682 2662 714 2681 ea
734 2653 785 2682 illis
807 2653 936 2689 Caiplms,
958 2665 1016 2683 cum

263 2705 327 2728 esset
351 2698 466 2735 pontifex
488 2699 549 2726 anni
573 2698 651 2730 illius,
674 2700 738 2726 dixit
758 2700 793 2727 eis
816 2708 826 2728 :
851 2700 901 2727 Vos
917 2701 1016 2728 nescitis

262 2746 401 2780 quidquam
412 2764 419 2777 ,
431 2743 476 2772 50.
497 2752 542 2771 nec
563 2745 678 2780 cogitatis
696 2745 755 2781 quia
776 2747 877 2782 expedit
897 2747 974 2780 vobis,
989 2751 1017 2773 ut

264 2799 331 2818 unus
345 2791 468 2818 moriatur
479 2790 554 2818 homo
567 2800 612 2827 pro
625 2792 734 2828 populo,
749 2797 802 2821 etc.

265 2839 291 2868 1.
312 2838 405 2872 Iri/ian:
417 2843 475 2866 sunt
485 2843 569 2873 gentes
582 2839 607 2866 in
620 2839 736 2875 interitu,
752 2848 826 2876 quem
839 2841 950 2877 fecemnt
966 2849 974 2868 :
990 2841 1016 2868 in

1074 2656 1161 2691 laqueo
1174 2657 1236 2690 isto,
1257 2665 1330 2692 quem
1342 2658 1537 2692 absconderant,
1558 2659 1752 2694 comprehensus
1770 2665 1805 2686 est
1821 2669 1865 2694 pes

1069 2712 1154 2731 eorum
1170 2703 1254 2740 (Paul.
1271 2703 1297 2732 9.
1315 2704 1370 2740 i6).
1391 2704 1446 2732 lloe
1467 2704 1566 2732 Iudaeis
1581 2705 1701 2740 contigit.
1718 2705 1769 2740 Ipsi
1787 2714 1862 2732 uazn-

1068 2757 1120 2785 que
1138 2749 1279 2782 dicebant,
1293 2749 1468 2778 occidendum
1481 2757 1542 2779 esse
1556 2750 1664 2784 Jesum,
1686 2758 1720 2778 ne
1742 2751 1860 2779 venirent

1069 2795 1191 2826 Romani.
1207 2801 1233 2823 et
1251 2796 1376 2824 tollerent
1395 2797 1514 2832 ipsorum
1537 2800 1644 2832 gentem
1662 2801 1689 2824 et
1711 2796 1859 2824 civitatem.

1068 2841 1210 2877 Postquam
1231 2847 1321 2871 autem
1343 2841 1499 2872 occiderunt
1521 2850 1599 2877 eum,
1620 2842 1678 2871 hac
1691 2842 1859 2878 passisunt:
