2036 3119
143 173 191 201 3M

142 234 169 257 et
183 228 254 264 quod
271 232 298 254 ut
311 227 458 261 ciingcrent
473 225 589 252 fecerant
601 245 608 255 ,
624 224 674 250 hoc
687 223 748 258 quia
760 222 861 253 iecere,
877 228 930 248 non

142 274 302 308 omtgeruut.
314 271 366 298 Sed
382 270 425 306 qui
439 270 543 297 occisus
554 269 612 302 fuit,
624 274 665 295 est
677 269 702 295 in
714 267 804 300 czelis;
825 266 868 301 qui
882 274 915 293 au
925 281 932 284 -

144 326 195 347 tem
216 318 384 350 occiderunt,
405 317 552 351 gehennam
573 315 658 342 sortiti
673 318 736 341 sunt
752 322 758 340 :
772 313 821 340 etsi
837 312 862 339 id
879 319 931 338 non

143 368 168 392 in
185 370 247 392 volo
259 364 407 394 haberent;
425 362 471 389 sed
487 360 725 396 quid?Volebant.
741 360 844 394 inquit,
858 366 872 385 a
888 358 931 384 die

144 413 189 439 illo
209 411 331 439 occidere
348 409 444 444 ipsum.
462 408 587 435 Dicebant
601 407 683 439 enim,
693 406 797 433 Veniant
812 405 931 436 Romani,

143 464 166 485 et
179 458 266 485 tollent
281 461 377 491 genu/tn
392 460 513 482 nostram.
530 453 600 481 Unus
612 457 693 479 nutent
704 460 734 478 ea:
747 452 798 478 illis
809 450 931 484 Caip/tas,

145 512 201 529 tum
218 507 279 528 esset
293 502 405 536 pontifex
417 500 477 526 anni
487 499 556 525 illius
567 519 574 531 ,
587 498 662 529 dixit,
677 497 781 524 cmtcris
796 496 933 530 impuden-

145 551 219 576 tior:
240 549 288 575 Vos
309 547 407 574 nrscitis
427 546 571 581 quidquam.
594 545 631 572 Illi
655 552 749 578 nempe
767 543 932 575 dubitabant,

145 600 173 623 el
187 594 356 622 deliberando
372 594 564 627 propOsucrant
588 590 733 624 (dicebant
755 589 824 615 enim
838 609 844 621 ,
867 588 934 619 Quid

147 638 296 675 facimus?)
315 638 357 664 hic
373 636 547 672 impudenter,
563 640 653 670 aperta
668 634 762 676 fronte,
774 638 800 660 et
815 633 935 667 petulan-

147 689 187 711 ter
197 683 331 711 clamavit.
346 682 414 715 Quid
433 689 495 709 vero
516 681 598 708 dicit?
617 679 665 707 Vos
676 679 774 706 nescitis
787 678 933 714 quidquam,

147 738 227 765 neque
248 729 364 764 cogitatis
383 728 442 763 quia
462 727 561 761 expedit
586 726 663 757 vobis,
684 731 711 751 ut
731 733 795 751 unus
812 724 936 750 moriatur

147 776 223 802 homo
233 795 239 806 ,
253 779 276 801 et
290 782 321 800 ne
335 778 386 800 tota
399 781 459 808 gens
473 777 568 807 pereat.
587 772 631 799 5L
653 770 708 797 Hoc
720 775 802 796 autem
818 777 832 794 a
845 773 935 796 remet-

147 821 202 855 ipso
217 828 265 846 non
280 819 343 846 dixit
354 839 361 851 ,
377 818 421 845 sed
435 822 563 844 mutasset
577 816 691 852 pomi/ea:
704 815 765 842 anni
779 814 858 847 illius,
873 821 934 848 pro-

149 865 269 900 pltetavit.

186 909 261 936 Multi
281 909 378 944 indigni
398 909 484 944 futura
506 908 684 942 praedixerunt.
696 920 731 926 —
743 904 824 932 Vides
838 908 935 939 quanta

149 956 181 982 sit
199 955 356 989 pontilicalis
370 953 502 988 potestas?
520 953 585 987 Quia
601 953 670 980 enim
684 950 863 986 pontiﬁcatum
877 957 937 976 sor-

151 1002 212 1028 titus
226 1005 293 1034 erat,
316 1000 380 1027 licet
401 999 533 1034 indiguus,
558 997 735 1032 prophetarit,
753 995 816 1030 quid
836 995 938 1022 diceret

151 1047 275 1081 ignorans
289 1055 296 1073 :
312 1046 395 1081 gratia
412 1045 470 1079 ejus
489 1049 588 1071 tantum
602 1051 648 1070 ore
671 1050 716 1070 usa
738 1046 787 1074 est,
805 1042 936 1076 impurum

151 1100 215 1119 vero
234 1099 280 1118 cor
299 1099 350 1118 non
373 1090 465 1124 tetigit.
482 1089 553 1117 Mulli
567 1096 672 1124 quoque
684 1088 727 1114 alii
744 1087 829 1114 futura
841 1086 938 1121 pra‘di-

154 1141 261 1170 xerunt,
282 1137 380 1171 indigni
396 1137 466 1168 licet,
479 1135 734 1163 Nabuchodonosor.
755 1133 870 1165 Pharao,
887 1132 922 1158 Ba

152 1184 220 1210 laatn
233 1203 240 1213 ,
263 1183 434 1216 omniumque
447 1188 524 1208 causa
547 1180 683 1207 manifesta
702 1183 753 1206 est.
781 1178 835 1205 Hoc
850 1182 938 1204 autem

153 1229 207 1255 vult
222 1227 268 1254 ille
282 1227 430 1261 significare
445 1236 450 1253 :
469 1226 522 1253 Vos
535 1226 643 1256 sedetis,
666 1225 753 1252 adlmc
766 1225 872 1258 segnius
889 1224 939 1251 hoc

153 1275 287 1308 negotium
300 1272 445 1304 attenditis,
462 1279 511 1299 nec
526 1271 599 1298 scitis
614 1271 692 1298 unius
705 1269 818 1297 hominis
828 1269 938 1297 salutem

153 1326 200 1353 pro
214 1318 348 1345 communi
372 1317 592 1344 contemnendam
614 1323 685 1343 esse.
708 1315 772 1342 Vide
787 1320 883 1350 quanta
907 1315 941 1340 sit

152 1364 237 1390 virtus
250 1363 381 1397 Spiritus:
402 1371 433 1389 ex
448 1363 566 1396 improha
583 1366 670 1388 mente
685 1361 812 1388 mirabilis
825 1360 940 1395 prophe-

154 1409 196 1435 tia:
212 1409 290 1435 verba
306 1409 390 1442 potuit
405 1408 511 1435 elicere.
524 1407 605 1434 Filios
620 1411 708 1434 autem
723 1407 768 1433 Dei
783 1412 876 1441 gentes
892 1414 940 1440 ap-

155 1454 236 1488 pellat
258 1454 430 1487 evangelista,
453 1460 484 1479 ex
500 1460 531 1478 co
551 1452 620 1486 quod
646 1452 761 1479 futurum
784 1455 851 1483 erat,
875 1451 942 1478 sicut

155 1504 181 1526 et
194 1499 251 1533 ipse
271 1499 317 1531 ait,
333 1498 366 1524 Et
381 1498 444 1525 alias
462 1506 517 1525 oves
539 1498 616 1524 habeo
630 1497 718 1531 (Joan.
732 1497 775 1524 10.
791 1497 833 1530 16)
845 1505 851 1527 ;
864 1497 896 1523 ah
909 1504 941 1523 eo

155 1546 224 1579 quod
247 1544 361 1571 futurum
381 1548 438 1571 crat
457 1544 494 1570 sic
517 1551 623 1570 vocans.
640 1543 708 1576 Quid
722 1543 771 1570 sibi
788 1542 839 1569 vult
865 1542 940 1576 illud,

156 1590 218 1617 Cum
237 1595 299 1617 esset
313 1590 426 1624 pontifex
439 1591 499 1616 anui
518 1589 609 1616 illius?
622 1589 688 1616 Cum
709 1589 768 1616 aliis
782 1588 824 1615 llic
839 1595 942 1623 quoque

157 1643 215 1663 mus
228 1641 369 1669 corrttptus
382 1639 448 1662 erat.
463 1634 519 1662 Non
533 1635 603 1662 enim
618 1634 685 1660 ultra
702 1639 756 1661 toto
770 1634 830 1660 vita:
842 1638 944 1668 tempo-

157 1689 196 1712 re,
210 1681 257 1708 sed
271 1688 341 1708 anno
351 1688 403 1707 uno
416 1681 590 1707 sacerdotium
604 1680 740 1714 gerebant,
756 1687 789 1706 ex
798 1687 851 1714 quo
864 1687 943 1706 vena-

157 1727 195 1754 les
217 1727 278 1753 facti
301 1730 377 1753 erant
400 1726 572 1760 principatus.
593 1726 716 1752 Attamen
740 1725 780 1752 vel
802 1725 840 1751 sic
857 1725 944 1752 adhuc

157 1773 248 1800 aderat
265 1773 388 1807 Spiritus.
403 1772 544 1806 Postquam
559 1776 646 1799 autem
662 1772 688 1798 iu
702 1771 836 1798 Christum
850 1778 943 1797 manus

157 1819 329 1850 sustulerunt.
340 1823 401 1845 tunc
411 1818 469 1846 illos
484 1817 599 1852 reliquit,
616 1822 642 1844 et
656 1817 688 1844 ad
701 1817 835 1851 apostolos
853 1822 942 1843 trans-

158 1864 227 1890 latus
252 1868 303 1890 est.
327 1863 359 1890 Et
377 1862 428 1889 hoc
449 1863 534 1889 velum
558 1863 667 1889 scissum
685 1862 811 1894 ostendit,
828 1869 877 1889 nec
891 1869 943 1888 non

158 1908 255 1936 Christi
279 1916 327 1935 vox
354 1909 466 1936 dicentis
483 1917 489 1934 :
514 1908 579 1934 Ecce
600 1908 737 1933 dimittetur
756 1907 844 1934 domus
864 1912 944 1933 vestra

159 1953 256 1980 deserta
269 1953 375 1985 (Matt/ﬂ
393 1952 439 1980 23.
452 1953 507 1986 38).
532 1952 564 1979 Et
585 1952 716 1986 Joscphus
729 1952 770 1986 qui
788 1951 866 1985 paulo
887 1956 945 1985 post

159 1999 216 2030 fuit,
228 1998 292 2025 dixit
305 1998 431 2033 quosdam
443 1999 560 2032 angelos,
577 1998 622 2032 qui
636 1997 704 2031 apud
720 1997 778 2024 illos
791 1997 943 2029 manebant,

159 2052 188 2071 se
212 2044 272 2070 inde
293 2044 451 2078 migraturus
465 2051 525 2071 esse
543 2043 731 2078 sigttilicavisse
747 2041 794 2079 (tt),
813 2043 860 2069 nisi
877 2043 944 2070 resi-

161 2090 301 2123 piscerent.
315 2089 444 2122 Quamdiu
468 2090 538 2117 enim
559 2090 634 2116 vinea
659 2088 781 2123 perstitit,
805 2095 852 2122 pro
872 2095 945 2115 more

159 2136 246 2162 omnia
266 2136 332 2163 facta
355 2141 429 2168 sunt;
459 2136 501 2162 ubi
524 2139 610 2162 autern
635 2133 760 2162 heredem
781 2133 942 2164 occiderunt,

161 2189 212 2208 non
227 2181 299 2213 item,
320 2181 365 2208 sed
393 2181 528 2215 perierunt
544 2189 551 2207 :
566 2185 593 2207 et
609 2179 685 2215 quasi
707 2179 872 2213 splendidam
900 2186 945 2205 ve—

160 2231 226 2253 stem
248 2226 282 2253 ab
304 2227 405 2260 ingrato
429 2226 502 2258 lilio,
525 2233 540 2252 a
565 2225 660 2252 Iudaeis
682 2225 799 2257 scilicet,
820 2224 944 2250 aul'erens

160 2272 238 2303 Deus,
254 2271 344 2305 probis
358 2271 428 2298 illam
444 2271 528 2298 servis
552 2271 634 2303 dedit,
660 2278 691 2297 ex
716 2269 859 2305 gentilibus
877 2277 942 2296 con-

159 2319 253 2350 versis,
276 2323 303 2345 et
317 2318 437 2345 desertos
459 2317 518 2344 illos
535 2317 672 2351 nudosque
695 2316 811 2350 reliquit.
827 2315 880 2342 Nec
896 2323 943 2350 pa-

140 2368 147 2371 ‘
159 2371 215 2390 rum
231 2363 278 2389 fuit
302 2363 373 2397 quod
396 2363 518 2390 inimicus
537 2363 593 2389 hare
607 2361 788 2396 prophetam.
804 2361 859 2388 Hoc
872 2362 942 2387 enim

158 2408 224 2435 alios
237 2414 343 2442 quoque
357 2407 464 2434 allicere
480 2411 591 2441 poterat.
615 2406 679 2433 Nam
696 2410 789 2433 contra
804 2413 882 2439 quant
900 2406 944 2432 illc

159 2453 264 2479 volebat
278 2453 376 2480 evenit.
393 2453 458 2484 Quia
473 2453 543 2479 enim
566 2456 685 2478 mortuus
704 2456 755 2481 est.
780 2451 839 2478 ideo
862 2459 876 2478 a
902 2451 943 2478 fu-

159 2504 217 2525 turo
239 2498 369 2532 supplicio
383 2497 485 2524 liberati
501 2497 594 2524 ﬁdeles
607 2501 676 2524 sunt.
690 2496 757 2531 Quid
776 2497 825 2523 sibi
841 2497 896 2523 vult
911 2497 942 2522 il-

158 2544 210 2575 ittd,
224 2544 269 2572 5%.
288 2543 322 2570 Ut
336 2548 495 2578 congregaret
509 2551 551 2570 eos
564 2543 606 2578 qui
621 2551 708 2578 prope,
728 2547 750 2569 et
766 2551 807 2569 eo:
825 2542 866 2576 qui
882 2550 942 2573 pro-

157 2589 197 2616 cul
209 2589 285 2617 sunt?
297 2588 382 2616 Unum
393 2596 489 2623 corpus
502 2589 624 2616 reddidit.
638 2589 686 2621 Qui
701 2588 791 2615 Ronia:
802 2593 852 2620 est,
867 2587 944 2614 ludos

159 2639 230 2667 putat
245 2633 393 2660 membrum
407 2641 484 2660 suum
500 2641 569 2661 esse.
581 2633 648 2667 Quid
665 2633 725 2660 huic
744 2633 942 2667 congregationi

160 2686 204 2712 par
211 2679 222 2705 ἲ
229 2678 408 2712 Omniumque
421 2683 498 2712 caput
506 2686 546 2706 est
558 2679 688 2706 Christus.
700 2679 742 2706 55.
755 2679 842 2705 Abitlo
853 2679 893 2705 die
902 2687 943 2704 co-

158 2725 297 2758 gitaverunt
306 2723 391 2750 Iudici
403 2728 430 2750 ut
438 2724 602 2754 interﬁcerent
611 2732 677 2750 eum.
688 2725 769 2750 Antea
778 2724 941 2758 qttwrebaut;

188 2779 223 2809 (α)
239 2778 360 2809 Josephus
372 2778 388 2801 l.
406 2779 430 2803 6.
443 2778 481 2803 51.
496 2779 527 2802 de
539 2778 604 2803 Bello
614 2778 709 2803 .tudaico
721 2798 728 2807 ,
740 2779 806 2803 inter
817 2778 863 2804 alia
874 2779 943 2808 signa

157 2808 228 2833 futuri
239 2808 440 2839 Jero'solymorum
452 2809 538 2832 excidii
548 2809 592 2833 hoc
605 2810 681 2833 rel‘ert
693 2816 700 2833 τ
712 2809 802 2834 Deinde
813 2815 892 2834 vacem
904 2816 942 2834 re-

165 2840 277 2871 tentinam
288 2839 396 2863 auditam
407 2839 478 2871 fuisse
491 2839 627 2871 dicentium.
642 2840 700 2864 Hinc
709 2839 837 2871 migrenttts
849 2846 856 2864 :
868 2847 941 2870 quem

164 2876 233 2894 octtm
246 2870 286 2894 hic
298 2873 356 2900 puto
367 2869 489 2900 respicere
500 2869 700 2900 Chrysostontuut.

618 2942 668 2995 /

667 165 699 194 lN
718 165 874 195 JOANNEM
896 163 1008 191 llOMiL.
1031 163 1110 190 LXV.
1131 163 1164 191 al.
1186 163 1277 190 LXIV.

1718 160 1772 188 3G!

984 219 1046 246 tlit'il
1060 219 1142 251 enim,
1158 219 1220 246 Itlco
1232 220 1372 254 quwrrbanl
1384 228 1438 245 eum
1458 218 1544 244 Ιιιίιίιιί
1558 219 1696 252 interficere
1709 226 1718 249 ;
1733 225 1769 250 t-t,

986 264 1054 296 Quid
1074 272 1113 291 me
1134 265 1245 297 qureritis
1270 266 1409 298 inter/icere
1428 265 1516 297 (Joau.
1532 265 1558 292 5.
1576 265 1609 292 18
1632 269 1653 291 ει
1663 264 1687 290 7.
1702 264 1772 297 9.0)?

984 310 1034 336 Sed
1051 314 1113 336 tunc
1128 310 1292 344 qumrebant,
1305 318 1374 337 nunc
1385 316 1472 337 autem
1488 310 1511 337 id
1523 314 1681 340 statuerunt,
1694 314 1720 336 ct
1734 309 1771 337 rei

985 363 1091 382 matutm
1104 355 1289 382 admoverunt.
1306 356 1348 382 54.
1371 355 1446 382 Iesus
1461 361 1543 382 autent
1554 357 1610 390 jam
1626 364 1675 382 non
1687 356 1772 390 palam

984 400 1127 427 ambulabat
1142 400 1167 426 in
1180 400 1281 427 Juda-a.
1297 400 1398 427 Rursus
1413 400 1527 427 humano
1541 408 1614 427 more
1627 401 1702 428 saluti
1717 407 1773 427 sure

984 451 1070 478 cavet,
1083 453 1112 471 ac
1128 445 1278 480 frequenter
1291 445 1340 472 hoc
1356 444 1425 471 facit.

1019 491 1045 518 2.
1062 491 1175 518 Christus
1189 491 1298 517 humano
1312 499 1379 516 more
1389 491 1462 525 fugit.
1473 506 1508 511 —
1518 491 1575 518 1am
1589 499 1693 519 cau~ant
1707 492 1771 524 dixi,

985 545 1032 564 cur
1048 536 1201 570 frequenter
1215 536 1319 565 abierit.
1334 541 1360 562 et
1375 536 1524 563 secesserit.
1541 536 1615 563 Nunc
1628 545 1709 572 pr0pe
1725 538 1773 565 de-

986 588 1085 609 sertum
1102 583 1201 609 habitat
1215 582 1240 609 in
1257 581 1382 616 Ephrata,
1397 587 1423 609 et
1437 582 1470 608 ibi
1484 582 1607 609 tnancbat
1622 591 1682 610 cum
1696 583 1773 610 disci-

987 629 1055 663 pulis
1068 629 1132 655 suis.
1147 628 1279 661 Qll‘lllllim
1293 633 1370 662 putas
1391 628 1509 654 turbatos
1530 628 1610 655 fuisse
1630 629 1775 664 discipulos

987 674 1106 700 videntes
1121 674 1206 708 ipsum
1228 674 1344 700 humano
1368 681 1440 701 more
1453 674 1530 700 saluti
1546 681 1600 701 sum
1616 675 1775 708 provide-re!

987 718 1070 745 Nemo
1085 719 1138 753 jam
1155 723 1281 753 sequutus
1297 723 1346 746 est.
1369 719 1432 745 Nam
1450 726 1510 745 cum
1535 726 1618 754 prope
1637 724 1707 746 esset
1719 720 1775 746 dies

989 763 1080 795 festus,
1095 771 1188 790 omnes
1210 763 1404 799 Jerosolymam
1424 764 1614 797 occurrebant;
1637 764 1686 799 ipsi
1701 772 1774 797 vero,

987 816 1046 835 cum
1061 809 1205 843 gauderent
1229 817 1321 836 omnes
1339 815 1364 836 ct
1380 810 1473 837 festum
1495 814 1613 845 agerent,
1630 815 1693 838 tunc
1712 811 1776 838 late-

988 852 1059 884 bant,
1077 858 1138 881 tuttc
1160 854 1185 880 in
1211 855 1335 888 periculis
1356 859 1448 888 erant;
1472 859 1586 882 attamen
1612 857 1775 890 perstabant.

988 899 1066 927 Certe
1089 908 1149 927 cum
1165 901 1265 928 Pascha
1286 906 1312 928 et
1334 901 1495 936 Secnopcgia
1512 902 1721 934 celebrarentur,
1739 903 1775 929 illi

990 945 1014 972 in
1027 944 1134 972 Galiltea
1150 946 1274 973 latebant.
1291 946 1404 973 Rursum
1420 952 1509 982 postea
1525 948 1551 974 in
1562 947 1605 975 die
1623 948 1702 979 festo,
1713 948 1775 975 dum

989 991 1037 1017 soli
1051 998 1111 1018 cum
1123 991 1249 1026 Magistro
1269 991 1389 1027 fugerent
1403 997 1429 1020 et
1445 993 1567 1025 laterent,
1583 1001 1656 1020 suam
1671 1002 1731 1029 erga
1744 995 1775 1020 il-

990 1036 1042 1062 lum
1064 1036 1274 1064 benevolentiam
1297 1038 1482 1065 ostendebant.
1505 1038 1573 1066 illnc
1594 1039 1679 1066 Lucas
1700 1040 1773 1066 illum

990 1081 1089 1108 dixisse
1102 1081 1139 1108 ait
1153 1091 1159 1108 :
1176 1082 1229 1117 Ego
1248 1083 1400 1116 perseveravi
1414 1084 1538 1110 vobiscum
1553 1084 1579 1110 in
1601 1085 1777 1113 tettlatiouibus

993 1126 1033 1161 (L'
1043 1135 1066 1152 ε.
1080 1126 1123 1153 22.
1138 1126 1196 1161 28).
1213 1128 1274 1154 llarc
1289 1136 1366 1162 porro
1379 1129 1483 1156 dicebat
1496 1135 1524 1156 ut
1539 1131 1700 1163 ostenderet,
1719 1131 1778 1158 illus

990 1173 1074 1207 gratia
1087 1180 1133 1200 sua
1148 1173 1277 1201 roborari.
1302 1175 1346 1202 55.
1363 1175 1438 1202 Multi
1451 1176 1517 1202 enim
1530 1176 1562 1202 de
1579 1177 1680 1212 regione
1692 1186 1778 1204 ascen-

991 1219 1090 1250 derunt,
1104 1224 1130 1244 ut
1144 1220 1329 1253 sanctiﬁcarent
1343 1221 1446 1255 seipsos.
1469 1221 1513 1248 57.
1530 1221 1562 1247 Et
1578 1222 1698 1249 dederam
1717 1232 1778 1257 pon-

992 1264 1070 1297 tiﬁces
1093 1269 1115 1290 et
1139 1263 1264 1291 Pharistvi
1284 1265 1413 1299 mandat-1,
1435 1271 1463 1292 ut
1476 1266 1689 1301 apprehendercnt
1710 1275 1777 1294 eum.

993 1309 1056 1336 Mira
1075 1309 1247 1336 sanctiﬁcatio
1268 1317 1328 1337 cum
1351 1311 1518 1345 sanguinaria
1542 1312 1694 1344 voluntate,
1718 1321 1778 1340 eum

992 1356 1137 1383 cruentatis
1160 1356 1292 1383 manibus.
1314 1356 1359 1384 56.
1383 1356 1415 1383 Et
1438 1357 1552 1384 dicebant
1573 1365 1583 1385 :
1601 1357 1698 1385 Putatis
1721 1360 1779 1392 quia

993 1409 1042 1428 non
1053 1401 1130 1428 veniet
1141 1402 1174 1428 ad
1186 1402 1253 1428 diem
1269 1402 1380 1436 festum?
1395 1403 1422 1429 lu
1444 1403 1573 1431 Pascltate
1588 1404 1780 1431 insidiabantur

993 1446 1048 1479 illi,
1072 1451 1229 1482 tempusque
1248 1447 1424 1475 soletunitalis
1453 1452 1556 1483 tempus
1581 1448 1660 1476 aedis
1687 1450 1781 1477 redde.

994 1492 1071 1523 bant;
1087 1491 1112 1518 id
1127 1496 1168 1518 est
1185 1501 1192 1519 :
1209 1492 1265 1519 Huc
1281 1492 1353 1519 illum
1371 1493 1490 1520 incidere
1505 1499 1619 1528 oportet,
1635 1494 1782 1522 advocante

994 1536 1071 1564 festo.
1086 1536 1107 1564 Ο
1127 1537 1308 1572 impietatem!
1324 1537 1388 1564 Cum
1405 1539 1505 1572 majore
1518 1546 1584 1573 opus
1595 1543 1653 1566 erat
1673 1539 1779 1573 pietate,

993 1588 1020 1611 et
1033 1591 1093 1610 cutn
1107 1583 1234 1610 extremis
1246 1583 1353 1610 obnoxii
1369 1584 1524 1616 sceleribus,
1537 1585 1612 1612 liberi
1625 1585 1783 1612 etnittebau-

995 1635 1046 1665 tur,
1064 1636 1126 1659 tunc
1146 1632 1282 1659 innoxium
1297 1632 1525 1667 comprehendere
1547 1637 1686 1660 conantur.
1703 1633 1781 1668 Atqui

993 1685 1052 1705 cum
1062 1677 1116 1713 jam
1130 1678 1192 1705 illud
1207 1683 1364 1711 teutassent,
1376 1686 1427 1706 non
1442 1678 1520 1705 modo
1530 1679 1593 1705 nihil
1604 1678 1780 1714 perfecerant.

994 1723 1040 1749 sed
1055 1724 1133 1750 ctiam
1149 1724 1251 1750 ridiculi
1268 1728 1456 1758 apparuerant.
1473 1724 1534 1751 Ideo
1548 1725 1702 1759 frequenter
1717 1726 1782 1755 inci-

995 1768 1033 1795 dit
1045 1773 1071 1795 et
1092 1769 1189 1799 evadit,
1213 1774 1240 1796 et
1258 1769 1396 1803 cupientes
1417 1777 1445 1796 se
1467 1770 1616 1797 interﬁcere
1636 1771 1742 1803 retinet,
1756 1776 1783 1799 et

995 1812 1088 1840 dubios
1107 1813 1241 1848 relinquit,
1257 1818 1285 1840 ut
1300 1814 1423 1841 virtutem
1442 1821 1515 1841 suam
1529 1814 1737 1842 demonstrando
1751 1816 1783 1843 il-

995 1857 1035 1884 los
1049 1858 1080 1883 ad
1096 1858 1326 1893 compunetionem
1348 1858 1477 1892 deducat;
1492 1864 1518 1886 et
1538 1865 1565 1886 ut
1588 1864 1724 1895 postquam
1740 1869 1784 1888 ea.

996 1907 1055 1937 plus
1067 1903 1154 1936 fuerit,
1169 1904 1263 1936 sciant,
1279 1911 1331 1931 non
1346 1905 1368 1930 vi
1385 1912 1443 1938 sua,
1457 1904 1502 1932 sed
1515 1905 1598 1939 ipsius
1611 1906 1784 1934 concessione

997 1948 1021 1974 id
1037 1949 1175 1976 accidisse.
1193 1948 1282 1984 Neque
1296 1949 1367 1976 enim
1383 1953 1445 1976 tunc
1459 1954 1600 1984 potuerunt
1620 1950 1693 1978 illum
1708 1959 1784 1978 cout-

997 1994 1173 2029 prehemlere,
1198 1995 1247 2021 etsi
1270 1996 1415 2030 propinqua
1435 1995 1561 2023 Bethania
1574 2000 1646 2023 esset
1662 2006 1668 2024 :
1682 2002 1783 2024 etcum

996 2039 1268 2072 comprehendissent,
1283 2041 1390 2073 supinos
1401 2041 1459 2067 illos
1475 2041 1626 2074 prostravit.
1649 2042 1722 2077 (Cap.
1740 2043 1782 2076 1'2)

998 2085 1022 2111 1.
1040 2086 1103 2111 Ante
1117 2093 1160 2111 sea:
1175 2085 1228 2112 dies
1243 2085 1348 2112 Pascha.-
1363 2086 1426 2113 venit
1440 2086 1516 2113 λειω
1528 2088 1555 2114 in
1568 2087 1727 2122 Bet/tauiam,
1742 2090 1784 2116 alii

996 2131 1078 2164 fuerat
1093 2130 1206 2157 Lazarus
1219 2136 1330 2158 mortuus
1341 2139 1351 2158 :
1361 2131 1387 2158 '2.
1401 2135 1424 2158 el
1435 2132 1603 2160 manducabat
1617 2134 1686 2169 apud
1696 2143 1748 2166 eos;
1759 2140 1783 2162 et

997 2175 1099 2202 Mart/ta
1110 2177 1276 2208 ministrabat,
1292 2176 1456 2213 Lazarnsquc
1468 2178 1644 2206 manducabat.
1667 2179 1722 2207 lloc
1736 2189 1782 2207 vc-

997 2229 1033 2249 ra:
1048 2223 1249 2249 resurrectionis
1260 2224 1362 2258 signum
1379 2228 1444 2256 erat,
1461 2225 1530 2259 quod
1545 2230 1604 2260 post
1618 2226 1714 2253 multos
1726 2227 1783 2255 dies

996 2272 1023 2295 et
1038 2268 1136 2295 viveret
1151 2272 1178 2295 et
1198 2269 1378 2296 manducaret.
1393 2268 1468 2297 Unde
1483 2270 1568 2305 palam
1589 2275 1629 2298 est
1644 2272 1782 2305 prandium

997 2314 1021 2340 in
1038 2313 1094 2347 ejus
1107 2313 1186 2340 domo
1200 2314 1279 2341 fuisse
1299 2323 1305 2328 -
1323 2322 1382 2341 nam
1396 2319 1424 2341 ut
1442 2315 1519 2342 amici
1535 2319 1562 2343 et
1579 2315 1669 2343 dilecti
1691 2317 1782 2345 Jesum

996 2359 1140 2393 excipiunt.
1153 2359 1264 2392 Quidam
1279 2365 1365 2387 tamen
1380 2361 1470 2388 dicunt
1494 2361 1519 2388 id
1539 2361 1565 2388 in
1585 2362 1635 2389 alia
1646 2363 1725 2390 domo
1738 2372 1783 2399 ge-

996 2409 1066 2432 stum
1081 2405 1172 2432 fuisse.
1187 2405 1267 2432 Maria
1281 2411 1368 2433 autctn
1385 2414 1438 2434 non
1452 2407 1620 2435 ministrabat
1632 2417 1639 2435 :
1653 2409 1783 2444 discipula

996 2451 1066 2478 ettim
1081 2457 1145 2477 erat.
1169 2452 1271 2478 Rursus
1285 2451 1329 2478 hic
1351 2452 1436 2486 major
1450 2452 1525 2480 adest
1544 2453 1581 2480 illi
1596 2453 1709 2488 Spiritus
1723 2463 1784 2488 gra-

998 2497 1043 2523 tia.
1063 2496 1119 2523 Non
1145 2497 1312 2524 ministrabat
1332 2497 1402 2523 enirn
1427 2502 1559 2532 tamquam
1580 2505 1681 2532 vocata,
1697 2508 1783 2535 neque

996 2543 1130 2569 communi
1153 2543 1322 2571 incumbebat
1342 2543 1503 2575 ministerio;
1533 2545 1580 2571 sed
1608 2544 1714 2572 Christo
1734 2547 1783 2574 soli

997 2589 1123 2617 honorem
1135 2588 1220 2616 defert
1233 2598 1239 2616 :
1254 2597 1340 2624 neqtte
1354 2593 1383 2616 ut
1395 2589 1504 2620 homini,
1523 2590 1569 2616 sed
1580 2594 1609 2616 ut
1624 2591 1676 2617 Deo
1686 2591 1783 2620 adstat.

996 2635 1164 2670 Unguentum
1178 2635 1248 2662 enim
1265 2635 1325 2662 ideo
1338 2634 1440 2667 eﬂ‘udit,
1457 2640 1482 2661 et
1498 2635 1600 2669 capillis
1619 2636 1711 2670 capitis
1723 2637 1782 2664 abs-

997 2681 1081 2713 tersit,
1097 2680 1166 2715 quod
1186 2680 1290 2715 signum
1312 2684 1369 2707 erat
1388 2680 1459 2707 illam
1474 2680 1506 2707 de
1520 2680 1626 2708 Christo
1642 2690 1693 2708 non
1708 2691 1766 2709 eam

995 2726 1054 2752 dem
1081 2733 1158 2760 qttam
1184 2725 1229 2752 alii
1252 2724 1404 2759 opinionem
1430 2725 1536 2753 habere.
1562 2726 1614 2753 Sed
1637 2727 1780 2762 increpavit

995 2771 1075 2798 Jttdas
1102 2771 1224 2804 pietatem
1249 2770 1386 2797 simulans.
1412 2771 1480 2804 Quid
1500 2779 1564 2805 ergo
1588 2771 1732 2801 Christus?
1755 2775 1776 2801 7.
1820 2796 1826 2801 .

995 2817 1092 2845 Bonum
1106 2826 1168 2853 opus
1180 2821 1283 2852 operata
1300 2822 1336 2844 est
1356 2817 1382 2844 in
1396 2817 1550 2851 sepulturam
1564 2825 1655 2844 meam.
1672 2819 1724 2846 Cur
1737 2820 1779 2846 di-

996 2865 1124 2899 scipulum
1136 2864 1204 2893 circa
1215 2864 1351 2891 mulierem
1363 2871 1414 2890 non
1427 2862 1604 2898 reprehendit,
1616 2871 1702 2898 neque
1715 2863 1780 2892 dixit
