2036 3119
226 153 279 181 565

230 210 435 246 utevangelista.
453 209 537 243 ipsum
558 207 620 235 [ιιιιί
645 206 758 234 faciendi
778 214 857 234 causa
874 207 1014 234 mulierem

228 256 398 293 increpasse?
413 254 539 282 Patientia
554 261 600 281 sua
615 253 698 280 voluit
712 257 771 279 etn‘n
789 253 814 279 in
833 252 958 286 iudorcm
973 252 1016 279 de

225 305 334 331 ducere.
359 301 434 336 Quod
458 306 547 328 autem
571 305 660 328 nosset
684 300 756 326 illum
777 307 836 326 esse
853 298 1015 333 proditorem

226 355 307 386 patet,
321 349 392 385 quod
413 349 467 384 jam
490 349 563 375 illum
579 356 650 383 sazpe
665 348 839 382 redarguerit.
857 351 885 373 nt
899 355 958 374 eum
974 346 1017 373 di-

227 396 273 427 xit,
285 395 341 422 Non
353 401 447 421 omnes
459 394 569 421 credunt
581 393 669 428 (Joan.
680 393 705 420 6.
715 393 776 426 65);
789 391 901 423 ct,Uuus
910 400 941 419 ea:
949 392 1017 418 vobis

225 440 340 468 diabolus
353 445 389 467 est
400 439 482 474 (Ibid.
492 448 515 466 υ.
526 440 583 473 7|).
596 439 722 466 Iudicavit
733 446 797 472 ergo
809 445 838 464 se
850 445 928 465 nosse
943 437 1015 464 illum

225 495 286 515 esse
303 486 475 521 proditorem,
500 494 552 512 non
573 493 637 512 vero
652 490 742 520 aperte
756 484 900 519 redarguit,
915 483 961 511 sed
977 483 1018 510 in-

225 533 316 564 dulsit,
338 532 408 567 quod
430 531 510 559 vellet
530 538 591 559 eum
611 539 625 557 a
648 531 783 565 proposito
808 537 942 557 revocare.
963 529 1017 555 Cur

226 587 290 613 ergo
304 579 370 605 alitis
389 578 468 610 dixit,
490 584 584 604 omnes
600 577 744 611 discipulos
759 576 798 603 sic
820 575 942 610 loquutus
957 582 1016 602 esse

227 625 331 660 (.lloult.
348 624 392 651 9.6.
409 623 457 660 8)?
479 623 511 651 Et
532 629 636 653 omnes.
657 627 684 650 et
706 622 749 649 ille
762 630 768 654 ;
783 621 830 649 sed
853 621 947 655 reliqui
964 628 1015 647 non

225 671 320 699 eodem
334 672 433 697 animo.

263 717 313 744 Cur
327 716 439 743 Christus
452 715 504 750 [uri
513 715 608 742 loculos
621 714 782 742 commiserit.
793 713 912 747 —Qnod
925 713 945 739 si
958 713 1016 748 quis

225 767 338 799 qu-rrat,
361 769 409 789 cur
433 761 481 788 furi
503 761 603 788 loculos
629 767 773 794 pauperum
793 758 965 790 commiserit,
990 764 1017 785 et

226 816 333 836 avarum
349 808 560 841 dispensatorem
583 806 690 838 fecerit,
712 805 942 840 respondebimus,
960 811 1015 830 rem

226 862 349 882 arcanam
366 861 447 880 unum
472 860 552 880 nosse
575 852 671 884 Deum;
691 850 760 885 quod
780 850 803 878 si
825 850 960 885 quidpiam
982 849 1016 876 sit

226 899 401 934 coujectaudn
421 898 563 926 dicendutn
579 906 584 924 :
606 902 635 925 ut
649 905 755 924 onmem
773 897 890 924 auferret
904 903 1016 923 excusa-

227 947 305 973 tionis
319 954 435 973 causam.
453 945 510 973 No:i
526 945 597 972 enim
612 944 704 972 dicere
725 947 829 978 poterat
845 951 874 970 se
888 951 919 969 ex
935 950 1015 977 pren-

228 994 329 1020 niarnm
345 1000 436 1019 amore
459 991 484 1018 id
510 991 615 1023 fecisse,
634 998 693 1016 cum
709 994 800 1024 posset
813 988 947 1023 cupiditati
963 995 1018 1015 sua)

225 1047 257 1067 ex
274 1039 368 1066 loculis
383 1038 468 1065 facere
484 1038 557 1068 satis,
571 1036 616 1064 sed
632 1044 663 1063 ex
679 1036 778 1071 ingenti
796 1035 922 1070 nequitia,
938 1042 1016 1068 quatit

227 1085 333 1112 volebat
356 1084 478 1111 Christus
501 1083 627 1110 cohibere
642 1103 649 1113 .
673 1081 834 1117 indulgentia
855 1088 917 1115 erga
945 1081 1017 1107 illum

227 1131 307 1157 multa
323 1138 395 1157 usus.
411 1129 588 1163 Quamobrem
601 1129 609 1144 ¹
624 1128 696 1155 illum
717 1127 846 1154 furantem
860 1134 911 1153 non
926 1133 1019 1160 argue-

228 1177 282 1209 bat,
297 1177 345 1204 etsi
362 1185 412 1202 non
430 1176 544 1205 tie-eius,
563 1175 620 1208 ejus
637 1175 732 1201 malam
753 1173 895 1200 obstrneas
917 1172 1018 1207 cupidi-

228 1227 318 1252 tatem.
334 1227 360 1248 ei
377 1229 481 1247 omnem
498 1219 623 1248 auferens
646 1219 856 1247 excusationem.
882 1218 965 1245 Sinite
986 1217 1018 1244 il-

228 1270 288 1299 laut,
304 1268 328 1294 in
341 1268 402 1301 ,uit;
417 1267 442 1293 in
462 1267 526 1293 diem
540 1265 677 1300 sepultura:
697 1273 757 1291 mete
772 1265 818 1290 liot:
837 1264 895 1298 fecit
918 1263 1019 1290 Rursus

229 1314 391 1349 proditorem
414 1312 549 1341 admonet.
573 1319 632 1338 cum
657 1310 801 1344 sepultura:
818 1309 947 1336 meminit.
966 1307 1018 1335 Sed

229 1368 281 1386 non
297 1360 402 1386 incessit
419 1358 492 1384 illum
509 1357 629 1389 monitio,
645 1363 730 1391 neque
745 1355 796 1382 hoc
808 1355 917 1382 verbum
934 1354 1017 1381 euiol-

231 1405 284 1432 livil
299 1414 305 1432 ;
320 1404 368 1431 etsi
390 1404 519 1437 pottnsset
542 1403 613 1429 illum
635 1402 660 1429 in
676 1401 933 1428 commiserationrm
958 1400 1020 1431 inLi-

229 1460 307 1481 cere;
324 1459 354 1479 ac
368 1452 389 1477 si
406 1451 506 1477 diceret
523 1459 528 1476 :
543 1449 669 1476 Molestus
682 1456 740 1474 sum
765 1452 792 1474 et
809 1454 938 1473 oucrosns
951 1454 958 1474 :
973 1446 1019 1472 sed

229 1502 352 1532 exspecta
369 1496 508 1531 paulisier.
535 1499 561 1522 et
576 1495 706 1529 migrabo.
734 1493 789 1520 lluc
810 1493 881 1519 enim
904 1491 1020 1525 respexit

230 1551 289 1571 cum
303 1543 401 1570 diceret
415 1551 422 1568 :
437 1541 463 1569 8.
483 1540 524 1567 Me
542 1546 625 1566 autem
643 1548 691 1566 non
706 1547 804 1573 semper
823 1537 954 1564 habt-bilis.
967 1536 1019 1563 Sed

231 1589 295 1615 nihil
324 1588 417 1614 horam
454 1586 536 1614 ferunt
560 1591 585 1613 et
613 1585 740 1612 furiasnm
767 1584 899 1611 hominem
926 1583 1020 1616 flexit,

231 1635 335 1663 etiamsi
350 1635 431 1661 tnnlta
446 1635 496 1661 alia
512 1633 609 1660 dixerit
625 1638 652 1660 et
668 1632 769 1664 fecerit,
785 1631 864 1666 pedes
875 1630 932 1665 ejus
947 1631 1020 1657 lave-

232 1681 266 1708 rit
278 1681 321 1708 illa
339 1684 425 1712 nocte,
441 1687 471 1707 ac
485 1686 584 1706 mensae
605 1683 759 1706 consortem
775 1677 876 1705 fecerit.
896 1676 966 1711 quod
981 1676 1021 1703 vel

233 1727 364 1754 latronum
388 1726 491 1752 animos
514 1724 632 1752 mulcere
655 1727 758 1758 potest;
775 1727 800 1750 et
824 1722 874 1748 alia
889 1722 967 1749 verba
981 1721 1022 1748 lo-

233 1778 331 1808 quntus
356 1773 405 1804 sit,
431 1779 489 1806 qua:
519 1774 627 1805 possent
649 1769 728 1796 etiam
755 1768 867 1803 lapidem
890 1767 1021 1795 emollire.

235 1821 267 1847 lit
282 1819 338 1846 brec
358 1827 409 1845 non
431 1817 512 1844 inulto
527 1821 604 1848 ante,
620 1815 667 1843 sed
688 1815 714 1842 in
737 1815 795 1849 ipso
815 1814 876 1845 die,
901 1821 934 1840 ne
954 1818 1023 1840 tem-

235 1873 284 1900 pus
299 1865 325 1891 in
349 1863 508 1890 oblivionem
535 1861 682 1889 induceret.
706 1860 758 1888 Sed
782 1860 910 1887 adversus
935 1859 1023 1887 omnia

235 1911 358 1947 perstitit.

269 1957 297 1984 5.
317 1955 427 1982 Avaritia
442 1959 562 1990 quantum
581 1954 612 1981 sit
631 1951 735 1980 malum.
752 1953 829 1979 Antor
844 1951 956 1987 pecuniae
969 1951 1024 1978 dte-

235 2012 307 2030 mone
319 2002 436 2029 deterior.
448 2016 483 2021 —
497 2000 591 2028 Gravis
604 2007 717 2034 namque
734 2003 775 2026 est
790 1998 901 2025 avaritia
917 2007 922 2022 :
937 1996 1025 2032 gravis

235 2054 318 2080 certe,
334 2055 391 2082 quae
407 2047 498 2073 oculos
513 2051 540 2073 et
553 2052 633 2073 aures
653 2045 771 2077 obturet,
787 2049 814 2071 et
829 2043 885 2071 fera
899 2043 1025 2070 sa'viores

236 2095 322 2123 reddit
337 2103 343 2121 :
360 2100 410 2120 ιιο;ι
425 2091 625 2123 εοιηδοὶιτιιιὶιιιη,
641 2098 693 2118 non
707 2089 859 2121 amicitiam,
876 2096 928 2116 non
940 2090 1026 2115 socie-

237 2145 328 2172 tatem,
344 2146 394 2167 noa
411 2138 545 2173 propriam
566 2137 678 2164 salutent
703 2136 821 2170 cogitare
835 2134 915 2166 sinit;
932 2134 978 2161 sed
992 2134 1026 2160 ab

236 2186 360 2213 omnibus
374 2185 450 2210 simul
462 2188 595 2214 avertens,
610 2189 678 2217 quos
689 2181 758 2215 capit
773 2181 798 2208 in
811 2180 966 2208 servitutem
981 2187 1025 2205 rc-

236 2232 312 2266 digit,
335 2234 360 2256 ut
384 2228 537 2263 gravissima
559 2227 676 2254 domina.
691 2227 819 2260 Quodque
843 2226 868 2252 in
890 2225 939 2252 bac
961 2224 1026 2251 dnra

237 2276 365 2304 servitute
388 2273 505 2301 deterius
527 2279 565 2300 εει
580 2293 588 2306 ,
613 2273 710 2307 gratias
733 2272 783 2298 sibi
807 2270 942 2298 habendas
968 2277 1027 2298 esse

239 2322 304 2357 ipsis
318 2319 410 2347 Suadet
420 2329 427 2352 ;
438 2324 465 2346 et
477 2324 576 2353 quanto
591 2318 674 2352 magis
689 2317 724 2344 dii
745 2317 869 2348 servitur,
885 2321 957 2343 tanto
971 2324 1029 2342 ma-

238 2369 279 2402 gis
304 2370 416 2401 augetur
438 2364 558 2398 voluptas
580 2373 585 2390 :
610 2363 723 2396 hineque
743 2362 897 2390 incnrahilis
922 2363 1029 2388 morbus

239 2413 365 2448 gignitur.
388 2411 454 2438 lliuc
476 2413 572 2437 venatu
593 2409 708 2436 difﬁcilis
735 2409 792 2436 lure
815 2408 869 2435 fera
894 2414 948 2440 est;
973 2408 1028 2435 hate

240 2459 312 2487 Giesi
328 2456 502 2490 exdiscipulo
524 2460 551 2483 et
573 2454 702 2490 propheta
723 2455 856 2490 leprosum
878 2453 955 2486 fecit;
972 2454 1029 2480 lm-C

242 2504 371 2533 Aminiam
396 2501 527 2538 perdidit;
551 2501 608 2528 ilth
634 2500 727 2528 Jndam
757 2499 920 2534 proditorem
949 2499 1028 2530 fecit;

242 2551 300 2578 luce
313 2550 446 2585 principes
459 2547 611 2576 Judmorum
624 2547 752 2581 corrupit,
768 2546 813 2581 qui
834 2546 901 2572 dona
917 2546 1032 2579 acc‘pie-

245 2597 307 2624 bant
319 2601 344 2623 ct
359 2595 445 2622 furum
459 2593 523 2621 socii
539 2593 738 2626 efficiebantur;
753 2592 811 2620 luce
825 2592 936 2627 plurima
953 2591 1029 2618 indu-

245 2643 283 2670 xit
303 2642 381 2670 bella.
397 2639 524 2675 sanguine
537 2639 603 2671 vias,
620 2639 744 2666 lamentis
757 2643 786 2667 et
797 2638 940 2673 gemitibus
953 2637 1033 2664 urbes

246 2688 376 2723 replevit;
388 2687 445 2714 lucc
462 2689 553 2714 creatis
574 2685 700 2721 impnras,
714 2692 873 2720 mensasque
891 2691 1033 2712 exsecran-

271 2754 318 2787 '_ln
331 2752 470 2787 Florilegio,
482 2756 510 2787 ut_
519 2752 687 2787 animadvertit
702 2751 809 2787 savilius,
821 2751 860 2776 hic
871 2751 939 2787 locus
949 2751 1036 2787 melius

248 2785 341 2820 habere
352 2782 510 2820 νγίιιθιῠιξίδειζ
520 2790 553 2820 gat
571 2783 876 2820 ingenti_nqquitia,_quqn_t
886 2782 909 2807 si
924 2783 1035 2820 cohibere

249 2815 357 2841 voluisset
365 2834 372 2844 ,
385 2822 430 2841 non
442 2813 582 2841 tradidisset
595 2813 777 2843 benefactorem.
789 2813 898 2844 Christus
908 2820 964 2839 vero
974 2813 1035 2839 mul-

251 2850 340 2904 ggzga
357 2843 425 2873 illum
442 2845 591 2879 indulgentia
611 2845 733 2876 multaque
750 2843 865 2877 patientia
886 2851 957 2876 usus,
968 2846 1038 2878 sit/re-

249 2883 326 2904 reuat.

638 150 665 178 S.
685 148 823 177 JOANNIS
835 147 1072 176 CIIRYSOSTOMI
1093 148 1250 176 AllClllEP.
1272 148 1538 178 (ONSTANTINOP.

1812 153 1864 182 36‘

1072 207 1131 241 das,
1146 208 1220 235 cibos
1240 209 1343 244 iniquos
1359 210 1482 238 reddidit.
1502 211 1603 239 Idcirco
1626 212 1758 241 idolorum
1778 216 1864 244 servi-

1071 257 1152 281 tutem
1167 254 1237 280 illam
1261 256 1364 282 roeavit
1380 256 1595 291 Paulns((.‘olon.
1609 258 1634 285 3.
1655 259 1693 293 5).
1709 259 1763 287 Sed
1778 267 1865 296 neque

1071 298 1104 325 ita
1122 299 1262 329 deterruit.
1284 301 1337 328 Cnr
1351 306 1439 329 autem
1462 303 1638 331 idololatriam
1656 304 1740 332 dicit?
1761 305 1865 335 llabent

1071 345 1145 371 multi
1160 345 1275 379 divitias,
1292 347 1396 381 illisque
1409 348 1445 374 uti
1461 356 1512 375 non
1529 349 1638 382 audent,
1659 350 1706 378 sed
1722 351 1783 379 illas
1796 359 1864 379 con-

1070 397 1185 420 secrant.
1207 398 1233 418 et
1253 394 1392 428 nepotibus
1416 395 1527 422 intactas
1547 397 1740 430 transmittunt,
1754 405 1863 425 cornut-

1070 445 1121 472 que
1138 439 1347 470 succt255oribus,
1367 442 1442 474 quasi
1459 441 1513 468 Deo
1525 442 1611 469 dicata
1633 445 1863 471 Inuneracontin-

1069 491 1132 518 gere
1155 492 1206 510 non
1227 486 1333 513 audent.
1360 486 1386 514 Si
1407 487 1514 522 qnamlo
1529 496 1594 515 vero
1614 489 1645 516 iis
1667 490 1704 517 uti
1720 495 1862 525 cogantur.

1071 529 1105 557 ita
1119 530 1204 557 affecti
1220 537 1280 558 sunt
1295 540 1326 559 ac
1340 533 1361 559 si
1374 541 1429 560 rem
1453 534 1571 561 illicitam
1592 534 1722 562 facerent.
1738 536 1862 571 Alioquin

1069 581 1159 603 autem
1173 585 1204 604 ac
1215 577 1236 604 si
1251 578 1310 612 quis
1326 579 1431 612 gentilis
1450 579 1620 607 simulacrum
1635 581 1643 597 ¹
1659 581 1771 614 coleret,
1785 582 1824 609 sic
1835 587 1862 610 tu

1070 628 1162 648 aurum
1180 623 1262 656 pet-tis
1284 628 1311 650 et
1325 625 1444 651 vectibus
1464 627 1562 657 innuis,
1578 633 1610 653 ac
1633 634 1681 662 pro
1696 628 1796 662 templo
1815 628 1862 656 tibi

1070 674 1158 693 arcam
1172 668 1276 700 statuis,
1288 673 1314 695 et
1327 669 1353 696 in
1364 671 1452 697 aureis
1464 671 1534 697 vasis
1544 671 1665 706 deponis.
1675 671 1728 700 Sed
1740 680 1793 700 non
1801 673 1863 700 ado-

1071 720 1114 739 ras
1126 713 1296 741 simulacrum
1310 720 1337 741 ut
1353 715 1419 742 ille?
1437 717 1470 743 At
1485 724 1591 744 onmem
1608 718 1657 753 ipsi
1670 719 1772 747 cultum
1784 719 1861 747 exhi-

1071 758 1128 785 bes.
1145 759 1300 793 Hojnsmodi
1315 760 1394 787 homo
1409 763 1482 796 prius
1493 763 1585 790 oculos
1599 768 1623 790 et
1636 764 1751 791 animam
1765 765 1861 797 tradat,

1069 811 1148 838 quam
1161 805 1260 831 idolum
1273 805 1346 832 illud.
1358 806 1413 833 Hoc
1424 806 1523 834 faciunt
1538 808 1594 834 auri
1609 813 1754 837 amatores.
1769 810 1804 837 At
1815 817 1863 838 au-

1070 859 1128 878 rum
1142 859 1192 878 non
1202 851 1293 884 adoro,
1308 852 1421 887 inquies.
1433 853 1526 889 Neque
1538 855 1581 882 ille
1593 854 1692 882 idolum
1699 856 1806 890 adorat,
1815 857 1860 885 sed

1070 895 1261 924 inltabitantem
1272 897 1432 925 dmmonem.
1446 899 1480 926 Ita
1489 904 1516 926 et
1529 904 1566 931 tu,
1576 900 1626 927 etsi
1636 908 1729 927 aurum
1741 909 1794 928 non
1802 902 1865 929 ado-

1070 949 1124 974 res,
1136 943 1182 969 sed
1196 943 1269 970 illum
1282 943 1378 971 adores
1391 944 1539 972 dzrmonem
1551 946 1594 980 qni
1608 953 1641 973 ex
1659 946 1715 974 auri
1727 947 1822 974 intuitu
1836 953 1864 976 et

1070 989 1285 1022 concupiscentia
1296 989 1321 1016 in
1332 995 1402 1016 tuam
1414 991 1513 1018 involat
1521 991 1646 1018 animam.
1656 992 1782 1020 DmInOue
1790 1001 1863 1020 nato-

1070 1041 1122 1068 qne
1132 1034 1249 1061 deterior
1259 1040 1299 1062 est
1308 1035 1478 1070 pecuniarum
1486 1036 1628 1071 cupiditas,
1639 1037 1683 1064 cui
1694 1038 1768 1064 multi
1779 1040 1863 1074 magis

1071 1081 1265 1116 obsequuntur,
1282 1090 1360 1115 quam
1384 1082 1462 1109 idolis
1481 1083 1535 1109 alii.
1555 1083 1586 1110 lli
1603 1091 1716 1119 namque
1731 1084 1757 1111 in
1772 1085 1864 1112 multis

1071 1135 1123 1154 non
1137 1132 1243 1161 parent;
1262 1127 1297 1154 illi
1313 1135 1376 1154 vero
1391 1127 1417 1154 in
1431 1128 1555 1155 omnibus
1569 1128 1677 1160 cedunt,
1697 1134 1723 1156 et
1735 1129 1862 1164 quidquid

1072 1172 1222 1199 faciendum
1232 1177 1364 1208 sliggerat,
1376 1174 1568 1208 obsequuntur.
1580 1174 1648 1208 Quid
1661 1174 1725 1201 dicit
1735 1175 1864 1202 avaritia?

1073 1219 1136 1246 Esto
1150 1219 1274 1246 omnibus
1283 1220 1367 1246 hostis
1376 1226 1400 1247 et
1415 1219 1548 1251 inimicus,
1562 1225 1682 1247 naturain
1692 1221 1862 1251 obliviscere.

1073 1265 1155 1291 Deum
1169 1269 1320 1298 contemne,
1336 1266 1453 1292 sacrifica
1468 1266 1534 1293 mihi
1551 1266 1664 1301 teipsum
1675 1275 1681 1292 :
1694 1272 1719 1294 tu
1732 1267 1758 1293 in
1775 1267 1862 1294 omnis

1073 1310 1121 1337 bus
1133 1310 1169 1336 illi
1183 1311 1378 1345 obtemperant.
1391 1311 1471 1337 idolis
1484 1311 1590 1346 quidem
1606 1311 1687 1338 boves
1701 1316 1727 1339 et
1739 1312 1863 1339 ovesim-

1073 1355 1221 1382 molantnr:
1237 1356 1348 1382 avaritia
1360 1361 1447 1383 antem
1461 1356 1535 1386 dicit.
1548 1357 1657 1384 lmmola
1672 1357 1735 1384 mihi
1748 1359 1864 1384 animum

1073 1406 1144 1428 tuam
1157 1410 1162 1428 :
1174 1406 1200 1428 et
1213 1409 1308 1428 avarus
1325 1409 1425 1429 morem
1442 1404 1518 1437 gerit.
1535 1402 1627 1429 Viden‘
1641 1404 1733 1437 quales
1746 1410 1809 1430 aras
1821 1404 1865 1430 ha~

1074 1447 1152 1474 beat?
1166 1447 1253 1482 qualia
1275 1448 1389 1482 excipiat
1409 1448 1558 1475 sacrificia?
1580 1448 1700 1483 Regnum
1727 1448 1772 1475 Dei
1793 1449 1865 1476 avari

1074 1501 1126 1520 non
1142 1493 1316 1527 pOssidebnnt
1332 1494 1368 1527 (i.
1385 1492 1445 1521 Cor.
1462 1494 1488 1520 6.
1504 1493 1564 1528 l0):
1579 1501 1611 1520 ac
1624 1493 1687 1520 nihil
1703 1499 1792 1521 tamen
1809 1493 1864 1521 for-

1075 1539 1184 1566 midant.
1196 1539 1275 1574 Atqui
1286 1539 1342 1566 lucc
1350 1539 1480 1574 cupiditas
1491 1539 1610 1566 omnium
1625 1538 1806 1566 inﬁrmissima
1815 1544 1864 1566 e-t.

1074 1585 1165 1621 Neque
1177 1586 1247 1614 enim
1258 1587 1357 1617 innata,
1370 1593 1456 1621 neque
1466 1585 1593 1614 naturalis
1601 1590 1642 1614 est
1653 1596 1659 1614 :
1668 1585 1787 1622 alioquin
1795 1586 1865 1614 enini

1074 1632 1152 1659 nobis
1165 1639 1180 1658 a
1197 1631 1327 1666 principio
1337 1631 1483 1660 adfuisset:
1499 1638 1524 1658 at
1541 1632 1617 1659 initio
1627 1640 1719 1659 aurum
1733 1639 1786 1659 non
1798 1636 1865 1663 erat.

1075 1685 1125 1705 nec
1139 1685 1232 1704 aurum
1246 1679 1377 1714 quispiam
1389 1679 1503 1706 amabat.
1520 1679 1553 1705 At
1567 1679 1588 1705 si
1600 1678 1689 1711 vultis,
1703 1678 1791 1705 dicam
1798 1677 1868 1705 unde

1076 1724 1172 1752 malum
1186 1723 1333 1758 irrepserit.
1347 1724 1449 1759 Singuli
1464 1731 1511 1751 eos
1525 1724 1568 1758 qui
1582 1729 1777 1759 praecesserant
1786 1731 1868 1750 aemu-

1077 1771 1133 1802 lati,
1149 1771 1271 1798 morbum
1292 1776 1435 1804 auxerunt,
1459 1776 1485 1798 et
1498 1771 1539 1797 vel
1553 1771 1664 1797 invitum
1681 1770 1773 1798 incitat
1788 1770 1810 1797 is
1824 1770 1866 1804 qni

1076 1818 1222 1853 pratcessit.
1239 1818 1305 1846 Cum
1318 1818 1408 1846 vident
1425 1819 1495 1846 enim
1512 1818 1666 1854 splendidas
1688 1818 1770 1852 mdes,
1787 1825 1866 1853 agro-

1077 1873 1135 1892 rum
1149 1865 1264 1899 copiam,
1277 1872 1414 1892 servorum
1424 1873 1529 1899 greges,
1540 1869 1665 1899 argentea
1674 1871 1750 1898 vasa,
1764 1869 1791 1892 et
1802 1864 1869 1891 mul-

1078 1917 1130 1939 tam
1146 1912 1260 1939 vestium
1272 1912 1434 1947 congeriem,
1456 1911 1520 1938 nihil
1537 1919 1589 1938 non
1610 1915 1692 1945 agunt
1704 1915 1733 1937 ut
1748 1910 1808 1938 illos
1822 1915 1867 1937 su-

1077 1963 1189 1994 perent:
1204 1963 1232 1986 ut
1245 1959 1321 1993 primi
1344 1957 1478 1991 secundis,
1495 1957 1520 1984 bi
1542 1957 1715 1992 sequentibus
1727 1963 1806 1984 causa
1821 1964 1868 1983 cu-

1078 2004 1167 2040 piendi
1181 2004 1321 2031 exsistant.
1338 2003 1413 2038 Quod
1428 2004 1449 2030 si
1463 2003 1610 2030 voluissent
1623 2002 1759 2029 moderate
1778 2008 1868 2036 agere,

1079 2060 1131 2078 non
1147 2051 1206 2078 aliis
1227 2051 1350 2078 doctores
1366 2050 1493 2082 fuissent;
1516 2050 1569 2076 imo
1589 2056 1676 2083 neque
1699 2048 1740 2075 liis
1763 2048 1816 2075 ulla
1831 2053 1870 2074 est

1079 2098 1224 2126 excusatio.
1240 2097 1308 2125 Sunt
1322 2097 1394 2124 enim
1413 2096 1455 2123 alii
1470 2097 1514 2131 qui
1531 2095 1657 2130 pecunias
1678 2099 1817 2130 spernant.
1837 2093 1870 2120 Et

1079 2144 1139 2179 quis
1153 2144 1264 2178 spernit,
1282 2143 1402 2178 inquies?
1423 2142 1499 2176 Quod
1515 2142 1585 2169 enim
1607 2142 1715 2177 gravius
1733 2145 1785 2172 est,
1800 2145 1868 2167 tanta

1081 2191 1159 2225 lmjns
1175 2190 1229 2217 vitii
1246 2190 1285 2217 vis
1303 2194 1354 2221 est,
1377 2194 1405 2216 ut
1426 2189 1547 2216 videatur
1562 2195 1614 2215 non
1638 2195 1715 2221 posse
1737 2187 1868 2221 superari,

1082 2244 1130 2263 nec
1140 2235 1265 2263 credatur
1274 2235 1424 2270 quempiam
1438 2241 1497 2261 es=e
1512 2234 1556 2269 qni
1570 2233 1731 2260 contrariam
1748 2232 1870 2259 virtutem

1081 2286 1208 2309 sectetur.
1226 2282 1321 2309 Multos
1335 2286 1423 2308 tamen
1440 2279 1592 2314 linjusmodi
1608 2286 1750 2306 numerare
1764 2283 1870 2312 possum

1081 2332 1107 2356 et
1121 2328 1146 2354 in
1158 2327 1268 2354 urbibus
1282 2332 1308 2354 et
1321 2327 1346 2354 in
1362 2326 1505 2353 montibus.
1523 2325 1555 2352 Et
1573 2325 1636 2358 quid
1651 2324 1712 2351 inde
1725 2323 1811 2350 lucri?
1825 2330 1872 2349 ne-

1081 2382 1133 2410 que
1148 2373 1218 2401 enim
1235 2373 1297 2400 hinc
1311 2372 1436 2400 meliores
1446 2370 1574 2399 evadetis.
1588 2369 1711 2404 Alioquin
1722 2373 1813 2396 autem
1822 2375 1872 2395 non

1083 2421 1116 2448 de
1131 2420 1173 2447 his
1188 2419 1263 2447 nobis
1279 2426 1368 2446 sermo
1381 2425 1451 2445 nunc
1465 2422 1516 2450 est,
1532 2424 1581 2444 nec
1593 2416 1706 2444 dicimus
1717 2415 1824 2442 divitias
1835 2413 1873 2441 ef-

1084 2467 1157 2494 fundi
1171 2470 1312 2500 oportere:
1335 2464 1432 2492 vellem
1457 2463 1563 2497 utique;
1578 2462 1624 2488 sed
1640 2461 1699 2496 quia
1715 2459 1803 2494 majus
1817 2466 1876 2486 esse

1084 2519 1152 2540 onus
1163 2512 1276 2543 videtur,
1293 2518 1346 2538 non
1360 2517 1464 2544 cogam,
1476 2508 1522 2535 sed
1538 2508 1630 2535 hortor
1642 2513 1674 2533 ne
1685 2506 1771 2532 aliena
1784 2511 1877 2532 concu-

1086 2557 1204 2594 piscatis,
1221 2561 1300 2592 atque
1315 2564 1348 2582 ex
1363 2554 1531 2582 facultatibus
1547 2552 1706 2587 Iargiamiui.
1722 2550 1819 2577 Multos
1830 2557 1876 2576 au-

1087 2608 1138 2631 tem
1153 2603 1320 2630 inveniemus
1336 2601 1415 2628 rebus
1429 2601 1486 2627 suis
1507 2603 1657 2630 contentos,
1674 2605 1721 2624 sua
1742 2600 1877 2627 curantes,

1087 2655 1113 2678 et
1127 2657 1160 2678 ex
1175 2648 1254 2684 justis
1276 2647 1411 2675 laboribus
1425 2647 1523 2673 victum
1539 2650 1673 2680 parantes.
1693 2643 1748 2671 Cur
1762 2649 1817 2669 non
1831 2641 1879 2668 hos

1088 2695 1223 2723 imitamur
1237 2698 1264 2722 et
1275 2692 1450 2721 acmulamur?
1463 2691 1616 2726 Cogitemus
1635 2696 1683 2717 eos
1695 2688 1740 2724 qui
1754 2691 1818 2715 ante
1834 2694 1880 2713 nos

1090 2742 1217 2769 fuerunt:
1234 2747 1322 2767 annon
1343 2739 1450 2766 illorum
1467 2737 1565 2773 [media
1579 2739 1660 2768 stant,
1681 2734 1746 2762 dum
1759 2734 1876 2769 ipsorum

1090 2788 1145 2816 sola
1160 2785 1267 2815 nomina
1286 2783 1527 2813 circumferuntur?
1541 2783 1580 2811 Eu
1602 2781 1680 2817 hujus
1694 2780 1831 2811 balneum,
1846 2776 1877 2804 ιι-

1124 2878 1132 2892 ¹
1151 2875 1198 2901 Alii
1207 2874 1312 2906 addunt,
1323 2880 1432 2901 manu.
