2036 3119
243 163 294 190 Ξϐεῖ

243 223 320 246 erant
334 223 358 245 et
373 217 474 252 cupidi,
489 217 613 251 ipsosque
625 215 745 242 hostibus
760 214 909 246 tradebant,
925 213 1029 249 plebem

244 264 433 291 subverti-bant
454 266 479 289 et
495 261 616 288 hostibus
639 260 759 288 subditos
779 259 924 287 reddebant
940 269 947 286 :
962 258 1032 286 Con-

243 309 307 342 ﬁde,
321 307 415 342 inquit,
428 307 470 333 hic
481 313 532 332 non
546 305 603 332 talis
614 309 665 337 est,
681 305 726 333 sed
741 309 894 332 mansuetus
907 309 934 331 et
944 304 1030 335 milis;

242 354 312 389 quod
333 361 365 380 ex
381 353 454 379 asina
468 352 628 380 ostenditur.
653 351 744 386 Neque
768 352 838 378 enim
853 350 970 377 exercitu
986 349 1033 376 sti-

241 404 319 433 patus
337 399 472 432 ingressus
486 403 526 425 est
539 418 545 428 .
561 397 608 424 sed
623 405 683 424 eum
697 397 770 423 asina
787 401 898 423 tantum.
916 396 959 422 16.
976 394 1032 421 Hoc

241 450 325 471 autem
340 443 491 477 nesciebant,
507 444 600 477 inquit,
615 442 735 478 discipuli
750 442 814 477 rjus,
830 441 898 476 quod
912 440 1032 474 scriptum

242 491 273 517 de
285 490 330 517 illo
344 495 418 517 esset.
435 488 528 517 Viden‘
544 489 604 516 illos
619 489 731 523 plurima
745 489 892 523 ignorasse.
903 487 964 521 quia
976 486 1032 520 ipse

241 536 360 563 nondum
382 537 422 563 eis
442 535 629 563 revelaverat‘.’
653 535 718 562 Nam
743 542 803 561 cum
825 534 912 565 dixit,
936 532 1033 559 Soluite

243 583 366 617 templum
380 582 426 609 ltoc
438 603 448 615 ,
462 586 485 608 et
499 582 526 608 in
542 581 620 608 tribus
636 580 723 607 diebus
737 578 850 606 excitabo
864 579 930 605 illud
942 577 1030 613 (Joan.

244 628 271 655 2.
291 628 341 663 19)
361 637 367 655 :
384 635 472 662 neque
493 632 556 654 tunc
578 627 766 654 intellexerunt
780 624 902 659 discipuli
915 623 984 659 ejus.
1000 623 1033 650 Et

241 675 311 702 alius
325 674 486 709 evangelista
499 673 593 707 (Marc.
604 673 630 700 9.
642 671 670 707 9)
679 672 755 705 dicit,
769 671 954 699 absconditum
968 669 1033 697 fuis-

244 728 274 748 se
300 727 451 748 sermonem
466 719 500 747 ab
521 720 570 752 eis,
585 726 635 746 nec
647 718 756 745 scivisse
773 720 984 744 resurrecturum
999 715 1032 742 il-

242 767 297 794 lum
318 773 377 794 esse
390 774 404 792 a
418 766 542 793 mortuis.
556 765 608 793 Sed
626 766 676 792 hoc
694 765 756 799 jure
779 763 964 791 absconditum
979 762 1033 789 illis

243 817 310 840 erat.
318 813 485 848 Quapropter
497 812 564 839 alius
572 811 732 846 evangelista
742 810 847 845 (Matth.
861 809 904 836 17.
914 808 959 842 22)
971 815 1031 835 nar-

243 864 282 886 rat
307 858 378 893 ipsos
394 858 496 893 singula
519 858 657 885 audientes
670 857 787 884 doluisse
800 861 826 883 et
845 860 954 882 mcestos
969 854 1033 881 fuis-

243 912 284 932 se.
306 904 334 932 id
354 909 442 932 autem
464 904 633 939 contingebat
648 902 719 938 quod
735 902 956 930 resurrectionem
980 907 1032 927 non

243 956 362 979 nossent.
376 950 413 978 Et
430 951 490 985 jure
504 950 530 977 id
552 949 733 977 occultabatur
757 947 831 983 ipsis,
848 947 908 982 quia
928 946 1033 973 illorum

243 1002 349 1031 captum
364 996 508 1031 superabat
525 1004 532 1022 :
546 996 628 1022 asinze
650 1002 713 1022 vero
727 993 836 1021 historia
847 1000 897 1020 cur
920 992 971 1019 illis
989 999 1034 1019 oe-

243 1043 314 1071 culta
328 1043 397 1070 fuit?
408 1042 475 1076 Quia
490 1042 547 1069 haec
560 1049 666 1076 quoque
677 1048 720 1068 res
734 1043 906 1075 magnaerat.

277 1089 305 1117 2.
316 1088 385 1116 Vide
395 1093 484 1116 autem
495 1087 666 1122 evangelista
678 1085 884 1120 philosophiam,
898 1083 1034 1119 quomodo

243 1143 296 1163 non
310 1135 450 1163 erubescat
456 1133 706 1170 pristinamillorum
717 1130 1032 1167 iguorantiamproti-teri.

243 1181 318 1216 Quod
333 1181 459 1216 scriptum
473 1185 545 1208 esset
554 1179 673 1207 sciebant
683 1187 691 1210 ;
701 1178 771 1214 quod
785 1185 849 1205 vero
862 1177 895 1205 de
909 1177 954 1204 illo
968 1176 1035 1204 scri-

242 1233 317 1262 ptum
329 1232 410 1259 esset,
425 1226 450 1254 id
461 1225 626 1261 ignorabant.
636 1224 701 1252 Nam
712 1229 785 1252 certe
793 1224 845 1251 hoc
857 1223 909 1250 illis
923 1222 1019 1250 oﬁ‘entii
1027 1236 1034 1242 -

243 1273 304 1300 culo
318 1273 432 1300 futurum
447 1276 515 1305 erat,
525 1272 547 1298 si
559 1279 606 1298 rex
618 1278 679 1298 cum
692 1274 773 1303 esset.
784 1270 841 1297 haec
855 1273 927 1297 esset
940 1276 1034 1304 passu-

244 1326 301 1351 rus,
314 1323 393 1353 atque
408 1319 441 1345 ita
454 1318 606 1345 tradendus.
620 1317 742 1352 Alioquin
757 1320 846 1343 autem
863 1323 914 1342 non
932 1319 984 1342 tam
997 1314 1034 1341 fa-

244 1364 296 1391 cile
309 1364 378 1398 quod
390 1371 499 1398 regnum
515 1363 578 1390 illud
589 1367 660 1390 esset
673 1362 875 1389 intellexissent.
892 1360 956 1388 Nam
967 1361 1034 1387 alius

244 1409 405 1445 evangelista
416 1410 490 1442 dicit,
501 1410 535 1436 de
546 1409 624 1443 hujus
639 1408 728 1435 mundi
742 1415 824 1443 regno
837 1407 888 1435 diei
898 1407 1034 1442 potavisse

246 1457 255 1491 (
272 1455 341 1483 Ibid.
353 1455 398 1483 20.
409 1455 466 1490 25).
483 1455 527 1482 17.
553 1453 745 1488 Testi/icabatur
765 1458 849 1480 autem
864 1453 954 1484 turba,
967 1452 1034 1487 quod

244 1501 371 1529 Lazarum
385 1502 568 1528 resuscitasset.
586 1500 643 1527 Non
664 1500 736 1527 enim
758 1503 797 1526 tot
809 1505 920 1534 repente
942 1499 1033 1526 Illlllttli

244 1548 367 1579 fuissent,
384 1547 479 1582 inquit,
496 1546 546 1574 nisi
562 1546 638 1581 signo
650 1545 837 1574 credidissent.
854 1544 897 1572 19.
911 1543 1036 1571 Pharistei

244 1599 328 1621 autem
342 1593 459 1620 dixerunt
472 1593 535 1626 illis,
553 1592 647 1619 Videtis
661 1592 720 1627 quia
732 1592 797 1618 nihil
809 1591 930 1627 pro/icitia
939 1591 952 1617 Ρ
972 1590 1036 1617 Ecce

244 1641 355 1668 mundus
365 1646 432 1668 totus
443 1646 499 1676 post
511 1640 581 1668 illum
593 1639 655 1666 abit.
673 1639 728 1666 Iloc
736 1639 835 1666 dictum
853 1637 916 1665 mihi
932 1637 1036 1664 videtur

245 1687 279 1714 ab
295 1687 327 1714 iis
338 1687 382 1721 qni
396 1694 467 1713 sana:
482 1686 580 1713 mentis
591 1690 677 1717 erant,
693 1692 741 1712 nec
750 1684 882 1711 audebant
896 1683 982 1718 palam
993 1683 1035 1710 lo-

245 1732 308 1766 qui;
323 1737 351 1760 et
365 1740 397 1759 ex
411 1735 509 1759 eventu
534 1730 706 1758 confutabant
721 1730 790 1762 illos,
819 1733 848 1756 ut
866 1729 909 1763 qui
933 1729 1036 1755 inutilia

246 1782 390 1805 tentarent.
407 1777 532 1804 Mundum
557 1782 645 1803 autem
660 1776 702 1803 hic
720 1775 822 1802 turbam
836 1779 941 1802 vocant.
961 1773 1037 1802 Solet.

245 1824 319 1850 enim
329 1823 465 1858 Scriptura
481 1822 608 1849 mundum
624 1821 714 1849 dicere
729 1826 757 1848 et
778 1825 914 1848 creaturas
927 1841 934 1852 ,
949 1825 977 1848 et
990 1828 1037 1848 eos

246 1869 292 1904 qui
308 1870 334 1896 in
349 1869 466 1903 nequitia
482 1869 592 1896 vivunt:
608 1867 671 1894 illud
697 1867 803 1902 quidem
825 1874 886 1893 cum
902 1867 947 1896 ait.
964 1865 1036 1900 Effe-

246 1923 304 1942 reas
317 1914 453 1941 secundant
463 1922 593 1941 numerum
604 1913 725 1940 mundum
739 1921 811 1940 suum
824 1912 848 1948 (1
852 1913 899 1939 sai.
912 1913 956 1940 40.
969 1912 1015 1946 26)
1028 1921 1035 1940 :

247 1959 298 1987 hoc
311 1967 374 1987 vero
386 1967 446 1987 cum
464 1959 539 1992 dicit,
555 1958 666 1985 Mundus
677 1966 729 1985 ,νος
754 1966 804 1984 non
823 1958 887 1990 odit,
901 1966 941 1984 me
952 1962 1037 1984 autem

246 2007 298 2033 odit
314 2006 402 2043 (Joan.
419 2006 445 2032 7.
457 2005 495 2041 7).
511 2005 573 2032 llzcc
588 2009 710 2031 accurate
720 2004 790 2031 scire
803 2011 850 2038 par
860 2008 910 2036 est,
922 2011 956 2031 ne
970 2011 1036 2038 prii!-

247 2059 288 2082 tcr
310 2054 446 2081 nominum
469 2052 689 2087 s'gnillcatiouem
712 2050 828 2078 bterclici
856 2058 948 2077 ansam
971 2050 1036 2077 arri-

247 2101 330 2135 piant.
344 2099 388 2126 20.
402 2098 482 2125 Erant
496 2103 579 2124 atttent
599 2097 701 2132 quidam
724 2096 838 2132 gentiles,
854 2097 897 2132 qui
918 2096 1037 2123 ascende-

246 2152 304 2173 rant
316 2147 425 2174 atlorare
437 2146 462 2172 in
477 2145 644 2172 solemnitate.
667 2143 733 2171 Cum
755 2143 810 2178 jam
824 2151 907 2178 prope
924 2147 996 2170 esset
1008 2148 1037 2170 ut

249 2193 375 2228 prosclyti
392 2193 494 2225 ﬁerent,
512 2195 642 2218 venerant
653 2190 686 2218 ad
697 2190 904 2221 solemnitatem.
924 2193 953 2216 et
968 2189 1037 2216 fama

247 2239 374 2266 commoti
398 2238 488 2265 dicunt
503 2246 510 2264 :
524 2237 570 2264 2i.
593 2235 716 2263 Volumus
728 2235 920 2262 Jesumrvidere.
937 2234 1037 2268 Philip-

248 2293 298 2320 pus
311 2289 398 2312 autem
413 2284 546 2311 Andream
562 2283 629 2316 adit,
644 2287 736 2317 utpote
745 2281 790 2317 qui
804 2282 889 2316 ipsum
904 2280 1038 2315 praecede-

249 2335 302 2362 ret,
316 2335 342 2357 et
357 2337 413 2357 rem
425 2330 449 2357 ei
461 2329 648 2357 communicat.
667 2328 763 2356 Verum
778 2335 831 2354 non
844 2327 902 2354 sine
914 2326 1038 2354 cautione

249 2384 300 2404 nec
311 2376 397 2410 palam
409 2375 435 2402 id
448 2374 533 2402 facit:
549 2373 670 2402 audierat
690 2373 773 2406 enim,
789 2372 822 2399 In
839 2374 904 2400 viam
925 2373 1038 2407 gentium

250 2430 281 2449 ne
296 2421 407 2448 abieritis
422 2420 431 2455 (
448 2419 542 2446 Matth.
557 2419 600 2447 10.
617 2419 634 2447 5
648 2417 668 2454 ).
685 2417 747 2445 Ideo
761 2425 817 2445 rem
832 2425 892 2445 cum
908 2417 1038 2453 discipulo

249 2467 471 2494 communicatam
493 2465 619 2500 Magistro
632 2465 713 2492 refert
728 2471 735 2491 :
749 2465 829 2491 ambo
848 2465 918 2491 enim
942 2463 968 2491 id
994 2472 1037 2491 re-

249 2514 368 2540 tulerunt
380 2513 416 2539 ei.
444 2512 490 2539 Ille
505 2519 568 2539 vero
583 2511 653 2546 quid
666 2511 753 2538 dicit?
775 2511 821 2538 25.
840 2509 912 2537 Venit
935 2511 997 2538 liora
1012 2516 1038 2537 ut

249 2559 403 2593 clariﬁcetur
416 2557 500 2585 Filius
523 2558 640 2585 hominis.
656 2557 702 2584 24.
719 2556 778 2584 Nisi
800 2565 906 2592 granum
921 2558 1039 2592 frumenti

248 2605 343 2632 cadens
354 2605 381 2631 in
395 2609 488 2630 terram
506 2608 635 2630 mortuum
649 2603 735 2638 fuerit,
749 2603 833 2638 ipsum
846 2603 928 2629 solum
944 2607 1037 2629 manet.

249 2650 319 2684 Quid
335 2650 464 2685 signiﬁcat
487 2649 569 2681 illud,
591 2648 663 2676 Venit
685 2649 769 2676 liora?
789 2649 911 2680 Dixerat,
927 2647 961 2674 In
975 2649 1039 2674 viam

250 2697 361 2732 gentium
375 2703 406 2722 ne
416 2695 536 2727 abieritis,
550 2702 656 2722 omnem
671 2694 769 2722 Judaais
784 2693 964 2730 praascindeus
977 2701 1038 2728 per-

250 2741 359 2769 vicacia:
369 2749 479 2774 ansam;
494 2741 552 2768 illos
565 2739 694 2768 cohibuit.
710 2739 776 2767 Cum
790 2744 878 2768 autem
895 2739 931 2766 illi
943 2739 1039 2767 iunno-

251 2787 333 2823 rigori
355 2792 504 2820 manerent,
532 2787 646 2822 gentiles
667 2792 754 2814 autem
776 2785 904 2814 accedere
930 2786 1039 2817 vellent,

252 2834 369 2870 Tempus
382 2834 500 2866 demum,
515 2834 607 2869 inquit.
619 2838 662 2861 est
675 2833 707 2860 ad
720 2833 869 2868 passionem
886 2832 1040 2864 accedendi,

252 2885 313 2908 cum
336 2881 423 2907 omnia
448 2880 553 2915 impleta
574 2880 635 2906 sint.
655 2879 721 2906 Nam
742 2880 763 2907 si
775 2879 975 2907 contumacibus
991 2878 1042 2906 illis

625 160 652 187 S.
668 157 805 186 .lOANNIS
824 155 1061 185 CHRYSOSTOHI
1083 156 1241 185 ARClllEP.
1261 156 1526 185 CONSTANTINOP.

1820 155 1855 183 3G
1860 155 1877 183 8

1086 220 1191 248 semper
1207 214 1384 246 timeremus,
1401 213 1513 249 illosque
1529 213 1657 241 accedere
1677 214 1797 242 volentes
1819 223 1873 243 non

1084 260 1295 294 admitteremus,
1307 260 1442 295 indignum
1454 260 1504 288 hoc
1516 266 1586 288 esset
1598 260 1762 295 providentia
1773 267 1873 289 nostra.

1084 306 1150 339 Quia
1172 307 1251 341 igitur
1269 306 1415 341 diseiptllos
1439 314 1502 334 suos
1521 311 1581 342 post
1601 314 1706 334 crucem
1729 307 1761 334 ad
1783 312 1875 342 gentes

1085 352 1214 379 missurus
1234 356 1293 380 erat
1305 373 1313 385 ,
1328 359 1387 379 cum
1407 352 1480 380 videt
1499 352 1558 379 illas
1576 351 1630 387 jam
1646 352 1774 380 accedere
1787 372 1794 385 ,
1817 352 1873 383 ait,

1084 397 1202 432 Tempus
1216 402 1258 424 est
1278 403 1306 424 ut
1326 397 1360 425 ad
1375 405 1481 425 crucem
1497 398 1612 424 veniam.
1636 397 1694 425 Non
1716 402 1793 425 antea
1814 398 1876 425 sivit

1085 443 1212 472 accedere
1222 465 1229 476 ,
1247 449 1276 471 ut
1288 444 1313 471 id
1329 449 1399 472 esset
1414 444 1439 471 in
1455 445 1634 472 testimonium
1648 445 1710 472 illis.
1726 446 1874 481 Antequam

1085 490 1156 517 enim
1169 490 1242 518 illum
1257 491 1428 526 repellerent,
1442 496 1581 526 antequam
1592 491 1618 518 in
1632 499 1739 519 crucem
1753 497 1874 527 agerent.

1086 543 1137 562 non
1154 535 1237 568 dixit,
1253 536 1348 563 Euntes
1357 538 1442 563 docete
1456 545 1542 564 omnes
1553 542 1656 572 gentes;
1668 537 1715 565 sed
1726 558 1734 569 ,
1757 537 1789 564 In
1810 539 1877 565 viam

1084 582 1197 617 gentium
1216 590 1248 608 ne
1262 582 1373 609 abieritis
1383 582 1487 609 (Matth.
1497 582 1543 610 28.
1555 583 1597 610 19.
1609 589 1632 610 et
1645 584 1686 610 10.
1698 584 1737 618 5);
1752 588 1780 611 et
1790 604 1798 616 ,
1817 583 1876 611 Non

1085 628 1176 655 missus
1189 636 1246 654 sum
1260 628 1308 654 nisi
1322 628 1356 655 ad
1370 636 1427 655 oves
1447 637 1504 663 qua!
1524 629 1652 663 perierunt
1672 630 1761 657 domus
1775 629 1857 657 Israel
1866 637 1876 660 ,'

1085 677 1113 701 et
1124 694 1131 704 .
1147 673 1207 700 Non
1219 679 1255 700 est
1273 674 1365 701 honuni
1381 675 1468 709 accipe
1476 683 1502 702 re
1514 683 1604 709 panem
1622 675 1731 707 ﬁliorum
1744 696 1751 708 ,
1772 681 1796 702 et
1816 676 1878 703 dare

1085 718 1188 746 canibus
1199 718 1285 755 (Ibid.
1303 720 1345 747 15.
1361 720 1405 747 2i.
1419 721 1454 748 26
1466 721 1486 755 ).
1501 721 1568 749 Cum
1578 726 1666 749 autem
1677 722 1739 748 odio
1750 722 1877 749 haberent

1086 771 1157 796 eum,
1172 769 1199 791 et
1214 764 1248 791 ita
1263 764 1324 792 odio
1337 765 1475 798 baberent,
1489 770 1517 793 ut
1527 766 1691 799 occiderent,
1707 767 1871 802 superﬂuum

1086 814 1142 836 erat
1165 810 1327 844 persistere,
1351 811 1529 839 renitentibus
1551 811 1613 839 illis.
1637 812 1700 839 Nam
1721 817 1877 840 recusarunt

1086 855 1160 882 illum
1188 855 1326 888 dicentes,
1352 855 1411 884 Non
1431 856 1550 885 Imitemur
1572 866 1655 893 regent
1681 858 1730 885 nisi
1753 858 1876 886 Cesarem

1087 900 1176 935 (Joan.
1187 901 1233 928 19.
1250 902 1313 937 15).
1336 902 1411 930 Tunc
1423 903 1530 930 demum
1543 902 1604 930 illos
1615 903 1718 931 dimisit
1728 925 1735 934 ,
1750 904 1811 938 quia
1828 904 1876 938 ipsi

1087 947 1189 982 priores
1202 947 1366 976 dimiserant.
1383 949 1444 976 Ideo
1459 949 1536 981 dicit,
1560 949 1662 982 Quoties
1684 950 1752 977 volui
1763 958 1872 985 congru-

1086 1001 1148 1027 garc
1159 994 1227 1028 ﬁlios
1241 1000 1337 1022 vestros
1348 1015 1356 1027 ,
1371 999 1395 1021 et
1407 995 1523 1022 noluistis
1536 995 1545 1030 (
1559 995 1651 1022 Matth.
1666 996 1710 1022 25.
1723 995 1756 1023 57
1765 995 1796 1031 )?
1809 995 1877 1029 Quid

1087 1039 1136 1066 sibi
1150 1040 1215 1072 vult,
1232 1039 1346 1067 Granum
1360 1041 1490 1076 frumenti,
1504 1041 1554 1068 nisi
1566 1041 1658 1068 cadens
1668 1041 1694 1068 in
1707 1046 1800 1068 terram
1811 1050 1880 1068 mor—

1087 1089 1156 1111 tuum
1172 1086 1268 1120 fuerit?
1283 1086 1320 1113 De
1331 1093 1410 1114 cruce
1425 1086 1551 1120 loquitur.
1563 1086 1602 1115 Ne
1614 1088 1684 1115 enim
1699 1087 1876 1119 turbarentur,

1090 1130 1238 1165 cogitantes
1252 1136 1314 1158 tunc
1327 1131 1401 1158 illum
1413 1133 1529 1159 occisum
1543 1132 1639 1166 fuisse,
1653 1141 1712 1160 eum
1727 1139 1819 1168 gentes
1833 1141 1878 1161 ac-

1087 1182 1243 1211 cesserunt,
1259 1178 1343 1205 dicit:
1358 1178 1414 1206 Hoc
1427 1179 1499 1213 ipsos
1519 1179 1634 1206 maxime
1648 1179 1681 1206 ad
1699 1180 1878 1207 accedendum

1088 1223 1207 1257 inducit,
1224 1223 1274 1250 ltoc
1290 1224 1511 1258 praedicationem
1536 1233 1622 1252 meam
1646 1226 1760 1260 augebit.
1779 1226 1878 1254 Deinde

1087 1270 1147 1304 quia
1161 1269 1329 1297 sermonibus
1342 1278 1393 1297 non
1408 1271 1444 1297 ita
1466 1270 1652 1305 persuadebat.
1667 1278 1681 1298 a
1695 1279 1783 1299 rerum
1795 1279 1878 1307 espe-

1088 1317 1183 1344 rientia
1200 1317 1271 1351 ipsos
1286 1317 1368 1344 allicit
1382 1318 1474 1345 dicens
1490 1327 1497 1345 :
1514 1318 1541 1345 In
1558 1318 1691 1346 frumento
1706 1319 1757 1346 hoc
1769 1319 1877 1352 accidit,

1089 1367 1117 1388 ut
1132 1367 1252 1389 mortuus
1261 1363 1389 1398 majorem
1408 1363 1521 1391 fructum
1538 1364 1641 1391 atterat.
1655 1364 1682 1391 Si
1696 1363 1746 1392 hoc
1756 1364 1783 1392 in
1795 1365 1876 1392 semi-

1088 1408 1176 1440 nibus.
1191 1409 1275 1435 multo
1290 1409 1374 1444 magis
1386 1409 1413 1436 in
1427 1417 1480 1436 me.
1497 1409 1593 1436 Verum
1607 1409 1729 1444 discipuli
1743 1410 1813 1437 dicta
1826 1418 1878 1437 non

1089 1454 1286 1482 intellexerunt.
1296 1456 1389 1489 Quare
1403 1455 1557 1491 frequenter
1581 1456 1632 1484 hoc
1653 1457 1749 1492 repetit
1763 1465 1878 1493 evange-

1089 1500 1147 1528 lista
1158 1521 1165 1531 .
1182 1505 1211 1528 ut
1221 1507 1328 1529 excuset
1342 1509 1388 1529 eos
1399 1502 1469 1536 quod
1481 1507 1572 1536 postea
1582 1502 1707 1538 fugerint.
1728 1503 1878 1531 Istiusmodi

1088 1553 1240 1574 sermonem
1254 1546 1288 1573 de
1310 1547 1509 1575 resurrectione
1521 1547 1660 1582 disputans
1681 1548 1779 1576 Paulus
1793 1549 1880 1576 attulit

1091 1591 1131 1627 (1.
1147 1591 1205 1618 Cor.
1222 1592 1265 1619 15.
1279 1592 1324 1620 56.
1337 1601 1391 1627 sqq.
1403 1593 1424 1628 ).

1125 1639 1152 1666 3.
1166 1638 1250 1672 Quam
1262 1646 1328 1674 ergo
1340 1640 1538 1667 excusationem
1552 1639 1689 1674 habebunt
1703 1641 1720 1668 ii
1733 1641 1777 1676 qui
1791 1649 1880 1668 resur-

1090 1684 1235 1712 rectionem
1250 1692 1302 1712 non
1317 1685 1439 1718 credunt,
1454 1694 1514 1713 cum
1529 1686 1600 1713 illam
1615 1686 1640 1714 in
1655 1686 1800 1714 seminibus
1815 1695 1880 1722 quo«

1090 1729 1154 1757 tidie
1169 1730 1343 1765 contemplari
1358 1732 1506 1765 possimus,
1522 1731 1548 1758 in
1564 1731 1660 1766 plantis
1672 1739 1794 1767 quoque.
1811 1737 1838 1760 et
1853 1733 1879 1759 in

1089 1775 1260 1809 generatione
1282 1775 1394 1802 nostra?
1419 1776 1508 1803 Primo
1532 1776 1603 1803 cnim
1628 1777 1763 1812 corrumpi
1788 1785 1880 1805 semen

1088 1826 1212 1856 oportet,
1227 1827 1255 1849 et
1272 1822 1338 1849 inde
1358 1822 1413 1848 ﬁeri
1429 1822 1637 1856 grnerationem.
1652 1822 1803 1850 Universim
1817 1831 1880 1851 vero

1089 1875 1150 1894 cum
1172 1867 1240 1895 Deus
1257 1867 1355 1902 aliquid
1378 1868 1456 1900 facit,
1473 1868 1552 1894 nullis
1573 1875 1640 1902 opus
1661 1872 1702 1896 est
1723 1868 1880 1898 ratiociniis.

1089 1913 1229 1946 Quomodo
1246 1912 1317 1940 enim
1337 1920 1386 1939 nos
1408 1920 1440 1940 ex
1463 1920 1515 1939 non
1534 1913 1698 1940 exstantibus
1720 1912 1804 1940 fecit!
1821 1913 1882 1940 liae

1089 1959 1248 1987 Christianis
1261 1959 1321 1986 dico
1332 1979 1339 1990 ,
1356 1959 1400 1994 qui
1422 1967 1452 1986 se
1470 1959 1562 1986 dicunt
1582 1959 1726 1994 Scripturis
1745 1960 1857 1987 credere
1873 1969 1879 1986 :

1090 2006 1186 2034 addam
1209 2005 1279 2033 aliud
1292 2013 1330 2033 ex
1352 2005 1477 2033 humanis
1499 2006 1654 2033 ratiociniis.
1671 2005 1709 2033 Ex
1730 2006 1881 2033 hominibus

1089 2053 1134 2080 alii
1151 2053 1281 2089 improbi,
1297 2053 1342 2080 alii
1366 2053 1438 2087 probi
1462 2057 1524 2080 suut
1539 2061 1545 2078 :
1560 2060 1592 2079 ex
1614 2052 1743 2086 improbis
1761 2052 1838 2080 multi
1853 2060 1882 2080 re

1090 2106 1217 2134 prospera
1238 2098 1272 2126 ad
1295 2103 1441 2126 extremam
1464 2103 1628 2126 senectutem
1648 2098 1834 2130 devenerunt;
1849 2107 1881 2126 ex

1091 2145 1182 2180 probis
1193 2152 1270 2172 secus
1280 2152 1327 2171 res
1340 2144 1431 2171 cessit.
1443 2144 1617 2178 Quandonam
1629 2151 1694 2179 ergo
1709 2149 1735 2172 et
1749 2153 1803 2179 quo
1816 2149 1882 2172 teme

1091 2198 1156 2225 pore
1176 2191 1271 2225 singuli
1293 2198 1341 2224 pro
1361 2191 1457 2217 tuerito
1471 2190 1620 2225 accipient?
1633 2190 1722 2223 Sane,
1739 2191 1881 2225 inquiunt,

1091 2237 1138 2264 sed
1153 2244 1295 2271 corporum
1311 2236 1472 2264 resurrectio
1486 2243 1539 2264 non
1553 2241 1602 2263 est.
1617 2235 1675 2263 Non
1689 2235 1802 2263 audiunt
1817 2237 1883 2264 Pan-

1093 2282 1147 2310 lum
1163 2283 1307 2315 dicentem,
1324 2281 1427 2318 Oportet
1444 2282 1605 2316 corruptibile
1619 2282 1666 2308 Iun:
1679 2282 1784 2308 induere
1798 2283 1882 2309 incor-

1091 2331 1234 2366 ruptionem
1246 2330 1284 2365 (t.
1300 2329 1358 2358 Cor.
1374 2330 1418 2357 15.
1434 2328 1500 2365 53)?
1512 2329 1570 2356 Non
1584 2329 1618 2356 de
1630 2329 1717 2356 anima
1732 2330 1800 2363 (non
1813 2329 1882 2355 enim

1092 2378 1180 2405 anima
1192 2376 1382 2412 corrumpitur)
1396 2385 1403 2404 :
1416 2381 1444 2404 et
1456 2376 1616 2404 resurrectio
1627 2375 1726 2402 dicitur
1737 2375 1772 2402 de
1784 2375 1830 2402 illo
1841 2375 1885 2409 qui

1093 2423 1189 2451 cecidit
1203 2432 1210 2450 :
1223 2423 1320 2451 cecidit
1333 2429 1397 2450 vero
1409 2429 1515 2457 mrpus.
1531 2421 1585 2449 Cur
1598 2426 1687 2448 autem
1703 2429 1756 2448 non
1772 2421 1811 2448 vis
1827 2429 1886 2448 esse

1092 2470 1212 2505 corporis
1223 2469 1444 2496 resurrectionem
1452 2468 1491 2504 .(a)
1500 2469 1512 2495 2
1520 2475 1609 2495 annon
1620 2467 1753 2501 possibilis
1765 2467 1820 2494 Deo
1831 2466 1887 2494 est?

1093 2515 1146 2543 Sed
1161 2515 1211 2543 hoc
1234 2522 1331 2550 negare
1350 2519 1478 2542 extrema!
1498 2513 1658 2549 insipientiae
1676 2517 1758 2540 esset.
1779 2514 1815 2540 At
1835 2521 1885 2539 unu

1093 2561 1190 2589 decet?
1201 2561 1255 2588 Cur
1269 2568 1321 2588 non
1337 2560 1414 2588 decet
1427 2560 1477 2588 hoc
1491 2559 1674 2594 corruptibile,
1689 2559 1759 2593 quod
1773 2562 1800 2585 et
1816 2557 1887 2585 labo-

1094 2615 1150 2634 rem
1162 2611 1189 2634 et
1201 2612 1314 2634 mortem
1325 2614 1379 2633 una
1390 2606 1480 2640 subiit,
1492 2612 1606 2632 coronas
1616 2605 1696 2632 etiam
1710 2602 1886 2638 participare?

1093 2653 1160 2680 Nam
1175 2653 1197 2680 si
1211 2661 1265 2680 non
1279 2652 1406 2684 deceret,
1421 2660 1473 2679 non
1489 2659 1504 2678 a
1520 2650 1651 2685 principio
1664 2647 1764 2676 factum
1778 2649 1885 2679 luisset,

1095 2707 1181 2734 neque
1193 2699 1314 2726 Christus
1327 2706 1435 2725 carnem
1448 2698 1614 2732 sumpsisset.
1625 2695 1699 2729 Quod
1713 2699 1805 2722 autem
1817 2702 1887 2721 smu-

1096 2745 1188 2780 pserit,
1204 2745 1329 2780 illamque
1342 2744 1551 2776 resuscitaveril,
1565 2742 1626 2770 audi
1639 2741 1703 2777 quid
1714 2741 1786 2768 dicat
1799 2749 1805 2767 :
1819 2739 1887 2774 Infcr

1096 2792 1187 2828 digitos
1201 2796 1264 2824 tuos,
1280 2796 1303 2818 et
1316 2791 1371 2818 vide
1382 2791 1441 2825 quia
1455 2789 1557 2825 spiritus
1572 2796 1628 2815 ossa
1641 2793 1665 2815 et
1678 2795 1767 2814 nervos
1782 2795 1832 2813 non
1846 2786 1887 2811 lm-

1128 2848 1164 2879 (a)
1176 2848 1291 2873 Haretiei
1312 2851 1382 2874 erant
1404 2847 1446 2878 qut
1469 2846 1582 2871 dicereut
1595 2851 1694 2870 carnem
1714 2850 1763 2868 non
1781 2848 1886 2867 resurre-

1098 2884 1190 2905 σιω-λιιι
1203 2886 1267 2905 esse.
