2036 3119
181 156 232 185 3139

180 215 218 242 Im
231 214 322 251 (Joan.
336 215 381 244 20.
397 216 453 252 Ξῖ).
466 218 521 245 Cur
534 218 662 247 Lazarum
677 221 824 254 suscitavit,
839 223 861 249 si
877 223 972 250 melius

179 265 237 287 erat
248 260 307 288 sine
321 269 434 297 corpore
449 271 588 299 resurgere
599 266 610 291 ’ἐ
623 273 671 293 cur
683 266 752 294 inter
764 267 836 302 signa
850 272 876 295 et
891 268 973 296 bene-

181 307 241 335 ficia
256 309 307 335 hoc
321 310 429 344 posuit?
446 318 495 338 cur
507 312 582 339 cibos
595 313 728 346 ιπειῆιυίιῖ
742 314 780 342 Ne
793 315 890 350 itaque,
903 315 970 344 dile-

179 354 229 387 cti,
245 355 279 381 ab
292 355 423 384 haereticis
436 357 615 392 decipiamini.
628 358 661 386 Et
676 361 847 394 resurrectio,
861 366 888 388 ct
899 361 969 397 judi-

179 401 248 427 cium
262 406 314 428 est.
333 402 393 430 "th
405 407 494 430 autem
509 403 543 431 de
558 405 647 432 medio
662 405 757 433 tollunt
772 412 901 442 quotquot
920 416 970 435 tto-

180 445 236 472 lunt
249 453 361 480 operum
373 455 481 474 suorunt
497 449 626 477 rationem
641 451 763 480 reddere.
777 452 889 487 Oportet
899 454 969 481 enim

179 491 402 520 resurrectionem
426 494 504 521 ralem
530 503 609 529 esse,
632 497 717 531 qttalis
740 497 788 526 fuit
811 501 970 528 resurrectio

177 536 286 564 Christi.
301 538 428 567 Printitite
442 540 512 568 enim
529 541 573 568 ille
586 547 637 574 est,
652 548 679 570 et
693 543 884 580 pritttogenitus
899 554 970 574 mor-

177 585 294 610 tuorum.
310 583 386 617 Quod
404 585 430 612 si
447 588 607 614 resurrectio
627 593 668 615 est
682 589 777 616 animm
792 591 926 625 purgatio,
943 597 970 619 et

178 629 299 657 liberatio
312 638 326 657 a
342 632 457 665 peccatis
469 640 475 664 ;
490 632 612 661 Christus
625 642 690 661 vero
700 644 755 663 non
768 638 890 670 peccarit
903 647 908 663 :
921 645 969 666 eur

174 676 346 702 resurrexit?
359 678 492 712 quomodo
507 686 555 705 nos
569 687 583 705 a
600 680 786 709 maledictione
803 682 906 710 liberati
921 691 968 711 su-

175 728 244 752 mus.
261 722 282 748 si
298 722 355 756 ipse
369 724 506 757 peccavit?
520 726 654 759 qttomodo
668 727 743 760 dicit,
764 727 834 755 Venit
853 730 968 766 princeps

176 766 254 802 hujus
268 769 367 801 mundi,
383 774 407 796 et
419 769 446 796 in
460 778 501 797 me
513 779 563 798 non
576 771 649 799 habet
665 773 802 808 quidquam
816 774 906 810 (Joan.
922 776 966 805 14.

175 810 240 846 50)?
251 811 317 839 Nam
333 813 384 841 hoc
396 813 644 849 impeccabilitatem
659 817 717 852 ejus
731 818 871 853 signiﬁcat.
887 821 968 855 Igitur

174 858 322 886 secundum
341 860 410 893 illos,
424 865 471 888 aut
490 869 543 889 non
562 865 688 897 surrexit,
704 865 744 892 vel
761 870 790 892 ut
804 872 965 901 resurgeret,

172 907 237 930 ante
259 907 482 934 resurrectionem
504 909 632 942 peccavit.
648 909 700 937 Sed
720 916 747 938 et
764 913 923 945 resurrexit,
940 919 966 941 et

172 953 311 982 peccatum
334 959 386 978 non
409 952 479 980 fecit.
502 953 571 989 Ergo
588 957 750 989 resurrexit;
766 962 791 985 et
812 959 868 987 lucc
884 968 964 994 prava

173 994 294 1022 doctrina
314 996 380 1023 nihil
397 997 470 1025 aliud
487 1004 528 1026 est
547 1008 626 1035 quam
650 1002 735 1029 inanis
753 1004 844 1038 gloriae
866 1007 964 1040 proles.

174 1039 250 1067 Hunc
262 1048 326 1076 ergo
340 1042 463 1071 morbum
478 1043 618 1080 fugiamus.
631 1047 696 1075 Nam
709 1039 878 1084 Corrumpunt
888 1052 965 1079 bonos

173 1091 252 1113 nterea
264 1087 390 1122 colloquio
402 1098 480 1123 prava
494 1092 530 1125 (1-
547 1090 606 1119 Car.
623 1093 665 1121 15.
681 1094 736 1128 35).
753 1095 809 1122 Non
830 1102 891 1124 sunt
907 1097 964 1125 hmo

170 1132 352 1165 apostolorum
365 1133 499 1169 dogmata.
514 1136 630 1165 Marcion
646 1143 674 1166 et
688 1140 841 1169 Valentinus
856 1143 912 1171 haec
926 1145 964 1171 in-

173 1182 314 1205 novarnnt.
330 1179 474 1215 Fugiamtts
490 1190 570 1218 ergo,
585 1184 686 1213 dilecti.
701 1185 771 1214 Nihil
788 1189 895 1223 prodest
911 1191 963 1218 vita

171 1222 251 1255 bona,
264 1231 324 1252 cum
337 1232 415 1260 prava
428 1227 548 1256 doctrina
561 1235 609 1258 aut
622 1231 737 1259 vicissim
751 1234 816 1262 nihil
831 1243 894 1263 sana
907 1237 958 1263 do-

170 1269 270 1302 ctrina,
285 1278 345 1298 cum
359 1272 412 1299 vita
427 1280 561 1310 corrupta.
577 1276 639 1304 llaec
651 1280 765 1313 gentiles
777 1287 938 1316 pepererunt
954 1293 960 1310 :

171 1314 228 1343 haec
241 1316 279 1343 illi
291 1324 423 1345 auxerunt
436 1319 470 1347 ab
482 1322 599 1349 externis
613 1329 720 1358 accepta
739 1325 905 1361 philosophis
915 1350 922 1361 ,
937 1333 963 1356 et

171 1363 311 1390 materiam
326 1372 377 1391 non
392 1365 488 1394 factam
502 1371 529 1394 et
546 1369 628 1396 multa
643 1370 828 1405 hujuscemodi
842 1379 961 1401 statuen-

171 1411 221 1436 tes.
235 1408 268 1436 Ut
277 1416 342 1444 ergo
353 1410 477 1439 dixerunt
488 1421 540 1440 non
551 1421 612 1442 esse
621 1421 769 1444 creatorem
780 1419 839 1446 sine
853 1420 962 1448 materia

171 1461 224 1480 non
237 1454 304 1482 facta
318 1465 325 1482 :
337 1457 376 1484 sic
387 1461 415 1485 et
427 1462 649 1489 resurrectionem
663 1469 802 1497 negarunt.
818 1465 915 1494 Verum
929 1475 962 1494 ne

170 1497 203 1525 iis
216 1501 385 1529 attendamus
397 1523 405 1534 ,
421 1511 482 1531 cum
498 1505 654 1534 immensam
671 1509 715 1536 Dei
736 1515 894 1544 potestatem
911 1520 961 1540 no-

170 1550 276 1572 scamus
290 1555 297 1573 :
311 1554 346 1575 ne
359 1549 538 1578 attendamus.
555 1552 636 1580 Vobis
657 1554 713 1582 ltzec
727 1555 798 1583 dico.
821 1557 873 1585 Nos
889 1560 960 1586 ettint

169 1591 297 1620 adversus
311 1594 370 1622 illos
383 1603 499 1631 pugnare
514 1606 565 1625 non
578 1601 769 1630 recusabimus.
786 1603 837 1631 Sed
852 1606 961 1633 inermis

169 1642 196 1664 et
216 1638 318 1671 nudus,
333 1641 382 1667 etsi
402 1642 428 1668 in
447 1643 606 1672 inlirntiores
624 1646 762 1681 inciderit,
780 1649 841 1677 licet
856 1651 958 1685 fortior,

169 1682 246 1711 facile
258 1686 387 1720 capietur.
401 1687 467 1715 Nam
481 1689 503 1716 si
517 1689 660 1724 Scripturis
673 1694 857 1729 attenderetis,
872 1701 898 1724 et
913 1704 960 1726 vos

168 1730 287 1763 quotidie
299 1731 332 1759 ad
346 1740 461 1768 pugnam
471 1737 645 1770 appararetis,
661 1746 713 1766 non
727 1746 820 1768 auctor
832 1742 906 1770 vobis
918 1751 960 1771 es-

169 1783 226 1802 sem
241 1782 270 1804 ut
285 1785 397 1813 pugnant
412 1781 540 1810 adversus
559 1783 617 1811 illos
637 1785 756 1813 vitaretis
768 1808 774 1820 ,
791 1788 838 1815 sed
851 1797 958 1818 manum

168 1829 310 1851 conserere
320 1825 459 1853 suaderem
470 1836 476 1853 τ
487 1835 547 1855 nam
562 1829 637 1857 fortis
647 1836 688 1858 est
697 1833 804 1860 veritas.
815 1834 882 1867 Quia
895 1843 959 1864 vero

168 1867 312 1904 Scripturis
324 1871 362 1898 uti
376 1874 493 1904 nescitis.
506 1882 678 1910 congressum
694 1879 784 1910 timeo.
797 1888 830 1908 ne
843 1881 958 1910 inermes

168 1919 215 1939 vos
229 1914 266 1941 illi
282 1921 461 1949 prosternant.
474 1919 544 1947 Nihil
560 1921 641 1955 enim,
655 1923 721 1952 nihil
735 1925 825 1961 utique
838 1927 958 1956 imbecil-

168 1957 217 1985 lius
231 1959 263 1986 iis
276 1960 321 1995 qui
337 1961 451 1996 Spiritus
463 1965 562 1993 auxilio
573 1973 634 1994 sunt
648 1968 778 1998 destituti.

202 2003 418 2042 Philosophorum
431 2018 522 2038 mores.
533 2027 568 2033 —-
577 2013 653 2047 Quod
666 2015 687 2043 si
702 2017 834 2046 exteriore
848 2025 955 2049 utantur

680 159 711 191 ΙΝ
730 162 887 192 ΙΟᾸΝΝΕΜ
907 164 1020 194 ll0.\llL.
1042 168 1144 198 LXVII.
1165 172 1200 198 al.
1222 170 1311 201 [ΧΠ.

1758 183 1812 215 370

1025 225 1152 259 sapientia
1163 248 1170 258 ,
1194 229 1341 258 mirandum
1364 239 1415 259 non
1437 239 1494 267 est,
1510 236 1556 263 sed
1572 238 1658 272 potius
1673 239 1810 270 ridendum

1024 271 1093 304 quod
1114 272 1201 300 stultis
1222 280 1329 303 utantur
1351 277 1511 308 doctoribus.
1531 271 1622 318 Neque
1641 285 1712 313 enim
1725 287 1813 316 veldc

1025 317 1090 352 Deo,
1108 320 1151 347 vel
1167 321 1200 348 de
1214 328 1334 350 creatura
1349 326 1410 360 quid
1426 335 1518 355 sanum
1534 329 1570 357 illi
1580 317 1705 359 invenire
1719 339 1812 369 potue-

1024 369 1104 396 runt;
1125 366 1171 393 sed
1186 373 1217 394 ea
1231 375 1290 402 qum
1304 370 1372 402 apud
1389 379 1436 398 nas
1453 373 1529 401 vidua
1546 376 1634 409 novit,
1650 366 1813 414 Pythagoras

1024 416 1133 444 prorsus
1154 410 1292 445 ignoravit.
1308 414 1360 442 Sed
1380 415 1469 444 dicunt
1484 419 1597 447 animam
1614 421 1753 457 fruticem,
1772 425 1812 459 pi-

1023 461 1095 481 seem
1107 476 1114 488 ,
1129 463 1222 484 canent
1244 459 1311 486 licri.
1333 459 1429 494 llisne,
1445 470 1550 497 quaeso,
1566 468 1705 495 attendas?
1719 475 1746 497 et
1760 478 1811 505 qua

1022 499 1145 528 ratione?
1158 501 1244 536 Magni
1264 508 1325 531 sttnt
1344 505 1381 532 illi
1399 506 1423 533 in
1445 508 1520 541 vico,
1535 510 1671 539 cincinnos
1687 515 1812 548 pulchros

1022 545 1110 578 alunt,
1132 547 1218 580 palliis
1240 549 1407 577 induuntur:
1429 551 1556 581 hactenus
1576 545 1699 592 pertingit
1718 567 1812 588 eorum
1853 558 1856 560 ⁷

1021 589 1198 626 philosophia.
1211 592 1237 620 Si
1253 594 1322 621 intus
1333 596 1470 630 respicias,
1483 599 1560 633 cinis,
1577 602 1671 635 pulvis,
1689 605 1753 631 nihil
1768 613 1812 632 sa-

1021 641 1084 662 nmn
1098 641 1149 669 est,
1163 638 1210 665 sed
1223 638 1374 674 Sepulcrum
1387 648 1475 677 patens
1486 650 1522 671 est
1532 651 1619 680 guttur
1629 657 1713 675 eorum
1724 649 1810 684 (Psal.

1021 680 1046 707 5.
1064 681 1106 714 Η)
1119 689 1127 714 ;
1142 684 1230 710 omnia
1251 684 1416 715 immunditie
1429 693 1456 715 et
1469 690 1542 717 sanie
1557 692 1634 725 plena
1647 713 1654 723 ,
1672 699 1699 721 ct
1718 703 1808 723 eorunt

1017 726 1142 761 dogmata
1165 730 1301 758 vermibus
1328 738 1440 761 scatent.
1467 735 1571 765 Primus
1591 747 1683 767 eorum
1711 749 1807 775 aquam

1019 772 1088 799 dixit
1109 781 1168 801 esse
1193 775 1288 809 deum;
1305 778 1349 812 qui
1372 787 1499 814 sequutus
1520 787 1579 817 est,
1600 784 1705 819 ignem;
1722 787 1808 819 alius.

1018 825 1107 845 autem
1126 819 1182 855 (a);
1201 827 1225 848 et
1242 830 1334 851 ontnes
1348 825 1380 852 ad
1396 834 1505 861 corpora
1521 829 1599 856 delati
1611 837 1682 859 sunt.
1699 832 1788 860 llusnc
1800 855 1807 866 ,

1018 870 1108 897 quaso
1120 886 1127 897 ,
1142 867 1247 894 mireris
1257 889 1263 899 .
1278 870 1322 903 qtui
1340 878 1374 897 ne
1394 872 1541 907 incorporei
1556 876 1661 910 quidem
1679 878 1723 906 Dei
1737 881 1808 907 noti—

1017 909 1080 935 tiam
1096 911 1226 945 nlligt‘fe?
1240 913 1316 946 Quod
1332 916 1353 942 si
1369 922 1458 950 postea
1472 919 1533 953 quid
1550 909 1691 955 noverunt,
1707 924 1733 951 id
1747 932 1810 952 eve-

1017 954 1057 981 nit
1070 960 1208 990 postquam
1222 958 1247 984 in
1261 959 1376 995 Egypto
1388 970 1448 989 cum
1464 965 1563 992 nostris
1575 954 1719 1003 colloqttuti
1734 974 1806 997 sunt.

1017 999 1069 1027 Sed
1088 1008 1121 1028 ne
1139 1008 1187 1029 vos
1207 1004 1317 1031 nimiunt
1343 1009 1545 1042 perturbemus,
1563 1011 1605 1039 ltic
1621 1014 1713 1041 orandi
1728 1015 1808 1044 liuent

1017 1044 1154 1074 faciamus.
1169 1048 1196 1075 Si
1211 1049 1281 1076 enim
1297 1051 1402 1079 illorum
1415 1053 1563 1083 doctrinam
1580 1065 1728 1094 proponere
1742 1062 1808 1089 inci-

1016 1091 1131 1125 piatnus,
1143 1093 1207 1127 quid
1220 1094 1253 1122 de
1268 1095 1333 1128 Deo,
1347 1098 1409 1132 quid
1421 1099 1456 1126 de
1467 1091 1586 1135 materia,
1598 1091 1660 1138 quid
1674 1105 1707 1133 de
1719 1108 1807 1135 anima

1016 1141 1043 1163 et
1062 1137 1096 1164 de
1115 1146 1228 1174 corpore
1240 1140 1372 1177 dixerint,
1393 1152 1504 1181 magnus
1518 1137 1695 1184 consequetur
1712 1153 1785 1181 risus
1799 1163 1806 1182 :

1016 1189 1103 1217 neque
1121 1190 1211 1213 nostra
1233 1187 1349 1222 egebant
1370 1190 1568 1227 confutatione;
1588 1195 1638 1230 ipsi
1658 1197 1727 1225 enint
1747 1202 1813 1227 sesc‘

1016 1233 1109 1257 mutuo
1123 1231 1287 1262 confodiunt.
1301 1234 1351 1267 Qui
1367 1241 1458 1264 contra
1475 1246 1523 1266 nos
1537 1239 1570 1267 de
1586 1243 1693 1269 materia
1708 1243 1805 1272 librum

1016 1275 1123 1307 scripsit
1152 1277 1206 1312 (lt),
1220 1279 1336 1314 seipsum
1350 1282 1477 1310 confodit.
1498 1284 1586 1318 Quare
1601 1294 1634 1314 ne
1647 1295 1694 1315 vos
1709 1288 1806 1317 frustra

1015 1318 1196 1355 detitteamus,
1220 1331 1269 1351 nec
1290 1332 1444 1354 sermonum
1467 1329 1647 1364 labyrimltum
1670 1337 1804 1368 texamus,

1015 1362 1056 1391 his
1076 1365 1178 1399 missis,
1202 1367 1252 1395 ltoc
1272 1369 1391 1399 dicemus
1411 1381 1418 1399 :
1438 1373 1588 1403 divinarum
1608 1376 1804 1413 Scripturarum

1015 1408 1122 1437 lectioni
1138 1413 1339 1448 attendendum,
1355 1424 1442 1452 neque
1460 1420 1548 1447 verbis
1562 1423 1717 1450 certandum
1733 1432 1803 1459 esse,

1014 1456 1086 1483 nullo
1101 1457 1197 1486 fructu.
1212 1460 1288 1492 Quod
1303 1462 1384 1490 etiam
1402 1464 1500 1493 Paulus
1520 1466 1688 1496 Timotheum
1708 1456 1803 1504 docet,

1013 1504 1063 1530 etsi
1079 1505 1158 1532 multa
1173 1506 1329 1535 instructum
1342 1510 1472 1544 sapientia
1483 1532 1491 1545 ,
1505 1517 1532 1540 et
1543 1514 1678 1549 signorum
1692 1518 1802 1551 gratiam

1014 1549 1156 1577 habentem
1172 1551 1208 1586 (ξ.
1226 1552 1291 1580 Tim.
1308 1554 1334 1581 2.
1351 1555 1406 1589 14).
1421 1555 1471 1591 ipsi
1486 1566 1550 1593 ergo
1570 1549 1802 1595 obtentperentus,

1013 1594 1177 1630 abjectisque
1202 1598 1296 1631 nugis,
1320 1600 1444 1634 operibus
1466 1611 1573 1632 manum
1594 1594 1782 1635 admoveantus
1795 1628 1801 1639 ,

1013 1639 1123 1667 fratrmn
1136 1642 1220 1669 amori
1233 1642 1303 1676 dico,
1316 1644 1497 1680 hospitalitati,
1511 1654 1537 1675 et
1551 1657 1671 1685 magnam
1687 1652 1803 1680 eleento-

1011 1693 1085 1721 syme
1099 1688 1228 1715 rationem
1243 1690 1387 1720 habeamus
1400 1701 1407 1726 ;
1422 1699 1450 1720 ttt
1465 1697 1593 1729 promissa
1608 1705 1803 1734 conscquatnur

1013 1731 1082 1760 bona
1092 1753 1099 1766 ,
1113 1735 1196 1768 gratia
1211 1740 1239 1762 et
1257 1735 1419 1772 benignitate
1432 1739 1536 1768 Domini
1552 1743 1634 1770 nostri
1648 1731 1710 1771 Jesu
1725 1745 1799 1773 Chri—

1012 1778 1056 1811 sti,
1071 1780 1113 1806 cui
1126 1781 1209 1815 gloria
1223 1781 1249 1808 itt
1264 1783 1360 1811 saecula
1374 1786 1541 1814 saeculorum.
1556 1788 1654 1817 Amen.

1043 1844 1492 1890 ῗᾳὶηΐυῗιῗ¹ἷ¹ἓΞέ¹3νέζὶἒῖἔΕ³ηὲηθιίςο
1503 1853 1530 1878 τλά
1544 1854 1650 1890 “rem,
1661 1856 1732 1890 rario
1749 1865 1802 1890 ιιυδι

1011 1875 1154 1920 initiunt,de
1165 1875 1361 1920 rerum‘oinnium
1372 1875 1802 1920 principio

1010 1912 1064 1930 rum
1083 1909 1230 1944 sententiam
1251 1909 1802 1950 loquitur,'aitqu33"rhaletemrdiderevitulum,»

1011 1943 1068 1971 esse
1079 1939 1191 1982 ominum.
1197 1946 1279 1965 rerum
1286 1939 1444 1982 principium,
1454 1939 1602 1972 Heracliiuni

1010 1967 1298 2006 igllrltlliApﬂxiQIEIIBm:
1304 1967 1420 2006 Milesium
1451 1967 1544 2006 iéietﬁ',
1553 1967 1603 2003 etc.

1034 1997 1084 2038 5i)!
1089 1999 1248 2038 fitilosopbus
1258 2003 1354 2034 quidam
1367 1997 1464 2030 milia?
1469 1997 1624 2035 UJ'EiaieTn
1634 2014 1718 2036 contra
1730 2011 1800 2038 Chri-

1009 2031 1100 2054 stianos
1110 2032 1215 2062 scripsit.

181 2074 1768 2118 ‘N

813 2130 986 2164 HOMILIA
1006 2134 1134 2167 LXVII.

167 2187 229 2216 CAP.
246 2189 289 2217 12.
302 2198 328 2218 V.
342 2191 388 2220 25.
403 2193 454 2227 Qui
470 2200 539 2222 amat
550 2196 660 2224 animum
673 2206 761 2232 mam,
777 2200 863 2236 perdet
881 2211 934 2230 eam
943 2211 954 2234 ;

201 2239 225 2261 et
244 2235 287 2269 qui
305 2236 359 2263 adit
377 2239 488 2266 animam
506 2249 580 2268 suam
598 2242 625 2269 in
643 2243 690 2270 hoc
706 2235 799 2272 mundo
810 2267 817 2278 ,
833 2247 860 2274 in
879 2249 954 2276 vitant

200 2287 319 2309 talentum
329 2285 441 2312 custodit
453 2294 519 2314 eam.
532 2287 577 2315 26.
589 2288 621 2316 Si
632 2292 687 2325 quis
697 2291 759 2318 milii
770 2293 904 2328 ministrat,
915 2304 955 2324 me

200 2333 328 2361 sequatur.

200 2372 226 2399 1.
240 2372 358 2401 Pricaeus
370 2377 420 2402 vita
431 2385 480 2404 non
493 2378 574 2407 dulcia
584 2380 690 2416 videtur,
702 2383 752 2411 nisi
762 2385 794 2411 de
806 2386 892 2420 futura
903 2396 953 2416 non

165 2417 339 2451 cogitantibus.
355 2421 488 2454 Quomodo
506 2425 550 2459 qui
568 2432 635 2453 amat
650 2429 759 2456 animum
775 2417 847 2458 suam
865 2434 954 2466 perdat

164 2469 229 2488 eam.
243 2478 281 2483 -—
295 2464 383 2493 Dulcis
397 2473 439 2494 est
453 2475 570 2502 prmsens
584 2472 634 2498 vita
645 2494 652 2505 ,
667 2477 694 2500 et
708 2475 797 2502 multae
813 2477 889 2511 plena
905 2487 950 2506 vo-

163 2506 289 2542 luptatis;
302 2517 394 2538 verunt
407 2520 460 2541 non
472 2516 604 2549 omnibus,
617 2518 663 2545 sed
677 2519 708 2546 iis
721 2521 765 2554 qui
777 2506 825 2555 ipsi
838 2520 948 2551 haerent.

163 2551 189 2578 Si
207 2554 269 2588 quis
289 2562 352 2583 vero
365 2557 459 2585 ctelum
479 2561 620 2596 respiciat,
637 2567 663 2590 et
678 2551 745 2591 bona
763 2551 798 2593 ibi
814 2569 929 2603 reposita
940 2590 948 2602 ,

163 2597 215 2624 cito
226 2598 296 2626 illam
308 2600 445 2636 despiciet,
456 2609 483 2632 et
495 2612 543 2639 pro
554 2607 637 2635 nihilo
647 2608 763 2638 habebit.
776 2597 882 2641 Nam-et
892 2597 951 2642 cor;

163 2649 256 2676 porum
272 2645 458 2682 pulchritudo,
474 2649 558 2678 donec
576 2653 625 2680 alia
643 2654 789 2688 speciosior
803 2663 948 2693 appareat,

163 2688 188 2714 in
205 2689 381 2719 admiratione
405 2693 517 2723 habetur
531 2707 538 2725 :
553 2705 612 2725 cum
633 2707 696 2727 vero
715 2701 856 2731 forumsius
871 2705 949 2739 quid-

163 2734 231 2768 piam
251 2738 429 2773 conspicitur,
451 2742 563 2775 primum
584 2748 772 2775 contemnitur.
792 2748 820 2776 Si
837 2750 949 2778 velimus

163 2788 224 2815 ergo
238 2782 310 2811 illam
326 2785 420 2813 inttteri
435 2787 665 2823 pulchritudinem,
677 2797 704 2819 et
718 2794 791 2828 regni
805 2794 876 2822 illius
889 2803 949 2831 spe-

161 2827 227 2855 ciem
237 2849 245 2862 ,
259 2830 313 2857 cito
331 2834 473 2866 przesentia
486 2835 590 2863 vincula
604 2827 790 2866 dissolvemus.
807 2839 947 2869 Vinculum

160 2873 230 2901 enim
245 2880 286 2902 est
299 2883 388 2903 rerum
403 2880 573 2912 przcsentium
589 2888 672 2909 amor.
687 2882 719 2910 Et
733 2883 783 2911 hoc
798 2885 874 2913 nobis
887 2893 947 2913 sua-

1007 2205 1075 2234 dens
1093 2207 1214 2238 Christus
1225 2231 1233 2244 ,
1253 2212 1315 2240 audi
1337 2214 1400 2248 quid
1421 2215 1492 2244 dicat
1507 2226 1514 2246 :
1532 2218 1582 2252 Qui
1598 2226 1668 2249 autat
1685 2224 1796 2252 animam

1007 2259 1095 2285 suam,
1116 2255 1202 2288 perdet
1222 2264 1297 2290 eam;
1314 2263 1339 2286 et
1358 2261 1402 2295 qui
1421 2263 1475 2289 odit
1493 2264 1604 2292 animam
1619 2274 1692 2294 suam
1709 2269 1735 2296 in
1750 2270 1798 2298 hoc

1007 2298 1111 2331 mundo,
1124 2300 1149 2326 in
1165 2301 1239 2328 vitam
1247 2308 1366 2332 aeternam
1375 2308 1497 2335 custodiet
1506 2318 1570 2337 eam.
1584 2311 1634 2345 Qui
1647 2314 1708 2341 mihi
1721 2316 1784 2343 mitti

1005 2346 1069 2370 stral
1079 2364 1085 2374 .
1102 2353 1142 2371 me
1160 2352 1279 2382 sequatur
1291 2356 1302 2376 .°
1314 2354 1338 2376 et
1354 2350 1398 2377 ubi
1411 2360 1456 2388 ego
1476 2362 1532 2381 sum
1542 2376 1550 2388 ,
1568 2356 1621 2383 illic
1640 2363 1664 2385 et
1684 2360 1784 2388 miniata

1006 2396 1076 2416 meus
1087 2391 1143 2417 erit.
1159 2391 1222 2420 Ha-c
1240 2395 1372 2430 tenigmati
1392 2398 1487 2426 similia
1503 2400 1637 2436 videtttur,
1655 2412 1742 2441 neque
1755 2411 1796 2433 ta-

1006 2441 1065 2460 men
1087 2440 1166 2469 sunt,
1181 2438 1226 2464 sed
1245 2440 1335 2467 multa!
1355 2442 1433 2476 plena
1451 2445 1597 2478 sapientiae.
1614 2447 1648 2475 Et
1661 2438 1796 2484 quomodo

1007 2478 1056 2511 Qui
1066 2486 1134 2507 amat
1146 2483 1257 2511 animam
1267 2494 1349 2519 suam,
1363 2489 1449 2522 perdet
1459 2499 1512 2517 eam
1520 2492 1533 2519 7
1545 2491 1593 2525 Qui
1605 2478 1703 2522 absurd
1707 2497 1727 2523 is
1737 2498 1795 2532 ejus

1004 2526 1227 2559 concupiscentiis
1239 2530 1414 2566 obtemperat,
1429 2536 1472 2569 qui
1489 2535 1547 2570 plus
1561 2545 1639 2572 quam
1656 2548 1704 2574 par
1715 2526 1760 2569 est.
1769 2543 1792 2570 ei

1003 2569 1131 2605 indulget.
1154 2573 1215 2601 ideo
1234 2575 1361 2605 adtnonet
1378 2569 1524 2614 quispiam,
1541 2569 1604 2609 Noli
1622 2569 1752 2613 anibulure
1766 2588 1788 2614 ir

1003 2616 1182 2650 cupiditatibus
1193 2620 1286 2648 animo:
1298 2626 1347 2648 tum
1362 2623 1456 2658 (Et-cli.
1472 2626 1514 2653 18.
1533 2627 1598 2663 50).
1614 2628 1657 2657 Sic
1672 2631 1742 2658 enini
1757 2631 1791 2659 il-

1003 2660 1053 2688 lam
1067 2663 1162 2696 perdes
1176 2664 1252 2700 (nam
1268 2674 1281 2694 a
1295 2667 1337 2695 via
1350 2669 1382 2695 ad
1399 2670 1521 2699 virtutem
1534 2660 1630 2707 agente
1642 2675 1767 2712 abducit)
1783 2687 1789 2705 :

1003 2711 1031 2733 tit
1043 2713 1150 2741 contra,
1164 2709 1214 2742 Qui
1227 2711 1278 2738 odit
1297 2721 1352 2739 eam
1371 2714 1397 2740 in
1414 2715 1461 2742 hoc
1478 2718 1587 2751 munda,
1602 2720 1707 2748 servabit
1721 2730 1787 2749 eaut.

1001 2752 1068 2786 Quid
1080 2758 1131 2787 cst,
1145 2754 1195 2788 Qui
1206 2756 1258 2783 adit
1272 2765 1326 2784 eam
1335 2759 1348 2785 .7
1359 2759 1407 2792 Qui
1423 2761 1460 2788 illi
1474 2764 1620 2796 perniciosa
1631 2766 1734 2801 jubenti
1746 2776 1789 2796 re-

1000 2797 1079 2824 sistit.
1095 2798 1185 2834 Neque
1198 2800 1279 2833 dixit,
1295 2802 1344 2836 Qui
1360 2812 1412 2832 nou
1426 2807 1512 2834 credit
1524 2808 1568 2840 ei;
1589 2797 1654 2844 sed,
1670 2810 1720 2845 Qui
1734 2814 1788 2841 odit

1000 2852 1064 2870 eum.
1079 2844 1307 2878 Quemadmodum
1322 2850 1393 2878 enim
1408 2852 1515 2882 odiosos
1533 2863 1582 2883 nec
1595 2857 1687 2886 audire
1700 2859 1786 2887 liben-

1001 2893 1055 2923 ter,
1073 2898 1121 2918 nec
1142 2891 1231 2921 videre
1252 2894 1355 2929 placide
1376 2903 1517 2932 possumus
1532 2909 1539 2928 :
1553 2901 1591 2930 sic
1605 2908 1631 2931 ct
1651 2905 1784 2939 animant,
