2036 3119
243 158 291 186 371

241 224 302 244 cum
313 213 446 244 contraria
458 213 504 240 Dei
516 210 643 239 voluntati
653 209 772 244 praecipit
779 208 952 236 vehementer
961 213 1034 233 aver-

241 262 294 289 sari
310 264 424 295 oportet.
438 258 503 291 Quia
516 256 586 284 enim
597 255 650 291 jam
663 255 697 282 de
717 259 804 282 morte
822 254 978 288 loquuturus
992 255 1034 278 est

241 306 308 339 illis,
322 306 356 333 de
371 308 456 331 morte
470 302 572 330 scilicet
586 309 643 332 sua,
655 299 835 336 prmvidetque
851 298 910 326 illos
924 298 949 324 in
965 304 1032 324 mo:-

241 352 338 379 stitiatn
349 350 508 384 delapsuros
520 355 591 380 esse,
604 355 659 374 rem
670 345 816 374 sublitniori
829 345 908 371 modo
921 347 1030 370 tractat:

240 397 307 431 Quid
321 396 391 427 dico,
406 396 428 422 si
442 398 555 422 mortem
569 401 655 421 meatu
669 400 722 420 non
738 391 842 419 fortiter
855 390 965 418 feratis?
977 388 1031 416 Nisi

240 450 287 470 vos
310 442 360 477 ipsi
384 441 553 473 moriamini,
571 439 636 467 nihil
659 438 735 466 vobis
755 438 819 465 lucri
841 435 982 470 supererit.
1000 434 1032 461 Et

240 488 300 516 vide
313 487 447 523 quomodo
461 486 672 514 consolationem
686 484 803 512 sermoni
817 482 954 509 admiscet.
970 480 1032 507 Val-

238 534 273 562 de
284 533 380 560 durum
395 537 421 559 et
437 531 578 559 molestum
593 535 650 558 erat
664 530 766 561 audire,
787 528 920 555 hominem
936 526 1031 553 animae

239 587 294 607 sua:
308 578 521 607 amantissimum
537 577 605 604 mori
620 582 754 611 Oportere.
771 574 870 609 Ecquid
886 577 973 600 vetera
990 580 1032 599 re-

238 633 363 654 censeam
373 647 381 659 ,
397 625 504 661 quando
520 631 591 651 nunc
604 623 683 650 etiam
697 622 794 649 multos
808 620 973 648 inveniemus
986 618 1031 653 qui

239 673 353 700 libenter
367 671 456 699 omnia
471 671 596 703 tolerent,
611 675 638 696 ιιι
654 669 702 696 ltac
716 669 767 694 vita
783 667 912 698 fruantur,
927 664 1031 692 etiamsi

239 719 324 747 futura
346 717 474 747 credant?
500 717 544 752 qui
565 724 626 744 cum
646 715 736 742 vident
759 713 888 745 :t-dilicia,
908 711 1030 746 opilieia,

240 765 390 797 machinas,
406 764 583 799 Iacrytnantcs
597 762 658 789 talia
679 761 770 788 dicunt
785 769 792 787 :
806 760 909 792 Quanta
927 757 1029 785 Inaehi-

239 818 318 840 natttr
332 811 423 844 homo,
435 815 461 838 et
472 810 559 845 pulvis
568 807 698 836 el'lieitur?
710 807 746 834 Ila
761 813 854 841 magna
868 810 908 832 est
920 804 1030 839 hujusce

240 858 301 885 vita:
311 856 536 891 concupiscentia.
550 855 611 882 Haec
622 854 709 888 itaque
720 852 824 879 vincula
837 851 942 878 solvens
952 850 1030 877 Chri-

238 911 295 932 sttts
307 905 344 931 ait
358 913 364 930 :
381 903 432 936 Qui
447 903 501 930 odit
518 902 629 928 animant
642 908 712 928 suam
727 899 753 926 in
767 899 814 925 hoc
829 898 934 928 mundo,
950 897 977 923 in
991 896 1029 923 vi-

239 957 291 977 tam
303 955 425 977 teternum
438 948 560 976 custodiet
578 955 643 973 eam.
657 945 732 979 Quod
753 949 841 971 autent
857 948 884 969 ut
897 943 957 970 illos
970 949 1029 969 mo-

239 1001 315 1024 neret
325 1017 332 1028 ,
347 999 374 1023 et
388 999 487 1022 metum
505 1000 598 1020 eorum
616 993 749 1023 solveret,
765 989 822 1016 Inec
837 989 952 1020 dixerit,
968 987 1028 1014 audi

238 1051 271 1070 ex
287 1041 479 1077 sequentibus:
494 1039 540 1067 26.
555 1039 605 1073 Qui
620 1037 681 1065 milii
696 1037 829 1068 mim'strttl,
844 1043 882 1062 me
894 1039 1029 1068 sequatur;

237 1089 272 1116 de
284 1093 370 1116 morte
389 1087 500 1121 loquens
510 1106 516 1118 ,
532 1089 561 1112 et
576 1089 605 1111 ut
617 1091 666 1119 per
684 1091 766 1118 opera
781 1082 868 1116 ipsum
884 1084 1030 1115 sequantur

237 1134 355 1169 exigens.
371 1133 491 1160 Minister
503 1131 575 1159 enim
588 1138 651 1158 eum
669 1130 711 1158 cui
733 1128 866 1156 ministrat
880 1126 955 1161 sequi
969 1133 1028 1152 om-

238 1179 302 1207 nino
316 1178 404 1206 debet.
422 1178 454 1205 Et
468 1177 608 1205 considera
623 1174 792 1210 quandonam
812 1173 868 1200 haec
883 1172 1004 1206 loquatur
1020 1178 1027 1197 τ

238 1233 290 1254 non
313 1232 373 1252 cutn
398 1223 631 1259 persequutionem
654 1221 835 1256 patiebantur,
855 1217 902 1246 sed
922 1225 982 1244 eum
1002 1217 1028 1243 in

238 1271 333 1299 tidueia
348 1270 497 1306 degebant,
512 1273 539 1297 et
554 1268 582 1296 in
600 1272 657 1295 tuto
669 1274 729 1294 esse
746 1265 876 1301 putabant
887 1285 894 1297 ,
909 1271 924 1290 a
938 1263 1029 1290 multis

238 1318 360 1345 honorati
374 1322 401 1344 et
412 1316 491 1347 culti;
505 1322 566 1342 eum
582 1321 641 1342 sese
653 1313 757 1347 erigere
778 1315 901 1346 poterant
913 1314 939 1337 et
951 1308 1028 1336 audi-

238 1373 267 1393 re
283 1373 290 1392 :
307 1364 338 1391 Et
353 1363 424 1390 tollat
438 1370 537 1389 crucem
552 1369 635 1394 etiam,
646 1365 669 1387 et
680 1363 798 1394 sequatur
810 1365 849 1384 me
863 1355 967 1392 (Matth.
984 1355 1028 1384 16.

236 1411 283 1447 24)
296 1419 303 1437 :
319 1410 343 1437 id
356 1414 408 1441 est,
422 1408 533 1435 Paratus
544 1414 651 1441 semper
661 1409 719 1433 esto
728 1405 761 1432 ad
774 1402 901 1438 pericula,
913 1401 946 1429 ad
959 1408 1030 1428 mor-

237 1462 306 1488 tem.
320 1455 353 1482 ad
371 1453 538 1489 migrandum
553 1461 585 1480 ex
601 1454 650 1479 hac
667 1452 731 1478 vita.
751 1449 852 1477 Deinde
864 1456 925 1476 cum
939 1446 1029 1482 gravia

236 1507 263 1530 et
276 1502 388 1529 tnolesta
404 1500 526 1532 dixisset,
543 1498 681 1533 prremium
693 1496 776 1524 addit.
791 1494 933 1529 Quodnam
948 1492 1029 1520 illud?

235 1547 311 1580 Quod
335 1547 420 1581 ipsum
443 1549 582 1580 sequatur,
598 1542 669 1578 quod
688 1542 722 1569 sit
740 1548 793 1568 una
809 1547 900 1567 secum
915 1547 922 1568 :
936 1542 1029 1565 osten-

235 1594 302 1621 dens
322 1593 377 1620 fore
396 1596 424 1618 ιιι
444 1590 606 1618 reSurrectio
620 1593 733 1616 tnortem
747 1590 884 1621 sequatur.
899 1585 964 1612 Nam
980 1583 1029 1610 Ubi

234 1647 290 1665 sum
303 1646 348 1673 ego
358 1658 366 1671 ,
381 1636 481 1671 inqttit,
494 1635 547 1662 illic
561 1639 585 1662 et
599 1634 713 1661 minister
726 1640 805 1658 meus.
819 1631 868 1659 Ubi
889 1635 930 1657 est
949 1629 1028 1656 Chri-

235 1685 313 1712 stus?
326 1684 354 1712 In
367 1683 450 1711 etclis.
465 1682 538 1717 Ergo
548 1681 627 1709 etiam
645 1684 707 1707 ante
726 1677 948 1706 resurrectionem
966 1676 1029 1702 illuc

235 1735 263 1758 et
272 1730 359 1757 animo
370 1734 396 1756 et
409 1733 498 1756 tuente
511 1726 714 1754 transferamur.
725 1725 754 1752 Si
764 1724 820 1758 quis
829 1723 890 1750 mihi
903 1722 1030 1749 minium-

235 1776 316 1808 verit,
335 1774 422 1810 diliget
443 1782 502 1801 eum
524 1772 613 1800 Pater.
627 1771 681 1799 Cur
699 1778 752 1797 non
770 1769 850 1801 dixit,
872 1767 948 1802 Ego?
963 1767 1028 1800 Quia

236 1821 354 1849 nondum
370 1825 578 1848 consentaneum
593 1818 627 1845 de
647 1819 704 1852 ipso
717 1816 869 1851 opinionem
884 1814 1027 1847 habebam,

236 1867 283 1895 sed
304 1866 433 1901 majorem
455 1866 489 1893 de
511 1865 600 1892 Patre.
616 1863 665 1898 Qui
680 1863 750 1890 enim
770 1862 886 1889 nondum
908 1861 1030 1888 sciebant

236 1912 322 1948 ipsum
339 1919 399 1940 esse
413 1915 638 1941 resurrecturum,
654 1908 789 1945 quomodo
801 1915 923 1942 magnam
937 1907 969 1934 de
983 1907 1029 1933 illo

235 1960 388 1994 opinionem
409 1957 612 1992 concepissent?
630 1955 808 1990 Quamobrem
827 1954 888 1981 liliis
908 1951 1029 1980 Zebedn-i

235 2006 273 2032 ait
285 2013 292 2031 :
306 2004 367 2031 Non
377 2008 413 2031 est
425 2010 505 2029 meum
516 2002 592 2034 dare,
606 2001 650 2028 ml
662 2000 750 2035 quibus
764 2005 881 2034 paratum
893 2003 929 2025 est
943 2007 959 2024 ιι
973 1998 1029 2025 Pa-

235 2058 274 2078 tre
285 2058 340 2077 meo
353 2049 449 2086 (Marc.
463 2048 506 2076 10.
519 2047 576 2084 40).
589 2048 666 2081 Atqui
682 2047 738 2081 ipse
751 2051 789 2074 est
802 2046 847 2080 qui
858 2045 969 2080 judicat.
981 2044 1030 2071 Hic

236 2105 300 2125 vero
313 2104 343 2124 se
357 2096 501 2131 genuinum
516 2095 612 2122 Filium
626 2093 757 2121 declarat.
776 2092 836 2120 Illos
853 2092 925 2119 enim
941 2096 968 2118 ut
981 2098 1028 2125 ge-

235 2143 309 2170 nttini
322 2146 351 2170 et
363 2141 418 2169 veri
432 2141 490 2168 Filii
504 2140 641 2167 ministros
655 2138 779 2172 excipiet.
793 2137 838 2164 ‘27.
855 2136 931 2163 Nunc
944 2136 1030 2162 anima

235 2197 291 2216 utea
306 2188 406 2215 turbata
420 2191 467 2214 est.
481 2185 515 2213 Et
530 2185 590 2221 quid
602 2185 705 2211 dicunt?
720 2183 806 2215 Pater,
819 2182 932 2216 salvi/ica
947 2189 985 2208 me
999 2189 1031 2208 ea:

236 2237 283 2261 hac
297 2235 368 2261 liora.
384 2232 463 2268 Atqui
479 2232 536 2259 lucc
551 2239 601 2257 n0|I
622 2234 683 2256 sunt
700 2235 812 2256 mortem
827 2227 900 2254 adire
913 2227 1029 2253 suaden-

236 2282 280 2312 tis,
294 2281 349 2308 imo
362 2278 493 2306 hortantis
506 2277 606 2311 utique.
623 2275 660 2303 Ne
678 2274 799 2302 dicerent
812 2273 882 2300 euint
896 2279 967 2302 eum.
983 2270 1031 2298 Itu-

236 2326 323 2353 ntanis
336 2328 472 2351 carentem
487 2321 638 2352 doloribus,
655 2320 731 2347 facile
750 2318 784 2347 de
805 2322 892 2345 morte
911 2317 1029 2351 philoso-

237 2371 329 2407 phari,
345 2375 372 2398 et
385 2370 444 2397 sine
457 2375 506 2395 suo
521 2366 642 2402 periculo
654 2373 704 2393 nos
718 2363 818 2392 hortari
831 2372 838 2396 ;
855 2362 972 2390 ostendit
985 2369 1029 2394 se,

237 2420 300 2446 licet
313 2425 371 2446 eam
387 2415 559 2447 formidaret,
573 2414 657 2449 ipsam
673 2416 766 2447 utpote
780 2410 871 2438 utilem
887 2416 940 2436 non
954 2416 1030 2435 recu-

236 2473 306 2494 sare.
333 2464 394 2491 Ilaec
419 2469 500 2498 porro
523 2461 556 2487 ad
580 2463 744 2493 assumptam
766 2464 892 2486 carnem.
918 2463 971 2483 non
997 2454 1029 2482 ad

236 2512 402 2540 divinitatem
423 2508 568 2544 pertinent.
591 2506 694 2533 Idcirco
707 2504 763 2531 ait:
779 2502 856 2530 Nunc
875 2502 961 2528 anima
975 2509 1030 2527 utra

237 2559 337 2585 turbata
351 2554 481 2590 €81:(lli3i
494 2554 566 2581 enim
581 2553 632 2580 hoc
644 2555 732 2583 esset,
746 2557 797 2585 qua
812 2550 882 2576 serie
896 2548 952 2575 lucc
965 2555 1030 2575 cou-

237 2604 310 2640 sequi
327 2606 446 2639 possent,
461 2600 549 2631 Pater,
560 2598 672 2633 salui/ica
686 2605 724 2624 me
734 2605 766 2623 ea:
780 2596 827 2622 hac
840 2595 902 2622 hom
913 2594 936 2628 .9)
950 2598 976 2621 et
995 2593 1030 2620 ita

237 2649 408 2686 pet-turbatus
422 2651 464 2674 est
478 2650 506 2672 ut
520 2644 627 2673 liberari
644 2650 673 2671 se
693 2641 856 2678 postularet,
873 2641 895 2667 si
913 2639 1032 2675 effugere

239 2699 338 2732 posset.

272 2741 299 2768 2.
316 2740 378 2768 [Iace
399 2739 522 2766 humanae
542 2741 643 2764 natura:
666 2734 807 2763 infirmitas
828 2737 878 2761 est.
894 2731 947 2760 Sed
967 2731 1027 2766 quid

238 2787 323 2814 dicant
341 2793 394 2813 non
408 2785 493 2812 habeo
504 2804 511 2816 ,
527 2791 587 2811 cum
606 2787 720 2810 mortem
735 2781 875 2815 deprecer.
891 2778 1031 2813 Propterea

239 2832 292 2860 veni
304 2832 330 2858 in
341 2832 428 2858 horam
442 2831 506 2857 hanc
518 2837 567 2858 :ac
579 2829 601 2856 si
615 2828 715 2856 diceret
728 2835 735 2854 :
752 2825 863 2854 Etiamsi
883 2825 1031 2857 turbentur,

238 2883 267 2907 et
277 2883 490 2910 eunslerncntur,
506 2880 619 2903 mortem
635 2881 667 2902 tte
681 2872 822 2908 fugiamus.
836 2869 902 2898 Nam
916 2870 950 2897 ita
967 2877 1029 2905 per-

561 155 589 182 S.
609 152 749 182 .IOANNIS
767 148 1005 179 CIIRYSOSTOMI
1026 147 1184 176 ARCIIIEP.
1205 149 1472 180 CONSTANTINOP.

1826 153 1877 181 372

1089 205 1209 232 turbatus
1222 213 1281 241 ego,
1298 214 1350 234 non
1365 207 1516 242 fugiendum
1530 207 1590 235 dico
1605 215 1613 235 :
1628 207 1766 236 ferendum
1780 209 1877 245 quippe

1087 249 1152 277 illttd
1172 255 1213 277 est
1227 251 1298 286 qttod
1313 251 1419 279 accidit.
1440 252 1498 279 Non
1513 252 1591 284 dico,
1610 252 1703 280 Libera
1719 262 1762 281 tne
1779 262 1811 281 ex
1829 254 1877 282 hac

1086 294 1150 322 hora
1163 303 1171 327 ;
1186 296 1231 323 sed
1243 315 1252 328 ,
1265 296 1310 324 28.
1329 297 1415 330 Pater,
1431 298 1545 333 clariﬁca
1564 307 1653 325 nomen
1671 304 1752 326 tuum.
1769 300 1876 328 Etiamsi

1086 341 1250 375 perturbatio
1271 342 1304 370 ad
1320 342 1378 370 hmc
1400 343 1511 371 dicenda
1533 344 1695 379 compellat.
1714 346 1876 373 contrarium

1085 386 1162 418 dico,
1178 386 1297 421 Clariﬁca
1315 396 1404 415 nomen
1420 393 1506 422 tuum;
1522 389 1547 416 id
1563 395 1620 424 est,
1639 390 1695 417 Due
1710 391 1735 418 in
1746 399 1853 419 crttcem
1869 401 1875 418 :

1085 432 1154 466 quod
1175 432 1318 460 humanum
1337 433 1462 462 allectum
1483 434 1600 468 ittdieat,
1617 441 1792 471 naturamque
1810 437 1876 464 mori

1085 478 1283 510 nolentem,sed
1293 480 1371 507 vitam
1384 487 1492 508 servare
1499 482 1659 515 cupientem;
1672 482 1841 517 ostendttque
1849 491 1878 510 se

1085 531 1138 551 non
1145 529 1220 551 extra
1231 526 1361 553 humanos
1367 525 1476 553 allectus
1483 534 1553 554 esse.
1560 526 1635 554 Sicut
1641 528 1712 554 enim
1722 536 1809 563 neque
1814 536 1875 555 esu-

1084 569 1138 596 rire
1149 577 1236 604 neque
1244 570 1362 598 dormire
1375 571 1480 598 crimini
1493 572 1582 604 datur,
1597 574 1636 600 sic
1655 581 1743 608 neque
1762 581 1878 608 praesen-

1085 619 1138 642 tem
1151 615 1231 642 vitam
1244 622 1347 652 optare.
1358 617 1480 645 Christus
1493 626 1556 645 vero
1567 626 1666 653 corpus
1680 619 1772 646 habuit
1787 628 1800 645 a
1817 628 1877 654 pee-

1083 661 1150 687 eatis
1174 661 1305 694 liberum,
1333 670 1387 690 non
1407 671 1420 690 a
1447 664 1613 692 naturalibus
1643 665 1846 692 necessitatibus
1867 675 1874 693 :

1083 707 1198 742 alioquin
1216 716 1312 744 corpus
1333 717 1385 736 non
1402 709 1505 738 fuisset.
1523 710 1569 737 llis
1587 712 1667 738 etiam
1683 711 1753 738 aliud
1774 712 1875 740 docuit.

1083 754 1221 787 Quodnam
1238 755 1320 782 illud?
1332 755 1366 783 Ut
1387 756 1409 782 si
1430 764 1554 791 umquam
1571 757 1597 784 in
1612 757 1738 784 mmstitia
1758 763 1785 784 et
1805 763 1875 785 metu

1083 802 1178 833 simus,
1196 809 1229 828 ue
1243 802 1302 829 ideo
1314 810 1328 829 a
1345 803 1482 837 proposito
1492 803 1650 831 resiliamus.
1668 804 1876 838 Pttler,duri/ictt

1083 854 1173 873 nomen
1186 851 1266 873 tuum.
1278 847 1398 875 Ostendit
1412 856 1441 875 se
1456 856 1504 883 pro
1516 849 1627 877 veritate
1640 849 1718 882 tnori,
1734 857 1791 876 rem
1805 849 1876 876 illam

1081 891 1194 926 gloriam
1211 892 1255 920 Dei
1267 901 1376 920 vocans.
1393 894 1424 920 Et
1439 894 1490 921 hoc
1499 899 1560 929 post
1570 902 1677 922 crucem
1689 895 1809 929 contigit.
1826 895 1876 921 Fu-

1083 943 1170 965 turutn
1181 944 1239 966 erat
1253 943 1283 966 ut
1294 940 1368 967 orbis
1381 945 1583 968 converteretur
1592 961 1600 974 ,
1611 949 1642 968 ac
1654 948 1751 968 nomen
1767 941 1814 968 Dei
1828 949 1876 968 co-

1081 990 1233 1018 gnosceret,
1250 985 1351 1020 ipsique
1363 987 1487 1018 serviret;
1501 994 1553 1013 non
1570 986 1656 1014 Patris
1669 995 1766 1021 nempe
1778 994 1875 1014 nomen

1081 1029 1230 1062 dumtaxat.
1245 1031 1292 1058 scd
1307 1031 1387 1058 etiam
1402 1032 1461 1058 Filii
1475 1041 1481 1057 :
1496 1037 1612 1059 attamen
1626 1032 1688 1059 illud
1705 1038 1786 1060 tacet.
1804 1031 1877 1059 Venit

1082 1083 1141 1110 ergo
1152 1084 1200 1103 r01:
1214 1076 1246 1103 de
1258 1077 1327 1104 uelis
1342 1085 1351 1104 .'
1365 1076 1398 1104 Et
1410 1078 1548 1111 clariﬁcavi
1558 1099 1566 1111 ,
1580 1083 1603 1104 et
1617 1078 1707 1104 iterum
1719 1079 1875 1111 clari/italia.

1083 1120 1132 1148 Ubi
1152 1121 1326 1149 clariﬁeavit?
1341 1123 1368 1149 In
1385 1123 1604 1157 praecedentibus.
1620 1123 1653 1150 Et
1667 1124 1762 1151 iterum
1777 1125 1876 1151 clariﬁ-

1081 1167 1148 1194 cabo
1160 1172 1343 1202 posterucem.
1353 1169 1422 1202 Quid
1435 1177 1499 1204 ergo
1512 1169 1654 1197 Christus?
1679 1170 1724 1198 50.
1737 1170 1798 1197 Non
1818 1179 1875 1204 pro-

1082 1217 1136 1247 pter
1156 1221 1196 1240 me
1209 1221 1257 1241 vos;
1270 1215 1323 1241 luet:
1345 1217 1413 1250 facta
1427 1220 1474 1248 est,
1490 1217 1535 1242 sed
1548 1221 1651 1250 propter
1660 1224 1712 1243 vos.
1733 1216 1772 1242 Illi
1786 1220 1874 1243 autem

1083 1259 1226 1287 tonitruum
1242 1267 1301 1287 esse
1315 1265 1458 1296 putarunt,
1474 1261 1518 1288 vel
1532 1261 1655 1296 angelum
1671 1262 1720 1295 ipsi
1736 1262 1874 1296 quuutum

1082 1304 1172 1333 fuisse.
1198 1305 1230 1333 Et
1250 1306 1320 1333 unde
1342 1306 1392 1334 ltoc
1407 1307 1550 1341 putarunt?
1570 1315 1658 1334 annon
1672 1308 1742 1335 clara
1761 1313 1788 1335 et
1810 1315 1875 1334 eon-

1081 1350 1171 1384 spicua
1186 1358 1235 1377 vox
1253 1350 1318 1378 fuit?
1336 1351 1433 1378 Verum
1447 1353 1501 1379 cito
1513 1352 1629 1379 avolavit
1647 1352 1680 1380 ab
1698 1352 1750 1380 illis
1760 1374 1770 1386 ,
1784 1357 1876 1386 utpolc

1081 1396 1436 1430 erassioribus,carnalibus,
1451 1397 1589 1432 segnibus.
1601 1398 1651 1425 Alii
1663 1406 1757 1425 sonum
1773 1403 1874 1425 tantutn

1081 1442 1265 1473 retinuerunt,
1279 1442 1324 1469 alii
1336 1443 1504 1470 articulataut
1519 1443 1601 1471 fuisse
1621 1451 1713 1471 vocem
1729 1450 1873 1475 noverant;

1081 1488 1144 1523 quid
1157 1496 1220 1516 vero
1233 1489 1404 1524 signiﬁcaret.
1419 1497 1471 1517 non
1486 1489 1560 1517 item.
1574 1490 1643 1523 Quid
1656 1499 1721 1525 ergo
1734 1490 1875 1518 Christus?

1081 1533 1142 1561 Non
1156 1539 1259 1568 propter
1274 1542 1313 1561 me
1320 1534 1374 1561 hac
1383 1543 1431 1561 vos:
1443 1536 1518 1568 venit,
1527 1535 1572 1562 sed
1583 1541 1685 1571 propter
1695 1543 1746 1563 vos.
1761 1535 1815 1562 Cur
1826 1535 1876 1562 hoc

1081 1580 1166 1608 dixit?
1177 1581 1216 1608 Ad
1229 1581 1291 1607 illud
1303 1581 1449 1616 respiciens
1461 1581 1531 1616 quod
1543 1589 1649 1616 semper
1657 1581 1792 1615 dicebant,
1803 1581 1875 1608 illunt

1081 1635 1113 1654 ex
1136 1627 1191 1654 Deo
1206 1635 1259 1654 non
1272 1635 1343 1654 esse.
1363 1627 1411 1661 Qui
1425 1628 1497 1655 enini
1511 1635 1525 1655 a
1541 1628 1596 1655 Deo
1608 1628 1784 1660 clarilieatur,
1807 1635 1875 1662 quo-

1081 1673 1160 1700 modo
1175 1682 1227 1700 non
1241 1679 1282 1701 est
1301 1681 1333 1701 ex
1356 1674 1410 1701 Deo
1425 1695 1432 1706 ,
1446 1674 1522 1709 cujus
1537 1681 1635 1701 nomen
1659 1679 1767 1709 propter
1790 1674 1874 1708 ipsum

1081 1719 1253 1746 elariticatur?
1264 1719 1325 1746 Ideo
1336 1727 1384 1747 vox
1393 1720 1479 1747 delata
1493 1725 1544 1746 est.
1553 1720 1697 1754 Propterea
1711 1720 1797 1754 iuqttit
1808 1720 1874 1754 ipse,

1082 1765 1143 1792 Non
1157 1771 1260 1801 propter
1271 1774 1309 1792 me
1320 1767 1373 1792 lucc
1383 1774 1432 1793 eoa;
1441 1766 1515 1798 venit,
1528 1766 1573 1793 sed
1583 1771 1686 1800 propter
1697 1773 1740 1793 vos
1753 1774 1762 1792 :
1777 1765 1834 1792 Non
1848 1770 1876 1791 ut

1081 1812 1179 1847 aliquid
1193 1819 1207 1838 a
1222 1819 1264 1840 me
1276 1813 1425 1848 ignoratum
1438 1812 1472 1839 ab
1488 1812 1530 1839 illa
1545 1812 1651 1839 audiam
1673 1811 1784 1848 (omnia
1804 1811 1875 1839 enim

1081 1867 1140 1893 quae
1156 1858 1241 1886 Patris
1253 1863 1315 1885 sunt
1328 1858 1428 1894 novi),
1449 1858 1497 1886 sed
1519 1863 1628 1893 propter
1641 1866 1700 1885 vos.
1717 1858 1784 1891 Quia
1804 1858 1874 1885 enim

1082 1906 1207 1933 dicebant.
1221 1906 1343 1940 angelum
1357 1905 1493 1940 loquututn
1506 1905 1542 1931 illi
1559 1912 1631 1938 esse,
1644 1905 1686 1932 vel
1700 1904 1799 1931 factum
1815 1911 1874 1931 esse

1082 1951 1227 1978 tonitruum
1240 1971 1248 1984 ,
1262 1955 1289 1978 et
1304 1958 1355 1977 non
1371 1950 1546 1977 advertebant
1560 1970 1568 1981 ,
1587 1950 1671 1983 inquit
1683 1970 1691 1982 ,
1708 1956 1817 1984 propter
1830 1957 1876 1976 vos

1082 1997 1196 2024 delatam
1214 2003 1274 2023 esse
1288 2003 1380 2023 vocem
1393 2015 1401 2029 ,
1416 2000 1444 2022 ut
1458 1995 1520 2022 hinc
1533 1995 1734 2022 concitaremini
1746 1995 1779 2021 ad
1793 1995 1875 2021 inter-

1082 2043 1228 2078 rogandum
1252 2042 1314 2078 quid
1336 2042 1436 2069 dictum
1460 2042 1563 2069 fuisset.
1582 2041 1620 2068 Illi
1636 2049 1700 2068 vero
1715 2040 1875 2075 stupefarti,

1083 2095 1170 2124 neque
1183 2088 1222 2115 sic
1240 2088 1437 2122 interrogarunt
1448 2107 1455 2119 ,
1471 2094 1531 2114 cum
1545 2086 1669 2114 audirent
1684 2086 1709 2113 id
1723 2086 1756 2112 ad
1775 2092 1805 2113 se
1819 2093 1877 2120 pcr-

1083 2135 1178 2162 tinere.
1193 2133 1326 2161 Nescienti
1350 2134 1421 2160 enim
1443 2133 1520 2166 cuius
1538 2133 1624 2167 gratia
1648 2131 1803 2164 diceretur,
1819 2131 1877 2164 jure

1082 2188 1136 2208 non
1150 2179 1262 2215 insignis
1273 2187 1324 2206 vox
1338 2179 1477 2206 videbatur
1487 2186 1557 2206 esse.
1574 2177 1685 2212 Propter
1695 2186 1738 2204 vos
1751 2185 1800 2204 vox
1807 2177 1878 2203 dela-

1083 2232 1109 2253 ιιι
1120 2231 1165 2253 ut.
1178 2225 1269 2253 Viden‘
1281 2225 1416 2260 quomodo
1423 2232 1468 2252 res
1481 2224 1595 2252 ltutuiles
1603 2232 1694 2252 eorum
1705 2224 1790 2258 gratia
1803 2224 1878 2256 tiaut,

1083 2281 1137 2300 non
1152 2273 1229 2308 quasi
1243 2271 1326 2299 Filius
1337 2272 1437 2299 auxilio
1452 2271 1541 2307 egeat?
1552 2271 1595 2299 51.
1613 2270 1690 2298 Nunc
1700 2271 1829 2306 judicium
1842 2276 1878 2297 est

1083 2318 1183 2351 mundi,
1195 2326 1261 2345 nunc
1276 2319 1392 2352 princeps
1405 2317 1482 2352 hujus
1497 2317 1584 2344 mundi
1598 2317 1667 2352 infra
1680 2317 1806 2352 ejicietur.
1824 2316 1879 2343 Iluc

1083 2363 1218 2398 quomodo
1231 2368 1337 2398 aptatur
1347 2363 1396 2396 illi,
1411 2362 1567 2396 Clariﬁcaui,
1583 2368 1607 2389 et
1621 2362 1768 2396 clari/itaita
1777 2363 1790 2389 .7
1803 2362 1879 2396 Opti-

1084 2417 1127 2436 me
1140 2414 1167 2436 et
1182 2409 1326 2436 admodum
1340 2414 1532 2436 consentanee.
1547 2408 1614 2442 Qttia
1629 2408 1701 2436 enim
1716 2407 1804 2439 dixit,
1823 2407 1881 2434 Cla-

1083 2455 1199 2490 ri/icubo,
1210 2455 1318 2482 tnodum
1328 2455 1421 2490 gloriae
1430 2454 1558 2482 ostendit.
1569 2454 1635 2487 Quis
1643 2454 1687 2481 ille
1695 2453 1810 2480 modos?
1824 2453 1879 2482 Ille,

1085 2501 1180 2536 inquit,
1197 2500 1321 2536 Ejicietur
1335 2501 1415 2536 infra.
1430 2500 1498 2533 Quid
1511 2500 1561 2528 sibi
1575 2499 1632 2526 vuIt
1649 2499 1712 2527 ilhtd
1727 2509 1734 2527 :
1749 2499 1881 2526 Iudicium

1084 2551 1121 2573 est
1131 2546 1219 2573 mundi
1230 2546 1327 2581 hujus?
1338 2548 1375 2572 Ac
1387 2546 1408 2572 si
1420 2546 1532 2577 diceret,
1547 2545 1680 2572 Iudicium
1696 2545 1748 2572 erit
1762 2548 1790 2571 et
1805 2544 1897 2571 ultio.\

1083 2592 1239 2626 Quomodo?
1254 2591 1357 2618 Occidit
1371 2592 1484 2626 primum
1500 2591 1634 2618 hominem
1647 2611 1655 2624 ,
1669 2598 1749 2625 quem
1771 2594 1881 2625 peccato

1083 2638 1227 2665 obnoxium
1253 2637 1353 2664 invenit
1369 2637 1438 2672 (Per
1458 2642 1588 2672 peccatum
1607 2637 1673 2663 enim
1690 2644 1759 2663 more
1781 2635 1882 2662 intravit

1083 2683 1171 2720 Illam.
1190 2684 1215 2710 5.
1233 2682 1288 2718 12])
1305 2692 1310 2709 ;
1326 2683 1351 2710 in
1366 2691 1408 2709 me
1418 2682 1469 2710 ltoc
1481 2691 1533 2710 non
1550 2683 1660 2710 invenit.
1673 2682 1728 2709 Cur
1738 2689 1803 2716 ergo
1817 2681 1881 2708 insi-

1083 2730 1134 2761 liit,
1151 2734 1177 2756 et
1192 2729 1269 2756 morti
1283 2729 1409 2756 tradidit?
1422 2737 1470 2756 cur
1486 2729 1512 2756 in
1526 2728 1601 2755 .lndae
1615 2728 1731 2755 animant
1747 2727 1881 2762 ingressus

1084 2780 1136 2807 est,
1151 2780 1179 2802 ut
1193 2783 1235 2802 me
1249 2775 1403 2802 occideret?
1417 2775 1455 2802 Ne
1469 2774 1534 2801 mihi
1547 2775 1618 2801 enim
1637 2774 1692 2809 jam
1706 2773 1809 2801 dixeris
1821 2792 1830 2805 ,
1846 2773 1879 2799 ita

1085 2823 1168 2850 Deum
1184 2822 1381 2857 dispensavisse
1398 2831 1404 2848 :
1419 2821 1471 2849 ltoe
1484 2822 1556 2849 enim
1572 2829 1625 2849 non
1642 2821 1744 2849 diaboli
1757 2825 1800 2848 est
1811 2841 1819 2853 ,
1834 2819 1878 2847 sed

1087 2869 1168 2904 ipsius
1183 2868 1330 2904 sapientiat.
1345 2867 1503 2903 Exploretur
1518 2867 1623 2895 interim
1637 2875 1713 2895 mens
1727 2866 1835 2902 maligni
1850 2865 1878 2893 il-
