2036 3119
168 139 219 166 575

167 203 227 230 lius.
247 201 387 235 Quomodo
400 206 464 237 ergo
476 200 590 228 mundus
610 201 636 228 in
653 209 696 229 me
708 201 858 236 judicatus?
872 202 953 235 Quasi

155 249 309 278 constituto
321 248 439 283 judicio,
454 247 557 276 dicetur
571 248 607 275 illi
625 257 631 275 :
646 248 726 281 Esto,
740 256 833 276 omnes
846 248 952 275 occide-

164 298 217 329 ris,
231 296 280 324 sed
298 296 358 330 quia
376 299 488 329 peccato
506 295 637 321 obnoxios
654 295 794 328 reperisti:
817 293 952 321 Christum

163 351 228 370 vero
236 351 288 371 cur
299 342 437 371 occidisti?
451 349 538 368 nonne
549 341 626 373 plane
639 342 746 375 injuste?
759 342 809 368 Per
816 340 952 368 Christum

163 399 227 426 ergo
241 395 312 417 totus
322 389 436 416 mundus
451 387 637 414 vindicabilur.
653 387 729 419 Quod
743 392 771 413 ut
782 386 879 413 clarius
892 393 951 413 eva-

162 436 226 468 dat,
240 435 363 469 excinplu
381 439 448 461 utar.
461 433 501 461 Sit
515 433 646 460 violentus
660 436 789 467 tyrannus
802 431 949 466 quispiam,

163 483 206 516 qni
227 482 252 508 in
267 488 362 508 manus
375 488 436 507 suas
455 479 601 506 incidentes
619 485 713 505 omnes
732 477 879 504 innumeris
891 476 952 503 afﬁ-

161 528 215 555 ciat
229 527 317 555 malis.
333 526 381 553 llic
394 526 415 552 si
435 532 495 552 cum
509 531 573 558 rege
590 523 632 550 vel
648 531 707 550 cum
722 522 778 549 tilio
800 523 868 556 regis
886 529 936 548 con

162 580 269 608 gressus
279 593 286 605 ,
302 572 407 600 occidat
420 571 492 598 illum
509 570 622 604 injuste,
636 570 693 604 ejus
705 576 777 596 mors
791 569 870 596 etiam
886 568 951 594 alios

163 619 255 647 ulcisci
275 618 383 653 poterit.
407 616 448 644 Sit
461 616 557 651 aliquis
572 615 618 650 qui
632 623 647 642 a
660 614 824 641 debitoribus
845 614 950 648 exigat,

163 655 301 695 verberet,
318 664 344 690 in
357 670 493 690 carcerem
503 661 643 695 conjiciat;
655 660 751 687 deinde
770 660 863 686 eadem
874 666 950 686 ενι-ου

161 711 248 746 gantia
261 711 328 737 nihil
344 710 484 737 debentem
506 708 615 743 perinde
628 714 716 742 cogat.
732 707 829 733 Eorum
850 713 909 741 quae
924 706 949 732 in

161 758 227 784 alios
240 756 373 784 cotmnisit
385 760 446 783 tunc
460 762 554 790 ptenas
565 755 640 781 dabit
655 764 663 781 :
679 754 724 781 ille
735 761 848 788 namque
864 754 949 788 ipsum

161 805 275 834 occidet.

196 852 224 880 5.
239 851 283 878 Sic
298 855 324 878 ct
346 850 372 877 in
397 849 465 876 Filio
486 848 584 876 factum
605 852 657 875 est.
681 847 779 874 Eorum
803 846 873 874 enim
891 853 950 881 qum

161 901 252 924 contra
267 903 313 922 vos
326 895 419 922 fecerit
432 894 563 926 diabolus,
578 901 626 928 per
648 900 679 920 ea
695 901 753 927 qute
767 897 859 919 contra
874 891 950 919 Chri-

161 948 230 969 stum
244 949 324 968 ausus
344 940 402 973 fuit,
417 940 490 967 dabit
504 947 605 974 penus.
621 938 696 971 Quod
710 943 799 965 autem
815 937 839 964 id
856 938 948 964 subin-

160 987 271 1018 (licetur,
288 986 348 1013 audi
364 994 370 1012 :
387 985 463 1012 Nunc
476 985 591 1019 princeps
601 984 678 1018 hujus
691 984 778 1010 mundi
788 983 900 1018 ejiciatur
909 983 950 1009 in-

161 1034 211 1067 fra,
227 1041 274 1067 per
284 1036 396 1059 mortem
411 1038 507 1058 meam.
523 1030 567 1058 52.
583 1029 614 1057 Ει
626 1038 671 1065 ego
685 1030 706 1057 si
720 1030 844 1056 multatus
857 1031 929 1064 fuero
939 1048 947 1063 ,

160 1086 245 1105 omnes
260 1078 359 1105 traham
381 1077 414 1103 ml
433 1077 570 1111 meipsum;
585 1077 634 1102 hoc
647 1081 705 1108 est,
725 1076 805 1102 etiam
824 1075 947 1110 gentiles.

161 1125 193 1151 l-Zt
204 1132 236 1151 ne
247 1124 306 1158 quis
316 1123 428 1153 diceret.
437 1122 576 1156 Quomodo
585 1121 708 1156 ejicietur
720 1121 798 1152 intra,
806 1121 828 1147 si
843 1125 868 1147 te
878 1120 949 1147 vice-

160 1170 213 1197 rit?
233 1169 289 1196 Non
305 1169 411 1199 vincet,
427 1167 521 1202 inquit.
540 1166 680 1197 Quomodo
697 1165 769 1192 enim
788 1165 876 1192 vincet
888 1172 947 1191 eum

159 1217 204 1250 qui
219 1215 286 1242 alios
300 1215 403 1242 trahit?
417 1214 468 1241 Nec
483 1214 599 1248 loquitur
615 1212 649 1239 de
671 1211 884 1242 resurrectione;
901 1211 946 1238 scd

160 1261 231 1296 quod
251 1261 446 1287 resurrectione
466 1259 551 1293 majus
565 1263 620 1289 est,
635 1258 728 1284 Ocnus:
741 1257 839 1283 traham
851 1256 884 1284 ad
898 1265 948 1283 me-

159 1307 252 1342 ipsum.
260 1306 324 1333 Nam
333 1307 354 1333 si
362 1305 483 1338 dixisset,
492 1305 647 1338 Resurgam,
655 1304 772 1330 nondum
784 1303 869 1338 palam
876 1308 949 1330 esset

159 1352 233 1387 ipsos
254 1359 313 1379 esse
335 1351 482 1378 credituros
498 1358 504 1376 :
521 1357 580 1377 cum
602 1355 690 1376 autem
714 1349 796 1382 dicit,
812 1348 946 1379 Credeut,

159 1403 301 1432 utrumque
313 1397 440 1428 declarat,
452 1401 479 1423 et
493 1400 704 1423 resurrecturum
714 1403 743 1422 se
755 1395 903 1422 conﬁrmat.
918 1394 947 1421 Si

159 1444 230 1470 enim
245 1447 364 1470 mortuus
378 1442 528 1474 mansisset,
542 1446 569 1468 et
585 1441 664 1467 homo
679 1447 759 1475 purus
773 1445 853 1472 essut,
870 1447 949 1467 nemo

159 1489 326 1516 credidisset.
340 1487 433 1514 Omnes
445 1487 544 1513 trahant
556 1486 591 1512 ad
599 1486 731 1519 meipsum.
744 1486 798 1513 Cur
809 1493 873 1519 ergo
885 1485 948 1512 dicit

160 1534 264 1561 Patrem
282 1533 406 1560 trahere?
421 1531 486 1565 Quia
502 1532 623 1558 trahente
634 1531 710 1563 Filio,
728 1531 808 1558 trahit
822 1536 848 1558 et
860 1531 946 1558 l'ater.

160 1581 273 1607 'l‘rahain
284 1600 292 1611 ,
305 1579 409 1613 inquit,
425 1582 516 1613 utpote
528 1585 542 1604 a
559 1583 670 1612 tyranno
683 1577 823 1609 detentus,
837 1577 880 1611 qui
895 1584 947 1603 non

161 1626 263 1661 possint
275 1633 322 1660 per
334 1633 363 1652 se
373 1625 509 1656 accedere,
521 1629 548 1651 et
555 1623 611 1658 ejus
617 1623 769 1650 obsistentis
779 1631 870 1651 manus
881 1623 948 1650 etTu-

644 140 675 171 IN
693 141 850 174 JOANNEM
870 143 983 175 IIOSIIL.
999 145 1112 176 LXVIII.
1129 151 1163 178 al.
1181 148 1284 179 LXVII.

1743 158 1794 186 374

1004 206 1243 241 gt-re.Alibiautetn
1255 209 1317 236 illud
1325 210 1442 244 rapinam
1451 207 1622 240 vocatJ'emu
1631 217 1796 250 potestspolin

1006 253 1078 281 [ortis
1088 261 1186 287 rapere,
1199 254 1248 280 nisi
1258 255 1327 288 prius
1340 257 1430 290 fortem
1449 257 1551 292 alliget,
1565 263 1586 285 et
1600 264 1659 285 tum:
1672 268 1732 286 vasa
1742 261 1796 294 eius

1005 299 1088 333 rapiat
1102 299 1206 334 (Matth.
1226 300 1267 326 l2.
1283 300 1338 337 29).
1356 302 1402 329 llis
1413 304 1470 336 ejus
1485 304 1636 332 violentiam
1654 305 1793 338 signiﬁcat.

1003 344 1079 378 Quod
1098 352 1162 378 ergo
1184 345 1235 372 illic
1255 347 1390 380 rapinam,
1405 348 1448 375 hic
1470 350 1626 377 tractionem
1642 352 1794 384 appellavit.

1005 390 1067 417 Htcc
1080 398 1141 417 cum
1155 391 1285 423 sciamus,
1306 393 1467 424 utilesin.
1490 395 1670 429 gloriﬁceuius
1693 397 1774 424 IlCUllt
1787 419 1793 427 .

1002 445 1058 463 non
1074 445 1120 470 per
1134 437 1212 464 ﬁdem
1227 441 1339 468 unitum,
1352 439 1397 465 sed
1411 440 1489 465 etiam
1505 449 1551 474 per
1566 442 1662 474 \‘ilutn;
1677 443 1793 477 alioquin

1005 490 1057 510 non
1073 484 1156 517 gloria
1169 504 1177 514 .
1192 484 1239 511 sed
1259 485 1420 518 blasphemia
1441 486 1466 512 in
1488 486 1569 513 Dt'lllll
1585 494 1665 515 eSset.
1682 489 1739 516 Non
1760 490 1793 516 ita

1003 529 1203 563 blaSplicmatur
1217 530 1285 556 Deus
1299 530 1331 556 ab
1346 531 1510 557 exsecranda
1524 534 1629 564 gentili,
1647 539 1673 560 ut
1689 542 1702 560 a
1718 534 1794 561 Chri—

1003 576 1091 602 stiano
1105 581 1240 610 corrupto.
1256 575 1356 603 Idcirco
1367 572 1600 611 omnim-obsecro,
1614 579 1750 613 faciamus,
1767 586 1794 607 ut

1004 621 1074 648 Deus
1097 622 1179 656 gloria
1201 622 1342 649 afﬁciatur.
1359 622 1423 649 Nam
1439 623 1485 655 ait,
1509 622 1554 650 Vm
1573 631 1650 651 servo
1673 625 1729 657 illi,
1746 633 1794 659 per

1002 675 1081 702 quem
1100 676 1196 695 nomen
1222 669 1266 695 Dei
1286 668 1485 703 blasphematur
1501 669 1623 704 (quando
1641 676 1729 698 autem
1748 671 1792 699 Va:

1002 714 1111 747 dicitur,
1123 715 1210 740 omnis
1224 715 1356 741 cruciatus
1367 715 1487 748 sequitur
1500 720 1579 750 atque
1594 716 1763 752 supplicium)
1781 726 1788 744 :

1003 760 1096 787 beatus
1109 765 1197 786 autem
1207 760 1251 787 illc
1266 763 1317 791 est,
1336 767 1381 793 per
1394 767 1474 794 quem
1488 769 1584 787 nomen
1608 761 1666 796 ejus
1680 762 1794 788 honora-

1003 810 1056 832 tor.
1070 805 1108 832 Ne
1120 805 1207 840 itaque
1217 805 1300 832 simus
1310 805 1384 840 quasi
1395 805 1421 832 in
1433 805 1559 838 tenebris,
1572 806 1617 832 sed
1631 806 1718 833 omnia
1734 814 1793 841 pec-

1002 855 1059 878 cata
1072 851 1202 885 lugiauius
1214 871 1221 883 ,
1238 851 1352 878 maxime
1365 855 1452 878 autent
1469 851 1511 878 illa
1532 859 1591 886 quae
1614 852 1639 878 in
1660 852 1791 886 publicant

1003 896 1145 931 perniciem
1172 901 1328 923 transeunt:
1345 896 1370 922 in
1392 896 1433 922 his
1456 896 1526 922 enim
1552 897 1698 931 przesertim
1723 897 1792 924 Deus

1003 942 1211 976 blasphematur.
1227 942 1312 975 Quam
1328 941 1397 968 enim
1412 942 1516 968 veniam
1543 950 1753 977 consequemur,
1770 944 1791 970 si

1001 989 1060 1015 aliis
1071 989 1134 1015 dare
1147 988 1224 1022 juSSi,
1240 988 1326 1014 aliena
1340 988 1494 1022 rapiamus?
1508 996 1567 1021 qum
1582 989 1657 1015 nobis
1671 989 1720 1015 erit
1731 997 1793 1024 spes

1001 1034 1095 1061 salutis
1108 1034 1119 1060 't
1133 1033 1159 1061 Si
1173 1034 1334 1060 esurientem
1348 1041 1401 1060 noti
1415 1034 1482 1066 alas,
1495 1034 1622 1068 punieris;
1634 1034 1656 1060 si
1672 1034 1791 1061 indutqu

1002 1088 1083 1107 exuas
1096 1101 1103 1112 ,
1127 1087 1205 1114 quam
1222 1079 1393 1114 consequeris
1413 1080 1537 1106 veniam?
1559 1080 1620 1108 Ha-c
1641 1080 1792 1114 frequenter

1001 1127 1089 1153 dicere
1101 1133 1152 1152 non
1165 1124 1338 1152 cessabimus.
1356 1125 1435 1152 Forte
1449 1126 1493 1160 qui
1510 1125 1587 1152 hodie
1602 1134 1653 1153 non
1669 1127 1789 1159 audiunt,

1001 1179 1060 1199 eras
1083 1171 1214 1198 audient:
1241 1171 1285 1205 qui
1310 1178 1370 1198 cras
1395 1179 1447 1197 non
1475 1171 1612 1199 attendant
1628 1192 1635 1204 ,
1665 1172 1791 1206 postridie

1001 1218 1119 1245 audient.
1145 1217 1220 1250 Quod
1234 1217 1316 1251 siqui
1344 1216 1505 1251 inunorigeri
1528 1217 1601 1249 sint,
1623 1225 1671 1244 nos
1695 1219 1788 1245 saltem

1003 1264 1102 1291 innoxii
1113 1263 1240 1297 judicium
1252 1270 1304 1288 non
1315 1261 1473 1291 sultibimus,
1493 1263 1536 1295 qui
1546 1267 1700 1296 qna-.nostra
1715 1268 1792 1289 erant

1002 1309 1208 1344 intpleverimns.
1218 1306 1324 1337 Utinam
1338 1315 1387 1334 nec
1400 1316 1448 1335 nos
1461 1308 1578 1335 dedietis
1593 1309 1789 1341 erubescamus,

1001 1364 1050 1384 nec
1073 1363 1119 1382 vos
1142 1355 1243 1390 pudore
1267 1353 1417 1381 al'ﬁciamini
1429 1373 1437 1385 ,
1453 1353 1499 1381 sed
1515 1362 1608 1381 omnes
1620 1362 1679 1381 eum
1697 1355 1790 1381 ﬁducia

1001 1407 1073 1429 stare
1086 1402 1217 1436 possimus
1230 1406 1292 1426 ante
1307 1399 1421 1426 tribunal
1436 1400 1545 1432 Christi,
1563 1405 1628 1427 utet
1640 1408 1689 1427 nos
1705 1400 1790 1434 possi-

1001 1457 1060 1477 mus
1087 1450 1112 1476 in
1135 1448 1209 1476 vobis
1235 1446 1352 1482 gloriari,
1369 1446 1455 1480 deque
1468 1446 1543 1473 malis
1563 1446 1660 1473 nostris
1675 1446 1789 1480 aliquam

1001 1496 1210 1522 consolationem
1221 1494 1352 1529 accipere;
1361 1497 1475 1521 vestram
1487 1499 1582 1525 nempe
1597 1491 1788 1526 probationem,

1002 1541 1028 1568 in
1048 1540 1223 1568 CltristoJesu
1238 1540 1349 1567 Domino
1363 1544 1466 1571 nostro,
1481 1538 1586 1572 quicum
1598 1537 1666 1564 Patri
1678 1537 1761 1572 gloria
1778 1556 1786 1569 ,

1001 1587 1132 1620 simulque
1145 1585 1254 1620 Spiritui
1267 1589 1359 1612 sancto
1373 1585 1400 1611 in
1415 1583 1522 1611 stncula.
1538 1583 1632 1610 Amen.

183 1695 1769 1707 ________——_—___________—_———

801 1742 974 1772 HOMILIA
994 1741 1134 1772 LXVIII.

159 1812 222 1839 Car.
240 1812 282 1839 12.
298 1819 325 1838 v.
342 1812 387 1839 54.
407 1810 545 1846 Respondit
558 1813 579 1838 ei
590 1811 662 1838 turba
674 1819 683 1838 :
697 1808 753 1838 Nos
765 1812 905 1839 audivimus
919 1820 951 1839 ex

195 1858 258 1893 lege,
269 1858 335 1890 quod
348 1857 459 1884 Christus
474 1861 555 1884 manet
567 1857 593 1883 in
603 1862 721 1884 a'ternunt
731 1865 741 1884 .'
752 1862 775 1884 et
788 1858 913 1891 quomodo
924 1862 950 1884 tu

194 1905 267 1937 dicis,
285 1904 388 1937 Oportet
400 1904 505 1930 multari
518 1903 614 1931 Filium
629 1903 736 1931 hominis
745 1905 758 1931 ζ’
773 1904 835 1937 Quis
847 1909 882 1931 est
905 1905 951 1931 iste

195 1949 279 1976 Filius
293 1950 420 1976 hominis?

195 1997 221 2023 Ι.
243 1995 314 2023 Mors
337 1995 430 2023 Clu-isti
454 2004 504 2023 non
528 1996 608 2032 obfuit
630 1996 763 2031 quominus
790 2001 900 2024 maneret
923 1996 949 2024 in

159 2048 289 2069 mentum.
303 2057 339 2062 —
350 2042 432 2069 Error
443 2042 609 2076 deprehenso
624 2043 708 2069 facilis
722 2048 748 2069 et
761 2043 881 2070 inﬁrmus
896 2047 947 2077 est,

159 2087 263 2114 etiamsi
275 2087 394 2114 exterius
405 2087 477 2114 inille
487 2088 644 2122 depingatur
657 2088 798 2115 coloribus.
812 2089 846 2115 Et
857 2096 949 2122 quem-

158 2131 300 2159 admodum
314 2132 331 2159 ii
344 2153 351 2164 ,
366 2132 410 2167 qui
433 2133 515 2159 ruina:
531 2134 663 2167 proximus
680 2134 793 2168 parietes
807 2134 947 2167 oblinunt,

160 2186 211 2206 non
230 2178 291 2205 illos
304 2182 392 2204 tamen
409 2179 488 2205 illitos
511 2179 616 2206 ﬁrmant
632 2188 638 2206 :
655 2180 693 2206 sic
707 2179 751 2214 qui
766 2180 947 2213 mentiuntur,

160 2223 238 2250 facile
253 2223 443 2250 confutantur:
466 2223 492 2250 id
516 2224 584 2258 quod
610 2224 652 2251 hic
675 2225 744 2258 passi
770 2229 833 2251 sunt
851 2222 946 2252 Juda'i.

159 2268 225 2295 Nam
248 2268 356 2295 Christo
371 2269 434 2302 ipsis
453 2269 574 2301 dicente,
595 2270 658 2296 Cum
680 2269 804 2297 uallatus
827 2272 898 2305 fuero
910 2291 917 2302 ,
933 2278 949 2296 α

159 2318 225 2340 terra
240 2321 325 2340 omnes
346 2313 443 2341 traham
457 2314 490 2341 ad
510 2316 647 2350 meipsuin;
669 2316 723 2342 Nos
740 2317 891 2347 audivimus,
906 2316 947 2343 ili-

158 2361 269 2395 quiunt,
284 2369 299 2386 α
313 2360 366 2395 lege
377 2381 385 2392 ,
399 2361 458 2396 quia
473 2361 588 2389 Christus
600 2367 680 2388 manet
690 2363 717 2389 in
730 2367 862 2389 wiernmn.
879 2362 948 2395 Quo—

160 2406 235 2432 modo
249 2411 275 2432 tu
287 2406 350 2432 dicis
360 2427 367 2438 ,
384 2406 488 2441 Oportet
504 2407 612 2434 exaltari
634 2407 732 2434 Filium
747 2408 873 2435 hominis?
885 2408 948 2442 Quis

159 2456 194 2477 est
210 2451 256 2478 iste
272 2450 356 2478 Filius
371 2452 503 2478 hominis?
527 2452 629 2479 Norant
644 2453 722 2487 igitur
738 2453 872 2480 Clu-istum
888 2461 947 2480 esse

161 2495 359 2528 immortalem,
379 2503 405 2523 et
425 2498 505 2524 vitam
529 2497 627 2525 habere
650 2499 706 2525 sine
730 2499 853 2526 termino.
878 2498 948 2534 Ergo

160 2541 222 2575 quid
244 2541 346 2569 diceret
361 2542 552 2577 intelligebant.
570 2544 674 2571 Etenim
691 2544 716 2571 in
729 2544 874 2578 Seripturis
889 2552 949 2579 pas-

161 2586 211 2612 sim
222 2591 250 2613 et
271 2587 360 2621 passio
380 2591 407 2615 et
432 2589 593 2616 resurrectio
616 2595 769 2616 occurrunt.
785 2589 850 2616 Nam
867 2589 947 2616 Isaias

163 2630 219 2658 lucc
231 2631 309 2658 simul
323 2633 416 2666 ponit:
429 2632 567 2665 Tamquam
581 2634 633 2660 ovis
648 2634 681 2661 ad
695 2635 843 2661 occisionem
857 2635 948 2661 ductus

162 2681 197 2701 est
210 2675 287 2709 (lsai.
300 2677 345 2704 55.
362 2678 390 2711 7)
401 2699 407 2709 ,
422 2683 447 2705 et
461 2687 519 2711 qum
534 2684 680 2713 sequuntur
695 2680 793 2707 omnia.
810 2679 844 2706 Et
867 2680 948 2706 David

163 2721 188 2747 in
205 2722 322 2749 secundo
338 2723 451 2755 Psalmo,
466 2729 492 2750 et
506 2724 567 2750 alibi
579 2732 650 2758 saepe
664 2724 721 2752 lucc
735 2725 814 2751 ambo
828 2725 946 2759 copulat.

164 2766 314 2793 l‘atriareha
326 2775 431 2803 quoque
440 2777 499 2796 cum
511 2769 585 2799 dicit.
597 2769 718 2796 Occidens
728 2770 844 2796 dormivit
857 2775 885 2796 ut
896 2770 946 2802 leo,

163 2811 333 2846 addiditque,
351 2812 382 2839 Et
398 2818 431 2843 ut
451 2813 549 2840 catulus
569 2814 658 2847 leonis,
673 2815 730 2849 quis
749 2814 877 2842 suscitabit
891 2823 948 2842 eum

165 2854 239 2888 (lien.
259 2857 303 2885 49.
319 2857 364 2894 9)?
377 2859 507 2894 simulque
522 2859 671 2894 passionem
684 2864 710 2887 et
726 2860 946 2888 resurrectionem

997 1812 1137 1847 signiﬁcat.
1155 1811 1251 1849 Verum
1268 1811 1294 1838 hi
1308 1814 1446 1845 sperantes
1470 1818 1500 1838 se
1514 1810 1551 1837 illi
1567 1810 1703 1837 silentium
1727 1809 1778 1836 im-

1004 1859 1137 1893 posituros
1152 1865 1183 1885 ac
1206 1857 1438 1884 demonstraturus
1464 1856 1549 1891 ipsum
1574 1863 1626 1882 non
1642 1862 1700 1882 esse
1713 1855 1788 1881 Chri-

1002 1908 1082 1935 stum,
1097 1903 1158 1930 hinc
1167 1903 1301 1929 Christum
1315 1902 1340 1928 in
1354 1907 1482 1928 mternum
1499 1908 1606 1928 manere
1618 1901 1788 1927 cenﬁtentur.

1004 1949 1035 1976 Et
1048 1949 1108 1975 vide
1122 1955 1200 1983 quant
1216 1948 1339 1981 maligne.
1354 1947 1412 1974 Non
1426 1947 1550 1973 dixerunt
1564 1946 1634 1973 enim
1645 1966 1653 1977 ,
1667 1945 1720 1972 Nos
1739 1953 1788 1971 au-

1001 1995 1115 2021 divimus
1128 1994 1197 2028 quod
1211 1994 1332 2020 Christus
1343 2001 1395 2020 non
1408 1999 1544 2027 passurus,
1559 1999 1612 2018 non
1630 1990 1788 2025 cruciﬁgen-

1001 2040 1051 2067 dus
1064 2040 1113 2071 sit,
1137 2039 1200 2068 sed.
1219 2039 1293 2071 Quod
1315 2043 1396 2065 manet
1418 2038 1444 2064 in
1456 2043 1586 2064 mternum.
1611 2037 1688 2071 Atqui
1703 2043 1789 2069 neque

1002 2086 1053 2113 hoc
1066 2085 1163 2112 dictum
1176 2085 1337 2111 contrarium
1353 2088 1420 2111 erat.
1441 2083 1532 2110 Passio
1548 2091 1661 2116 namque
1677 2084 1789 2108 immor.

1003 2131 1111 2158 talitatis
1135 2138 1187 2165 non
1212 2129 1261 2156 fuit
1285 2129 1510 2163 impedimentum.
1535 2128 1602 2155 Illuc
1622 2128 1712 2154 videre
1727 2127 1789 2153 licet

988 2178 1083 2204 .mulla
1099 2184 1145 2204 eos
1158 2176 1266 2203 scivisse
1280 2184 1339 2209 (ιιιευ
1361 2177 1386 2201 in
1406 2175 1515 2202 dubium
1532 2173 1619 2200 vocari
1647 2178 1786 2208 poterant,

1001 2228 1080 2258 atque
1094 2229 1189 2257 sponte
1203 2228 1250 2249 sua
1265 2222 1422 2255 malignatus
1435 2228 1503 2247 esse.
1516 2220 1582 2253 Quia
1594 2219 1664 2246 enim
1681 2224 1741 2245 ante
1754 2218 1788 2245 de

1001 2274 1087 2296 morte
1100 2269 1261 2295 dissernerat
1273 2288 1279 2298 ,
1296 2275 1355 2294 cum
1379 2266 1422 2293 hic
1443 2266 1565 2292 audirent
1579 2265 1652 2291 illum
1666 2265 1787 2291 exaltan-

1000 2314 1062 2341 dnm
1076 2320 1151 2344 esse.
1175 2314 1224 2339 hoc
1244 2312 1368 2346 suspicati
1390 2316 1461 2339 sunt.
1487 2311 1587 2338 Deinde
1600 2310 1707 2341 dicunt,
1725 2309 1788 2341 Qui;

1000 2365 1036 2387 est
1050 2360 1097 2386 iste
1110 2359 1193 2386 Filius
1215 2358 1347 2385 hominis?
1370 2358 1403 2384 Et
1426 2357 1475 2384 hoc
1501 2357 1623 2391 maligne.
1640 2355 1678 2383 Ne
1694 2361 1786 2390 putes,

1001 2405 1123 2440 inquiunt
1135 2424 1142 2435 ,
1159 2411 1207 2430 nos
1220 2403 1253 2430 de
1269 2409 1293 2430 te
1310 2404 1359 2430 hoc
1378 2403 1466 2430 dicere
1478 2423 1485 2433 ,
1502 2410 1553 2429 neu
1568 2401 1651 2432 dicas.
1674 2408 1723 2428 nos
1739 2401 1786 2427 iui-

1000 2451 1108 2478 micitiu:
1132 2458 1211 2478 eausa
1228 2450 1273 2476 tibi
1297 2449 1489 2476 contradicere.
1516 2448 1584 2474 Ecce
1608 2448 1741 2474 nescimus
1754 2446 1787 2472 de

1000 2505 1053 2533 quo
1067 2497 1184 2531 loquaris
1195 2517 1202 2529 ,
1225 2501 1251 2523 et
1265 2500 1353 2523 tatnen
1376 2495 1433 2521 Il.l‘.C
1457 2493 1624 2528 proferimus.
1640 2493 1708 2526 Quid
1724 2499 1788 2525 ergo

1001 2542 1143 2570 Christus?
1163 2541 1237 2576 Ipsos
1249 2540 1367 2567 confutat
1379 2561 1385 2572 ,
1402 2538 1570 2572 ostenditque
1585 2538 1732 2572 passionem
1749 2536 1788 2562 ni-

1001 2588 1038 2615 hil
1049 2587 1143 2614 obesse
1153 2587 1294 2621 quominus
1303 2586 1359 2619 ipse
1371 2588 1476 2611 maneat
1486 2584 1511 2610 in
1525 2589 1665 2609 :eternum.
1677 2581 1722 2608 55.
1735 2582 1788 2606 ΑΔ·

1001 2634 1061 2666 huc,
1072 2633 1166 2667 inquit,
1177 2632 1301 2658 modicum
1310 2635 1406 2664 tempus
1417 2629 1500 2655 lumen
1508 2629 1534 2654 in
1548 2627 1614 2653 vobis
1625 2632 1659 2652 est
1669 2635 1677 2657 ,-
1688 2626 1787 2661 εἰειιίιί-

1000 2686 1064 2705 cans
1085 2682 1197 2704 mortem
1229 2683 1303 2703 suam
1326 2683 1386 2702 esse
1410 2674 1620 2701 translationem.
1647 2671 1712 2698 Nam
1742 2671 1786 2698 lux

1001 2724 1065 2751 solis
1080 2730 1130 2749 non
1146 2721 1339 2755 exstinguitur,
1352 2719 1398 2746 sed
1413 2726 1496 2753 parvo
1509 2722 1627 2752 tempore
1646 2716 1786 2747 secedens,

1001 2776 1105 2796 rursum
1120 2771 1239 2802 apparet.
1264 2765 1397 2792 Ambulale
1418 2764 1477 2790 dum
1492 2763 1571 2789 lucent
1588 2762 1693 2789 habetis.
1708 2760 1784 2794 Quod

1002 2815 1044 2842 hic
1059 2819 1160 2848 tempus
1183 2811 1299 2839 indicat?
1320 2818 1353 2837 an
1376 2815 1457 2836 totum
1475 2810 1541 2835 hanc
1555 2808 1654 2834 vitam?
1668 2815 1700 2834 au
1716 2812 1784 2834 leni-

1000 2868 1048 2896 pus
1062 2865 1122 2887 ante
1135 2857 1260 2887 crucem?
1271 2857 1417 2892 Utrumque
1430 2856 1551 2883 arbitror.
1563 2854 1604 2882 0h
1622 2853 1781 2882 ineffabilem
