2036 3119
254 131 304 160 575

253 192 324 218 enim
348 190 405 225 ejus
427 188 636 224 benignitatem,
663 187 738 214 multi
752 187 833 214 etiam
856 192 915 222 post
935 194 1042 215 crucem

253 237 437 264 crediderunt.
452 235 514 262 "me
529 241 610 269 porro
624 233 688 261 dicit
709 238 736 260 ut
755 233 815 261 illos
826 233 860 260 ad
880 233 1042 260 credendum

253 283 379 312 concitet,
393 285 420 307 ut
431 280 510 307 etiam
519 280 641 313 superius
654 279 717 306 fecit
730 279 764 306 ita
775 279 878 310 dicens.
888 279 978 306 Adhuc
989 287 1043 305 mo-

254 327 339 353 dirnm
355 332 452 360 tempus
462 325 589 352 vobiscum
605 333 672 352 sum.
691 325 741 357 Qui
754 325 866 351 ambulat
879 325 905 351 in
922 324 1042 356 tenebris.

254 373 329 399 nescit
339 380 386 406 quo
398 373 473 399 vadat
485 371 573 406 (Joan.
583 372 609 398 7.
622 372 677 405 55).
688 371 790 405 Quanta
802 379 872 398 nunc
880 371 963 398 Juda-i
974 372 1044 405 igno~

254 423 344 444 rantes
360 418 457 444 f.ciunt
468 438 475 448 .
489 425 521 445 ae
534 418 556 444 si
572 418 597 444 in
614 417 730 445 tenebris
742 417 927 444 ambularentl
943 417 1042 444 Viden-

254 467 296 488 tur
308 461 358 488 sibi
372 466 443 488 recta
455 462 577 489 incedere
588 463 629 489 via
638 483 645 493 ,
657 462 719 489 dum
733 462 866 490 contraria
883 461 1041 496 procedunt,

253 507 391 534 sabbatum
405 513 554 540 servantes,
563 513 588 535 et
599 509 682 542 legem
690 508 862 543 ciborumque
873 508 1041 535 observatio-

254 559 311 583 nes;
321 557 347 578 et
357 553 477 579 nesciunt
487 553 528 579 ubi
539 553 684 580 ambulent.
695 553 754 580 ideo
765 553 884 580 dicebat:
897 553 940 581 36.
949 553 1040 580 Ambu-

253 597 336 624 latcin
352 598 460 630 luce,nt
479 598 527 631 ﬁlii
541 598 604 626 lucis
621 600 690 630 sitis;
708 599 732 625 id
747 603 798 631 est,
816 599 862 626 lilii
879 599 940 626 mei.
963 599 1041 631 Atqui

254 644 279 670 in
295 644 423 678 principio
443 645 527 679 inquit
548 645 710 678 evangelista
725 653 732 671 :
749 644 809 672 Non
823 653 854 671 ex
866 645 1040 680 sanguinibus,

253 697 332 724 neque
343 697 374 716 ea:
385 690 511 716 voluntate
522 691 615 721 carnis,
623 690 666 716 sed
681 698 712 717 ea:
720 689 773 716 Deo
788 690 839 716 nati
849 695 907 717 sunt
917 689 1006 724 (Joan.
1015 691 1040 717 l.

253 735 355 768 l5);id
373 741 424 767 est.
435 743 466 763 ex
475 735 694 763 Patre:hicvero
704 738 761 770 ipse
771 736 828 763 illos
849 737 957 771 gignere
974 736 1040 763 dici-

253 785 305 813 tur,
315 785 342 808 ut
351 782 419 808 scias
428 789 505 808 unam
514 789 574 809 esse
583 782 763 815 operationem
772 782 858 809 Patris
866 787 892 809 et
902 781 969 809 Ριιὶἰ.
979 781 1041 809 Ille:

253 827 371 860 loquutus
382 826 468 857 Iesus,
479 828 551 858 abiit,
561 831 585 854 et
594 827 724 854 abscondit
735 836 762 854 se
773 828 804 854 ab
816 828 860 854 cis.
870 827 924 854 Cur
933 828 1042 854 abscon-

251 871 291 897 dit
304 879 332 898 se
345 872 434 898 nunc?
445 871 534 906 Neque
542 872 612 898 enim
627 872 727 906 lapides
736 876 828 899 contra
839 880 899 899 eum
912 872 1039 906 tulerunt,

256 925 344 952 neque
363 918 590 953 blasphemarunt,
606 922 633 945 ut
644 923 705 945 ante
720 918 846 946 fecerant.
863 919 995 953 Cur'ergo
1011 925 1041 945 se

251 963 411 990 abscondit?
425 963 492 991 Cum
510 964 536 990 in
551 963 629 990 corda
647 968 814 997 penetraret.
829 963 930 990 sciebat
945 971 1038 990 eorum

251 1009 356 1036 animos
367 1009 518 1043 exasperari
529 1028 537 1041 ,
554 1009 658 1036 etiamsi
680 1009 745 1036 nihil
759 1009 933 1044 loquerentur
948 1019 955 1036 :
970 1010 1040 1036 scie-

250 1055 295 1082 bat
310 1055 412 1083 fervere
435 1055 495 1082 illos
509 1060 536 1082 et
548 1056 648 1082 cuidem
662 1056 778 1090 spirare:
795 1063 882 1090 neque
897 1060 1038 1090 exspecta-

249 1101 286 1127 vit
302 1100 387 1128 donec
401 1101 426 1127 itt
439 1108 508 1135 opus
524 1101 716 1135 procederent,
733 1100 778 1127 sed
795 1100 934 1127 abscondit
950 1108 992 1132 se,
1009 1105 1038 1128 ιιι

250 1146 352 1173 illorum
373 1146 498 1173 invidiam
516 1146 630 1173 sedaret.
647 1145 712 1173 Vide
727 1146 860 1180 quomodo
876 1145 901 1173 id
918 1146 1036 1173 subindi-

249 1197 291 1218 ενι
312 1193 490 1227 evangelista,
512 1192 555 1226 qtti
577 1193 665 1219 statim
686 1192 759 1219 addit
777 1200 783 1218 :
800 1192 844 1219 57.
868 1192 931 1220 Cum
954 1198 1036 1220 autent

249 1244 318 1266 tanta
332 1239 404 1271 signa
419 1239 534 1273 fecisset,
551 1247 600 1265 non
614 1239 772 1265 crediderunt
791 1240 816 1266 in
829 1247 895 1266 eum.
912 1239 976 1273 Qun.-
992 1239 1036 1266 illa

251 1290 323 1311 tanta
345 1285 439 1320 signa?
461 1285 497 1312 Ea
511 1293 570 1320 qum
590 1285 758 1320 priuertuisit
774 1286 945 1319 evangelista,
960 1290 988 1313 ιιι
1002 1293 1036 1313 ex

248 1332 420 1366 sequentibus
431 1331 516 1366 palam
529 1335 578 1357 est.
594 1331 660 1358 Nam
673 1339 734 1357 eum
748 1331 912 1363 secessisset,
923 1336 948 1358 et
963 1337 1037 1366 post-

253 1384 284 1402 ea
301 1383 424 1403 reversus
437 1381 524 1407 esset,
536 1383 628 1403 rursus
642 1376 744 1410 placide
766 1377 825 1404 illos
837 1377 980 1411 alloquitur
994 1378 1036 1406 his

248 1421 338 1448 verbis
350 1430 357 1448 :
370 1421 421 1454 Qui
433 1422 512 1448 credit
522 1422 548 1448 in
561 1430 610 1454 me,
627 1430 676 1448 non
692 1422 769 1448 credit
781 1422 808 1448 in
823 1430 871 1454 me,
883 1423 927 1449 sed
937 1423 963 1449 in
978 1431 1035 1450 eum

247 1468 291 1501 qui
304 1467 371 1494 nticit
383 1475 422 1494 me
444 1466 532 1503 (Ibid.
555 1468 598 1494 12.
614 1467 668 1500 Li).
686 1467 750 1494 Vide
763 1467 824 1500 quid
839 1467 901 1494 facit
917 1476 924 1494 :
940 1468 973 1494 ab
987 1468 1037 1495 htt-

248 1512 353 1539 milibus
376 1512 486 1547 incipit,
509 1517 535 1540 et
555 1512 671 1547 confugit
693 1512 726 1538 ad
742 1511 866 1544 Patrem,
887 1512 1035 1546 iterumque

247 1558 349 1586 extollit
361 1566 522 1586 sermonem.
546 1558 580 1585 Et
601 1566 661 1584 cum
683 1565 729 1584 eos
749 1557 873 1584 efferatos
895 1558 1033 1593 intelligit,

246 1604 355 1631 discedit
367 1625 374 1636 ,
388 1609 415 1632 et
427 1612 519 1631 rursus
533 1608 668 1638 comparet
678 1624 684 1634 .
697 1604 767 1630 etab
780 1603 924 1631 humilibus
938 1604 1033 1631 iterum

247 1651 348 1683 incipit.
374 1651 406 1677 Et
427 1650 534 1677 ubinam
559 1650 608 1677 ltoc
629 1649 710 1677 fecit?
734 1649 788 1676 lmo
807 1649 850 1676 ubi
876 1658 928 1676 tton
954 1650 1034 1677 fecit?

247 1696 313 1723 Vide
326 1696 388 1730 quid
405 1696 479 1722 initio
503 1696 593 1722 dicat:
610 1695 682 1723 Sicut
704 1696 798 1728 audio,
815 1695 1033 1730 judico;deinde

246 1742 384 1769 sublimius
396 1762 402 1772 ,
420 1741 492 1769 Sicut
508 1742 572 1768 enim
587 1741 664 1768 Pater
676 1742 778 1768 suscitat
792 1747 902 1768 mortuos
916 1746 938 1767 et
950 1742 1034 1775 vini/i-

246 1793 295 1820 cat,
309 1788 345 1815 sic
355 1792 378 1814 et
392 1787 475 1814 Filius
487 1796 548 1822 quos
560 1787 612 1814 vult
635 1787 744 1820 viviﬁcat
763 1787 772 1821 (
787 1786 856 1814 Ibid.
869 1788 885 1815 5
911 1787 954 1814 30.
968 1787 1031 1821 2|);

247 1834 395 1867 iterumque
407 1854 415 1866 ,
440 1833 492 1868 ligo
506 1842 555 1859 non
572 1834 662 1868 judico
675 1841 718 1860 vos
727 1853 734 1863 ,
753 1833 820 1860 alius
833 1837 868 1860 est
881 1833 924 1867 qui
932 1833 1032 1868 judicat

246 1880 255 1910 t
270 1878 338 1906 Ibid.
352 1879 378 1906 8.
392 1878 448 1914 50).
465 1879 631 1913 llursumque
648 1879 765 1907 secedit:
782 1883 926 1914 posteaque
940 1879 964 1906 in
980 1878 1034 1907 Ga-

247 1924 315 1951 lilzea
338 1932 511 1958 comparens,
528 1924 692 1959 Operamini,
710 1924 808 1959 inqttit,
828 1933 877 1951 non
895 1924 976 1951 cibum
989 1925 1033 1959 qui

246 1970 309 2004 perit
323 1969 401 2002 (Ibid.
415 1971 440 1997 6.
451 1970 508 2004 27).
522 1969 553 1996 Et
565 1978 625 1996 cum
637 1977 731 2004 magna
744 1970 778 1997 de
790 1977 820 1997 se
830 1970 949 2004 dixisset,
961 1970 1032 2005 quod

245 2023 277 2042 ex
291 2015 357 2042 endo
371 2015 538 2042 descenderit
551 2035 558 2044 .
574 2015 643 2049 quod
661 2015 740 2042 vitam
756 2021 882 2042 :eternam
895 2015 957 2048 det,
971 2023 1031 2042 rur-

244 2069 302 2088 sum
321 2062 449 2089 abscedit.
466 2062 496 2088 lit
512 2061 538 2088 itt
552 2060 714 2096 Seenopegia
731 2069 834 2089 rursum
849 2062 976 2095 adstans,
992 2062 1026 2089 id-

244 2105 328 2140 ipsutn
344 2107 414 2133 facit.

279 2152 306 2179 2.
330 2153 367 2179 Ac
380 2156 508 2187 perpetuo
520 2152 611 2180 videas
626 2153 699 2179 illum
723 2152 870 2180 doctrinam
894 2160 968 2180 suam
984 2161 1031 2180 va-

245 2197 356 2224 riantem
366 2218 373 2229 ,
388 2198 526 2232 praesentia
538 2219 545 2230 ,
561 2199 692 2232 absentia,
705 2198 859 2231 humilibus,
873 2199 1032 2226 sublimibus

245 2244 343 2270 verbis.
357 2244 432 2277 Quod
447 2244 526 2271 etiam
551 2244 593 2271 hic
615 2245 684 2272 fecit.
700 2244 763 2271 Cum
783 2250 865 2271 mitem
877 2249 946 2271 tanta
959 2246 1032 2278 signa

244 2289 351 2322 fecisset,
367 2297 417 2316 non
431 2289 590 2316 crediderunt
604 2290 628 2315 in
644 2297 709 2319 eum.
726 2290 826 2324 inquit,
842 2290 885 2316 38.
900 2294 927 2315 ut
940 2290 1031 2324 imple-

243 2341 310 2361 retur
322 2343 403 2361 sermo
416 2334 494 2361 Isaia:
504 2355 511 2366 ,
525 2343 596 2369 quem
610 2334 673 2360 dixit
687 2342 696 2360 :
712 2334 819 2362 Domine
831 2355 837 2364 .
853 2335 909 2370 quis
924 2335 1030 2361 credidit

243 2380 341 2406 auditui
355 2380 462 2407 nostra?
476 2385 498 2406 et
511 2379 640 2406 brae/tium
654 2379 756 2406 Domini
769 2380 809 2405 cui
823 2380 958 2406 revelatum
973 2385 1008 2406 est
1018 2380 1031 2406 .7

244 2427 276 2453 Et
296 2435 409 2460 rursum,
425 2426 485 2453 Non
500 2431 642 2461 potuerunt,
659 2427 753 2460 inquit,
769 2427 878 2460 credere,
892 2428 952 2462 quia
967 2428 1031 2454 dixit

244 2473 326 2500 Isaias
342 2472 457 2499 :Auditu
477 2472 600 2502 audietis,
614 2477 637 2498 et
659 2480 708 2498 non
732 2472 885 2506 intelligetis.
901 2473 946 2500 41.
968 2472 1030 2500 Illuc

242 2524 325 2545 nutent
339 2518 404 2544 dixit
416 2518 517 2552 quando
532 2517 592 2543 vidit
609 2517 716 2552 gloriam
735 2518 790 2552 ejus
800 2537 809 2551 ,
822 2523 844 2543 et
858 2518 977 2552 loquutus
989 2523 1026 2545 est

242 2564 272 2590 de
282 2572 321 2590 eo.
336 2563 404 2590 Ecce
419 2564 514 2590 iterum
527 2562 588 2594 hoc,
606 2562 682 2594 Quia,
697 2567 734 2594 et,
751 2562 831 2595 Dixit,
845 2571 896 2590 non
910 2565 1030 2591 causales

242 2614 302 2636 sunt
317 2616 412 2640 voces,
427 2608 474 2635 sed
495 2611 618 2634 eventum
640 2608 829 2642 signiﬁcantes.
845 2609 937 2644 Neque
957 2610 1027 2637 enim

242 2656 300 2689 quia
324 2654 349 2682 id
363 2654 430 2681 dixit
451 2653 546 2685 Isaias,
562 2653 622 2680 ideo
636 2662 688 2681 non
701 2655 888 2688 crediderunt;
903 2656 951 2682 sed
966 2658 1027 2691 quia

241 2700 368 2727 credituri
390 2707 441 2726 non
457 2703 550 2730 erant.
564 2699 625 2727 ideo
639 2699 696 2728 haec
715 2699 781 2727 dixit
793 2700 883 2728 lsaias.
899 2701 953 2728 Cur
964 2710 1028 2738 ergo

242 2755 294 2772 nou
318 2745 352 2771 ita
376 2745 492 2779 loquitur
513 2746 691 2778 evangelista,
716 2746 763 2773 sed
787 2746 996 2775 incredulitatem
1011 2756 1026 2775 ιι

241 2789 380 2824 prophetia
391 2809 398 2820 ,
420 2797 472 2817 non
493 2789 656 2824 prophetiam
672 2791 706 2818 ab
722 2790 906 2819 incredulitate
916 2798 976 2820 esse
986 2793 1026 2820 di-

244 2836 279 2864 cit
294 2844 300 2862 :
317 2835 370 2862 imo
385 2837 410 2863 in
424 2836 596 2871 sequentibus
611 2836 675 2864 illud
689 2837 881 2873 signiﬁcantius
895 2837 969 2873 ponit
987 2838 1025 2866 sic

626 128 654 157 Β.
670 128 808 157 JOANNIS
827 127 1064 157 CHRYSOSTOMI
1083 128 1241 158 ARCIIIEP.
1261 130 1527 161 CONSTANTINOP.

1835 135 1885 164 376

1099 187 1211 222 loquens
1223 208 1231 221 ,
1247 187 1386 224 Propterea
1409 198 1459 217 non
1479 194 1594 225 poterant
1615 191 1801 228 credcro,quia
1822 194 1886 222 dixit

1096 233 1203 262 Isaias!
1216 235 1265 262 Hic
1285 236 1405 270 pluribus
1417 237 1473 264 vult
1486 237 1636 272 signiﬁcare
1649 238 1793 273 Scriptura!
1805 247 1883 267 vera-

1095 280 1219 313 citatem,
1235 285 1262 308 et
1276 282 1347 316 quod
1359 290 1418 317 qua:
1433 282 1476 309 illa
1497 283 1637 317 praedixit,
1661 291 1714 311 non
1737 284 1792 312 alio
1806 293 1888 320 quam

1095 333 1149 360 quo
1161 326 1231 353 dixit
1244 326 1323 354 modo
1337 328 1486 355 evenerint.
1500 328 1539 355 Ne
1553 329 1612 363 quis
1627 329 1698 357 enim
1707 329 1821 362 diceret,
1833 330 1886 358 Cur

1095 371 1168 398 venit
1179 371 1316 398 Christus?
1330 380 1382 399 non
1396 373 1498 400 sciebat
1511 381 1563 400 non
1573 374 1721 402 credituros
1731 375 1812 402 illos?
1823 384 1885 410 pro-

1095 417 1190 452 phetas
1203 417 1322 451 inducit,
1335 419 1380 452 qui
1401 418 1452 446 hoc
1471 419 1669 453 prrcsciverunt.
1683 419 1762 447 Vertit
1775 426 1864 447 autem
1876 441 1884 453 ,

1095 469 1129 489 ne
1141 462 1255 497 aliquam
1277 463 1378 498 peccati
1397 464 1438 491 sui
1453 464 1652 492 excusationem
1667 465 1807 493 haberent.
1821 466 1886 499 Qua:

1095 507 1165 533 enim
1180 507 1302 540 praedixit
1317 508 1445 543 propheta
1456 529 1464 541 ,
1480 514 1509 535 ut
1520 516 1629 543 prorsus
1642 509 1727 536 futura
1743 510 1883 544 praedixit:

1095 552 1145 579 nisi
1163 553 1234 579 enim
1257 554 1367 580 omnino
1391 553 1476 580 futura
1500 559 1608 587 essent,
1633 562 1686 581 non
1707 556 1883 589 prmtlixisset.

1094 598 1178 626 Erant
1190 602 1278 626 autem
1295 606 1404 634 prorsus
1416 598 1502 626 futura
1512 619 1521 632 ,
1538 607 1599 626 cum
1619 600 1655 627 illi
1669 600 1829 628 incurabiles
1842 608 1885 628 es,

1094 649 1164 671 εθιιι.

1130 688 1276 722 Prop/retia!
1299 689 1395 717 nullam
1418 690 1549 725 imponunt
1569 691 1750 718 necessitatem.
1768 706 1804 711 —
1817 691 1887 719 Illud

1093 739 1192 767 autem,
1210 734 1269 762 Non
1279 740 1422 770 potuerunt,
1437 735 1462 762 id
1473 741 1523 766 est.
1533 735 1688 763 Noluerunt.
1699 736 1754 764 Nec
1766 736 1882 764 mireris.

1092 780 1158 808 Nam
1182 781 1244 808 alibi
1269 789 1373 816 quoque
1397 782 1434 808 ait
1457 790 1464 808 :
1488 781 1538 813 Qui
1559 787 1640 817 potest
1661 791 1769 817 capere,
1796 784 1884 817 capiat

1094 826 1200 861 (Matth.
1222 826 1265 854 l9.
1289 827 1349 861 l2).
1371 827 1415 855 Sic
1427 834 1499 862 smpe
1521 828 1589 855 solet
1603 833 1760 862 potestatem
1774 837 1822 863 pro
1833 837 1883 857 vo-

1093 873 1193 901 luntate
1207 881 1315 908 ponere.
1332 874 1482 909 lterumqtte
1494 895 1501 907 ,
1519 874 1579 901 Non
1601 880 1681 910 potest
1706 876 1815 902 mundus
1839 884 1884 903 nos

1092 919 1151 946 odio
1170 919 1271 951 habere;
1284 928 1324 947 mc
1341 925 1426 947 autent
1438 921 1497 947 odio
1511 921 1583 947 habet
1603 921 1692 955 (Joan.
1706 921 1733 948 7.
1750 921 1789 955 7).
1806 921 1882 955 Quod

1092 965 1171 991 etiam
1195 965 1220 992 in
1242 965 1378 992 communi
1402 973 1451 992 usu
1476 966 1635 993 observatur
1655 976 1661 994 :
1682 971 1710 993 ιιι
1733 974 1795 994 cum
1818 967 1883 994 dicit

1091 1011 1233 1045 quispiam,
1249 1018 1301 1038 non
1316 1019 1422 1045 possum
1437 1011 1510 1039 illum
1526 1013 1604 1039 talem
1622 1020 1722 1045 amare,
1737 1013 1883 1040 voluntatis

1091 1056 1286 1083 vehementiam
1312 1060 1470 1091 potestatem
1491 1065 1612 1084 vocans:
1630 1065 1662 1085 ac
1685 1066 1810 1090 rursum,
1835 1059 1882 1087 Ille

1092 1100 1152 1127 talis
1167 1101 1222 1126 fleri
1239 1108 1290 1126 non
1307 1105 1394 1135 potest
1408 1101 1504 1130 bonus.
1516 1102 1550 1129 Et
1563 1102 1689 1137 propheta
1701 1103 1763 1138 quid
1778 1103 1836 1130 ait?
1849 1103 1882 1130 Si

1091 1146 1195 1173 mutabit
1209 1145 1331 1181 {Ethiops
1340 1147 1429 1181 pellem
1441 1155 1523 1179 suam,
1539 1153 1561 1174 et
1573 1147 1668 1182 pardus
1681 1149 1794 1175 maculas
1808 1157 1882 1180 suas;

1089 1198 1112 1220 et
1126 1193 1236 1228 populus
1258 1194 1298 1220 hic
1319 1194 1408 1226 poterit
1431 1193 1492 1221 bene
1511 1195 1613 1229 facere,
1636 1194 1678 1229 qui
1699 1194 1788 1221 didicit
1811 1195 1880 1221 mala

1090 1240 1161 1273 (Jer.
1176 1240 1219 1267 l5.
1234 1240 1293 1274 25).
1307 1240 1365 1267 Non
1380 1240 1441 1268 ideo
1455 1240 1512 1268 haec
1531 1239 1612 1272 dicit,
1626 1240 1697 1275 quod
1711 1248 1763 1267 nou
1776 1241 1881 1274 possint

1089 1285 1126 1312 illi
1143 1285 1267 1312 virtutem
1278 1293 1425 1318 exercere;
1440 1285 1487 1313 sed
1509 1285 1580 1319 quod
1603 1285 1722 1317 nollent,
1744 1286 1804 1312 ideo
1825 1292 1883 1312 non

1089 1338 1179 1366 posse.
1194 1331 1250 1358 Hoc
1264 1335 1352 1358 autem
1367 1331 1410 1358 hic
1423 1331 1473 1358 sibi
1485 1331 1540 1357 vult
1550 1331 1722 1365 evangelista,
1733 1338 1786 1357 non
1800 1337 1878 1364 posse

1089 1377 1194 1404 mentiri
1211 1377 1385 1412 prophetam,
1409 1384 1494 1411 neque
1517 1381 1605 1404 tamen
1629 1376 1689 1403 ideo
1713 1376 1877 1410 impossibile

1088 1427 1147 1450 erat
1170 1422 1229 1449 illos
1244 1422 1363 1450 credere.
1389 1422 1497 1449 Poterat
1516 1422 1587 1449 enim
1611 1421 1666 1448 ﬁeri
1688 1425 1718 1448 ut
1730 1422 1810 1448 etiam
1827 1421 1878 1448 illis

1087 1469 1257 1496 credentibus
1270 1476 1348 1496 verax
1372 1473 1442 1495 esset
1462 1467 1601 1502 propheta.
1622 1467 1711 1502 Neque
1725 1467 1797 1495 enim
1820 1467 1876 1495 hmo

1087 1515 1208 1546 dixisset,
1223 1515 1244 1541 si
1260 1514 1386 1542 credituri
1403 1514 1524 1541 fuissent.
1548 1512 1618 1544 Cur.
1635 1513 1738 1548 inquies
1749 1534 1756 1545 ,
1774 1521 1826 1541 non
1839 1513 1879 1540 ita

1086 1560 1171 1587 dixit?
1182 1560 1247 1594 Quia
1261 1561 1326 1587 tales
1335 1559 1462 1595 quasdam
1478 1560 1651 1594 proprietates
1664 1559 1743 1586 habet
1757 1559 1876 1594 Scripto-

1087 1614 1132 1637 ra,
1149 1610 1175 1633 et
1189 1605 1213 1633 id
1229 1606 1287 1640 ejus
1310 1605 1411 1639 legibus
1430 1604 1640 1632 concedendum.
1665 1604 1727 1632 licet:
1741 1613 1817 1639 porro
1836 1605 1876 1630 di-

1086 1651 1137 1681 :rit.
1151 1659 1208 1677 ctnn
1222 1651 1283 1677 vidit
1296 1650 1404 1686 gloriam
1423 1651 1487 1686 ejus.
1507 1649 1609 1684 Cujus?
1625 1650 1720 1677 Patris.
1743 1649 1796 1677 Cur
1811 1658 1874 1684 ergo

1086 1695 1203 1723 Joannes
1215 1696 1249 1723 de
1264 1695 1331 1723 Filio
1347 1696 1473 1731 loquitur,
1487 1701 1514 1723 et
1527 1696 1624 1723 Paulus
1635 1696 1668 1723 de
1682 1695 1782 1730 Spiritu
1793 1696 1806 1722 ‘l
1817 1695 1873 1723 Non

1087 1746 1115 1767 ut
1128 1740 1324 1768 confundentes
1341 1741 1497 1777 ltypustases
1509 1762 1516 1774 ,
1531 1741 1577 1768 sed
1594 1749 1672 1768 unam
1695 1741 1873 1776 significantes

1086 1787 1252 1820 dignitatem.
1264 1787 1329 1814 Nam
1344 1795 1403 1820 qua:
1416 1787 1501 1814 Patris
1515 1793 1574 1814 sunt
1587 1808 1594 1819 ,
1607 1786 1666 1814 Filii
1682 1792 1762 1819 Sunt,
1778 1792 1805 1814 et
1815 1792 1874 1819 qua:

1086 1832 1167 1865 Filii,
1180 1833 1267 1860 Patris
1282 1833 1302 1859 ¹.
1318 1833 1396 1867 Atqui
1411 1833 1493 1860 multa
1510 1840 1557 1864 per
1569 1832 1679 1868 angelos
1694 1832 1772 1865 dixit,
1789 1837 1815 1859 et
1829 1839 1873 1859 ne-

1086 1885 1132 1904 mo
1146 1883 1232 1905 tamen
1255 1877 1291 1905 ait
1303 1899 1310 1911 ,
1324 1878 1399 1906 Sicut
1412 1878 1479 1905 dixit
1500 1878 1624 1913 angelus;
1650 1878 1696 1905 sed
1711 1877 1792 1913 quid?
1805 1877 1873 1904 Deus

1085 1922 1161 1950 dixit.
1176 1923 1242 1957 Qute
1255 1924 1325 1950 enim
1350 1931 1364 1950 a
1390 1924 1445 1950 Deo
1467 1932 1515 1959 per
1528 1924 1636 1958 angelos
1648 1924 1717 1951 dicta
1730 1928 1810 1956 suttt,
1829 1923 1871 1950 Dei

1086 1974 1163 2001 sunt;
1179 1977 1231 1996 non
1251 1969 1314 1996 item
1328 1977 1387 2004 qua:
1411 1969 1457 1996 Dei
1479 1974 1550 2000 sunt,
1568 1969 1722 2004 angelorum
1738 1974 1809 1996 sunt.
1828 1969 1872 1996 llic

1087 2021 1152 2041 vero
1167 2014 1204 2041 ait
1223 2014 1302 2042 verba
1322 2014 1436 2049 Spiritus
1453 2023 1523 2042 essu.
1539 2014 1571 2042 Et
1593 2015 1709 2050 loquutus
1731 2019 1770 2040 est
1789 2015 1820 2041 de
1833 2023 1870 2041 eo.

1084 2059 1152 2093 Quid
1168 2060 1291 2095 loquutus
1304 2061 1362 2088 est?
1379 2060 1436 2088 Vidi
1456 2060 1590 2087 Dominum
1603 2061 1729 2087 sedentem
1742 2068 1819 2094 super
1830 2067 1873 2086 so-

1086 2105 1146 2131 lium
1162 2106 1288 2132 excelsum
1301 2105 1374 2141 (Isai.
1390 2105 1416 2132 6.
1433 2106 1471 2140 l),
1486 2111 1537 2133 etc.
1559 2105 1676 2133 Gloriatu
1695 2113 1760 2140 ergo
1776 2106 1819 2132 hic
1833 2106 1872 2133 di-

1084 2151 1120 2178 cit
1138 2152 1265 2178 visionem
1280 2151 1362 2184 illam,
1374 2151 1485 2184 fumum,
1496 2159 1591 2178 arcana
1606 2151 1713 2178 audisse
1735 2151 1872 2186 mysteria;

1085 2196 1225 2231 Seraphim
1241 2197 1338 2224 vidisse
1348 2217 1355 2228 ,
1370 2197 1455 2231 fulgur
1468 2205 1483 2223 a
1497 2197 1594 2223 throno
1608 2197 1735 2224 exsiliens
1746 2217 1752 2227 ,
1766 2197 1791 2222 in
1803 2196 1871 2230 quod

1084 2243 1217 2276 respicere
1238 2247 1382 2276 potestates
1406 2242 1457 2268 illm
1479 2249 1531 2268 non
1546 2242 1678 2268 valebant.
1701 2241 1733 2268 Et
1757 2242 1874 2275 loquutus

1084 2292 1121 2313 est
1135 2287 1166 2313 de
1177 2295 1216 2314 eo.
1239 2288 1307 2320 Quid
1331 2287 1455 2323 loquutus
1477 2287 1535 2315 est?
1549 2288 1625 2320 Quod
1648 2287 1763 2314 audierit
1780 2295 1870 2314 vocem

1083 2331 1226 2363 dicentem,
1240 2332 1319 2366 Quem
1329 2333 1435 2364 mittant,
1450 2333 1538 2368 etquis
1553 2333 1617 2360 ibit?
1629 2332 1659 2359 Et
1673 2333 1736 2364 diri,
1751 2332 1815 2359 Ecce
1828 2340 1872 2367 ego

1083 2385 1150 2409 sum,
1168 2377 1300 2404 mittente.
1317 2377 1349 2404 Et
1363 2378 1438 2410 dixit,
1455 2377 1549 2404 Auditu
1562 2378 1679 2409 audietis,
1691 2383 1714 2404 ct
1730 2386 1783 2404 non
1800 2378 1872 2403 intel-

1084 2422 1179 2456 ligatis:
1190 2427 1212 2449 et
1225 2422 1334 2449 videntes
1342 2423 1464 2455 videbitis,
1476 2427 1499 2449 et
1512 2423 1634 2450 neuietis.
1650 2423 1793 2450 lia-crrcavit
1807 2424 1871 2450 enim

1083 2469 1168 2495 oculos
1179 2476 1264 2495 eorum
1274 2490 1282 2501 ,
1294 2473 1316 2495 et
1329 2469 1457 2495 induravit
1477 2478 1521 2496 cor
1532 2477 1628 2499 eorum,
1645 2478 1676 2495 ne
1689 2472 1755 2505 forte
1772 2470 1870 2496 uideant

1082 2513 1162 2540 oculis
1174 2534 1181 2546 ,
1196 2519 1219 2540 et
1231 2514 1305 2540 corde
1318 2515 1459 2549 intelligant
1473 2514 1550 2549 (lsai.
1566 2515 1591 2541 6.
1608 2514 1673 2542 8—l0
1686 2514 1707 2550 ).
1724 2515 1763 2542 En
1778 2523 1869 2542 rursus

1082 2559 1159 2585 aliam
1173 2560 1346 2594 quaestionem
1356 2581 1363 2588 .
1379 2567 1438 2594 qme
1450 2560 1519 2586 nulla
1532 2564 1618 2587 tamen
1633 2565 1689 2590 est.
1706 2561 1727 2586 si
1744 2566 1816 2588 recte
1829 2566 1869 2587 at-

1083 2604 1231 2631 tendamus.
1256 2604 1484 2638 Quemadmodum
1508 2606 1578 2632 enitn
1602 2606 1640 2632 sol
1662 2606 1765 2632 debiles
1780 2607 1869 2632 oculos

1082 2649 1219 2684 percellit,
1237 2658 1289 2676 non
1314 2658 1361 2684 per
1386 2650 1518 2684 propriam
1542 2655 1663 2677 naturam
1680 2659 1687 2676 :
1703 2651 1742 2678 sic
1766 2658 1869 2685 quoque

1080 2695 1176 2722 accidit
1191 2695 1233 2728 iis,
1246 2697 1289 2730 qui
1306 2696 1351 2722 Dei
1366 2696 1452 2722 verbis
1472 2704 1524 2723 non
1539 2697 1690 2724 attendunt.
1707 2696 1744 2724 lta
1760 2703 1787 2724 et
1802 2698 1869 2724 Pha—

1081 2741 1170 2769 raonis
1183 2750 1230 2768 cor
1246 2741 1383 2769 indurasse
1395 2742 1505 2777 dicitur,
1521 2743 1591 2778 quod
1612 2744 1711 2771 accidit
1723 2744 1776 2771 illis
1791 2745 1868 2772 etiam

1111 2812 1119 2826 '
1137 2810 1207 2867 Sat‘til.
1217 2811 1285 2843 legit,
1295 2813 1317 2836 et
1328 2817 1382 2842 qua:
1391 2810 1455 2843 Filii,
1467 2811 1576 2844 spiritus,
1590 2816 1616 2836 et
1623 2813 1657 2836 ste
1666 2819 1752 2838 omnes
1763 2811 1817 2837 fere
1825 2815 1866 2836 tta-

1111 2849 1177 2867 scno
1189 2851 1206 2867 ι.

1080 2849 1206 2874 nuscnpu.
