2036 3119
133 136 184 163 ’577

131 192 177 225 qui
192 191 239 219 Dei
253 190 332 219 dictis
344 195 503 226 repugnant.
517 191 669 225 Proprietas
678 196 767 219 autem
780 192 836 219 haec
848 192 922 220 Scri-

134 244 219 272 pturte
233 243 294 271 est,
309 243 338 265 ut
347 243 374 265 et
387 239 461 271 illud,
474 237 592 266 Tradidit
612 247 654 266 eos
671 239 698 266 in
719 239 853 273 reprobum
865 248 924 267 sen-

132 292 186 311 sum
197 283 285 319 (Rom.
297 285 324 311 1.
335 283 393 321 28);
408 290 433 311 et
446 284 520 311 illud.
530 284 661 311 Distribitit
673 285 787 320 gentibus
799 285 885 321 (Deut.
897 285 924 313 4.

133 330 179 364 19)
192 338 199 362 ;
217 330 243 356 id
254 334 298 357 est
309 350 318 363 ,
333 330 484 362 concessit,
499 329 609 357 dimisit.
634 330 692 357 Non
705 331 777 358 enim
792 331 865 357 illum
883 331 926 358 hic

132 381 289 410 operantem
301 376 413 408 inducit,
428 376 475 403 sed
489 384 520 403 ex
532 377 644 403 aliorum
659 377 776 411 nequitia
792 379 848 405 haec
859 378 924 405 facta

132 429 192 449 esse
204 421 344 456 signiﬁcat.
354 422 420 449 Cum
431 423 502 450 enim
511 423 720 458 derelinqnimur
735 431 749 450 a
765 424 831 455 Deo.
842 424 924 451 tradi-

133 475 192 493 mur
202 467 309 494 diabolo
319 477 326 498 ;
335 467 441 495 diabolo
450 468 537 495 traditi
547 489 554 500 ,
567 468 712 496 innumeris
727 469 858 496 afficitnur
870 478 926 495 ma-

132 512 213 539 lis.Ut
223 512 369 541 auditorem
382 521 446 548 ergo
460 518 570 546 terreat.
584 515 630 547 ait,
642 513 784 547 lndurauit,
797 521 833 548 et,
850 516 926 542 tradis

132 559 179 585 dit.
194 559 259 586 Nam
273 559 343 594 quod
361 560 404 586 ille
419 567 471 587 non
485 560 566 587 modo
578 568 630 587 non
643 560 738 592 tradat,
752 561 799 588 sed
814 569 864 588 nec
876 569 925 589 nos

132 604 256 637 deserat,
272 605 322 632 nisi
337 605 462 638 nolimus,
479 606 539 633 audi
554 606 615 640 quid
631 606 701 633 dicat
712 606 816 634 :Nonne
823 612 925 641 peccata

132 655 213 676 uestra
227 650 341 677 dividunt
365 658 404 676 me
426 659 442 677 a
457 651 526 677 vobis
537 650 612 687 (lsai.
627 651 671 679 59.
686 652 735 686 2)?
749 659 781 679 ac
795 660 900 679 rursum
915 660 923 678 :

134 695 184 728 Qui
197 696 314 731 elongant
326 704 352 723 se
364 702 423 728 ate,
438 696 553 731 peribunt
566 696 651 731 (Psal.
666 697 710 724 72.
724 697 781 732 27).
796 697 865 725 Osee
877 706 925 724 au-

133 746 185 768 tem
200 742 282 769 dicit:
297 741 381 768 Oblita
396 750 423 769 es
436 742 499 777 legis
518 742 566 768 Dei
578 743 629 775 tui,
641 748 663 770 et
678 751 723 778 ego
738 744 774 769 tui
788 743 925 770 obliviscar

133 787 209 823 (Osee
222 788 248 815 4.
261 788 289 822 (i)
299 796 307 820 ;
318 792 346 815 et
360 788 416 822 ipse
430 788 455 815 in
471 788 623 822 Evangeliis
637 796 644 814 :
662 789 765 823 Quoties
780 789 849 815 valui
862 797 923 816 con-

131 841 237 869 gregare
249 834 316 867 ﬁlios
329 839 436 865 vestros,
462 839 485 860 et
506 835 621 861 noluistis
635 834 644 868 (
657 834 720 861 Luc.
738 835 781 862 l3.
805 835 839 862 34
850 835 882 868 )?
897 839 924 862 et

134 880 217 907 lsaias
238 888 365 907 rursum:
384 880 463 913 Veni,
478 885 502 907 et
525 889 574 907 non
597 886 649 906 erat
673 881 878 913 Itomowocat'i,
900 886 923 908 et

132 935 182 953 non
195 932 248 953 erat
261 927 305 962 qui
317 928 416 955 audiret
429 926 507 962 (Isai.
521 927 565 954 50.
582 927 621 961 ‘2).
640 927 701 953 llaec
714 932 802 954 autem
816 928 878 954 dicit
893 933 923 955 ut

132 973 253 1001 ostendat
267 981 315 1001 nos
327 974 429 1007 priores
439 974 466 1000 in
479 981 558 1001 causa
570 980 629 1000 esse
637 981 684 999 cur
694 973 920 1007 derelinquamur,

131 1024 158 1046 et
180 1027 229 1046 cur
251 1026 402 1053 pereamus.
427 1018 499 1046 Deus
513 1019 585 1045 enim
607 1026 660 1045 non
677 1019 757 1045 modo
777 1025 825 1047 nec
838 1019 921 1045 relin-

131 1072 225 1098 quere.
238 1071 287 1091 nec
300 1064 394 1098 punire
408 1071 456 1091 nos
472 1064 543 1095 vult;
558 1063 604 1090 sed
620 1064 699 1090 etiam
713 1064 817 1099 quando
834 1064 919 1098 punit,

131 1117 183 1137 non
198 1110 284 1137 libens
298 1110 349 1137 hoc
364 1109 436 1137 facit.
454 1109 523 1136 Nolo
537 1109 620 1140 enim,
637 1109 732 1144 inquit,
746 1114 849 1137 mortem
862 1118 921 1145 ρος-ι

629 134 662 162 ΙΝ
680 134 839 164 JOANNEM
858 135 974 164 ΗΟΜΙΙ...
995 136 1088 165 LXIX.
1108 138 1144 165 al.
1165 138 1280 167 LXVIII.

1716 146 1767 175 7.78

976 194 1079 226 cntoris,
1095 195 1139 221 sed
1161 201 1188 222 ut
1210 201 1369 224 convertatur
1388 202 1412 224 et
1430 198 1495 225 vivnt
1508 198 1517 234 (
1530 198 1622 227 East/1.
1638 201 1682 228 18.
1698 202 1733 229 52
1747 204 1767 235 ).

978 238 1101 266 Christus
1114 245 1202 267 autent
1216 241 1248 268 de
1259 243 1362 270 excidio
1371 243 1545 280 .lerosolyma:
1558 245 1720 283 lacrytnatur
1736 249 1744 264 ι
1759 255 1766 272 :

978 285 1048 319 quod
1064 292 1113 312 nos
1127 286 1206 312 etiam
1221 294 1283 321 erga
1298 289 1399 315 amicos
1415 288 1537 317 facimus.

1012 330 1039 357 5.
1060 330 1122 358 lla-c
1136 339 1197 358 cum
1211 333 1335 366 sciamus,
1348 335 1412 362 nihil
1427 344 1479 363 non
1491 345 1600 372 agamus
1614 346 1647 366 ne
1660 346 1710 366 nos
1721 347 1766 367 se-

978 382 1102 409 paremus
1116 384 1130 403 a
1154 377 1218 409 Deo,
1244 378 1290 405 sed
1313 380 1408 406 animze
1423 387 1521 409 nostra:
1538 391 1609 410 cura:
1629 385 1769 419 amorique

977 420 1096 449 fraterno
1117 430 1225 456 operam
1241 423 1337 451 demus
1347 445 1355 456 ,
1379 433 1465 460 neque
1480 433 1571 454 nostra
1585 429 1768 464 discerpamus

977 467 1097 494 membra
1114 467 1198 503 (illud
1221 469 1292 496 enim
1318 469 1461 505 lugentium
1476 478 1504 499 et
1523 479 1613 501 mente
1627 480 1767 509 captorum

977 512 1053 548 est);
1075 514 1121 541 sed
1137 520 1237 549 quanto
1252 515 1325 550 pejus
1337 516 1448 544 aﬁ‘ectos
1464 518 1598 551 videmus,
1614 524 1688 548 tanto
1709 529 1768 548 ma-

974 557 1061 591 jorem
1078 558 1263 593 impendamus
1276 568 1378 588 curam.
1390 561 1456 589 Nam
1471 564 1570 591 multos
1582 572 1652 599 sa-pe
1660 568 1767 601 conspi-

976 602 1061 629 cimus
1086 603 1237 631 difticilibus
1262 605 1505 642 insanabilibusque
1520 610 1641 643 corporis
1665 611 1768 638 morbis

977 647 1099 676 laborare
1110 669 1118 680 ,
1134 657 1183 676 nec
1197 650 1277 677 ﬁnem
1298 650 1410 680 facimus
1437 653 1589 688 imponendi
1613 655 1767 689 pharmace.

976 693 1042 729 Quid
1056 694 1180 728 podagra,
1196 696 1259 729 quid
1272 697 1394 732 chiragra
1412 699 1486 732 pejus
1498 699 1508 725 ?
1521 707 1584 726 num
1606 700 1666 727 ideo
1680 709 1767 728 ment-

975 738 1021 765 bra
1035 739 1236 768 abscindimus?
1250 742 1374 775 Minime;
1394 745 1440 771 sed
1456 745 1522 772 nihil
1543 754 1595 773 non
1609 746 1719 774 facimus
1739 751 1768 774 ut

976 785 1070 812 saltem
1097 786 1245 821 leniamus,
1271 790 1293 815 si
1309 796 1405 817 sanare
1421 798 1472 818 non
1496 793 1637 825 possimus.
1662 793 1719 820 Hoc
1741 798 1768 820 et

974 829 1045 857 circa
1067 831 1162 859 fratres
1184 838 1290 861 nostros
1308 834 1445 863 faciamus.
1465 837 1492 864 Si
1509 838 1648 865 incurabili
1672 840 1767 867 morbo

974 874 1105 907 laborent,
1118 884 1211 905 curare
1223 886 1433 914 perseveremus,
1444 882 1609 918 aliorumque
1619 892 1699 911 onera
1710 893 1768 911 mu-

975 925 1019 948 tuo
1035 922 1163 950 feramus.
1180 923 1225 951 Sic
1237 925 1308 951 enim
1322 926 1419 953 Christi
1433 928 1516 962 legem
1536 929 1720 963 implebimns,
1739 935 1767 957 et

974 968 1104 1001 promissa
1128 976 1323 1004 consequemur
1346 972 1425 1006 bona,
1449 975 1531 1008 gratia
1556 980 1583 1002 et
1603 975 1767 1011 benignitate

974 1013 1076 1039 Domini
1093 1015 1175 1041 n0stri
1184 1015 1246 1043 .lesu
1255 1017 1365 1050 Christi,
1377 1019 1482 1054 quicum
1491 1020 1562 1047 Patri
1575 1021 1658 1055 gloria
1671 1022 1764 1049 simul-

973 1065 1024 1091 que
1035 1057 1144 1092 Spiritui
1161 1065 1263 1094 sancto,
1279 1062 1304 1089 in
1318 1064 1415 1090 saecula
1429 1065 1598 1092 smculorum.
1612 1067 1707 1094 Anien.

971 1145 1078 1199 'nl:‘ut,tiii
1089 1146 1181 1173 habent
1193 1155 1199 1174 :
1212 1148 1320 1176 Christus
1330 1152 1466 1178 Jerusalem
1475 1157 1580 1180 mertare
1590 1161 1678 1187 parans
1686 1155 1765 1188 [Μινυ-

158 1249 1759 1317 ᾟ“

129 1357 191 1383 εἴη.
212 1355 256 1382 12.
284 1363 311 1382 V.
337 1355 382 1382 η.
413 1354 589 1381 Verumtamen
607 1361 639 1380 ea:
664 1352 817 1387 principibus
846 1351 919 1379 multi

162 1401 321 1428 crediderunt
333 1401 359 1427 in
373 1408 449 1431 eum;
462 1400 506 1427 sed
517 1404 618 1434 propter
631 1398 776 1426 Pharisaeos
789 1406 841 1424 non
852 1405 915 1424 can-

164 1448 310 1482 ﬁtebantur,
327 1452 355 1473 ut
369 1447 401 1473 de
411 1454 539 1481 synagoga
553 1453 604 1472 non
615 1445 773 1479 ejicerentur.
788 1444 833 1471 45.
847 1443 919 1470 Dile-

161 1499 251 1522 xerunt
271 1495 338 1521 enim
355 1494 463 1529 gloriam
479 1492 608 1519 hominum
623 1491 702 1525 magis
720 1498 796 1524 quam
811 1489 918 1525 gloriam

163 1540 223 1568 Dei.

164 1587 191 1614 1.
213 1585 327 1613 Avaritia
339 1584 502 1620 grauissimus
511 1582 623 1610 morbus.
636 1581 784 1609 Substantia
797 1580 883 1607 Patris
895 1585 918 1607 et

130 1633 191 1660 Filii
202 1634 394 1668 ἀπαράλλακτος,
410 1631 495 1658 eadem
509 1630 613 1665 ipsa.——
621 1628 698 1656 Pravi
720 1635 814 1655 omnes
836 1627 917 1653 animi

128 1679 237 1706 affectus
256 1678 365 1705 omnino
379 1676 496 1711 fugiendi
512 1675 589 1702 nobis
612 1678 693 1705 sunt;
707 1673 754 1700 sed
767 1674 847 1707 longe
860 1680 918 1699 ma-

128 1725 167 1759 gis
179 1725 196 1751 ii
208 1724 250 1758 qui
265 1723 337 1758 plura
350 1723 454 1757 pariunt
469 1726 575 1756 peccata
592 1729 599 1747 :
618 1720 736 1753 exempli
749 1726 839 1750 causa.
854 1726 919 1744 ava—

128 1770 198 1801 ritia,
212 1776 271 1803 qua!
285 1776 316 1795 ex
333 1775 361 1795 se
374 1767 462 1802 gravis
475 1771 516 1794 est
529 1765 648 1797 morbus,
660 1764 707 1791 sed
722 1765 799 1798 longe
813 1764 919 1798 gravior

130 1814 244 1842 efﬁcitur
254 1835 261 1846 ,
277 1814 337 1849 quia
351 1814 425 1841 radix
449 1818 476 1840 et
488 1816 573 1839 mater
586 1816 626 1838 est
641 1811 760 1838 omnium
775 1810 915 1837 malorum.

130 1861 266 1896 Ejusmodi
281 1865 323 1888 est
339 1860 423 1887 inanis
435 1859 529 1893 gloria.
545 1858 614 1885 Ecce
626 1858 651 1883 hi
667 1857 702 1884 ob
712 1856 804 1891 gloria:
814 1855 917 1890 cupidi-

128 1914 188 1934 nem
205 1914 219 1932 a
234 1906 285 1933 ﬁde
298 1911 359 1933 sunt
373 1905 468 1932 avulsi.
479 1904 545 1932 Nam
558 1903 644 1936 Multi,
656 1904 703 1934 ait,
719 1911 750 1930 ex
763 1902 918 1938 principibus

128 1952 286 1978 crediderunt
299 1951 325 1978 in
346 1959 423 1982 eum;
447 1950 491 1977 sed
504 1955 606 1985 propter
622 1949 727 1975 Judteoc
741 1956 793 1975 non
811 1948 918 1981 conlita-

127 1997 227 2028 lmntur,
242 2002 268 2023 ut
289 1996 320 2023 de
336 2004 465 2031 synagoga
480 2003 529 2022 non
542 1995 701 2029 ejicerentur.
723 1993 750 2021 id
773 1993 843 2027 quod
865 1992 918 2019 illis

128 2050 208 2077 Supra
225 2043 330 2070 dicebat
344 2050 352 2069 :
367 2041 492 2077 quomoda
506 2042 608 2076 potestis
627 2040 728 2067 credere
740 2061 747 2072 ,
764 2039 873 2074 gloriam
887 2039 918 2065 ab

127 2088 232 2115 invicem
242 2088 401 2122 accipientes,
416 2092 438 2113 et
450 2087 568 2122 gloriam,
582 2093 638 2120 quia
650 2093 666 2111 ιι
676 2085 730 2111 solo
743 2084 796 2111 Deo
810 2089 857 2116 est,
868 2092 918 2111 non

128 2140 266 2169 quwrentes
289 2134 378 2169 (Joan.
392 2133 419 2161 5.
434 2132 502 2168 44)?
522 2132 580 2159 Non
602 2139 667 2166 ergo
682 2131 816 2165 principes
830 2134 916 2163 erant,

128 2179 174 2206 sed
190 2178 272 2210 servi,
286 2184 404 2206 extrema
420 2178 557 2205 servitute.
573 2176 706 2204 Cmterum
722 2175 765 2203 hic
780 2179 870 2210 postea
884 2175 918 2201 Ii—

128 2233 188 2252 mor
208 2224 327 2251 sublatus
347 2227 398 2250 est.
414 2223 550 2257 Nusquam
570 2222 641 2248 enim
661 2221 713 2249 sub
724 2220 852 2255 apostolis
866 2220 918 2247 hoc

128 2270 222 2297 tnorho
236 2274 329 2303 captos
344 2269 475 2296 videmus.
485 2268 551 2295 Nam
567 2272 630 2295 tunc
645 2272 673 2294 et
686 2267 818 2302 principes
827 2271 854 2294 et.
873 2274 917 2293 sa-

127 2316 250 2342 cerdotes
265 2314 444 2341 crediderunt.
459 2313 548 2341 Gratia
562 2314 632 2340 cnim
655 2313 770 2347 Spiritus
788 2320 916 2347 superve-

127 2360 203 2387 niens
225 2360 284 2386 illos
299 2367 392 2386 omnes
405 2359 545 2385 adamante
563 2359 695 2385 firmiores
714 2358 837 2385 reddidit.
851 2357 915 2384 Cum

128 2405 208 2439 igitur
221 2404 272 2432 hoc
292 2413 325 2431 ne
339 2410 400 2431 tunc
410 2404 549 2431 crederent
563 2403 713 2437 impediret,
729 2403 789 2430 audi
800 2403 862 2438 quid
877 2403 918 2430 di-

127 2455 169 2477 cat
184 2461 191 2477 :
206 2451 252 2479 44.
272 2450 322 2483 Qui
329 2450 408 2477 credit
418 2450 444 2476 in
454 2457 503 2482 me,
515 2458 565 2476 non
576 2451 655 2476 credit
668 2450 693 2475 in
707 2457 756 2481 me,
766 2449 812 2476 sed
823 2449 850 2475 in
861 2457 916 2475 eum

128 2497 168 2530 qui
183 2496 250 2523 misit
262 2504 302 2522 me
313 2503 322 2527 ;
335 2502 367 2522 ac
380 2496 401 2522 si
422 2496 534 2526 diceret,
549 2495 603 2522 Cur
618 2495 717 2522 timetis
732 2495 757 2522 in
767 2502 810 2521 me
822 2494 917 2521 crede-

129 2541 178 2568 re?
188 2542 255 2568 fides
268 2549 315 2576 per
328 2549 372 2569 me
387 2541 481 2568 transit
494 2542 520 2568 in
536 2541 618 2568 Deum
628 2560 637 2574 ,
652 2546 681 2567 ut
696 2541 775 2567 etiam
792 2540 916 2567 incredu-

129 2587 199 2614 litas.
210 2586 277 2614 Vide
289 2594 344 2622 quo
356 2591 433 2622 pacto
444 2594 493 2623 per
507 2588 596 2614 omnia
604 2585 780 2613 substantiam
795 2584 916 2612 eamdem

129 2632 255 2659 declaret.
270 2631 329 2659 Non
340 2632 417 2665 dixit,
426 2631 477 2664 Qui
487 2631 573 2659 credit
586 2630 661 2660 mihi.
678 2638 712 2657 ne
729 2630 789 2665 quis
803 2629 915 2661 diceret,

129 2677 162 2704 de
176 2677 266 2704 verbis
285 2676 344 2711 ejus
366 2681 467 2703 tantum
482 2676 534 2704 hoc
547 2676 610 2709 dici,
624 2676 697 2710 quod
712 2675 746 2702 de
766 2675 916 2702 hominibus

128 2730 233 2757 quoque
246 2722 299 2749 dici
314 2726 427 2757 poterat.
442 2721 508 2748 Nam
528 2722 573 2756 qui
588 2721 718 2756 apostolis
735 2720 838 2753 credit,
863 2727 916 2747 non

128 2768 192 2803 ipsis
206 2769 303 2800 credit,
315 2768 361 2795 sed
372 2768 436 2795 Deo.
447 2767 545 2795 Verum
561 2772 589 2794 ut
599 2768 686 2794 discas
696 2767 728 2794 de
743 2766 794 2794 ﬁde
809 2767 835 2793 itt
850 2765 915 2793 sub-

129 2815 253 2841 stantiam
267 2822 343 2842 suam
360 2814 417 2841 huic
432 2814 484 2848 agi,
500 2821 554 2840 non
575 2813 652 2845 dicit,
668 2812 717 2846 Qui
731 2813 816 2839 credit
828 2812 916 2839 verbis

131 2860 207 2893 meis,
223 2860 283 2893 scd,
300 2859 349 2891 Uni
362 2859 438 2886 credit
453 2859 535 2886 inme.
546 2857 576 2885 Et
589 2865 646 2890 cur,
659 2858 771 2893 inquies,
787 2864 916 2892 nusquam

970 1356 1029 1383 vice
1044 1365 1119 1385 versa
1135 1359 1209 1393 dicit,
1236 1362 1284 1395 Qui
1297 1363 1383 1390 credit
1407 1364 1432 1390 in
1455 1364 1581 1398 Patrem,
1605 1373 1657 1393 non
1679 1366 1765 1394 credit

971 1402 997 1430 in
1013 1403 1128 1436 Patrem,
1144 1406 1190 1433 sed
1208 1406 1232 1433 in
1249 1408 1311 1434 me?
1324 1408 1389 1441 Quia
1405 1409 1534 1437 dixissent
1562 1411 1609 1442 illi,
1630 1411 1699 1439 Ecce
1713 1419 1762 1439 nos

970 1448 997 1475 in
1015 1448 1120 1477 Patrem
1132 1451 1277 1485 credimus,
1292 1453 1317 1479 in
1331 1458 1356 1480 te
1376 1462 1428 1480 non
1444 1455 1588 1482 credimus.
1605 1456 1669 1482 Nam
1686 1457 1763 1484 infir-

970 1495 1069 1523 miores
1083 1496 1170 1524 adhuc
1185 1503 1271 1525 erant.
1297 1499 1446 1534 Discipulos
1461 1502 1532 1528 enim
1557 1502 1697 1535 alloquens
1722 1504 1761 1530 sic

970 1540 1084 1573 dicebat,
1100 1542 1206 1569 Creditis
1219 1544 1244 1570 in
1258 1543 1351 1576 Deum,
1367 1551 1391 1571 et
1404 1548 1430 1572 in
1451 1554 1490 1572 me
1508 1547 1704 1582 credile(.loan.
1718 1548 1760 1575 lt.

971 1587 983 1614 1
998 1587 1018 1621 ).
1037 1587 1090 1615 Hos
1103 1593 1190 1616 autem
1206 1597 1266 1616 cum
1284 1591 1445 1619 inﬁrmiores
1458 1593 1489 1618 ad
1505 1594 1561 1620 lucc
1575 1593 1707 1621 audienda
1723 1595 1762 1621 ri-

970 1633 1061 1665 deret,
1088 1634 1166 1661 aliter
1184 1636 1308 1662 instituit.
1334 1636 1457 1663 Ostendit
1479 1645 1543 1671 ergo
1560 1646 1612 1665 non
1630 1646 1709 1672 posse
1735 1640 1761 1667 in

970 1677 1075 1705 Patrem
1089 1679 1198 1706 credere
1209 1687 1265 1710 eos.
1280 1682 1323 1715 qui
1340 1689 1391 1708 non
1407 1682 1432 1709 in
1447 1690 1475 1709 se
1490 1683 1610 1710 credant.
1624 1683 1656 1710 Et
1667 1692 1700 1711 ne
1713 1692 1762 1719 pu-

970 1728 1010 1752 tes
1025 1724 1050 1751 id
1069 1726 1143 1758 quasi
1164 1725 1197 1753 dc
1213 1726 1319 1753 homine
1339 1727 1390 1754 dici
1405 1748 1412 1758 .
1428 1728 1518 1754 subdit
1533 1737 1539 1755 ε
1552 1729 1596 1756 45.
1626 1729 1677 1762 Qui
1695 1730 1762 1757 videt

969 1772 1092 1803 me,videt
1106 1780 1161 1798 eum
1178 1773 1220 1807 qui
1238 1774 1306 1800 misit
1318 1782 1366 1801 me.
1379 1774 1445 1807 Quid
1459 1776 1542 1809 ergo?
1560 1783 1593 1803 an
1606 1784 1703 1811 corpus
1718 1782 1762 1805 est

971 1816 1052 1843 Deus?
1064 1818 1180 1845 Minime.
1192 1818 1326 1846 Visionem
1335 1821 1432 1855 quippe
1449 1821 1590 1849 mentaletn
1603 1821 1646 1849 ltic
1658 1823 1761 1858 signiﬁ-

970 1867 1031 1895 cat,
1061 1868 1088 1890 et
1111 1863 1172 1891 hinc
1193 1865 1493 1892 consubstantialitatetn
1521 1866 1696 1895 demonstrat.
1730 1869 1763 1895 Et

969 1908 1032 1942 quid
1049 1909 1097 1935 sibi
1111 1909 1167 1936 vult
1190 1910 1254 1937 illud
1265 1932 1272 1941 ,
1290 1910 1339 1944 Qui
1352 1911 1430 1938 credit
1444 1912 1470 1938 in
1480 1913 1539 1939 me?
1553 1913 1592 1939 Ac
1606 1913 1628 1940 si
1644 1913 1703 1947 quis
1718 1913 1762 1940 di~

969 1957 1051 1984 ceret.
1072 1953 1121 1987 Qui
1135 1962 1230 1989 aquam
1247 1955 1280 1982 de
1303 1956 1411 1982 [lumine
1426 1956 1494 1983 tollit
1505 1976 1512 1988 ,
1528 1964 1580 1984 non
1592 1956 1626 1984 de
1641 1957 1760 1990 flumine,

969 1999 1016 2026 sed
1030 1999 1061 2026 de
1077 1999 1149 2027 fonte
1161 2001 1265 2035 accipit.
1280 2001 1335 2029 lmo
1348 2002 1477 2029 inﬁrmius
1491 2003 1542 2030 hoc
1555 2003 1705 2037 exemplum
1718 2008 1762 2031 est

969 2044 1003 2071 ad
1017 2053 1072 2072 rem
1087 2047 1259 2080 propositam.
1273 2047 1317 2074 46.
1330 2047 1385 2082 Ego
1394 2047 1440 2075 lux
1449 2049 1475 2074 in
1485 2048 1606 2074 mundum
1619 2049 1759 2076 veni.Cum

969 2092 1040 2118 enim
1052 2092 1131 2119 Pater
1145 2097 1171 2120 et
1182 2093 1206 2118 in
1216 2093 1335 2119 vetcriet
1350 2093 1376 2120 in
1390 2100 1456 2119 nova
1473 2093 1530 2127 lege
1545 2094 1583 2120 sic
1597 2094 1758 2130 appelletur,

970 2143 997 2165 et
1008 2137 1060 2166 hoc
1075 2139 1131 2173 ipse
1146 2144 1233 2166 utatur
1250 2140 1374 2171 nomine;
1389 2139 1448 2166 ideo
1462 2139 1558 2167 Paulus
1575 2140 1635 2166 hinc
1648 2140 1762 2169 edoctus

969 2183 1140 2218 splendorem
1156 2188 1232 2211 vocat
1248 2184 1320 2212 illum
1344 2183 1442 2219 (Hebr.
1460 2184 1486 2211 1.
1503 2184 1547 2219 5).
1564 2184 1673 2212 Multam
1687 2190 1761 2213 certe

969 2237 1029 2256 cum
1046 2229 1124 2256 Patre
1138 2228 1292 2257 affinitatem
1307 2229 1350 2256 hic
1363 2230 1486 2261 ostendit,
1504 2229 1556 2256 into
1573 2230 1670 2257 nullam
1683 2230 1762 2258 diﬂ'e-

969 2274 1081 2300 rentiam
1094 2282 1101 2300 :
1116 2282 1177 2301 nam
1198 2274 1275 2301 ﬁdem
1300 2274 1326 2301 in
1338 2282 1377 2306 se,
1395 2283 1446 2301 non
1461 2275 1486 2301 in
1500 2282 1529 2302 se
1542 2295 1549 2307 ,
1566 2275 1613 2302 sed
1635 2276 1661 2302 in
1686 2276 1761 2303 illum

969 2321 1082 2347 transire
1094 2319 1167 2347 dicit.
1188 2319 1286 2347 Lucem
1301 2327 1380 2354 porro
1393 2328 1423 2347 se
1445 2321 1558 2353 vocavit,
1575 2320 1647 2355 quod
1666 2321 1699 2348 ab
1716 2329 1762 2347 cr-

969 2373 1031 2393 rore
1050 2365 1158 2397 liberet,
1173 2370 1199 2392 et
1212 2366 1282 2400 quod
1297 2365 1449 2399 spirituales
1464 2365 1550 2392 solvat
1564 2366 1697 2393 tenebras.
1714 2366 1760 2395 47.

970 2411 1001 2438 Si
1013 2412 1069 2446 quis
1087 2420 1127 2437 me
1146 2419 1196 2438 non
1222 2411 1346 2444 audierit,
1362 2419 1408 2446 ego
1423 2419 1472 2438 non
1484 2411 1574 2446 judico
1587 2411 1672 2438 illum.
1698 2412 1760 2442 Non

969 2458 1035 2484 enim
1048 2457 1102 2483 veni
1114 2462 1141 2483 ut
1151 2456 1263 2491 judicent
1283 2458 1415 2488 mundum,
1433 2457 1478 2483 sed
1493 2462 1519 2483 ut
1532 2457 1669 2491 miriﬁcam
1681 2466 1758 2486 ninn—

969 2502 1040 2529 dum.
1055 2502 1092 2529 Ne
1107 2506 1229 2537 putarent
1246 2503 1316 2529 enim
1328 2510 1357 2529 se
1373 2507 1480 2537 propter
1492 2503 1673 2529 infirmitatem
1689 2510 1756 2529 eo".

969 2552 1114 2582 temptores
1128 2548 1272 2580 dimisisse,
1293 2548 1352 2575 ideo
1363 2548 1429 2574 dixit
1443 2556 1450 2575 :
1467 2547 1526 2574 Non
1541 2548 1595 2575 veni
1608 2552 1634 2574 ut
1647 2548 1760 2582 judicent

969 2594 1098 2622 mundum.

1003 2640 1030 2667 2.
1045 2640 1145 2667 Deinde
1160 2647 1193 2667 ne
1208 2639 1271 2666 hinc
1284 2640 1421 2674 segniores
1430 2638 1504 2669 ﬁant.
1523 2639 1593 2674 quod
1617 2639 1760 2667 didicerint

968 2694 1028 2713 eltlll
1038 2687 1081 2722 qni
1091 2686 1185 2719 credit,
1194 2686 1295 2712 salvum
1305 2685 1374 2716 ﬁeri.
1384 2690 1411 2713 et
1420 2685 1464 2720 qui
1474 2693 1526 2712 non
1535 2685 1631 2718 credit,
1643 2686 1728 2720 puniri
1739 2686 1760 2720 ',

968 2732 1029 2759 vide
1043 2739 1121 2766 quam
1136 2730 1337 2758 formidolosum
1352 2731 1404 2757 illis
1418 2730 1530 2757 tribunal
1549 2732 1676 2763 minetur,
1698 2739 1759 2760 cunt

1000 2800 1009 2814 ί
1026 2801 1111 2823 Putant
1125 2799 1215 2823 Boisius
1226 2801 1253 2823 et
1262 2797 1362 2825 Sarilius
1376 2796 1507 2828 legendum
1521 2803 1577 2822 esse
1602 2803 1648 2822 non
1664 2797 1757 2828 puniri.

968 2828 1084 2883 Certen;
1096 2828 1228 2885 tegendum
1240 2830 1295 2854 mihi
1307 2834 1406 2860 quoque
1422 2828 1520 2853 videtur
1532 2835 1538 2852 :
1552 2828 1595 2853 sed
1608 2835 1694 2855 omnes
1706 2833 1758 2855 Mss.

968 2866 1051 2885 nium:
1081 2868 1094 2883 a
1114 2867 1145 2884 cn
1159 2877 1165 2884 .

968 2866 1051 2892 νηπίη
1064 2866 1165 2885 nubunt.
