  <div class='ocr_page' id='page_1' title='image "/cluster/home/n/w/nwhite01/storage/ocr_20150623/59/njp.32101077772661/375.png"; bbox 0 0 2036 3119; ppageno 0'>
   <div class='ocr_carea' id='block_1_1' title="bbox 275 138 327 166">
    <p class='ocr_par' dir='ltr' id='par_1_1' title="bbox 275 138 327 166">
     <span class='ocr_line' id='line_1_1' title="bbox 275 138 327 166; baseline 0 0"><span class='ocrx_word' id='word_1_1' title='bbox 275 138 327 166; x_wconf 73' lang='lat'><strong>379</strong></span> 
     </span>
    </p>
   </div>
   <div class='ocr_carea' id='block_1_2' title="bbox 274 189 1062 227">
    <p class='ocr_par' dir='ltr' id='par_1_2' title="bbox 274 189 1062 227">
     <span class='ocr_line' id='line_1_2' title="bbox 274 189 1062 227; baseline -0.013 -4"><span class='ocrx_word' id='word_1_2' title='bbox 274 195 364 227; x_wconf 77' lang='lat' dir='ltr'><strong>adiicit</strong></span> <span class='ocrx_word' id='word_1_3' title='bbox 379 202 386 221; x_wconf 88' lang='lat'><strong>:</strong></span> <span class='ocrx_word' id='word_1_4' title='bbox 401 193 446 221; x_wconf 73' lang='grc'><strong>48.</strong></span> <span class='ocrx_word' id='word_1_5' title='bbox 462 191 512 226; x_wconf 73' lang='lat' dir='ltr'><strong>Qui</strong></span> <span class='ocrx_word' id='word_1_6' title='bbox 527 198 565 218; x_wconf 81' lang='lat' dir='ltr'><strong>me</strong></span> <span class='ocrx_word' id='word_1_7' title='bbox 576 190 683 225; x_wconf 72' lang='lat' dir='ltr'><strong>spernit,</strong></span> <span class='ocrx_word' id='word_1_8' title='bbox 697 194 720 216; x_wconf 82' lang='lat' dir='ltr'><strong>et</strong></span> <span class='ocrx_word' id='word_1_9' title='bbox 731 197 782 216; x_wconf 76' lang='lat' dir='ltr'><strong>non</strong></span> <span class='ocrx_word' id='word_1_10' title='bbox 795 189 886 223; x_wconf 84' lang='lat' dir='ltr'><strong>accipit</strong></span> <span class='ocrx_word' id='word_1_11' title='bbox 901 189 974 214; x_wconf 83' lang='lat' dir='ltr'><strong>verba</strong></span> <span class='ocrx_word' id='word_1_12' title='bbox 997 195 1062 219; x_wconf 79' lang='lat' dir='ltr'><strong>mea,</strong></span> 
     </span>
    </p>
   </div>
   <div class='ocr_carea' id='block_1_3' title="bbox 273 233 1062 275">
    <p class='ocr_par' dir='ltr' id='par_1_3' title="bbox 273 233 1062 275">
     <span class='ocr_line' id='line_1_3' title="bbox 273 233 1062 275; baseline -0.011 -7"><span class='ocrx_word' id='word_1_13' title='bbox 273 242 345 268; x_wconf 78' lang='lat' dir='ltr'><strong>habet</strong></span> <span class='ocrx_word' id='word_1_14' title='bbox 358 240 402 275; x_wconf 74' lang='lat' dir='ltr'><strong>qui</strong></span> <span class='ocrx_word' id='word_1_15' title='bbox 410 239 507 274; x_wconf 76' lang='lat' dir='ltr'><strong>judice:</strong></span> <span class='ocrx_word' id='word_1_16' title='bbox 521 244 587 264; x_wconf 79' lang='lat' dir='ltr'><strong>eum.</strong></span> <span class='ocrx_word' id='word_1_17' title='bbox 599 236 626 263; x_wconf 88' lang='lat' dir='ltr'><strong>Si</strong></span> <span class='ocrx_word' id='word_1_18' title='bbox 641 240 716 270; x_wconf 88' lang='lat' dir='ltr'><strong>pater</strong></span> <span class='ocrx_word' id='word_1_19' title='bbox 731 235 863 262; x_wconf 85' lang='lat' dir='ltr'><strong>neminem</strong></span> <span class='ocrx_word' id='word_1_20' title='bbox 872 233 983 267; x_wconf 72' lang='lat' dir='ltr'><strong>iudicat,</strong></span> <span class='ocrx_word' id='word_1_21' title='bbox 994 238 1022 260; x_wconf 92' lang='lat' dir='ltr'><strong>et</strong></span> <span class='ocrx_word' id='word_1_22' title='bbox 1035 239 1062 260; x_wconf 86' lang='lat' dir='ltr'><strong>tu</strong></span> 
     </span>
    </p>
   </div>
   <div class='ocr_carea' id='block_1_4' title="bbox 273 280 1062 318">
    <p class='ocr_par' dir='ltr' id='par_1_4' title="bbox 273 280 1062 318">
     <span class='ocr_line' id='line_1_4' title="bbox 273 280 1062 318; baseline -0.011 -4"><span class='ocrx_word' id='word_1_23' title='bbox 273 295 326 315; x_wconf 91' lang='lat' dir='ltr'><strong>non</strong></span> <span class='ocrx_word' id='word_1_24' title='bbox 341 286 434 313; x_wconf 87' lang='lat' dir='ltr'><strong>venisti</strong></span> <span class='ocrx_word' id='word_1_25' title='bbox 448 289 477 311; x_wconf 92' lang='lat' dir='ltr'><strong>ut</strong></span> <span class='ocrx_word' id='word_1_26' title='bbox 489 283 592 318; x_wconf 84' lang='lat' dir='ltr'><strong>judices</strong></span> <span class='ocrx_word' id='word_1_27' title='bbox 605 281 744 314; x_wconf 80' lang='lat' dir='ltr'><strong>mundum,</strong></span> <span class='ocrx_word' id='word_1_28' title='bbox 754 281 813 316; x_wconf 84' lang='lat' dir='ltr'><strong>quis</strong></span> <span class='ocrx_word' id='word_1_29' title='bbox 830 281 902 307; x_wconf 82' lang='lat' dir='ltr'><strong>illuni</strong></span> <span class='ocrx_word' id='word_1_30' title='bbox 915 280 1062 314; x_wconf 74' lang='lat' dir='ltr'><strong>judicabltt</strong></span> 
     </span>
    </p>
   </div>
   <div class='ocr_carea' id='block_1_5' title="bbox 272 326 1061 365">
    <p class='ocr_par' dir='ltr' id='par_1_5' title="bbox 272 326 1061 365">
     <span class='ocr_line' id='line_1_5' title="bbox 272 326 1061 365; baseline -0.009 -6"><span class='ocrx_word' id='word_1_31' title='bbox 272 333 363 360; x_wconf 81' lang='lat' dir='ltr'><strong>Sermo</strong></span> <span class='ocrx_word' id='word_1_32' title='bbox 383 339 456 365; x_wconf 82' lang='lat' dir='ltr'><strong><em>quem</em></strong></span> <span class='ocrx_word' id='word_1_33' title='bbox 474 331 592 364; x_wconf 73' lang='lat' dir='ltr'><strong>loquutus</strong></span> <span class='ocrx_word' id='word_1_34' title='bbox 605 337 672 361; x_wconf 73' lang='lat' dir='ltr'><strong>cum,</strong></span> <span class='ocrx_word' id='word_1_35' title='bbox 694 328 749 361; x_wconf 71' lang='lat' dir='ltr'><strong>ipse</strong></span> <span class='ocrx_word' id='word_1_36' title='bbox 757 327 885 362; x_wconf 64' lang='lat' dir='ltr'><strong>iudicabit</strong></span> <span class='ocrx_word' id='word_1_37' title='bbox 898 327 980 353; x_wconf 83' lang='lat' dir='ltr'><strong>illum.</strong></span> <span class='ocrx_word' id='word_1_38' title='bbox 995 326 1061 359; x_wconf 84' lang='lat' dir='ltr'><strong>Quia</strong></span> 
     </span>
    </p>
   </div>
   <div class='ocr_carea' id='block_1_6' title="bbox 272 372 1061 406">
    <p class='ocr_par' dir='ltr' id='par_1_6' title="bbox 272 372 1061 406">
     <span class='ocr_line' id='line_1_6' title="bbox 272 372 1061 406; baseline -0.008 -3"><span class='ocrx_word' id='word_1_39' title='bbox 272 377 343 403; x_wconf 81' lang='lat' dir='ltr'><strong>enim</strong></span> <span class='ocrx_word' id='word_1_40' title='bbox 358 375 483 403; x_wconf 77' lang='lat' dir='ltr'><strong>dicebam</strong></span> <span class='ocrx_word' id='word_1_41' title='bbox 503 375 576 401; x_wconf 90' lang='lat' dir='ltr'><strong>illum</strong></span> <span class='ocrx_word' id='word_1_42' title='bbox 593 382 646 401; x_wconf 89' lang='lat' dir='ltr'><strong>non</strong></span> <span class='ocrx_word' id='word_1_43' title='bbox 658 381 690 401; x_wconf 77' lang='lat' dir='ltr'><strong>ex</strong></span> <span class='ocrx_word' id='word_1_44' title='bbox 713 373 769 400; x_wconf 86' lang='lat' dir='ltr'><strong>Deo</strong></span> <span class='ocrx_word' id='word_1_45' title='bbox 781 380 840 400; x_wconf 80' lang='lat' dir='ltr'><strong>esse</strong></span> <span class='ocrx_word' id='word_1_46' title='bbox 852 393 859 405; x_wconf 92' lang='lat'><strong>,</strong></span> <span class='ocrx_word' id='word_1_47' title='bbox 878 372 917 400; x_wconf 92' lang='lat' dir='ltr'><strong>sic</strong></span> <span class='ocrx_word' id='word_1_48' title='bbox 939 372 1061 406; x_wconf 74' lang='lat' dir='ltr'><strong>loquutus</strong></span> 
     </span>
    </p>
   </div>
   <div class='ocr_carea' id='block_1_7' title="bbox 271 418 1059 456">
    <p class='ocr_par' dir='ltr' id='par_1_7' title="bbox 271 418 1059 456">
     <span class='ocr_line' id='line_1_7' title="bbox 271 418 1059 456; baseline -0.004 -7"><span class='ocrx_word' id='word_1_49' title='bbox 271 426 322 453; x_wconf 85' lang='lat' dir='ltr'><strong>est.</strong></span> <span class='ocrx_word' id='word_1_50' title='bbox 337 422 491 449; x_wconf 81' lang='lat' dir='ltr'><strong>utdeclaret</strong></span> <span class='ocrx_word' id='word_1_51' title='bbox 505 421 574 456; x_wconf 88' lang='lat' dir='ltr'><strong>quod</strong></span> <span class='ocrx_word' id='word_1_52' title='bbox 591 425 653 448; x_wconf 87' lang='lat' dir='ltr'><strong>tunc</strong></span> <span class='ocrx_word' id='word_1_53' title='bbox 673 429 725 447; x_wconf 91' lang='lat' dir='ltr'><strong>non</strong></span> <span class='ocrx_word' id='word_1_54' title='bbox 745 423 869 455; x_wconf 87' lang='lat' dir='ltr'><strong>poterunt</strong></span> <span class='ocrx_word' id='word_1_55' title='bbox 881 419 938 446; x_wconf 66' lang='lat' dir='ltr'><strong>ha~e</strong></span> <span class='ocrx_word' id='word_1_56' title='bbox 952 418 1059 450; x_wconf 84' lang='lat' dir='ltr'><strong>dicere;</strong></span> 
     </span>
    </p>
   </div>
   <div class='ocr_carea' id='block_1_8' title="bbox 270 465 1062 502">
    <p class='ocr_par' dir='ltr' id='par_1_8' title="bbox 270 465 1062 502">
     <span class='ocr_line' id='line_1_8' title="bbox 270 465 1062 502; baseline -0.005 -7"><span class='ocrx_word' id='word_1_57' title='bbox 270 469 328 500; x_wconf 82' lang='lat' dir='ltr'><strong>sed.</strong></span> <span class='ocrx_word' id='word_1_58' title='bbox 343 468 429 495; x_wconf 83' lang='lat' dir='ltr'><strong>Verba</strong></span> <span class='ocrx_word' id='word_1_59' title='bbox 442 476 501 502; x_wconf 68' lang='lat' dir='ltr'><strong>quae</strong></span> <span class='ocrx_word' id='word_1_60' title='bbox 514 475 585 494; x_wconf 86' lang='lat' dir='ltr'><strong>mmc</strong></span> <span class='ocrx_word' id='word_1_61' title='bbox 598 467 723 500; x_wconf 89' lang='lat' dir='ltr'><strong>loquutus</strong></span> <span class='ocrx_word' id='word_1_62' title='bbox 739 474 797 493; x_wconf 90' lang='lat' dir='ltr'><strong>sum</strong></span> <span class='ocrx_word' id='word_1_63' title='bbox 808 487 816 499; x_wconf 90' lang='lat'><strong>,</strong></span> <span class='ocrx_word' id='word_1_64' title='bbox 840 465 1004 493; x_wconf 77' lang='lat' dir='ltr'><strong>accusatoris</strong></span> <span class='ocrx_word' id='word_1_65' title='bbox 1022 466 1062 492; x_wconf 84' lang='lat' dir='ltr'><strong>vi-</strong></span> 
     </span>
    </p>
   </div>
   <div class='ocr_carea' id='block_1_9' title="bbox 270 512 1061 549">
    <p class='ocr_par' dir='ltr' id='par_1_9' title="bbox 270 512 1061 549">
     <span class='ocr_line' id='line_1_9' title="bbox 270 512 1061 549; baseline -0.005 -8"><span class='ocrx_word' id='word_1_66' title='bbox 270 522 328 541; x_wconf 82' lang='lat' dir='ltr'><strong>cem</strong></span> <span class='ocrx_word' id='word_1_67' title='bbox 344 518 433 549; x_wconf 82' lang='lat' dir='ltr'><strong>agent,</strong></span> <span class='ocrx_word' id='word_1_68' title='bbox 445 514 489 548; x_wconf 86' lang='lat' dir='ltr'><strong>qui</strong></span> <span class='ocrx_word' id='word_1_69' title='bbox 504 514 562 540; x_wconf 85' lang='lat' dir='ltr'><strong>illos</strong></span> <span class='ocrx_word' id='word_1_70' title='bbox 576 513 726 544; x_wconf 75' lang='lat' dir='ltr'><strong>col-vincet,</strong></span> <span class='ocrx_word' id='word_1_71' title='bbox 741 517 769 539; x_wconf 85' lang='lat' dir='ltr'><strong>et</strong></span> <span class='ocrx_word' id='word_1_72' title='bbox 782 520 888 539; x_wconf 86' lang='lat' dir='ltr'><strong>omnem</strong></span> <span class='ocrx_word' id='word_1_73' title='bbox 900 512 1061 539; x_wconf 70' lang='lat' dir='ltr'><strong>defensionis</strong></span> 
     </span>
    </p>
   </div>
   <div class='ocr_carea' id='block_1_10' title="bbox 271 558 1060 594">
    <p class='ocr_par' dir='ltr' id='par_1_10' title="bbox 271 558 1060 594">
     <span class='ocr_line' id='line_1_10' title="bbox 271 558 1060 594; baseline -0.005 -6"><span class='ocrx_word' id='word_1_74' title='bbox 271 561 380 588; x_wconf 82' lang='lat' dir='ltr'><strong>modum</strong></span> <span class='ocrx_word' id='word_1_75' title='bbox 403 560 513 587; x_wconf 83' lang='lat' dir='ltr'><strong>adimet.</strong></span> <span class='ocrx_word' id='word_1_76' title='bbox 534 560 624 587; x_wconf 77' lang='lat' dir='ltr'><strong>Sermo</strong></span> <span class='ocrx_word' id='word_1_77' title='bbox 638 568 709 594; x_wconf 80' lang='lat' dir='ltr'><strong>quem</strong></span> <span class='ocrx_word' id='word_1_78' title='bbox 721 560 838 594; x_wconf 75' lang='lat' dir='ltr'><strong>loquutus</strong></span> <span class='ocrx_word' id='word_1_79' title='bbox 847 567 912 585; x_wconf 78' lang='lat' dir='ltr'><strong>sum.</strong></span> <span class='ocrx_word' id='word_1_80' title='bbox 926 558 991 591; x_wconf 79' lang='lat' dir='ltr'><strong>Quis</strong></span> <span class='ocrx_word' id='word_1_81' title='bbox 1002 566 1060 585; x_wconf 89' lang='lat' dir='ltr'><strong>ser-</strong></span> 
     </span>
    </p>
   </div>
   <div class='ocr_carea' id='block_1_11' title="bbox 270 604 1061 640">
    <p class='ocr_par' dir='ltr' id='par_1_11' title="bbox 270 604 1061 640">
     <span class='ocr_line' id='line_1_11' title="bbox 270 604 1061 640; baseline -0.006 -6"><span class='ocrx_word' id='word_1_82' title='bbox 270 607 337 634; x_wconf 80' lang='lat' dir='ltr'><strong>mo?</strong></span> <span class='ocrx_word' id='word_1_83' title='bbox 356 606 400 634; x_wconf 69' lang='grc'><strong>49.</strong></span> <span class='ocrx_word' id='word_1_84' title='bbox 423 606 497 639; x_wconf 84' lang='lat' dir='ltr'><strong>Quod</strong></span> <span class='ocrx_word' id='word_1_85' title='bbox 511 615 526 632; x_wconf 93' lang='lat' dir='ltr'><strong>a</strong></span> <span class='ocrx_word' id='word_1_86' title='bbox 539 614 577 632; x_wconf 87' lang='lat' dir='ltr'><strong>me</strong></span> <span class='ocrx_word' id='word_1_87' title='bbox 589 605 644 639; x_wconf 71' lang='lat' dir='ltr'><strong>ipso</strong></span> <span class='ocrx_word' id='word_1_88' title='bbox 660 613 709 631; x_wconf 87' lang='lat' dir='ltr'><strong>non</strong></span> <span class='ocrx_word' id='word_1_89' title='bbox 723 605 840 637; x_wconf 81' lang='lat' dir='ltr'><strong>uenerim,</strong></span> <span class='ocrx_word' id='word_1_90' title='bbox 855 605 913 640; x_wconf 83' lang='lat' dir='ltr'><strong>quia</strong></span> <span class='ocrx_word' id='word_1_91' title='bbox 933 604 976 638; x_wconf 89' lang='lat' dir='ltr'><strong>qui</strong></span> <span class='ocrx_word' id='word_1_92' title='bbox 995 604 1061 630; x_wconf 74' lang='lat' dir='ltr'><strong>misit</strong></span> 
     </span>
    </p>
   </div>
   <div class='ocr_carea' id='block_1_12' title="bbox 270 651 1060 685">
    <p class='ocr_par' dir='ltr' id='par_1_12' title="bbox 270 651 1060 685">
     <span class='ocr_line' id='line_1_12' title="bbox 270 651 1060 685; baseline -0.005 -5"><span class='ocrx_word' id='word_1_93' title='bbox 270 662 310 681; x_wconf 77' lang='lat' dir='ltr'><strong>me</strong></span> <span class='ocrx_word' id='word_1_94' title='bbox 331 653 422 685; x_wconf 81' lang='lat' dir='ltr'><strong>Pater,</strong></span> <span class='ocrx_word' id='word_1_95' title='bbox 436 653 479 679; x_wconf 85' lang='lat' dir='ltr'><strong>ille</strong></span> <span class='ocrx_word' id='word_1_96' title='bbox 504 653 571 679; x_wconf 77' lang='lat' dir='ltr'><strong>dedit</strong></span> <span class='ocrx_word' id='word_1_97' title='bbox 590 652 652 678; x_wconf 83' lang='lat' dir='ltr'><strong>mihi</strong></span> <span class='ocrx_word' id='word_1_98' title='bbox 665 651 811 678; x_wconf 84' lang='lat' dir='ltr'><strong>mandatum</strong></span> <span class='ocrx_word' id='word_1_99' title='bbox 830 651 891 685; x_wconf 86' lang='lat' dir='ltr'><strong>quid</strong></span> <span class='ocrx_word' id='word_1_100' title='bbox 910 651 992 677; x_wconf 85' lang='lat' dir='ltr'><strong>dirum</strong></span> <span class='ocrx_word' id='word_1_101' title='bbox 1005 672 1011 682; x_wconf 90' lang='lat'><strong>,</strong></span> <span class='ocrx_word' id='word_1_102' title='bbox 1036 655 1060 677; x_wconf 83' lang='lat' dir='ltr'><strong>et</strong></span> 
     </span>
    </p>
   </div>
   <div class='ocr_carea' id='block_1_13' title="bbox 270 697 1060 735">
    <p class='ocr_par' dir='ltr' id='par_1_13' title="bbox 270 697 1060 735">
     <span class='ocr_line' id='line_1_13' title="bbox 270 697 1060 735; baseline -0.004 -9"><span class='ocrx_word' id='word_1_103' title='bbox 270 700 332 735; x_wconf 80' lang='lat' dir='ltr'><strong>quid</strong></span> <span class='ocrx_word' id='word_1_104' title='bbox 344 700 452 733; x_wconf 86' lang='lat' dir='ltr'><strong>loquar:</strong></span> <span class='ocrx_word' id='word_1_105' title='bbox 465 704 490 726; x_wconf 91' lang='lat' dir='ltr'><strong>et</strong></span> <span class='ocrx_word' id='word_1_106' title='bbox 504 699 553 725; x_wconf 84' lang='lat' dir='ltr'><strong>alia</strong></span> <span class='ocrx_word' id='word_1_107' title='bbox 564 698 714 731; x_wconf 69' lang='lat' dir='ltr'><strong>huiusmodi</strong></span> <span class='ocrx_word' id='word_1_108' title='bbox 730 698 829 724; x_wconf 84' lang='lat' dir='ltr'><strong>omnia.</strong></span> <span class='ocrx_word' id='word_1_109' title='bbox 846 697 916 732; x_wconf 82' lang='lat' dir='ltr'><strong>Ergo</strong></span> <span class='ocrx_word' id='word_1_110' title='bbox 929 698 984 724; x_wconf 80' lang='lat' dir='ltr'><strong>lm-c</strong></span> <span class='ocrx_word' id='word_1_111' title='bbox 1000 697 1060 724; x_wconf 87' lang='lat' dir='ltr'><strong>ideo</strong></span> 
     </span>
    </p>
   </div>
   <div class='ocr_carea' id='block_1_14' title="bbox 270 743 1061 782">
    <p class='ocr_par' dir='ltr' id='par_1_14' title="bbox 270 743 1061 782">
     <span class='ocr_line' id='line_1_14' title="bbox 270 743 1061 782; baseline -0.008 -9"><span class='ocrx_word' id='word_1_112' title='bbox 270 751 380 782; x_wconf 84' lang='lat' dir='ltr'><strong>propter</strong></span> <span class='ocrx_word' id='word_1_113' title='bbox 393 746 453 772; x_wconf 83' lang='lat' dir='ltr'><strong>illos</strong></span> <span class='ocrx_word' id='word_1_114' title='bbox 466 745 535 772; x_wconf 86' lang='lat' dir='ltr'><strong>dicta</strong></span> <span class='ocrx_word' id='word_1_115' title='bbox 549 749 620 776; x_wconf 83' lang='lat' dir='ltr'><strong>sunt,</strong></span> <span class='ocrx_word' id='word_1_116' title='bbox 636 749 665 770; x_wconf 92' lang='lat' dir='ltr'><strong>ut</strong></span> <span class='ocrx_word' id='word_1_117' title='bbox 678 744 777 770; x_wconf 82' lang='lat' dir='ltr'><strong>nullam</strong></span> <span class='ocrx_word' id='word_1_118' title='bbox 790 743 916 770; x_wconf 83' lang='lat' dir='ltr'><strong>haberent</strong></span> <span class='ocrx_word' id='word_1_119' title='bbox 927 743 1061 770; x_wconf 82' lang='lat' dir='ltr'><strong>defensio-</strong></span> 
     </span>
    </p>
   </div>
   <div class='ocr_carea' id='block_1_15' title="bbox 270 789 1057 824">
    <p class='ocr_par' dir='ltr' id='par_1_15' title="bbox 270 789 1057 824">
     <span class='ocr_line' id='line_1_15' title="bbox 270 789 1057 824; baseline -0.005 -6"><span class='ocrx_word' id='word_1_120' title='bbox 270 792 312 818; x_wconf 87' lang='lat' dir='ltr'><strong>nis</strong></span> <span class='ocrx_word' id='word_1_121' title='bbox 326 799 427 817; x_wconf 82' lang='lat' dir='ltr'><strong>ansam.</strong></span> <span class='ocrx_word' id='word_1_122' title='bbox 444 791 509 818; x_wconf 86' lang='lat' dir='ltr'><strong>Nam</strong></span> <span class='ocrx_word' id='word_1_123' title='bbox 523 790 571 817; x_wconf 87' lang='lat' dir='ltr'><strong>nisi</strong></span> <span class='ocrx_word' id='word_1_124' title='bbox 584 790 618 817; x_wconf 89' lang='lat' dir='ltr'><strong>ita</strong></span> <span class='ocrx_word' id='word_1_125' title='bbox 633 797 675 816; x_wconf 82' lang='lat' dir='ltr'><strong>res</strong></span> <span class='ocrx_word' id='word_1_126' title='bbox 690 797 719 816; x_wconf 82' lang='lat' dir='ltr'><strong>sc</strong></span> <span class='ocrx_word' id='word_1_127' title='bbox 734 789 853 820; x_wconf 75' lang='lat' dir='ltr'><strong>haberet,</strong></span> <span class='ocrx_word' id='word_1_128' title='bbox 868 789 929 822; x_wconf 89' lang='lat' dir='ltr'><strong>quid</strong></span> <span class='ocrx_word' id='word_1_129' title='bbox 942 790 999 824; x_wconf 80' lang='lat' dir='ltr'><strong>plus</strong></span> <span class='ocrx_word' id='word_1_130' title='bbox 1012 789 1057 815; x_wconf 90' lang='lat' dir='ltr'><strong>ha-</strong></span> 
     </span>
    </p>
   </div>
   <div class='ocr_carea' id='block_1_16' title="bbox 271 834 1059 871">
    <p class='ocr_par' dir='ltr' id='par_1_16' title="bbox 271 834 1059 871">
     <span class='ocr_line' id='line_1_16' title="bbox 271 834 1059 871; baseline -0.006 -7"><span class='ocrx_word' id='word_1_131' title='bbox 271 837 343 864; x_wconf 89' lang='lat' dir='ltr'><strong>bebit</strong></span> <span class='ocrx_word' id='word_1_132' title='bbox 357 844 434 871; x_wconf 88' lang='lat' dir='ltr'><strong>quam</strong></span> <span class='ocrx_word' id='word_1_133' title='bbox 451 836 550 863; x_wconf 74' lang='lat' dir='ltr'><strong>Isaias?</strong></span> <span class='ocrx_word' id='word_1_134' title='bbox 565 835 629 862; x_wconf 85' lang='lat' dir='ltr'><strong>Nam</strong></span> <span class='ocrx_word' id='word_1_135' title='bbox 642 835 685 862; x_wconf 88' lang='lat' dir='ltr'><strong>ille</strong></span> <span class='ocrx_word' id='word_1_136' title='bbox 702 834 752 861; x_wconf 88' lang='lat' dir='ltr'><strong>hoc</strong></span> <span class='ocrx_word' id='word_1_137' title='bbox 772 834 857 869; x_wconf 88' lang='lat' dir='ltr'><strong>ipsum</strong></span> <span class='ocrx_word' id='word_1_138' title='bbox 873 834 955 860; x_wconf 85' lang='lat' dir='ltr'><strong>dicit:</strong></span> <span class='ocrx_word' id='word_1_139' title='bbox 973 834 1059 860; x_wconf 83' lang='lat' dir='ltr'><strong>Domi-</strong></span> 
     </span>
    </p>
   </div>
   <div class='ocr_carea' id='block_1_17' title="bbox 270 879 1058 917">
    <p class='ocr_par' dir='ltr' id='par_1_17' title="bbox 270 879 1058 917">
     <span class='ocr_line' id='line_1_17' title="bbox 270 879 1058 917; baseline -0.005 -8"><span class='ocrx_word' id='word_1_140' title='bbox 270 891 318 909; x_wconf 75' lang='lat' dir='ltr'><strong>mu</strong></span> <span class='ocrx_word' id='word_1_141' title='bbox 333 882 376 908; x_wconf 87' lang='lat' dir='ltr'><strong>dat</strong></span> <span class='ocrx_word' id='word_1_142' title='bbox 391 882 452 908; x_wconf 80' lang='lat' dir='ltr'><strong>milii</strong></span> <span class='ocrx_word' id='word_1_143' title='bbox 464 882 576 917; x_wconf 78' lang='lat' dir='ltr'><strong>tinguant</strong></span> <span class='ocrx_word' id='word_1_144' title='bbox 585 880 742 912; x_wconf 76' lang='lat' dir='ltr'><strong>eruditionis,</strong></span> <span class='ocrx_word' id='word_1_145' title='bbox 755 885 782 906; x_wconf 85' lang='lat' dir='ltr'><strong>ut</strong></span> <span class='ocrx_word' id='word_1_146' title='bbox 794 881 871 906; x_wconf 76' lang='lat' dir='ltr'><strong>sciam</strong></span> <span class='ocrx_word' id='word_1_147' title='bbox 890 879 991 914; x_wconf 84' lang='lat' dir='ltr'><strong>quando</strong></span> <span class='ocrx_word' id='word_1_148' title='bbox 1005 888 1058 906; x_wconf 77' lang='lat' dir='ltr'><strong>rer-</strong></span> 
     </span>
    </p>
   </div>
   <div class='ocr_carea' id='block_1_18' title="bbox 270 927 1058 964">
    <p class='ocr_par' dir='ltr' id='par_1_18' title="bbox 270 927 1058 964">
     <span class='ocr_line' id='line_1_18' title="bbox 270 927 1058 964; baseline -0.004 -9"><span class='ocrx_word' id='word_1_149' title='bbox 270 938 370 956; x_wconf 79' lang='lat' dir='ltr'><strong>utonem</strong></span> <span class='ocrx_word' id='word_1_150' title='bbox 390 930 472 955; x_wconf 81' lang='lat' dir='ltr'><strong>dicere</strong></span> <span class='ocrx_word' id='word_1_151' title='bbox 489 933 603 963; x_wconf 79' lang='lat' dir='ltr'><strong>oporteat</strong></span> <span class='ocrx_word' id='word_1_152' title='bbox 618 928 691 964; x_wconf 76' lang='lat' dir='ltr'><strong>(Ism&#39;.</strong></span> <span class='ocrx_word' id='word_1_153' title='bbox 709 927 751 955; x_wconf 78' lang='grc'><strong>50.</strong></span> <span class='ocrx_word' id='word_1_154' title='bbox 770 927 812 963; x_wconf 68' lang='grc'><strong>4).</strong></span> <span class='ocrx_word' id='word_1_155' title='bbox 825 927 891 961; x_wconf 87' lang='lat' dir='ltr'><strong>Quid</strong></span> <span class='ocrx_word' id='word_1_156' title='bbox 908 927 965 960; x_wconf 85' lang='lat' dir='ltr'><strong>plus</strong></span> <span class='ocrx_word' id='word_1_157' title='bbox 980 934 1058 961; x_wconf 79' lang='lat' dir='ltr'><strong>qualn</strong></span> 
     </span>
    </p>
   </div>
   <div class='ocr_carea' id='block_1_19' title="bbox 270 972 1059 1006">
    <p class='ocr_par' dir='ltr' id='par_1_19' title="bbox 270 972 1059 1006">
     <span class='ocr_line' id='line_1_19' title="bbox 270 972 1059 1006; baseline -0.005 -4"><span class='ocrx_word' id='word_1_158' title='bbox 270 974 420 1002; x_wconf 81' lang='lat' dir='ltr'><strong>Jeremias?</strong></span> <span class='ocrx_word' id='word_1_159' title='bbox 434 974 498 1001; x_wconf 81' lang='lat' dir='ltr'><strong>Nam</strong></span> <span class='ocrx_word' id='word_1_160' title='bbox 514 980 539 1001; x_wconf 86' lang='lat' dir='ltr'><strong>et</strong></span> <span class='ocrx_word' id='word_1_161' title='bbox 553 974 598 1001; x_wconf 87' lang='lat' dir='ltr'><strong>ille</strong></span> <span class='ocrx_word' id='word_1_162' title='bbox 613 982 672 1000; x_wconf 89' lang='lat' dir='ltr'><strong>cum</strong></span> <span class='ocrx_word' id='word_1_163' title='bbox 689 973 857 1003; x_wconf 77' lang='lat' dir='ltr'><strong>mittebatur,</strong></span> <span class='ocrx_word' id='word_1_164' title='bbox 872 977 933 1000; x_wconf 86' lang='lat' dir='ltr'><strong>tunc</strong></span> <span class='ocrx_word' id='word_1_165' title='bbox 947 972 1059 1006; x_wconf 87' lang='lat' dir='ltr'><strong>inspira-</strong></span> 
     </span>
    </p>
   </div>
   <div class='ocr_carea' id='block_1_20' title="bbox 270 1018 1057 1054">
    <p class='ocr_par' dir='ltr' id='par_1_20' title="bbox 270 1018 1057 1054">
     <span class='ocr_line' id='line_1_20' title="bbox 270 1018 1057 1054; baseline -0.005 -7"><span class='ocrx_word' id='word_1_166' title='bbox 270 1021 369 1048; x_wconf 91' lang='lat' dir='ltr'><strong>tionem</strong></span> <span class='ocrx_word' id='word_1_167' title='bbox 385 1020 509 1047; x_wconf 87' lang='lat' dir='ltr'><strong>habebat.</strong></span> <span class='ocrx_word' id='word_1_168' title='bbox 526 1019 593 1053; x_wconf 83' lang='lat' dir='ltr'><strong>Quid</strong></span> <span class='ocrx_word' id='word_1_169' title='bbox 605 1019 661 1054; x_wconf 87' lang='lat' dir='ltr'><strong>plus</strong></span> <span class='ocrx_word' id='word_1_170' title='bbox 672 1027 750 1054; x_wconf 86' lang='lat' dir='ltr'><strong>quam</strong></span> <span class='ocrx_word' id='word_1_171' title='bbox 761 1018 903 1045; x_wconf 72' lang='lat' dir='ltr'><strong>Ezechiel?</strong></span> <span class='ocrx_word' id='word_1_172' title='bbox 916 1018 962 1045; x_wconf 91' lang='lat' dir='ltr'><strong>llic</strong></span> <span class='ocrx_word' id='word_1_173' title='bbox 975 1018 1057 1050; x_wconf 88' lang='lat' dir='ltr'><strong>enim,</strong></span> 
     </span>
    </p>
   </div>
   <div class='ocr_carea' id='block_1_21' title="bbox 269 1064 1059 1100">
    <p class='ocr_par' dir='ltr' id='par_1_21' title="bbox 269 1064 1059 1100">
     <span class='ocr_line' id='line_1_21' title="bbox 269 1064 1059 1100; baseline -0.003 -8"><span class='ocrx_word' id='word_1_174' title='bbox 269 1065 396 1093; x_wconf 87' lang='lat' dir='ltr'><strong>devorato</strong></span> <span class='ocrx_word' id='word_1_175' title='bbox 404 1065 530 1100; x_wconf 76' lang='lat' dir='ltr'><strong>capitulo,</strong></span> <span class='ocrx_word' id='word_1_176' title='bbox 543 1065 577 1092; x_wconf 89' lang='lat' dir='ltr'><strong>ita</strong></span> <span class='ocrx_word' id='word_1_177' title='bbox 592 1065 715 1099; x_wconf 78' lang='lat' dir='ltr'><strong>loquutus</strong></span> <span class='ocrx_word' id='word_1_178' title='bbox 728 1069 769 1091; x_wconf 89' lang='lat' dir='ltr'><strong>est</strong></span> <span class='ocrx_word' id='word_1_179' title='bbox 779 1064 884 1100; x_wconf 79' lang='lat' dir='ltr'><strong>(Ezeclt.</strong></span> <span class='ocrx_word' id='word_1_180' title='bbox 894 1064 920 1091; x_wconf 79' lang='lat'><strong>3.</strong></span> <span class='ocrx_word' id='word_1_181' title='bbox 935 1064 973 1099; x_wconf 84' lang='lat' dir='ltr'><strong>l).</strong></span> <span class='ocrx_word' id='word_1_182' title='bbox 986 1065 1059 1091; x_wconf 82' lang='lat' dir='ltr'><strong>Alio-</strong></span> 
     </span>
    </p>
   </div>
   <div class='ocr_carea' id='block_1_22' title="bbox 268 1110 1057 1146">
    <p class='ocr_par' dir='ltr' id='par_1_22' title="bbox 268 1110 1057 1146">
     <span class='ocr_line' id='line_1_22' title="bbox 268 1110 1057 1146; baseline -0.001 -8"><span class='ocrx_word' id='word_1_183' title='bbox 268 1112 331 1146; x_wconf 90' lang='lat' dir='ltr'><strong>quin</strong></span> <span class='ocrx_word' id='word_1_184' title='bbox 345 1117 434 1139; x_wconf 90' lang='lat' dir='ltr'><strong>autem</strong></span> <span class='ocrx_word' id='word_1_185' title='bbox 451 1113 466 1138; x_wconf 94' lang='lat' dir='ltr'><strong>ii</strong></span> <span class='ocrx_word' id='word_1_186' title='bbox 481 1112 524 1146; x_wconf 90' lang='lat' dir='ltr'><strong>qui</strong></span> <span class='ocrx_word' id='word_1_187' title='bbox 538 1112 607 1139; x_wconf 86' lang='lat' dir='ltr'><strong>dicta</strong></span> <span class='ocrx_word' id='word_1_188' title='bbox 621 1112 678 1146; x_wconf 86' lang='lat' dir='ltr'><strong>ejus</strong></span> <span class='ocrx_word' id='word_1_189' title='bbox 691 1110 900 1144; x_wconf 88' lang='lat' dir='ltr'><strong>anditttrierattt,</strong></span> <span class='ocrx_word' id='word_1_190' title='bbox 913 1118 991 1137; x_wconf 90' lang='lat' dir='ltr'><strong>causa</strong></span> <span class='ocrx_word' id='word_1_191' title='bbox 1009 1110 1057 1145; x_wconf 84' lang='lat' dir='ltr'><strong>ipsi</strong></span> 
     </span>
    </p>
   </div>
   <div class='ocr_carea' id='block_1_23' title="bbox 268 1156 1056 1192">
    <p class='ocr_par' dir='ltr' id='par_1_23' title="bbox 268 1156 1056 1192">
     <span class='ocr_line' id='line_1_23' title="bbox 268 1156 1056 1192; baseline -0.003 -7"><span class='ocrx_word' id='word_1_192' title='bbox 268 1159 427 1192; x_wconf 76' lang='lat' dir='ltr'><strong>cognitionis</strong></span> <span class='ocrx_word' id='word_1_193' title='bbox 443 1158 524 1185; x_wconf 84' lang='lat' dir='ltr'><strong>fuisse</strong></span> <span class='ocrx_word' id='word_1_194' title='bbox 538 1158 728 1191; x_wconf 76' lang='lat' dir='ltr'><strong>reperirentur.</strong></span> <span class='ocrx_word' id='word_1_195' title='bbox 745 1156 772 1184; x_wconf 92' lang='lat' dir='ltr'><strong>Si</strong></span> <span class='ocrx_word' id='word_1_196' title='bbox 793 1156 864 1183; x_wconf 90' lang='lat' dir='ltr'><strong>enim</strong></span> <span class='ocrx_word' id='word_1_197' title='bbox 886 1164 946 1183; x_wconf 85' lang='lat' dir='ltr'><strong>eum</strong></span> <span class='ocrx_word' id='word_1_198' title='bbox 968 1157 1056 1183; x_wconf 86' lang='lat' dir='ltr'><strong>mitte-</strong></span> 
     </span>
    </p>
   </div>
   <div class='ocr_carea' id='block_1_24' title="bbox 268 1202 1058 1238">
    <p class='ocr_par' dir='ltr' id='par_1_24' title="bbox 268 1202 1058 1238">
     <span class='ocr_line' id='line_1_24' title="bbox 268 1202 1058 1238; baseline -0.004 -7"><span class='ocrx_word' id='word_1_199' title='bbox 268 1204 356 1235; x_wconf 89' lang='lat' dir='ltr'><strong>batur,</strong></span> <span class='ocrx_word' id='word_1_200' title='bbox 367 1205 518 1231; x_wconf 88' lang='lat' dir='ltr'><strong>mandatum</strong></span> <span class='ocrx_word' id='word_1_201' title='bbox 533 1204 635 1237; x_wconf 88' lang='lat' dir='ltr'><strong>accepit</strong></span> <span class='ocrx_word' id='word_1_202' title='bbox 648 1203 710 1238; x_wconf 92' lang='lat' dir='ltr'><strong>quid</strong></span> <span class='ocrx_word' id='word_1_203' title='bbox 721 1206 792 1229; x_wconf 89' lang='lat' dir='ltr'><strong>esset</strong></span> <span class='ocrx_word' id='word_1_204' title='bbox 800 1202 929 1235; x_wconf 85' lang='lat' dir='ltr'><strong>dicturus,</strong></span> <span class='ocrx_word' id='word_1_205' title='bbox 945 1202 1058 1229; x_wconf 80' lang='lat' dir='ltr'><strong>subinde</strong></span> 
     </span>
    </p>
   </div>
   <div class='ocr_carea' id='block_1_25' title="bbox 269 1247 1056 1284">
    <p class='ocr_par' dir='ltr' id='par_1_25' title="bbox 269 1247 1056 1284">
     <span class='ocr_line' id='line_1_25' title="bbox 269 1247 1056 1284; baseline -0.001 -8"><span class='ocrx_word' id='word_1_206' title='bbox 269 1249 342 1276; x_wconf 86' lang='lat' dir='ltr'><strong>dices</strong></span> <span class='ocrx_word' id='word_1_207' title='bbox 362 1250 446 1284; x_wconf 89' lang='lat' dir='ltr'><strong>ipsum</strong></span> <span class='ocrx_word' id='word_1_208' title='bbox 460 1270 468 1281; x_wconf 91' lang='lat'><strong>,</strong></span> <span class='ocrx_word' id='word_1_209' title='bbox 492 1255 632 1283; x_wconf 77' lang='lat' dir='ltr'><strong>antequam</strong></span> <span class='ocrx_word' id='word_1_210' title='bbox 653 1249 803 1275; x_wconf 83' lang='lat' dir='ltr'><strong>mitteretur</strong></span> <span class='ocrx_word' id='word_1_211' title='bbox 815 1268 822 1279; x_wconf 97' lang='lat'><strong>,</strong></span> <span class='ocrx_word' id='word_1_212' title='bbox 839 1247 902 1274; x_wconf 86' lang='lat' dir='ltr'><strong>nihil</strong></span> <span class='ocrx_word' id='word_1_213' title='bbox 925 1248 1034 1274; x_wconf 83' lang='lat' dir='ltr'><strong>scivisse</strong></span> <span class='ocrx_word' id='word_1_214' title='bbox 1050 1256 1056 1275; x_wconf 90' lang='lat'><strong>:</strong></span> 
     </span>
    </p>
   </div>
   <div class='ocr_carea' id='block_1_26' title="bbox 268 1293 1058 1330">
    <p class='ocr_par' dir='ltr' id='par_1_26' title="bbox 268 1293 1058 1330">
     <span class='ocr_line' id='line_1_26' title="bbox 268 1293 1058 1330; baseline -0.003 -9"><span class='ocrx_word' id='word_1_215' title='bbox 268 1295 364 1330; x_wconf 86' lang='lat' dir='ltr'><strong>quibus</strong></span> <span class='ocrx_word' id='word_1_216' title='bbox 378 1295 468 1321; x_wconf 91' lang='lat' dir='ltr'><strong>verbis</strong></span> <span class='ocrx_word' id='word_1_217' title='bbox 481 1294 542 1328; x_wconf 91' lang='lat' dir='ltr'><strong>quid</strong></span> <span class='ocrx_word' id='word_1_218' title='bbox 552 1295 635 1329; x_wconf 85' lang='lat' dir='ltr'><strong>magis</strong></span> <span class='ocrx_word' id='word_1_219' title='bbox 645 1295 753 1329; x_wconf 90' lang='lat' dir='ltr'><strong>impium</strong></span> <span class='ocrx_word' id='word_1_220' title='bbox 766 1293 854 1325; x_wconf 83' lang='lat' dir='ltr'><strong>fuerit,</strong></span> <span class='ocrx_word' id='word_1_221' title='bbox 863 1294 884 1320; x_wconf 90' lang='lat' dir='ltr'><strong>si</strong></span> <span class='ocrx_word' id='word_1_222' title='bbox 894 1294 953 1328; x_wconf 87' lang='lat' dir='ltr'><strong>quis</strong></span> <span class='ocrx_word' id='word_1_223' title='bbox 964 1300 1058 1327; x_wconf 83' lang='lat' dir='ltr'><strong>nempe</strong></span> 
     </span>
    </p>
   </div>
   <div class='ocr_carea' id='block_1_27' title="bbox 270 1340 1057 1375">
    <p class='ocr_par' dir='ltr' id='par_1_27' title="bbox 270 1340 1057 1375">
     <span class='ocr_line' id='line_1_27' title="bbox 270 1340 1057 1375; baseline 0 -8"><span class='ocrx_word' id='word_1_224' title='bbox 270 1340 328 1368; x_wconf 66' lang='lat' dir='ltr'><strong>haec</strong></span> <span class='ocrx_word' id='word_1_225' title='bbox 350 1341 385 1368; x_wconf 87' lang='lat' dir='ltr'><strong>ita</strong></span> <span class='ocrx_word' id='word_1_226' title='bbox 404 1341 531 1375; x_wconf 85' lang='lat' dir='ltr'><strong>accipiat,</strong></span> <span class='ocrx_word' id='word_1_227' title='bbox 548 1348 597 1367; x_wconf 88' lang='lat' dir='ltr'><strong>nec</strong></span> <span class='ocrx_word' id='word_1_228' title='bbox 620 1348 726 1368; x_wconf 86' lang='lat' dir='ltr'><strong>causam</strong></span> <span class='ocrx_word' id='word_1_229' title='bbox 748 1340 903 1367; x_wconf 81' lang='lat' dir='ltr'><strong>humilitatis</strong></span> <span class='ocrx_word' id='word_1_230' title='bbox 917 1340 1057 1367; x_wconf 86' lang='lat' dir='ltr'><strong>verborum</strong></span> 
     </span>
    </p>
   </div>
   <div class='ocr_carea' id='block_1_28' title="bbox 269 1385 1058 1421">
    <p class='ocr_par' dir='ltr' id='par_1_28' title="bbox 269 1385 1058 1421">
     <span class='ocr_line' id='line_1_28' title="bbox 269 1385 1058 1421; baseline -0.001 -8"><span class='ocrx_word' id='word_1_231' title='bbox 269 1386 419 1421; x_wconf 82' lang='lat' dir='ltr'><strong>hujusmodi</strong></span> <span class='ocrx_word' id='word_1_232' title='bbox 429 1386 547 1413; x_wconf 81' lang='lat' dir='ltr'><strong>ediscat?</strong></span> <span class='ocrx_word' id='word_1_233' title='bbox 566 1386 665 1413; x_wconf 81' lang='lat' dir='ltr'><strong>Verum</strong></span> <span class='ocrx_word' id='word_1_234' title='bbox 681 1386 778 1413; x_wconf 79' lang='lat' dir='ltr'><strong>Paulus</strong></span> <span class='ocrx_word' id='word_1_235' title='bbox 798 1385 869 1420; x_wconf 84' lang='lat' dir='ltr'><strong>ipsos</strong></span> <span class='ocrx_word' id='word_1_236' title='bbox 884 1386 964 1413; x_wconf 80' lang='lat' dir='ltr'><strong>etiam</strong></span> <span class='ocrx_word' id='word_1_237' title='bbox 977 1385 1058 1413; x_wconf 87' lang='lat' dir='ltr'><strong>disci-</strong></span> 
     </span>
    </p>
   </div>
   <div class='ocr_carea' id='block_1_29' title="bbox 270 1431 1057 1468">
    <p class='ocr_par' dir='ltr' id='par_1_29' title="bbox 270 1431 1057 1468">
     <span class='ocr_line' id='line_1_29' title="bbox 270 1431 1057 1468; baseline -0.003 -8"><span class='ocrx_word' id='word_1_238' title='bbox 270 1434 345 1468; x_wconf 66' lang='lat' dir='ltr'><strong>pulos</strong></span> <span class='ocrx_word' id='word_1_239' title='bbox 363 1433 511 1467; x_wconf 87' lang='lat' dir='ltr'><strong>intelligere</strong></span> <span class='ocrx_word' id='word_1_240' title='bbox 526 1432 600 1465; x_wconf 87' lang='lat' dir='ltr'><strong>dicit,</strong></span> <span class='ocrx_word' id='word_1_241' title='bbox 612 1433 675 1464; x_wconf 76' lang='lat' dir='ltr'><strong>Qua:</strong></span> <span class='ocrx_word' id='word_1_242' title='bbox 687 1432 718 1458; x_wconf 73' lang='lat' dir='ltr'><strong>sit</strong></span> <span class='ocrx_word' id='word_1_243' title='bbox 732 1433 847 1458; x_wconf 73' lang='lat' dir='ltr'><strong>voluntas</strong></span> <span class='ocrx_word' id='word_1_244' title='bbox 861 1431 909 1458; x_wconf 86' lang='lat' dir='ltr'><strong>Dei</strong></span> <span class='ocrx_word' id='word_1_245' title='bbox 924 1432 1000 1464; x_wconf 84' lang='lat' dir='ltr'><strong>bona,</strong></span> <span class='ocrx_word' id='word_1_246' title='bbox 1015 1432 1057 1458; x_wconf 81' lang='lat' dir='ltr'><strong>be-</strong></span> 
     </span>
    </p>
   </div>
   <div class='ocr_carea' id='block_1_30' title="bbox 269 1476 1056 1513">
    <p class='ocr_par' dir='ltr' id='par_1_30' title="bbox 269 1476 1056 1513">
     <span class='ocr_line' id='line_1_30' title="bbox 269 1476 1056 1513; baseline -0.001 -8"><span class='ocrx_word' id='word_1_247' title='bbox 269 1479 393 1513; x_wconf 81' lang='lat' dir='ltr'><strong>ueplacita</strong></span> <span class='ocrx_word' id='word_1_248' title='bbox 408 1483 431 1505; x_wconf 86' lang='lat' dir='ltr'><strong>et</strong></span> <span class='ocrx_word' id='word_1_249' title='bbox 445 1479 555 1513; x_wconf 81' lang='lat' dir='ltr'><strong>perfecta</strong></span> <span class='ocrx_word' id='word_1_250' title='bbox 572 1478 657 1512; x_wconf 87' lang='lat' dir='ltr'><strong>(Rom.</strong></span> <span class='ocrx_word' id='word_1_251' title='bbox 673 1477 715 1504; x_wconf 75' lang='grc'><strong>12.</strong></span> <span class='ocrx_word' id='word_1_252' title='bbox 731 1476 776 1512; x_wconf 74' lang='lat'><strong>2);</strong></span> <span class='ocrx_word' id='word_1_253' title='bbox 793 1482 819 1505; x_wconf 87' lang='lat' dir='ltr'><strong>et</strong></span> <span class='ocrx_word' id='word_1_254' title='bbox 841 1477 924 1504; x_wconf 87' lang='lat' dir='ltr'><strong>Filius</strong></span> <span class='ocrx_word' id='word_1_255' title='bbox 945 1477 1056 1504; x_wconf 89' lang='lat' dir='ltr'><strong>nescivit</strong></span> 
     </span>
    </p>
   </div>
   <div class='ocr_carea' id='block_1_31' title="bbox 269 1522 1058 1558">
    <p class='ocr_par' dir='ltr' id='par_1_31' title="bbox 269 1522 1058 1558">
     <span class='ocr_line' id='line_1_31' title="bbox 269 1522 1058 1558; baseline -0.004 -6"><span class='ocrx_word' id='word_1_256' title='bbox 269 1525 353 1552; x_wconf 74' lang='lat' dir='ltr'><strong>donec</strong></span> <span class='ocrx_word' id='word_1_257' title='bbox 377 1524 529 1551; x_wconf 86' lang='lat' dir='ltr'><strong>mandatum</strong></span> <span class='ocrx_word' id='word_1_258' title='bbox 546 1523 667 1558; x_wconf 85' lang='lat' dir='ltr'><strong>accepit?</strong></span> <span class='ocrx_word' id='word_1_259' title='bbox 682 1527 709 1550; x_wconf 88' lang='lat' dir='ltr'><strong>et</strong></span> <span class='ocrx_word' id='word_1_260' title='bbox 724 1531 775 1558; x_wconf 88' lang='lat' dir='ltr'><strong>qua</strong></span> <span class='ocrx_word' id='word_1_261' title='bbox 804 1524 908 1550; x_wconf 82' lang='lat' dir='ltr'><strong>ratione</strong></span> <span class='ocrx_word' id='word_1_262' title='bbox 928 1522 952 1550; x_wconf 90' lang='lat' dir='ltr'><strong>id</strong></span> <span class='ocrx_word' id='word_1_263' title='bbox 968 1523 1058 1550; x_wconf 81' lang='lat' dir='ltr'><strong>consi-</strong></span> 
     </span>
    </p>
   </div>
   <div class='ocr_carea' id='block_1_32' title="bbox 268 1568 1061 1606">
    <p class='ocr_par' dir='ltr' id='par_1_32' title="bbox 268 1568 1061 1606">
     <span class='ocr_line' id='line_1_32' title="bbox 268 1568 1061 1606; baseline -0.005 -7"><span class='ocrx_word' id='word_1_264' title='bbox 268 1575 341 1599; x_wconf 80' lang='lat' dir='ltr'><strong>stcre</strong></span> <span class='ocrx_word' id='word_1_265' title='bbox 356 1570 454 1606; x_wconf 84' lang='lat' dir='ltr'><strong>possit?</strong></span> <span class='ocrx_word' id='word_1_266' title='bbox 468 1570 562 1598; x_wconf 84' lang='lat' dir='ltr'><strong>Videnâ€˜</strong></span> <span class='ocrx_word' id='word_1_267' title='bbox 581 1577 641 1597; x_wconf 89' lang='lat' dir='ltr'><strong>eum</strong></span> <span class='ocrx_word' id='word_1_268' title='bbox 660 1569 752 1596; x_wconf 73' lang='lat' dir='ltr'><strong>isthaac</strong></span> <span class='ocrx_word' id='word_1_269' title='bbox 766 1569 908 1596; x_wconf 90' lang='lat' dir='ltr'><strong>admodum</strong></span> <span class='ocrx_word' id='word_1_270' title='bbox 923 1568 1061 1595; x_wconf 70' lang='lat' dir='ltr'><strong>humiliter</strong></span> 
     </span>
    </p>
   </div>
   <div class='ocr_carea' id='block_1_33' title="bbox 269 1614 1056 1651">
    <p class='ocr_par' dir='ltr' id='par_1_33' title="bbox 269 1614 1056 1651">
     <span class='ocr_line' id='line_1_33' title="bbox 269 1614 1056 1651; baseline -0.003 -8"><span class='ocrx_word' id='word_1_271' title='bbox 269 1617 351 1651; x_wconf 87' lang='lat' dir='ltr'><strong>loqui.</strong></span> <span class='ocrx_word' id='word_1_272' title='bbox 360 1622 388 1643; x_wconf 88' lang='lat' dir='ltr'><strong>ut</strong></span> <span class='ocrx_word' id='word_1_273' title='bbox 397 1616 456 1643; x_wconf 90' lang='lat' dir='ltr'><strong>illos</strong></span> <span class='ocrx_word' id='word_1_274' title='bbox 466 1615 624 1648; x_wconf 87' lang='lat' dir='ltr'><strong>attrahat,ct</strong></span> <span class='ocrx_word' id='word_1_275' title='bbox 635 1615 716 1650; x_wconf 88' lang='lat' dir='ltr'><strong>iisqui</strong></span> <span class='ocrx_word' id='word_1_276' title='bbox 729 1615 807 1642; x_wconf 83' lang='lat' dir='ltr'><strong>futuri</strong></span> <span class='ocrx_word' id='word_1_277' title='bbox 816 1619 902 1647; x_wconf 88' lang='lat' dir='ltr'><strong>erant,</strong></span> <span class='ocrx_word' id='word_1_278' title='bbox 921 1614 1056 1641; x_wconf 86' lang='lat' dir='ltr'><strong>silentium</strong></span> 
     </span>
    </p>
   </div>
   <div class='ocr_carea' id='block_1_34' title="bbox 269 1660 1057 1697">
    <p class='ocr_par' dir='ltr' id='par_1_34' title="bbox 269 1660 1057 1697">
     <span class='ocr_line' id='line_1_34' title="bbox 269 1660 1057 1697; baseline -0.001 -8"><span class='ocrx_word' id='word_1_279' title='bbox 269 1662 407 1697; x_wconf 84' lang='lat' dir='ltr'><strong>imponat?</strong></span> <span class='ocrx_word' id='word_1_280' title='bbox 422 1662 484 1689; x_wconf 90' lang='lat' dir='ltr'><strong>Ideo</strong></span> <span class='ocrx_word' id='word_1_281' title='bbox 499 1662 577 1696; x_wconf 81' lang='lat' dir='ltr'><strong>igitur</strong></span> <span class='ocrx_word' id='word_1_282' title='bbox 593 1661 706 1688; x_wconf 85' lang='lat' dir='ltr'><strong>humana</strong></span> <span class='ocrx_word' id='word_1_283' title='bbox 728 1661 844 1695; x_wconf 88' lang='lat' dir='ltr'><strong>loquitur</strong></span> <span class='ocrx_word' id='word_1_284' title='bbox 858 1660 938 1688; x_wconf 87' lang='lat' dir='ltr'><strong>verba</strong></span> <span class='ocrx_word' id='word_1_285' title='bbox 950 1681 956 1692; x_wconf 86' lang='lat'><strong>,</strong></span> <span class='ocrx_word' id='word_1_286' title='bbox 971 1665 999 1687; x_wconf 94' lang='lat' dir='ltr'><strong>ut</strong></span> <span class='ocrx_word' id='word_1_287' title='bbox 1015 1661 1057 1688; x_wconf 85' lang='lat' dir='ltr'><strong>vel</strong></span> 
     </span>
    </p>
   </div>
   <div class='ocr_carea' id='block_1_35' title="bbox 269 1706 1056 1741">
    <p class='ocr_par' dir='ltr' id='par_1_35' title="bbox 269 1706 1056 1741">
     <span class='ocr_line' id='line_1_35' title="bbox 269 1706 1056 1741; baseline -0.003 -7"><span class='ocrx_word' id='word_1_288' title='bbox 269 1709 308 1735; x_wconf 88' lang='lat' dir='ltr'><strong>sic</strong></span> <span class='ocrx_word' id='word_1_289' title='bbox 323 1708 381 1734; x_wconf 91' lang='lat' dir='ltr'><strong>illos</strong></span> <span class='ocrx_word' id='word_1_290' title='bbox 404 1715 436 1734; x_wconf 87' lang='lat' dir='ltr'><strong>cn</strong></span> <span class='ocrx_word' id='word_1_291' title='bbox 449 1707 579 1741; x_wconf 79' lang='lat' dir='ltr'><strong>adigeret,</strong></span> <span class='ocrx_word' id='word_1_292' title='bbox 594 1711 622 1733; x_wconf 91' lang='lat' dir='ltr'><strong>ut</strong></span> <span class='ocrx_word' id='word_1_293' title='bbox 636 1707 763 1733; x_wconf 91' lang='lat' dir='ltr'><strong>vilitatem</strong></span> <span class='ocrx_word' id='word_1_294' title='bbox 774 1707 915 1733; x_wconf 84' lang='lat' dir='ltr'><strong>verborum</strong></span> <span class='ocrx_word' id='word_1_295' title='bbox 926 1706 1056 1740; x_wconf 85' lang='lat' dir='ltr'><strong>fugerent,</strong></span> 
     </span>
    </p>
   </div>
   <div class='ocr_carea' id='block_1_36' title="bbox 268 1751 1058 1788">
    <p class='ocr_par' dir='ltr' id='par_1_36' title="bbox 268 1751 1058 1788">
     <span class='ocr_line' id='line_1_36' title="bbox 268 1751 1058 1788; baseline -0.003 -8"><span class='ocrx_word' id='word_1_296' title='bbox 268 1754 343 1788; x_wconf 72' lang='lat' dir='ltr'><strong>gnari</strong></span> <span class='ocrx_word' id='word_1_297' title='bbox 355 1761 406 1780; x_wconf 91' lang='lat' dir='ltr'><strong>non</strong></span> <span class='ocrx_word' id='word_1_298' title='bbox 425 1761 457 1780; x_wconf 81' lang='lat' dir='ltr'><strong>ex</strong></span> <span class='ocrx_word' id='word_1_299' title='bbox 481 1757 585 1784; x_wconf 88' lang='lat' dir='ltr'><strong>natura,</strong></span> <span class='ocrx_word' id='word_1_300' title='bbox 605 1752 651 1779; x_wconf 84' lang='lat' dir='ltr'><strong>sed</strong></span> <span class='ocrx_word' id='word_1_301' title='bbox 662 1760 691 1779; x_wconf 74' lang='lat' dir='ltr'><strong>ex</strong></span> <span class='ocrx_word' id='word_1_302' title='bbox 710 1752 859 1779; x_wconf 89' lang='lat' dir='ltr'><strong>auditorum</strong></span> <span class='ocrx_word' id='word_1_303' title='bbox 876 1751 1058 1779; x_wconf 87' lang='lat' dir='ltr'><strong>imbecillitate</strong></span> 
     </span>
    </p>
   </div>
   <div class='ocr_carea' id='block_1_37' title="bbox 269 1797 1059 1832">
    <p class='ocr_par' dir='ltr' id='par_1_37' title="bbox 269 1797 1059 1832">
     <span class='ocr_line' id='line_1_37' title="bbox 269 1797 1059 1832; baseline -0.001 -6"><span class='ocrx_word' id='word_1_304' title='bbox 269 1799 327 1826; x_wconf 74' lang='lat' dir='ltr'><strong>haec</strong></span> <span class='ocrx_word' id='word_1_305' title='bbox 341 1799 374 1825; x_wconf 88' lang='lat' dir='ltr'><strong>ita</strong></span> <span class='ocrx_word' id='word_1_306' title='bbox 389 1798 451 1824; x_wconf 73' lang='lat' dir='ltr'><strong>diri.</strong></span> <span class='ocrx_word' id='word_1_307' title='bbox 464 1798 507 1825; x_wconf 84' lang='lat'><strong>50.</strong></span> <span class='ocrx_word' id='word_1_308' title='bbox 521 1797 580 1825; x_wconf 84' lang='lat' dir='ltr'><strong>Scio</strong></span> <span class='ocrx_word' id='word_1_309' title='bbox 597 1798 655 1832; x_wconf 87' lang='lat' dir='ltr'><strong>quia</strong></span> <span class='ocrx_word' id='word_1_310' title='bbox 672 1798 819 1823; x_wconf 82' lang='lat' dir='ltr'><strong>mandatum</strong></span> <span class='ocrx_word' id='word_1_311' title='bbox 834 1798 888 1832; x_wconf 75' lang='lat' dir='ltr'><strong>ejus</strong></span> <span class='ocrx_word' id='word_1_312' title='bbox 903 1799 952 1824; x_wconf 83' lang='lat' dir='ltr'><strong>vita</strong></span> <span class='ocrx_word' id='word_1_313' title='bbox 965 1803 1059 1825; x_wconf 65' lang='lat' dir='ltr'><strong>(eterna</strong></span> 
     </span>
    </p>
   </div>
   <div class='ocr_carea' id='block_1_38' title="bbox 267 1843 1056 1879">
    <p class='ocr_par' dir='ltr' id='par_1_38' title="bbox 267 1843 1056 1879">
     <span class='ocr_line' id='line_1_38' title="bbox 267 1843 1056 1879; baseline 0 -8"><span class='ocrx_word' id='word_1_314' title='bbox 267 1850 316 1872; x_wconf 79' lang='lat' dir='ltr'><strong>est.</strong></span> <span class='ocrx_word' id='word_1_315' title='bbox 331 1845 393 1876; x_wconf 70' lang='lat' dir='ltr'><strong>Qua:</strong></span> <span class='ocrx_word' id='word_1_316' title='bbox 407 1845 570 1879; x_wconf 82' lang='lat' dir='ltr'><strong>ergolaquor,</strong></span> <span class='ocrx_word' id='word_1_317' title='bbox 582 1844 647 1870; x_wconf 66' lang='lat' dir='ltr'><strong>sicut</strong></span> <span class='ocrx_word' id='word_1_318' title='bbox 658 1844 720 1870; x_wconf 69' lang='lat' dir='ltr'><strong>dixit</strong></span> <span class='ocrx_word' id='word_1_319' title='bbox 733 1844 794 1869; x_wconf 78' lang='lat' dir='ltr'><strong>milii</strong></span> <span class='ocrx_word' id='word_1_320' title='bbox 810 1843 895 1877; x_wconf 85' lang='lat' dir='ltr'><strong>Pater,</strong></span> <span class='ocrx_word' id='word_1_321' title='bbox 909 1843 944 1870; x_wconf 73' lang='lat' dir='ltr'><strong>sic</strong></span> <span class='ocrx_word' id='word_1_322' title='bbox 959 1843 1056 1877; x_wconf 86' lang='lat' dir='ltr'><strong>loquor.</strong></span> 
     </span>
    </p>
   </div>
   <div class='ocr_carea' id='block_1_39' title="bbox 271 1888 1056 1922">
    <p class='ocr_par' dir='ltr' id='par_1_39' title="bbox 271 1888 1056 1922">
     <span class='ocr_line' id='line_1_39' title="bbox 271 1888 1056 1922; baseline -0.003 -5"><span class='ocrx_word' id='word_1_323' title='bbox 271 1890 364 1917; x_wconf 82' lang='lat' dir='ltr'><strong>Videnâ€˜</strong></span> <span class='ocrx_word' id='word_1_324' title='bbox 379 1890 519 1917; x_wconf 78' lang='lat' dir='ltr'><strong>verborum</strong></span> <span class='ocrx_word' id='word_1_325' title='bbox 541 1889 737 1916; x_wconf 75' lang='lat' dir='ltr'><strong>humilitatem?</strong></span> <span class='ocrx_word' id='word_1_326' title='bbox 751 1888 800 1922; x_wconf 84' lang='lat' dir='ltr'><strong>Qui</strong></span> <span class='ocrx_word' id='word_1_327' title='bbox 816 1889 887 1916; x_wconf 87' lang='lat' dir='ltr'><strong>enim</strong></span> <span class='ocrx_word' id='word_1_328' title='bbox 902 1888 1056 1916; x_wconf 88' lang='lat' dir='ltr'><strong>mandatum</strong></span> 
     </span>
    </p>
   </div>
   <div class='ocr_carea' id='block_1_40' title="bbox 269 1935 1059 1972">
    <p class='ocr_par' dir='ltr' id='par_1_40' title="bbox 269 1935 1059 1972">
     <span class='ocr_line' id='line_1_40' title="bbox 269 1935 1059 1972; baseline -0.003 -9"><span class='ocrx_word' id='word_1_329' title='bbox 269 1937 376 1971; x_wconf 82' lang='lat' dir='ltr'><strong>accipit,</strong></span> <span class='ocrx_word' id='word_1_330' title='bbox 395 1944 447 1963; x_wconf 91' lang='lat' dir='ltr'><strong>non</strong></span> <span class='ocrx_word' id='word_1_331' title='bbox 463 1937 503 1963; x_wconf 90' lang='lat' dir='ltr'><strong>sui</strong></span> <span class='ocrx_word' id='word_1_332' title='bbox 517 1936 641 1962; x_wconf 90' lang='lat' dir='ltr'><strong>dominus</strong></span> <span class='ocrx_word' id='word_1_333' title='bbox 660 1940 711 1972; x_wconf 83' lang='lat' dir='ltr'><strong>est.</strong></span> <span class='ocrx_word' id='word_1_334' title='bbox 727 1935 805 1970; x_wconf 81' lang='lat' dir='ltr'><strong>Atqui</strong></span> <span class='ocrx_word' id='word_1_335' title='bbox 819 1936 876 1970; x_wconf 88' lang='lat' dir='ltr'><strong>ipse</strong></span> <span class='ocrx_word' id='word_1_336' title='bbox 888 1935 925 1962; x_wconf 88' lang='lat' dir='ltr'><strong>ait</strong></span> <span class='ocrx_word' id='word_1_337' title='bbox 940 1943 948 1962; x_wconf 86' lang='lat'><strong>:</strong></span> <span class='ocrx_word' id='word_1_338' title='bbox 966 1935 1059 1968; x_wconf 82' lang='lat' dir='ltr'><strong>Quem-</strong></span> 
     </span>
    </p>
   </div>
   <div class='ocr_carea' id='block_1_41' title="bbox 268 1981 1059 2015">
    <p class='ocr_par' dir='ltr' id='par_1_41' title="bbox 268 1981 1059 2015">
     <span class='ocr_line' id='line_1_41' title="bbox 268 1981 1059 2015; baseline -0.004 -6"><span class='ocrx_word' id='word_1_339' title='bbox 268 1983 405 2009; x_wconf 85' lang='lat' dir='ltr'><strong>admodum</strong></span> <span class='ocrx_word' id='word_1_340' title='bbox 418 1983 484 2010; x_wconf 80' lang='lat' dir='ltr'><strong>enim</strong></span> <span class='ocrx_word' id='word_1_341' title='bbox 503 1981 581 2008; x_wconf 89' lang='lat' dir='ltr'><strong>Pater</strong></span> <span class='ocrx_word' id='word_1_342' title='bbox 594 1981 697 2008; x_wconf 72' lang='lat' dir='ltr'><strong>suscitat</strong></span> <span class='ocrx_word' id='word_1_343' title='bbox 709 1986 819 2008; x_wconf 70' lang='lat' dir='ltr'><strong>mortuos</strong></span> <span class='ocrx_word' id='word_1_344' title='bbox 833 1986 856 2008; x_wconf 86' lang='lat' dir='ltr'><strong>et</strong></span> <span class='ocrx_word' id='word_1_345' title='bbox 875 1981 983 2015; x_wconf 79' lang='lat' dir='ltr'><strong>vivi/ictu</strong></span> <span class='ocrx_word' id='word_1_346' title='bbox 997 1989 1007 2008; x_wconf 90' lang='lat'><strong><em>:</em></strong></span> <span class='ocrx_word' id='word_1_347' title='bbox 1023 1981 1059 2006; x_wconf 88' lang='lat' dir='ltr'><strong>ita</strong></span> 
     </span>
    </p>
   </div>
   <div class='ocr_carea' id='block_1_42' title="bbox 269 2026 1058 2062">
    <p class='ocr_par' dir='ltr' id='par_1_42' title="bbox 269 2026 1058 2062">
     <span class='ocr_line' id='line_1_42' title="bbox 269 2026 1058 2062; baseline -0.001 -8"><span class='ocrx_word' id='word_1_348' title='bbox 269 2033 292 2055; x_wconf 79' lang='lat' dir='ltr'><strong>et</strong></span> <span class='ocrx_word' id='word_1_349' title='bbox 306 2027 388 2055; x_wconf 74' lang='lat' dir='ltr'><strong>Filius</strong></span> <span class='ocrx_word' id='word_1_350' title='bbox 402 2036 464 2061; x_wconf 74' lang='lat' dir='ltr'><strong>quos</strong></span> <span class='ocrx_word' id='word_1_351' title='bbox 479 2028 531 2054; x_wconf 82' lang='lat' dir='ltr'><strong>vult</strong></span> <span class='ocrx_word' id='word_1_352' title='bbox 546 2027 662 2061; x_wconf 79' lang='lat' dir='ltr'><strong>viviï¬cat.</strong></span> <span class='ocrx_word' id='word_1_353' title='bbox 678 2027 719 2054; x_wconf 86' lang='lat' dir='ltr'><strong>An</strong></span> <span class='ocrx_word' id='word_1_354' title='bbox 745 2034 810 2062; x_wconf 84' lang='lat' dir='ltr'><strong>ergo</strong></span> <span class='ocrx_word' id='word_1_355' title='bbox 829 2026 972 2054; x_wconf 89' lang='lat' dir='ltr'><strong>suseitandi</strong></span> <span class='ocrx_word' id='word_1_356' title='bbox 992 2033 1058 2061; x_wconf 88' lang='lat' dir='ltr'><strong>quos</strong></span> 
     </span>
    </p>
   </div>
   <div class='ocr_carea' id='block_1_43' title="bbox 270 2072 1057 2108">
    <p class='ocr_par' dir='ltr' id='par_1_43' title="bbox 270 2072 1057 2108">
     <span class='ocr_line' id='line_1_43' title="bbox 270 2072 1057 2108; baseline -0.001 -9"><span class='ocrx_word' id='word_1_357' title='bbox 270 2074 326 2100; x_wconf 90' lang='lat' dir='ltr'><strong>vult</strong></span> <span class='ocrx_word' id='word_1_358' title='bbox 339 2079 494 2108; x_wconf 85' lang='lat' dir='ltr'><strong>potestatem</strong></span> <span class='ocrx_word' id='word_1_359' title='bbox 511 2073 601 2105; x_wconf 82' lang='lat' dir='ltr'><strong>habet,</strong></span> <span class='ocrx_word' id='word_1_360' title='bbox 619 2073 724 2100; x_wconf 87' lang='lat' dir='ltr'><strong>dicendi</strong></span> <span class='ocrx_word' id='word_1_361' title='bbox 741 2073 810 2108; x_wconf 86' lang='lat' dir='ltr'><strong>quod</strong></span> <span class='ocrx_word' id='word_1_362' title='bbox 825 2073 879 2099; x_wconf 88' lang='lat' dir='ltr'><strong>vult</strong></span> <span class='ocrx_word' id='word_1_363' title='bbox 891 2080 943 2099; x_wconf 91' lang='lat' dir='ltr'><strong>non</strong></span> <span class='ocrx_word' id='word_1_364' title='bbox 960 2072 1057 2099; x_wconf 76' lang='lat' dir='ltr'><strong>habet?</strong></span> 
     </span>
    </p>
   </div>
   <div class='ocr_carea' id='block_1_44' title="bbox 269 2117 1058 2152">
    <p class='ocr_par' dir='ltr' id='par_1_44' title="bbox 269 2117 1058 2152">
     <span class='ocr_line' id='line_1_44' title="bbox 269 2117 1058 2152; baseline -0.004 -6"><span class='ocrx_word' id='word_1_365' title='bbox 269 2119 325 2146; x_wconf 86' lang='lat' dir='ltr'><strong>Hoc</strong></span> <span class='ocrx_word' id='word_1_366' title='bbox 335 2124 423 2145; x_wconf 90' lang='lat' dir='ltr'><strong>autem</strong></span> <span class='ocrx_word' id='word_1_367' title='bbox 439 2119 493 2145; x_wconf 89' lang='lat' dir='ltr'><strong>vult</strong></span> <span class='ocrx_word' id='word_1_368' title='bbox 507 2118 548 2145; x_wconf 89' lang='lat' dir='ltr'><strong>his</strong></span> <span class='ocrx_word' id='word_1_369' title='bbox 562 2119 650 2145; x_wconf 89' lang='lat' dir='ltr'><strong>verbis</strong></span> <span class='ocrx_word' id='word_1_370' title='bbox 663 2118 810 2152; x_wconf 76' lang='lat' dir='ltr'><strong>significare</strong></span> <span class='ocrx_word' id='word_1_371' title='bbox 825 2126 831 2143; x_wconf 90' lang='lat'><strong>:</strong></span> <span class='ocrx_word' id='word_1_372' title='bbox 848 2117 904 2144; x_wconf 88' lang='lat' dir='ltr'><strong>Non</strong></span> <span class='ocrx_word' id='word_1_373' title='bbox 914 2118 1058 2145; x_wconf 88' lang='lat' dir='ltr'><strong>secundum</strong></span> 
     </span>
    </p>
   </div>
   <div class='ocr_carea' id='block_1_45' title="bbox 271 2162 1058 2198">
    <p class='ocr_par' dir='ltr' id='par_1_45' title="bbox 271 2162 1058 2198">
     <span class='ocr_line' id='line_1_45' title="bbox 271 2162 1058 2198; baseline -0.003 -7"><span class='ocrx_word' id='word_1_374' title='bbox 271 2169 391 2191; x_wconf 85' lang='lat' dir='ltr'><strong>naturam</strong></span> <span class='ocrx_word' id='word_1_375' title='bbox 413 2170 463 2195; x_wconf 85' lang='lat' dir='ltr'><strong>est,</strong></span> <span class='ocrx_word' id='word_1_376' title='bbox 479 2169 506 2190; x_wconf 91' lang='lat' dir='ltr'><strong>ut</strong></span> <span class='ocrx_word' id='word_1_377' title='bbox 521 2164 566 2190; x_wconf 86' lang='lat' dir='ltr'><strong>ille</strong></span> <span class='ocrx_word' id='word_1_378' title='bbox 590 2164 640 2190; x_wconf 88' lang='lat' dir='ltr'><strong>alia</strong></span> <span class='ocrx_word' id='word_1_379' title='bbox 658 2164 796 2198; x_wconf 88' lang='lat' dir='ltr'><strong>loquatur,</strong></span> <span class='ocrx_word' id='word_1_380' title='bbox 811 2163 861 2190; x_wconf 88' lang='lat' dir='ltr'><strong>alia</strong></span> <span class='ocrx_word' id='word_1_381' title='bbox 883 2171 941 2197; x_wconf 85' lang='lat' dir='ltr'><strong>ego.</strong></span> <span class='ocrx_word' id='word_1_382' title='bbox 959 2162 992 2189; x_wconf 90' lang='lat' dir='ltr'><strong>Et</strong></span> <span class='ocrx_word' id='word_1_383' title='bbox 1007 2163 1058 2189; x_wconf 78' lang='lat' dir='ltr'><strong>uio</strong></span> 
     </span>
    </p>
   </div>
   <div class='ocr_carea' id='block_1_46' title="bbox 270 2209 1058 2245">
    <p class='ocr_par' dir='ltr' id='par_1_46' title="bbox 270 2209 1058 2245">
     <span class='ocr_line' id='line_1_46' title="bbox 270 2209 1058 2245; baseline -0.003 -8"><span class='ocrx_word' id='word_1_384' title='bbox 270 2211 329 2245; x_wconf 87' lang='lat' dir='ltr'><strong>quia</strong></span> <span class='ocrx_word' id='word_1_385' title='bbox 354 2210 501 2236; x_wconf 86' lang='lat' dir='ltr'><strong>mandatum</strong></span> <span class='ocrx_word' id='word_1_386' title='bbox 522 2210 576 2245; x_wconf 79' lang='lat' dir='ltr'><strong>ejus</strong></span> <span class='ocrx_word' id='word_1_387' title='bbox 600 2210 651 2235; x_wconf 81' lang='lat' dir='ltr'><strong>vita</strong></span> <span class='ocrx_word' id='word_1_388' title='bbox 680 2214 774 2236; x_wconf 62' lang='lat' dir='ltr'><strong>aeterno</strong></span> <span class='ocrx_word' id='word_1_389' title='bbox 799 2214 846 2235; x_wconf 76' lang='lat' dir='ltr'><strong>est.</strong></span> <span class='ocrx_word' id='word_1_390' title='bbox 874 2209 935 2235; x_wconf 88' lang='lat' dir='ltr'><strong>Illos</strong></span> <span class='ocrx_word' id='word_1_391' title='bbox 970 2213 1058 2235; x_wconf 86' lang='lat' dir='ltr'><strong>autem</strong></span> 
     </span>
    </p>
   </div>
   <div class='ocr_carea' id='block_1_47' title="bbox 271 2253 1059 2291">
    <p class='ocr_par' dir='ltr' id='par_1_47' title="bbox 271 2253 1059 2291">
     <span class='ocr_line' id='line_1_47' title="bbox 271 2253 1059 2291; baseline -0.004 -8"><span class='ocrx_word' id='word_1_392' title='bbox 271 2256 425 2291; x_wconf 87' lang='lat' dir='ltr'><strong>alloquitur,</strong></span> <span class='ocrx_word' id='word_1_393' title='bbox 440 2255 484 2290; x_wconf 87' lang='lat' dir='ltr'><strong>qui</strong></span> <span class='ocrx_word' id='word_1_394' title='bbox 499 2256 584 2290; x_wconf 89' lang='lat' dir='ltr'><strong>ipsum</strong></span> <span class='ocrx_word' id='word_1_395' title='bbox 596 2255 775 2289; x_wconf 85' lang='lat' dir='ltr'><strong>deccplorem,</strong></span> <span class='ocrx_word' id='word_1_396' title='bbox 786 2259 866 2288; x_wconf 85' lang='lat' dir='ltr'><strong>atque</strong></span> <span class='ocrx_word' id='word_1_397' title='bbox 879 2255 904 2280; x_wconf 94' lang='lat' dir='ltr'><strong>in</strong></span> <span class='ocrx_word' id='word_1_398' title='bbox 916 2253 1059 2289; x_wconf 84' lang='lat' dir='ltr'><strong>perniciem</strong></span> 
     </span>
    </p>
   </div>
   <div class='ocr_carea' id='block_1_48' title="bbox 270 2301 1059 2336">
    <p class='ocr_par' dir='ltr' id='par_1_48' title="bbox 270 2301 1059 2336">
     <span class='ocr_line' id='line_1_48' title="bbox 270 2301 1059 2336; baseline -0.004 -6"><span class='ocrx_word' id='word_1_399' title='bbox 270 2303 375 2330; x_wconf 88' lang='lat' dir='ltr'><strong>venisse</strong></span> <span class='ocrx_word' id='word_1_400' title='bbox 387 2302 521 2329; x_wconf 84' lang='lat' dir='ltr'><strong>dicebant.</strong></span> <span class='ocrx_word' id='word_1_401' title='bbox 535 2301 600 2328; x_wconf 92' lang='lat' dir='ltr'><strong>Cum</strong></span> <span class='ocrx_word' id='word_1_402' title='bbox 616 2306 704 2328; x_wconf 90' lang='lat' dir='ltr'><strong>autem</strong></span> <span class='ocrx_word' id='word_1_403' title='bbox 718 2302 799 2334; x_wconf 89' lang='lat' dir='ltr'><strong>dicit,</strong></span> <span class='ocrx_word' id='word_1_404' title='bbox 818 2301 872 2336; x_wconf 83' lang='lat' dir='ltr'><strong>Ego</strong></span> <span class='ocrx_word' id='word_1_405' title='bbox 894 2309 943 2327; x_wconf 86' lang='lat' dir='ltr'><strong>mm</strong></span> <span class='ocrx_word' id='word_1_406' title='bbox 953 2301 1059 2336; x_wconf 83' lang='lat' dir='ltr'><strong>judico,</strong></span> 
     </span>
    </p>
   </div>
   <div class='ocr_carea' id='block_1_49' title="bbox 271 2345 1062 2380">
    <p class='ocr_par' dir='ltr' id='par_1_49' title="bbox 271 2345 1062 2380">
     <span class='ocr_line' id='line_1_49' title="bbox 271 2345 1062 2380; baseline -0.004 -5"><span class='ocrx_word' id='word_1_407' title='bbox 271 2347 387 2375; x_wconf 85' lang='lat' dir='ltr'><strong>ostendit</strong></span> <span class='ocrx_word' id='word_1_408' title='bbox 401 2354 431 2374; x_wconf 88' lang='lat' dir='ltr'><strong>se</strong></span> <span class='ocrx_word' id='word_1_409' title='bbox 446 2346 556 2373; x_wconf 88' lang='lat' dir='ltr'><strong>istorum</strong></span> <span class='ocrx_word' id='word_1_410' title='bbox 570 2346 696 2380; x_wconf 85' lang='lat' dir='ltr'><strong>perniciei</strong></span> <span class='ocrx_word' id='word_1_411' title='bbox 716 2354 769 2373; x_wconf 90' lang='lat' dir='ltr'><strong>non</strong></span> <span class='ocrx_word' id='word_1_412' title='bbox 789 2353 849 2373; x_wconf 86' lang='lat' dir='ltr'><strong>esse</strong></span> <span class='ocrx_word' id='word_1_413' title='bbox 861 2353 967 2373; x_wconf 86' lang='lat' dir='ltr'><strong>causam</strong></span> <span class='ocrx_word' id='word_1_414' title='bbox 981 2347 999 2373; x_wconf 84' lang='lat'><strong>&#39;.</strong></span> <span class='ocrx_word' id='word_1_415' title='bbox 1010 2345 1062 2373; x_wconf 81' lang='lat' dir='ltr'><strong>Per</strong></span> 
     </span>
    </p>
   </div>
   <div class='ocr_carea' id='block_1_50' title="bbox 272 2391 1061 2426">
    <p class='ocr_par' dir='ltr' id='par_1_50' title="bbox 272 2391 1061 2426">
     <span class='ocr_line' id='line_1_50' title="bbox 272 2391 1061 2426; baseline -0.001 -6"><span class='ocrx_word' id='word_1_416' title='bbox 272 2393 330 2420; x_wconf 66' lang='lat' dir='ltr'><strong>hate</strong></span> <span class='ocrx_word' id='word_1_417' title='bbox 339 2392 410 2419; x_wconf 91' lang='lat' dir='ltr'><strong>enim</strong></span> <span class='ocrx_word' id='word_1_418' title='bbox 423 2399 491 2426; x_wconf 84' lang='lat' dir='ltr'><strong>pene</strong></span> <span class='ocrx_word' id='word_1_419' title='bbox 502 2391 667 2425; x_wconf 85' lang='lat' dir='ltr'><strong>testificatur,</strong></span> <span class='ocrx_word' id='word_1_420' title='bbox 676 2399 736 2419; x_wconf 92' lang='lat' dir='ltr'><strong>cum</strong></span> <span class='ocrx_word' id='word_1_421' title='bbox 749 2392 916 2419; x_wconf 87' lang='lat' dir='ltr'><strong>discessurus</strong></span> <span class='ocrx_word' id='word_1_422' title='bbox 926 2397 1007 2424; x_wconf 83' lang='lat' dir='ltr'><strong>esset,</strong></span> <span class='ocrx_word' id='word_1_423' title='bbox 1015 2399 1061 2419; x_wconf 86' lang='lat' dir='ltr'><strong>ne-</strong></span> 
     </span>
    </p>
   </div>
   <div class='ocr_carea' id='block_1_51' title="bbox 273 2436 1060 2473">
    <p class='ocr_par' dir='ltr' id='par_1_51' title="bbox 273 2436 1060 2473">
     <span class='ocr_line' id='line_1_51' title="bbox 273 2436 1060 2473; baseline -0.003 -8"><span class='ocrx_word' id='word_1_424' title='bbox 273 2445 327 2473; x_wconf 88' lang='lat' dir='ltr'><strong>que</strong></span> <span class='ocrx_word' id='word_1_425' title='bbox 345 2437 413 2464; x_wconf 89' lang='lat' dir='ltr'><strong>ultra</strong></span> <span class='ocrx_word' id='word_1_426' title='bbox 426 2444 486 2464; x_wconf 86' lang='lat' dir='ltr'><strong>cum</strong></span> <span class='ocrx_word' id='word_1_427' title='bbox 502 2436 541 2464; x_wconf 88' lang='lat' dir='ltr'><strong>eis</strong></span> <span class='ocrx_word' id='word_1_428' title='bbox 558 2441 721 2469; x_wconf 87' lang='lat' dir='ltr'><strong>versaturus,</strong></span> <span class='ocrx_word' id='word_1_429' title='bbox 739 2437 804 2471; x_wconf 86' lang='lat' dir='ltr'><strong>Quia</strong></span> <span class='ocrx_word' id='word_1_430' title='bbox 816 2437 881 2464; x_wconf 91' lang='lat' dir='ltr'><strong>nihil</strong></span> <span class='ocrx_word' id='word_1_431' title='bbox 898 2442 1030 2470; x_wconf 82' lang='lat' dir='ltr'><strong>tamquam</strong></span> <span class='ocrx_word' id='word_1_432' title='bbox 1045 2444 1060 2463; x_wconf 87' lang='lat' dir='ltr'><strong>a</strong></span> 
     </span>
    </p>
   </div>
   <div class='ocr_carea' id='block_1_52' title="bbox 273 2481 1059 2517">
    <p class='ocr_par' dir='ltr' id='par_1_52' title="bbox 273 2481 1059 2517">
     <span class='ocr_line' id='line_1_52' title="bbox 273 2481 1059 2517; baseline -0.001 -8"><span class='ocrx_word' id='word_1_433' title='bbox 273 2482 376 2516; x_wconf 89' lang='lat' dir='ltr'><strong>meipso</strong></span> <span class='ocrx_word' id='word_1_434' title='bbox 389 2481 512 2516; x_wconf 84' lang='lat' dir='ltr'><strong>loquutus</strong></span> <span class='ocrx_word' id='word_1_435' title='bbox 522 2489 581 2509; x_wconf 85' lang='lat' dir='ltr'><strong>sum</strong></span> <span class='ocrx_word' id='word_1_436' title='bbox 594 2482 683 2514; x_wconf 90' lang='lat' dir='ltr'><strong>vobis,</strong></span> <span class='ocrx_word' id='word_1_437' title='bbox 698 2482 743 2509; x_wconf 84' lang='lat' dir='ltr'><strong>sed</strong></span> <span class='ocrx_word' id='word_1_438' title='bbox 755 2482 842 2509; x_wconf 86' lang='lat' dir='ltr'><strong>omnia</strong></span> <span class='ocrx_word' id='word_1_439' title='bbox 857 2483 931 2517; x_wconf 87' lang='lat' dir='ltr'><strong>quasi</strong></span> <span class='ocrx_word' id='word_1_440' title='bbox 944 2490 958 2508; x_wconf 90' lang='lat' dir='ltr'><strong>a</strong></span> <span class='ocrx_word' id='word_1_441' title='bbox 972 2482 1059 2509; x_wconf 83' lang='lat' dir='ltr'><strong>Patre.</strong></span> 
     </span>
    </p>
   </div>
   <div class='ocr_carea' id='block_1_53' title="bbox 275 2527 1059 2562">
    <p class='ocr_par' dir='ltr' id='par_1_53' title="bbox 275 2527 1059 2562">
     <span class='ocr_line' id='line_1_53' title="bbox 275 2527 1059 2562; baseline 0 -7"><span class='ocrx_word' id='word_1_442' title='bbox 275 2528 391 2562; x_wconf 85' lang='lat' dir='ltr'><strong>Ideoque</strong></span> <span class='ocrx_word' id='word_1_443' title='bbox 413 2528 439 2554; x_wconf 92' lang='lat' dir='ltr'><strong>in</strong></span> <span class='ocrx_word' id='word_1_444' title='bbox 463 2527 573 2555; x_wconf 88' lang='lat' dir='ltr'><strong>humilia</strong></span> <span class='ocrx_word' id='word_1_445' title='bbox 596 2528 694 2555; x_wconf 88' lang='lat' dir='ltr'><strong>desinit</strong></span> <span class='ocrx_word' id='word_1_446' title='bbox 707 2533 734 2556; x_wconf 86' lang='lat' dir='ltr'><strong>et</strong></span> <span class='ocrx_word' id='word_1_447' title='bbox 747 2536 896 2556; x_wconf 88' lang='lat' dir='ltr'><strong>sermonem</strong></span> <span class='ocrx_word' id='word_1_448' title='bbox 912 2529 1059 2562; x_wconf 87' lang='lat' dir='ltr'><strong>concludit,</strong></span> 
     </span>
    </p>
   </div>
   <div class='ocr_carea' id='block_1_54' title="bbox 273 2572 1059 2608">
    <p class='ocr_par' dir='ltr' id='par_1_54' title="bbox 273 2572 1059 2608">
     <span class='ocr_line' id='line_1_54' title="bbox 273 2572 1059 2608; baseline 0 -8"><span class='ocrx_word' id='word_1_449' title='bbox 273 2577 304 2600; x_wconf 87' lang='lat' dir='ltr'><strong>ut</strong></span> <span class='ocrx_word' id='word_1_450' title='bbox 316 2573 432 2604; x_wconf 82' lang='lat' dir='ltr'><strong>diceret,</strong></span> <span class='ocrx_word' id='word_1_451' title='bbox 455 2572 529 2600; x_wconf 85' lang='lat' dir='ltr'><strong>llane</strong></span> <span class='ocrx_word' id='word_1_452' title='bbox 544 2573 619 2600; x_wconf 88' lang='lat' dir='ltr'><strong>vobis</strong></span> <span class='ocrx_word' id='word_1_453' title='bbox 635 2581 717 2608; x_wconf 89' lang='lat' dir='ltr'><strong>usque</strong></span> <span class='ocrx_word' id='word_1_454' title='bbox 730 2574 756 2600; x_wconf 92' lang='lat' dir='ltr'><strong>in</strong></span> <span class='ocrx_word' id='word_1_455' title='bbox 769 2573 849 2601; x_wconf 80' lang='lat' dir='ltr'><strong>linem</strong></span> <span class='ocrx_word' id='word_1_456' title='bbox 866 2574 942 2601; x_wconf 86' lang='lat' dir='ltr'><strong>emisi</strong></span> <span class='ocrx_word' id='word_1_457' title='bbox 957 2582 1059 2601; x_wconf 87' lang='lat' dir='ltr'><strong>vocem.</strong></span> 
     </span>
    </p>
   </div>
   <div class='ocr_carea' id='block_1_55' title="bbox 272 2618 1062 2654">
    <p class='ocr_par' dir='ltr' id='par_1_55' title="bbox 272 2618 1062 2654">
     <span class='ocr_line' id='line_1_55' title="bbox 272 2618 1062 2654; baseline 0 -10"><span class='ocrx_word' id='word_1_458' title='bbox 272 2618 357 2653; x_wconf 85' lang='lat' dir='ltr'><strong>Quam</strong></span> <span class='ocrx_word' id='word_1_459' title='bbox 371 2618 484 2645; x_wconf 84' lang='lat' dir='ltr'><strong>vocem?</strong></span> <span class='ocrx_word' id='word_1_460' title='bbox 495 2618 568 2646; x_wconf 83' lang='lat' dir='ltr'><strong>Sicut</strong></span> <span class='ocrx_word' id='word_1_461' title='bbox 583 2619 646 2646; x_wconf 74' lang='lat' dir='ltr'><strong>dixit</strong></span> <span class='ocrx_word' id='word_1_462' title='bbox 659 2619 721 2646; x_wconf 83' lang='lat' dir='ltr'><strong>mihi</strong></span> <span class='ocrx_word' id='word_1_463' title='bbox 734 2619 823 2652; x_wconf 82' lang='lat' dir='ltr'><strong>Pater,</strong></span> <span class='ocrx_word' id='word_1_464' title='bbox 834 2619 869 2646; x_wconf 76' lang='lat' dir='ltr'><strong>sic</strong></span> <span class='ocrx_word' id='word_1_465' title='bbox 880 2619 975 2654; x_wconf 86' lang='lat' dir='ltr'><strong>loquor.</strong></span> <span class='ocrx_word' id='word_1_466' title='bbox 986 2619 1062 2653; x_wconf 87' lang='lat' dir='ltr'><strong>Quod</strong></span> 
     </span>
    </p>
   </div>
   <div class='ocr_carea' id='block_1_56' title="bbox 274 2664 1060 2697">
    <p class='ocr_par' dir='ltr' id='par_1_56' title="bbox 274 2664 1060 2697">
     <span class='ocr_line' id='line_1_56' title="bbox 274 2664 1060 2697; baseline -0.001 -5"><span class='ocrx_word' id='word_1_467' title='bbox 274 2664 297 2692; x_wconf 90' lang='lat' dir='ltr'><strong>si</strong></span> <span class='ocrx_word' id='word_1_468' title='bbox 313 2665 369 2692; x_wconf 91' lang='lat' dir='ltr'><strong>Deo</strong></span> <span class='ocrx_word' id='word_1_469' title='bbox 387 2665 537 2693; x_wconf 86' lang='lat' dir='ltr'><strong>contrarius</strong></span> <span class='ocrx_word' id='word_1_470' title='bbox 550 2673 647 2697; x_wconf 84' lang='lat' dir='ltr'><strong>essem,</strong></span> <span class='ocrx_word' id='word_1_471' title='bbox 664 2666 824 2693; x_wconf 86' lang='lat' dir='ltr'><strong>contrarium</strong></span> <span class='ocrx_word' id='word_1_472' title='bbox 838 2670 909 2693; x_wconf 89' lang='lat' dir='ltr'><strong>certe</strong></span> <span class='ocrx_word' id='word_1_473' title='bbox 923 2665 1060 2697; x_wconf 84' lang='lat' dir='ltr'><strong>dixissem,</strong></span> 
     </span>
    </p>
   </div>
   <div class='ocr_carea' id='block_1_57' title="bbox 275 2710 1061 2748">
    <p class='ocr_par' dir='ltr' id='par_1_57' title="bbox 275 2710 1061 2748">
     <span class='ocr_line' id='line_1_57' title="bbox 275 2710 1061 2748; baseline 0 -11"><span class='ocrx_word' id='word_1_474' title='bbox 275 2718 320 2738; x_wconf 90' lang='lat' dir='ltr'><strong>me</strong></span> <span class='ocrx_word' id='word_1_475' title='bbox 334 2710 400 2739; x_wconf 90' lang='lat' dir='ltr'><strong>nihil</strong></span> <span class='ocrx_word' id='word_1_476' title='bbox 413 2719 504 2740; x_wconf 89' lang='lat' dir='ltr'><strong>eorum</strong></span> <span class='ocrx_word' id='word_1_477' title='bbox 517 2720 577 2748; x_wconf 79' lang='lat' dir='ltr'><strong>qua:</strong></span> <span class='ocrx_word' id='word_1_478' title='bbox 593 2713 646 2740; x_wconf 89' lang='lat' dir='ltr'><strong>Deo</strong></span> <span class='ocrx_word' id='word_1_479' title='bbox 663 2713 768 2748; x_wconf 86' lang='lat' dir='ltr'><strong>placent</strong></span> <span class='ocrx_word' id='word_1_480' title='bbox 781 2712 886 2745; x_wconf 83' lang='lat' dir='ltr'><strong>dicere,</strong></span> <span class='ocrx_word' id='word_1_481' title='bbox 911 2716 939 2739; x_wconf 91' lang='lat' dir='ltr'><strong>ut</strong></span> <span class='ocrx_word' id='word_1_482' title='bbox 951 2711 1061 2746; x_wconf 77' lang='lat' dir='ltr'><strong>gloriam</strong></span> 
     </span>
    </p>
   </div>
   <div class='ocr_carea' id='block_1_58' title="bbox 308 2799 1063 2833">
    <p class='ocr_par' dir='ltr' id='par_1_58' title="bbox 308 2799 1063 2833">
     <span class='ocr_line' id='line_1_58' title="bbox 308 2799 1063 2833; baseline -0.007 -6"><span class='ocrx_word' id='word_1_483' title='bbox 308 2802 317 2818; x_wconf 82' lang='grc'>Â¹</span> <span class='ocrx_word' id='word_1_484' title='bbox 336 2800 384 2826; x_wconf 74' lang='lat' dir='ltr'><strong>Alli</strong></span> <span class='ocrx_word' id='word_1_485' title='bbox 395 2802 482 2833; x_wconf 83' lang='lat' dir='ltr'><strong>legunt</strong></span> <span class='ocrx_word' id='word_1_486' title='bbox 495 2809 501 2827; x_wconf 75' lang='grc' dir='ltr'>Îµ</span> <span class='ocrx_word' id='word_1_487' title='bbox 513 2806 571 2827; x_wconf 86' lang='lat' dir='ltr'><strong>cum</strong></span> <span class='ocrx_word' id='word_1_488' title='bbox 584 2807 662 2827; x_wconf 74' lang='lat' dir='ltr'><strong>mttem</strong></span> <span class='ocrx_word' id='word_1_489' title='bbox 674 2801 741 2830; x_wconf 77' lang='lat' dir='ltr'><strong>dicit,</strong></span> <span class='ocrx_word' id='word_1_490' title='bbox 753 2811 763 2825; x_wconf 76' lang='lat' dir='ltr'><strong>tt</strong></span> <span class='ocrx_word' id='word_1_491' title='bbox 775 2807 821 2833; x_wconf 81' lang='lat' dir='ltr'><strong>nou</strong></span> <span class='ocrx_word' id='word_1_492' title='bbox 831 2801 915 2829; x_wconf 79' lang='lat' dir='ltr'><strong>Iudico</strong></span> <span class='ocrx_word' id='word_1_493' title='bbox 924 2808 948 2829; x_wconf 67' lang='grc' dir='ltr'><strong>Î½,</strong></span> <span class='ocrx_word' id='word_1_494' title='bbox 961 2799 1004 2824; x_wconf 78' lang='lat' dir='ltr'><strong>hoc</strong></span> <span class='ocrx_word' id='word_1_495' title='bbox 1017 2801 1063 2828; x_wconf 76' lang='lat' dir='ltr'><strong>est,</strong></span> 
     </span>
    </p>
   </div>
   <div class='ocr_carea' id='block_1_59' title="bbox 278 2831 1026 2865">
    <p class='ocr_par' dir='ltr' id='par_1_59' title="bbox 278 2831 1026 2865">
     <span class='ocr_line' id='line_1_59' title="bbox 278 2831 1026 2865; baseline -0.005 -6"><span class='ocrx_word' id='word_1_496' title='bbox 278 2838 289 2855; x_wconf 75' lang='grc' dir='ltr'>Î¹</span> <span class='ocrx_word' id='word_1_497' title='bbox 300 2838 348 2859; x_wconf 81' lang='lat' dir='ltr'><strong>non</strong></span> <span class='ocrx_word' id='word_1_498' title='bbox 360 2840 413 2859; x_wconf 77' lang='lat' dir='ltr'><strong>sum</strong></span> <span class='ocrx_word' id='word_1_499' title='bbox 423 2831 521 2858; x_wconf 71' lang='lat' dir='ltr'><strong>illorum</strong></span> <span class='ocrx_word' id='word_1_500' title='bbox 533 2834 647 2865; x_wconf 69' lang='lat' dir='ltr'><strong>pemiriei</strong></span> <span class='ocrx_word' id='word_1_501' title='bbox 658 2840 739 2862; x_wconf 78' lang='lat' dir='ltr'><strong>causa,</strong></span> <span class='ocrx_word' id='word_1_502' title='bbox 749 2832 790 2858; x_wconf 80' lang='lat' dir='ltr'><strong>sed</strong></span> <span class='ocrx_word' id='word_1_503' title='bbox 802 2831 849 2863; x_wconf 80' lang='lat' dir='ltr'><strong>ipsi</strong></span> <span class='ocrx_word' id='word_1_504' title='bbox 861 2838 932 2857; x_wconf 72' lang='lat' dir='ltr'><strong>cuum</strong></span> <span class='ocrx_word' id='word_1_505' title='bbox 943 2834 997 2856; x_wconf 83' lang='lat' dir='ltr'><strong>sunt</strong></span> <span class='ocrx_word' id='word_1_506' title='bbox 1015 2838 1026 2852; x_wconf 71' lang='grc' dir='ltr'><strong>Î½</strong></span> 
     </span>
    </p>
   </div>
   <div class='ocr_carea' id='block_1_60' title="bbox 635 104 1900 163">
    <p class='ocr_par' dir='ltr' id='par_1_60' title="bbox 635 104 1900 163">
     <span class='ocr_line' id='line_1_60' title="bbox 635 104 1900 163; baseline -0.002 -2"><span class='ocrx_word' id='word_1_507' title='bbox 635 133 663 161; x_wconf 92' lang='lat' dir='ltr'><strong>S.</strong></span> <span class='ocrx_word' id='word_1_508' title='bbox 683 131 820 161; x_wconf 73' lang='lat' dir='ltr'><strong>JOANNIS</strong></span> <span class='ocrx_word' id='word_1_509' title='bbox 840 130 1072 159; x_wconf 73' lang='lat' dir='ltr'><strong>CHRYSOSTOMI</strong></span> <span class='ocrx_word' id='word_1_510' title='bbox 1092 129 1254 158; x_wconf 75' lang='lat' dir='ltr'><strong>ARCHIEP.</strong></span> <span class='ocrx_word' id='word_1_511' title='bbox 1271 129 1534 159; x_wconf 73' lang='lat' dir='ltr'><strong>CONSTANTINOIâ€˜.</strong></span> <span class='ocrx_word' id='word_1_512' title='bbox 1818 104 1821 109; x_wconf 28' lang='grc' dir='ltr'><strong><em>Î”</em></strong></span> <span class='ocrx_word' id='word_1_513' title='bbox 1855 134 1900 163; x_wconf 76' lang='lat'><strong>380</strong></span> 
     </span>
    </p>
   </div>
   <div class='ocr_carea' id='block_1_61' title="bbox 1121 186 1901 220">
    <p class='ocr_par' dir='ltr' id='par_1_61' title="bbox 1121 186 1901 220">
     <span class='ocr_line' id='line_1_61' title="bbox 1121 186 1901 220; baseline 0.006 -6"><span class='ocrx_word' id='word_1_514' title='bbox 1121 186 1153 214; x_wconf 84' lang='lat' dir='ltr'><strong>ad</strong></span> <span class='ocrx_word' id='word_1_515' title='bbox 1162 195 1205 215; x_wconf 83' lang='lat' dir='ltr'><strong>me</strong></span> <span class='ocrx_word' id='word_1_516' title='bbox 1218 187 1355 215; x_wconf 82' lang='lat' dir='ltr'><strong>referrem.</strong></span> <span class='ocrx_word' id='word_1_517' title='bbox 1372 187 1447 215; x_wconf 83' lang='lat' dir='ltr'><strong>Nunc</strong></span> <span class='ocrx_word' id='word_1_518' title='bbox 1460 192 1548 215; x_wconf 77' lang='lat' dir='ltr'><strong>autem</strong></span> <span class='ocrx_word' id='word_1_519' title='bbox 1568 187 1636 216; x_wconf 79' lang='lat' dir='ltr'><strong>adeo</strong></span> <span class='ocrx_word' id='word_1_520' title='bbox 1647 189 1737 217; x_wconf 74' lang='lat' dir='ltr'><strong>omnia</strong></span> <span class='ocrx_word' id='word_1_521' title='bbox 1754 190 1780 217; x_wconf 86' lang='lat' dir='ltr'><strong>in</strong></span> <span class='ocrx_word' id='word_1_522' title='bbox 1800 189 1901 220; x_wconf 72' lang='lat' dir='ltr'><strong>Patrem</strong></span> 
     </span>
    </p>
   </div>
   <div class='ocr_carea' id='block_1_62' title="bbox 1116 233 1900 270">
    <p class='ocr_par' dir='ltr' id='par_1_62' title="bbox 1116 233 1900 270">
     <span class='ocr_line' id='line_1_62' title="bbox 1116 233 1900 270; baseline 0.009 -11"><span class='ocrx_word' id='word_1_523' title='bbox 1116 233 1194 260; x_wconf 85' lang='lat' dir='ltr'><strong>retuli</strong></span> <span class='ocrx_word' id='word_1_524' title='bbox 1206 254 1214 265; x_wconf 88' lang='lat'><strong>,</strong></span> <span class='ocrx_word' id='word_1_525' title='bbox 1231 238 1260 260; x_wconf 92' lang='lat' dir='ltr'><strong>ut</strong></span> <span class='ocrx_word' id='word_1_526' title='bbox 1275 233 1340 261; x_wconf 88' lang='lat' dir='ltr'><strong>nihil</strong></span> <span class='ocrx_word' id='word_1_527' title='bbox 1356 241 1445 261; x_wconf 86' lang='lat' dir='ltr'><strong>meum</strong></span> <span class='ocrx_word' id='word_1_528' title='bbox 1459 235 1561 267; x_wconf 81' lang='lat' dir='ltr'><strong>loquar.</strong></span> <span class='ocrx_word' id='word_1_529' title='bbox 1575 235 1629 263; x_wconf 89' lang='lat' dir='ltr'><strong>Cur</strong></span> <span class='ocrx_word' id='word_1_530' title='bbox 1642 244 1706 270; x_wconf 75' lang='lat' dir='ltr'><strong>ergo</strong></span> <span class='ocrx_word' id='word_1_531' title='bbox 1728 244 1781 263; x_wconf 91' lang='lat' dir='ltr'><strong>non</strong></span> <span class='ocrx_word' id='word_1_532' title='bbox 1796 238 1900 267; x_wconf 77' lang='lat' dir='ltr'><strong>creditis</strong></span> 
     </span>
    </p>
   </div>
   <div class='ocr_carea' id='block_1_63' title="bbox 1116 278 1900 319">
    <p class='ocr_par' dir='ltr' id='par_1_63' title="bbox 1116 278 1900 319">
     <span class='ocr_line' id='line_1_63' title="bbox 1116 278 1900 319; baseline 0.008 -14"><span class='ocrx_word' id='word_1_533' title='bbox 1116 278 1181 306; x_wconf 92' lang='lat' dir='ltr'><strong>mihi</strong></span> <span class='ocrx_word' id='word_1_534' title='bbox 1196 279 1294 306; x_wconf 86' lang='lat' dir='ltr'><strong>dicenti</strong></span> <span class='ocrx_word' id='word_1_535' title='bbox 1308 300 1315 312; x_wconf 95' lang='lat'><strong>,</strong></span> <span class='ocrx_word' id='word_1_536' title='bbox 1332 288 1375 307; x_wconf 90' lang='lat' dir='ltr'><strong>me</strong></span> <span class='ocrx_word' id='word_1_537' title='bbox 1390 280 1544 308; x_wconf 88' lang='lat' dir='ltr'><strong>mandatum</strong></span> <span class='ocrx_word' id='word_1_538' title='bbox 1558 282 1695 319; x_wconf 77' lang='lat' dir='ltr'><strong>accepisse</strong></span> <span class='ocrx_word' id='word_1_539' title='bbox 1706 304 1712 314; x_wconf 91' lang='lat'><strong>,</strong></span> <span class='ocrx_word' id='word_1_540' title='bbox 1728 288 1755 310; x_wconf 91' lang='lat' dir='ltr'><strong>et</strong></span> <span class='ocrx_word' id='word_1_541' title='bbox 1774 284 1808 310; x_wconf 81' lang='lat' dir='ltr'><strong>ita</strong></span> <span class='ocrx_word' id='word_1_542' title='bbox 1824 284 1900 312; x_wconf 81' lang='lat' dir='ltr'><strong>vehe-</strong></span> 
     </span>
    </p>
   </div>
   <div class='ocr_carea' id='block_1_64' title="bbox 1115 326 1900 363">
    <p class='ocr_par' dir='ltr' id='par_1_64' title="bbox 1115 326 1900 363">
     <span class='ocr_line' id='line_1_64' title="bbox 1115 326 1900 363; baseline 0.008 -13"><span class='ocrx_word' id='word_1_543' title='bbox 1115 329 1219 351; x_wconf 91' lang='lat' dir='ltr'><strong>menter</strong></span> <span class='ocrx_word' id='word_1_544' title='bbox 1237 327 1372 352; x_wconf 88' lang='lat' dir='ltr'><strong>amoventi</strong></span> <span class='ocrx_word' id='word_1_545' title='bbox 1397 326 1493 352; x_wconf 85' lang='lat' dir='ltr'><strong>malam</strong></span> <span class='ocrx_word' id='word_1_546' title='bbox 1517 327 1587 353; x_wconf 91' lang='lat' dir='ltr'><strong>illam</strong></span> <span class='ocrx_word' id='word_1_547' title='bbox 1612 332 1727 355; x_wconf 87' lang='lat' dir='ltr'><strong>vestram</strong></span> <span class='ocrx_word' id='word_1_548' title='bbox 1740 329 1900 363; x_wconf 87' lang='lat' dir='ltr'><strong>opinionem,</strong></span> 
     </span>
    </p>
   </div>
   <div class='ocr_carea' id='block_1_65' title="bbox 1114 370 1901 409">
    <p class='ocr_par' dir='ltr' id='par_1_65' title="bbox 1114 370 1901 409">
     <span class='ocr_line' id='line_1_65' title="bbox 1114 370 1901 409; baseline 0.008 -14"><span class='ocrx_word' id='word_1_549' title='bbox 1114 370 1184 403; x_wconf 92' lang='lat' dir='ltr'><strong>quod</strong></span> <span class='ocrx_word' id='word_1_550' title='bbox 1199 370 1244 397; x_wconf 88' lang='lat' dir='ltr'><strong>Dei</strong></span> <span class='ocrx_word' id='word_1_551' title='bbox 1261 371 1310 398; x_wconf 91' lang='lat' dir='ltr'><strong>sim</strong></span> <span class='ocrx_word' id='word_1_552' title='bbox 1325 371 1516 399; x_wconf 81' lang='lat' dir='ltr'><strong>adversarius!</strong></span> <span class='ocrx_word' id='word_1_553' title='bbox 1534 373 1607 400; x_wconf 90' lang='lat' dir='ltr'><strong>Sicut</strong></span> <span class='ocrx_word' id='word_1_554' title='bbox 1622 374 1692 400; x_wconf 90' lang='lat' dir='ltr'><strong>enim</strong></span> <span class='ocrx_word' id='word_1_555' title='bbox 1708 374 1764 401; x_wconf 81' lang='lat' dir='ltr'><strong>ï¬eri</strong></span> <span class='ocrx_word' id='word_1_556' title='bbox 1776 375 1865 409; x_wconf 87' lang='lat' dir='ltr'><strong>nequit</strong></span> <span class='ocrx_word' id='word_1_557' title='bbox 1877 382 1901 403; x_wconf 88' lang='lat' dir='ltr'><strong>nt</strong></span> 
     </span>
    </p>
   </div>
   <div class='ocr_carea' id='block_1_66' title="bbox 1115 414 1900 454">
    <p class='ocr_par' dir='ltr' id='par_1_66' title="bbox 1115 414 1900 454">
     <span class='ocr_line' id='line_1_66' title="bbox 1115 414 1900 454; baseline 0.008 -14"><span class='ocrx_word' id='word_1_558' title='bbox 1115 414 1195 449; x_wconf 86' lang='lat' dir='ltr'><strong>ii.qui</strong></span> <span class='ocrx_word' id='word_1_559' title='bbox 1210 416 1361 443; x_wconf 84' lang='lat' dir='ltr'><strong>mandatum</strong></span> <span class='ocrx_word' id='word_1_560' title='bbox 1375 422 1546 451; x_wconf 80' lang='lat' dir='ltr'><strong>acceperunt,</strong></span> <span class='ocrx_word' id='word_1_561' title='bbox 1560 419 1630 445; x_wconf 84' lang='lat' dir='ltr'><strong>aliud</strong></span> <span class='ocrx_word' id='word_1_562' title='bbox 1642 419 1792 446; x_wconf 87' lang='lat' dir='ltr'><strong>faciantaut</strong></span> <span class='ocrx_word' id='word_1_563' title='bbox 1802 420 1900 454; x_wconf 86' lang='lat' dir='ltr'><strong>dicant,</strong></span> 
     </span>
    </p>
   </div>
   <div class='ocr_carea' id='block_1_67' title="bbox 1114 463 1898 496">
    <p class='ocr_par' dir='ltr' id='par_1_67' title="bbox 1114 463 1898 496">
     <span class='ocr_line' id='line_1_67' title="bbox 1114 463 1898 496; baseline 0.009 -9"><span class='ocrx_word' id='word_1_564' title='bbox 1114 469 1192 495; x_wconf 90' lang='lat' dir='ltr'><strong>quam</strong></span> <span class='ocrx_word' id='word_1_565' title='bbox 1208 469 1255 496; x_wconf 88' lang='lat' dir='ltr'><strong>pro</strong></span> <span class='ocrx_word' id='word_1_566' title='bbox 1270 463 1400 490; x_wconf 86' lang='lat' dir='ltr'><strong>mittentis</strong></span> <span class='ocrx_word' id='word_1_567' title='bbox 1413 464 1557 496; x_wconf 84' lang='lat' dir='ltr'><strong>voluntate,</strong></span> <span class='ocrx_word' id='word_1_568' title='bbox 1581 464 1666 492; x_wconf 85' lang='lat' dir='ltr'><strong>donec</strong></span> <span class='ocrx_word' id='word_1_569' title='bbox 1686 466 1841 493; x_wconf 85' lang='lat' dir='ltr'><strong>mandatum</strong></span> <span class='ocrx_word' id='word_1_570' title='bbox 1853 474 1898 494; x_wconf 87' lang='lat' dir='ltr'><strong>ac-</strong></span> 
     </span>
    </p>
   </div>
   <div class='ocr_carea' id='block_1_68' title="bbox 1114 509 1899 546">
    <p class='ocr_par' dir='ltr' id='par_1_68' title="bbox 1114 509 1899 546">
     <span class='ocr_line' id='line_1_68' title="bbox 1114 509 1899 546; baseline 0.008 -12"><span class='ocrx_word' id='word_1_571' title='bbox 1114 513 1204 535; x_wconf 86' lang='lat' dir='ltr'><strong>curate</strong></span> <span class='ocrx_word' id='word_1_572' title='bbox 1219 509 1409 543; x_wconf 85' lang='lat' dir='ltr'><strong>impleveriut:</strong></span> <span class='ocrx_word' id='word_1_573' title='bbox 1427 511 1461 536; x_wconf 83' lang='lat' dir='ltr'><strong>ita</strong></span> <span class='ocrx_word' id='word_1_574' title='bbox 1484 518 1570 543; x_wconf 76' lang='lat' dir='ltr'><strong>neque</strong></span> <span class='ocrx_word' id='word_1_575' title='bbox 1591 519 1640 546; x_wconf 84' lang='lat' dir='ltr'><strong>ego</strong></span> <span class='ocrx_word' id='word_1_576' title='bbox 1660 512 1731 539; x_wconf 88' lang='lat' dir='ltr'><strong>aliud</strong></span> <span class='ocrx_word' id='word_1_577' title='bbox 1755 512 1843 540; x_wconf 86' lang='lat' dir='ltr'><strong>facere</strong></span> <span class='ocrx_word' id='word_1_578' title='bbox 1857 518 1899 541; x_wconf 84' lang='lat' dir='ltr'><strong>aut</strong></span> 
     </span>
    </p>
   </div>
   <div class='ocr_carea' id='block_1_69' title="bbox 1114 554 1900 592">
    <p class='ocr_par' dir='ltr' id='par_1_69' title="bbox 1114 554 1900 592">
     <span class='ocr_line' id='line_1_69' title="bbox 1114 554 1900 592; baseline 0.006 -11"><span class='ocrx_word' id='word_1_579' title='bbox 1114 554 1203 582; x_wconf 84' lang='lat' dir='ltr'><strong>dicere</strong></span> <span class='ocrx_word' id='word_1_580' title='bbox 1218 562 1335 589; x_wconf 86' lang='lat' dir='ltr'><strong>possum,</strong></span> <span class='ocrx_word' id='word_1_581' title='bbox 1351 564 1429 590; x_wconf 85' lang='lat' dir='ltr'><strong>quam</strong></span> <span class='ocrx_word' id='word_1_582' title='bbox 1449 564 1510 592; x_wconf 76' lang='lat' dir='ltr'><strong>qua:</strong></span> <span class='ocrx_word' id='word_1_583' title='bbox 1525 557 1603 584; x_wconf 86' lang='lat' dir='ltr'><strong>Pater</strong></span> <span class='ocrx_word' id='word_1_584' title='bbox 1616 559 1739 586; x_wconf 76' lang='lat' dir='ltr'><strong>Voluerit.</strong></span> <span class='ocrx_word' id='word_1_585' title='bbox 1760 559 1823 586; x_wconf 80' lang='lat' dir='ltr'><strong>Nam</strong></span> <span class='ocrx_word' id='word_1_586' title='bbox 1840 560 1900 592; x_wconf 60' lang='lat' dir='ltr'><strong>Qui:</strong></span> 
     </span>
    </p>
   </div>
   <div class='ocr_carea' id='block_1_70' title="bbox 1115 601 1900 638">
    <p class='ocr_par' dir='ltr' id='par_1_70' title="bbox 1115 601 1900 638">
     <span class='ocr_line' id='line_1_70' title="bbox 1115 601 1900 638; baseline 0.01 -12"><span class='ocrx_word' id='word_1_587' title='bbox 1115 609 1160 635; x_wconf 81' lang='lat' dir='ltr'><strong>ego</strong></span> <span class='ocrx_word' id='word_1_588' title='bbox 1174 602 1250 636; x_wconf 79' lang='lat' dir='ltr'><strong>facio,</strong></span> <span class='ocrx_word' id='word_1_589' title='bbox 1266 601 1310 628; x_wconf 79' lang='lat' dir='ltr'><strong>ille</strong></span> <span class='ocrx_word' id='word_1_590' title='bbox 1323 602 1383 636; x_wconf 78' lang='lat' dir='ltr'><strong>facit</strong></span> <span class='ocrx_word' id='word_1_591' title='bbox 1394 623 1400 634; x_wconf 85' lang='lat'><strong>,</strong></span> <span class='ocrx_word' id='word_1_592' title='bbox 1417 603 1476 637; x_wconf 85' lang='lat' dir='ltr'><strong>quia</strong></span> <span class='ocrx_word' id='word_1_593' title='bbox 1490 611 1587 630; x_wconf 81' lang='lat' dir='ltr'><strong>mecum</strong></span> <span class='ocrx_word' id='word_1_594' title='bbox 1606 609 1641 631; x_wconf 78' lang='lat' dir='ltr'><strong>est</strong></span> <span class='ocrx_word' id='word_1_595' title='bbox 1655 604 1748 638; x_wconf 78' lang='lat' dir='ltr'><strong>(Jorm.</strong></span> <span class='ocrx_word' id='word_1_596' title='bbox 1760 608 1787 633; x_wconf 74' lang='lat'><strong>8.</strong></span> <span class='ocrx_word' id='word_1_597' title='bbox 1803 605 1860 636; x_wconf 66' lang='lat'><strong>29).</strong></span> <span class='ocrx_word' id='word_1_598' title='bbox 1874 611 1900 634; x_wconf 83' lang='lat' dir='ltr'><strong>et</strong></span> 
     </span>
    </p>
   </div>
   <div class='ocr_carea' id='block_1_71' title="bbox 1113 647 1899 684">
    <p class='ocr_par' dir='ltr' id='par_1_71' title="bbox 1113 647 1899 684">
     <span class='ocr_line' id='line_1_71' title="bbox 1113 647 1899 684; baseline 0.008 -12"><span class='ocrx_word' id='word_1_599' title='bbox 1113 654 1165 672; x_wconf 85' lang='lat' dir='ltr'><strong>non</strong></span> <span class='ocrx_word' id='word_1_600' title='bbox 1179 647 1279 673; x_wconf 86' lang='lat' dir='ltr'><strong>dimisit</strong></span> <span class='ocrx_word' id='word_1_601' title='bbox 1292 655 1334 673; x_wconf 88' lang='lat' dir='ltr'><strong>Ine</strong></span> <span class='ocrx_word' id='word_1_602' title='bbox 1349 648 1433 674; x_wconf 88' lang='lat' dir='ltr'><strong>solum</strong></span> <span class='ocrx_word' id='word_1_603' title='bbox 1450 649 1536 675; x_wconf 84' lang='lat' dir='ltr'><strong>Pater.</strong></span> <span class='ocrx_word' id='word_1_604' title='bbox 1555 649 1647 676; x_wconf 84' lang='lat' dir='ltr'><strong>Viden&quot;</strong></span> <span class='ocrx_word' id='word_1_605' title='bbox 1670 657 1723 684; x_wconf 89' lang='lat' dir='ltr'><strong>quo</strong></span> <span class='ocrx_word' id='word_1_606' title='bbox 1738 656 1815 684; x_wconf 87' lang='lat' dir='ltr'><strong>pacto</strong></span> <span class='ocrx_word' id='word_1_607' title='bbox 1829 659 1899 678; x_wconf 86' lang='lat' dir='ltr'><strong>sent-</strong></span> 
     </span>
    </p>
   </div>
   <div class='ocr_carea' id='block_1_72' title="bbox 1114 693 1898 731">
    <p class='ocr_par' dir='ltr' id='par_1_72' title="bbox 1114 693 1898 731">
     <span class='ocr_line' id='line_1_72' title="bbox 1114 693 1898 731; baseline 0.011 -15"><span class='ocrx_word' id='word_1_608' title='bbox 1114 699 1161 725; x_wconf 88' lang='lat' dir='ltr'><strong>pcr</strong></span> <span class='ocrx_word' id='word_1_609' title='bbox 1171 693 1285 719; x_wconf 75' lang='lat' dir='ltr'><strong>declaret</strong></span> <span class='ocrx_word' id='word_1_610' title='bbox 1295 701 1325 719; x_wconf 82' lang='lat' dir='ltr'><strong>se</strong></span> <span class='ocrx_word' id='word_1_611' title='bbox 1339 693 1455 721; x_wconf 78' lang='lat' dir='ltr'><strong>Genitori</strong></span> <span class='ocrx_word' id='word_1_612' title='bbox 1470 695 1528 722; x_wconf 84' lang='lat' dir='ltr'><strong>sine</strong></span> <span class='ocrx_word' id='word_1_613' title='bbox 1544 695 1597 721; x_wconf 90' lang='lat' dir='ltr'><strong>ullo</strong></span> <span class='ocrx_word' id='word_1_614' title='bbox 1611 695 1766 723; x_wconf 83' lang='lat' dir='ltr'><strong>intermedio</strong></span> <span class='ocrx_word' id='word_1_615' title='bbox 1779 697 1898 731; x_wconf 84' lang='lat' dir='ltr'><strong>junctum</strong></span> 
     </span>
    </p>
   </div>
   <div class='ocr_carea' id='block_1_73' title="bbox 1112 738 1899 778">
    <p class='ocr_par' dir='ltr' id='par_1_73' title="bbox 1112 738 1899 778">
     <span class='ocr_line' id='line_1_73' title="bbox 1112 738 1899 778; baseline 0.008 -14"><span class='ocrx_word' id='word_1_616' title='bbox 1112 738 1191 765; x_wconf 86' lang='lat' dir='ltr'><strong>esse?</strong></span> <span class='ocrx_word' id='word_1_617' title='bbox 1201 738 1265 765; x_wconf 84' lang='lat' dir='ltr'><strong>Nam</strong></span> <span class='ocrx_word' id='word_1_618' title='bbox 1278 746 1338 766; x_wconf 88' lang='lat' dir='ltr'><strong>cum</strong></span> <span class='ocrx_word' id='word_1_619' title='bbox 1349 739 1426 772; x_wconf 79' lang='lat' dir='ltr'><strong>dixit,</strong></span> <span class='ocrx_word' id='word_1_620' title='bbox 1442 741 1460 766; x_wconf 81' lang='grc' dir='ltr'><em>Î‘</em></span> <span class='ocrx_word' id='word_1_621' title='bbox 1471 741 1563 775; x_wconf 74' lang='lat' dir='ltr'><strong>meipso</strong></span> <span class='ocrx_word' id='word_1_622' title='bbox 1581 750 1630 768; x_wconf 86' lang='lat' dir='ltr'><strong>non</strong></span> <span class='ocrx_word' id='word_1_623' title='bbox 1643 743 1707 773; x_wconf 77' lang='lat' dir='ltr'><strong>veni,</strong></span> <span class='ocrx_word' id='word_1_624' title='bbox 1722 750 1774 769; x_wconf 92' lang='lat' dir='ltr'><strong>non</strong></span> <span class='ocrx_word' id='word_1_625' title='bbox 1791 743 1841 770; x_wconf 88' lang='lat' dir='ltr'><strong>sibi</strong></span> <span class='ocrx_word' id='word_1_626' title='bbox 1855 752 1899 778; x_wconf 90' lang='lat' dir='ltr'><strong>po-</strong></span> 
     </span>
    </p>
   </div>
   <div class='ocr_carea' id='block_1_74' title="bbox 1113 785 1899 817">
    <p class='ocr_par' dir='ltr' id='par_1_74' title="bbox 1113 785 1899 817">
     <span class='ocr_line' id='line_1_74' title="bbox 1113 785 1899 817; baseline 0.006 -6"><span class='ocrx_word' id='word_1_627' title='bbox 1113 789 1235 811; x_wconf 84' lang='lat' dir='ltr'><strong>testatem</strong></span> <span class='ocrx_word' id='word_1_628' title='bbox 1259 785 1368 817; x_wconf 85' lang='lat' dir='ltr'><strong>adimit,</strong></span> <span class='ocrx_word' id='word_1_629' title='bbox 1392 786 1438 813; x_wconf 88' lang='lat' dir='ltr'><strong>sed</strong></span> <span class='ocrx_word' id='word_1_630' title='bbox 1463 794 1492 813; x_wconf 91' lang='lat' dir='ltr'><strong>se</strong></span> <span class='ocrx_word' id='word_1_631' title='bbox 1506 794 1558 813; x_wconf 93' lang='lat' dir='ltr'><strong>non</strong></span> <span class='ocrx_word' id='word_1_632' title='bbox 1573 786 1643 814; x_wconf 83' lang='lat' dir='ltr'><strong>Patri</strong></span> <span class='ocrx_word' id='word_1_633' title='bbox 1665 789 1827 816; x_wconf 81' lang='lat' dir='ltr'><strong>contrarium</strong></span> <span class='ocrx_word' id='word_1_634' title='bbox 1841 797 1899 817; x_wconf 77' lang='lat' dir='ltr'><strong>esse</strong></span> 
     </span>
    </p>
   </div>
   <div class='ocr_carea' id='block_1_75' title="bbox 1111 830 1899 866">
    <p class='ocr_par' dir='ltr' id='par_1_75' title="bbox 1111 830 1899 866">
     <span class='ocr_line' id='line_1_75' title="bbox 1111 830 1899 866; baseline 0.006 -9"><span class='ocrx_word' id='word_1_635' title='bbox 1111 830 1252 865; x_wconf 81' lang='lat' dir='ltr'><strong>significat.</strong></span> <span class='ocrx_word' id='word_1_636' title='bbox 1271 831 1336 858; x_wconf 84' lang='lat' dir='ltr'><strong>Nam</strong></span> <span class='ocrx_word' id='word_1_637' title='bbox 1352 832 1373 858; x_wconf 91' lang='lat' dir='ltr'><strong>si</strong></span> <span class='ocrx_word' id='word_1_638' title='bbox 1399 833 1519 859; x_wconf 83' lang='lat' dir='ltr'><strong>homines</strong></span> <span class='ocrx_word' id='word_1_639' title='bbox 1542 833 1581 860; x_wconf 90' lang='lat' dir='ltr'><strong>sui</strong></span> <span class='ocrx_word' id='word_1_640' title='bbox 1597 833 1696 861; x_wconf 90' lang='lat' dir='ltr'><strong>domini</strong></span> <span class='ocrx_word' id='word_1_641' title='bbox 1718 840 1790 866; x_wconf 81' lang='lat' dir='ltr'><strong>Sunt,</strong></span> <span class='ocrx_word' id='word_1_642' title='bbox 1817 836 1899 863; x_wconf 90' lang='lat' dir='ltr'><strong>multo</strong></span> 
     </span>
    </p>
   </div>
   <div class='ocr_carea' id='block_1_76' title="bbox 1112 877 1899 912">
    <p class='ocr_par' dir='ltr' id='par_1_76' title="bbox 1112 877 1899 912">
     <span class='ocr_line' id='line_1_76' title="bbox 1112 877 1899 912; baseline 0.008 -9"><span class='ocrx_word' id='word_1_643' title='bbox 1112 878 1195 911; x_wconf 85' lang='lat' dir='ltr'><strong>magis</strong></span> <span class='ocrx_word' id='word_1_644' title='bbox 1211 877 1301 904; x_wconf 81' lang='lat' dir='ltr'><strong>Filius.</strong></span> <span class='ocrx_word' id='word_1_645' title='bbox 1318 878 1392 911; x_wconf 83' lang='lat' dir='ltr'><strong>Quod</strong></span> <span class='ocrx_word' id='word_1_646' title='bbox 1409 884 1494 905; x_wconf 81' lang='lat' dir='ltr'><strong>autem</strong></span> <span class='ocrx_word' id='word_1_647' title='bbox 1509 879 1560 906; x_wconf 90' lang='lat' dir='ltr'><strong>hoc</strong></span> <span class='ocrx_word' id='word_1_648' title='bbox 1574 888 1664 907; x_wconf 81' lang='lat' dir='ltr'><strong>verum</strong></span> <span class='ocrx_word' id='word_1_649' title='bbox 1679 881 1727 912; x_wconf 91' lang='lat' dir='ltr'><strong>sit,</strong></span> <span class='ocrx_word' id='word_1_650' title='bbox 1744 882 1805 909; x_wconf 84' lang='lat' dir='ltr'><strong>audi</strong></span> <span class='ocrx_word' id='word_1_651' title='bbox 1831 882 1899 909; x_wconf 84' lang='lat' dir='ltr'><strong>Pau-</strong></span> 
     </span>
    </p>
   </div>
   <div class='ocr_carea' id='block_1_77' title="bbox 1112 923 1897 963">
    <p class='ocr_par' dir='ltr' id='par_1_77' title="bbox 1112 923 1897 963">
     <span class='ocr_line' id='line_1_77' title="bbox 1112 923 1897 963; baseline 0.008 -14"><span class='ocrx_word' id='word_1_652' title='bbox 1112 923 1166 949; x_wconf 92' lang='lat' dir='ltr'><strong>lum</strong></span> <span class='ocrx_word' id='word_1_653' title='bbox 1179 924 1320 955; x_wconf 87' lang='lat' dir='ltr'><strong>dicentem,</strong></span> <span class='ocrx_word' id='word_1_654' title='bbox 1338 923 1483 950; x_wconf 75' lang='lat' dir='ltr'><strong>Exiuouiuit</strong></span> <span class='ocrx_word' id='word_1_655' title='bbox 1497 926 1654 961; x_wconf 74' lang='lat' dir='ltr'><strong>semetipsum</strong></span> <span class='ocrx_word' id='word_1_656' title='bbox 1671 926 1798 963; x_wconf 84' lang='lat' dir='ltr'><strong>(Philipp.</strong></span> <span class='ocrx_word' id='word_1_657' title='bbox 1810 928 1838 955; x_wconf 75' lang='lat'><strong>2.</strong></span> <span class='ocrx_word' id='word_1_658' title='bbox 1853 929 1867 955; x_wconf 86' lang='grc' dir='ltr'><em>á¼¸</em></span> <span class='ocrx_word' id='word_1_659' title='bbox 1878 930 1897 962; x_wconf 83' lang='grc'><strong>),</strong></span> 
     </span>
    </p>
   </div>
   <div class='ocr_carea' id='block_1_78' title="bbox 1112 969 1898 1009">
    <p class='ocr_par' dir='ltr' id='par_1_78' title="bbox 1112 969 1898 1009">
     <span class='ocr_line' id='line_1_78' title="bbox 1112 969 1898 1009; baseline 0.008 -14"><span class='ocrx_word' id='word_1_660' title='bbox 1112 973 1134 995; x_wconf 80' lang='lat' dir='ltr'><strong>et</strong></span> <span class='ocrx_word' id='word_1_661' title='bbox 1150 969 1253 995; x_wconf 78' lang='lat' dir='ltr'><strong>tradidit</strong></span> <span class='ocrx_word' id='word_1_662' title='bbox 1267 979 1311 1003; x_wconf 87' lang='lat' dir='ltr'><strong>pro</strong></span> <span class='ocrx_word' id='word_1_663' title='bbox 1324 971 1393 997; x_wconf 73' lang='lat' dir='ltr'><strong>nobis</strong></span> <span class='ocrx_word' id='word_1_664' title='bbox 1410 971 1515 1004; x_wconf 70' lang='lat' dir='ltr'><strong>(Ep/ws.</strong></span> <span class='ocrx_word' id='word_1_665' title='bbox 1526 971 1552 998; x_wconf 88' lang='lat'><strong>5.</strong></span> <span class='ocrx_word' id='word_1_666' title='bbox 1567 971 1605 1007; x_wconf 71' lang='grc'><strong>2).</strong></span> <span class='ocrx_word' id='word_1_667' title='bbox 1620 971 1683 1004; x_wconf 84' lang='lat' dir='ltr'><strong>Sed,</strong></span> <span class='ocrx_word' id='word_1_668' title='bbox 1696 977 1724 999; x_wconf 93' lang='lat' dir='ltr'><strong>ut</strong></span> <span class='ocrx_word' id='word_1_669' title='bbox 1736 973 1898 1009; x_wconf 81' lang='lat' dir='ltr'><strong>dixi,gravis</strong></span> 
     </span>
    </p>
   </div>
   <div class='ocr_carea' id='block_1_79' title="bbox 1112 1017 1899 1055">
    <p class='ocr_par' dir='ltr' id='par_1_79' title="bbox 1112 1017 1899 1055">
     <span class='ocr_line' id='line_1_79' title="bbox 1112 1017 1899 1055; baseline 0.008 -13"><span class='ocrx_word' id='word_1_670' title='bbox 1112 1022 1155 1042; x_wconf 78' lang='lat' dir='ltr'><strong>res</strong></span> <span class='ocrx_word' id='word_1_671' title='bbox 1165 1022 1204 1043; x_wconf 86' lang='lat' dir='ltr'><strong>est</strong></span> <span class='ocrx_word' id='word_1_672' title='bbox 1218 1017 1303 1044; x_wconf 87' lang='lat' dir='ltr'><strong>inanis</strong></span> <span class='ocrx_word' id='word_1_673' title='bbox 1315 1018 1408 1053; x_wconf 81' lang='lat' dir='ltr'><strong>gloria,</strong></span> <span class='ocrx_word' id='word_1_674' title='bbox 1422 1019 1511 1053; x_wconf 75' lang='lat' dir='ltr'><strong>gravis</strong></span> <span class='ocrx_word' id='word_1_675' title='bbox 1527 1020 1626 1054; x_wconf 89' lang='lat' dir='ltr'><strong>utique.</strong></span> <span class='ocrx_word' id='word_1_676' title='bbox 1642 1019 1698 1055; x_wconf 85' lang='lat' dir='ltr'><strong>Ipsa</strong></span> <span class='ocrx_word' id='word_1_677' title='bbox 1709 1021 1780 1047; x_wconf 92' lang='lat' dir='ltr'><strong>enim</strong></span> <span class='ocrx_word' id='word_1_678' title='bbox 1793 1022 1818 1048; x_wconf 84' lang='lat' dir='ltr'><strong>id</strong></span> <span class='ocrx_word' id='word_1_679' title='bbox 1834 1022 1899 1048; x_wconf 86' lang='lat' dir='ltr'><strong>ellâ€˜o-</strong></span> 
     </span>
    </p>
   </div>
   <div class='ocr_carea' id='block_1_80' title="bbox 1111 1063 1896 1098">
    <p class='ocr_par' dir='ltr' id='par_1_80' title="bbox 1111 1063 1896 1098">
     <span class='ocr_line' id='line_1_80' title="bbox 1111 1063 1896 1098; baseline 0.006 -9"><span class='ocrx_word' id='word_1_680' title='bbox 1111 1063 1157 1094; x_wconf 84' lang='lat' dir='ltr'><strong>cit,</strong></span> <span class='ocrx_word' id='word_1_681' title='bbox 1181 1068 1210 1089; x_wconf 92' lang='lat' dir='ltr'><strong>ut</strong></span> <span class='ocrx_word' id='word_1_682' title='bbox 1224 1063 1259 1090; x_wconf 92' lang='lat' dir='ltr'><strong>illi</strong></span> <span class='ocrx_word' id='word_1_683' title='bbox 1276 1071 1327 1090; x_wconf 92' lang='lat' dir='ltr'><strong>non</strong></span> <span class='ocrx_word' id='word_1_684' title='bbox 1342 1064 1492 1098; x_wconf 85' lang='lat' dir='ltr'><strong>crederent,</strong></span> <span class='ocrx_word' id='word_1_685' title='bbox 1505 1071 1532 1092; x_wconf 91' lang='lat' dir='ltr'><strong>et</strong></span> <span class='ocrx_word' id='word_1_686' title='bbox 1547 1066 1590 1092; x_wconf 90' lang='lat' dir='ltr'><strong>alii</strong></span> <span class='ocrx_word' id='word_1_687' title='bbox 1608 1067 1676 1092; x_wconf 85' lang='lat' dir='ltr'><strong>male</strong></span> <span class='ocrx_word' id='word_1_688' title='bbox 1699 1066 1854 1098; x_wconf 86' lang='lat' dir='ltr'><strong>crederent,</strong></span> <span class='ocrx_word' id='word_1_689' title='bbox 1871 1073 1896 1094; x_wconf 90' lang='lat' dir='ltr'><strong>et</strong></span> 
     </span>
    </p>
   </div>
   <div class='ocr_carea' id='block_1_81' title="bbox 1110 1109 1897 1147">
    <p class='ocr_par' dir='ltr' id='par_1_81' title="bbox 1110 1109 1897 1147">
     <span class='ocr_line' id='line_1_81' title="bbox 1110 1109 1897 1147; baseline 0.006 -13"><span class='ocrx_word' id='word_1_690' title='bbox 1110 1116 1170 1142; x_wconf 79' lang='lat' dir='ltr'><strong>qua:</strong></span> <span class='ocrx_word' id='word_1_691' title='bbox 1186 1109 1230 1136; x_wconf 83' lang='lat' dir='ltr'><strong>ille</strong></span> <span class='ocrx_word' id='word_1_692' title='bbox 1245 1109 1415 1144; x_wconf 76' lang='lat' dir='ltr'><strong>benignitatis</strong></span> <span class='ocrx_word' id='word_1_693' title='bbox 1425 1111 1508 1145; x_wconf 84' lang='lat' dir='ltr'><strong>gratia</strong></span> <span class='ocrx_word' id='word_1_694' title='bbox 1524 1111 1628 1139; x_wconf 81' lang='lat' dir='ltr'><strong>dicebat</strong></span> <span class='ocrx_word' id='word_1_695' title='bbox 1641 1112 1714 1147; x_wconf 79' lang='lat' dir='ltr'><strong>ipsis,</strong></span> <span class='ocrx_word' id='word_1_696' title='bbox 1730 1113 1762 1139; x_wconf 90' lang='lat' dir='ltr'><strong>ad</strong></span> <span class='ocrx_word' id='word_1_697' title='bbox 1778 1113 1897 1147; x_wconf 81' lang='lat' dir='ltr'><strong>impieta-</strong></span> 
     </span>
    </p>
   </div>
   <div class='ocr_carea' id='block_1_82' title="bbox 1111 1159 1323 1183">
    <p class='ocr_par' dir='ltr' id='par_1_82' title="bbox 1111 1159 1323 1183">
     <span class='ocr_line' id='line_1_82' title="bbox 1111 1159 1323 1183; baseline 0 -1"><span class='ocrx_word' id='word_1_698' title='bbox 1111 1159 1163 1182; x_wconf 87' lang='lat' dir='ltr'><strong>tem</strong></span> <span class='ocrx_word' id='word_1_699' title='bbox 1180 1160 1323 1183; x_wconf 83' lang='lat' dir='ltr'><strong>verterent.</strong></span> 
     </span>
    </p>
   </div>
   <div class='ocr_carea' id='block_1_83' title="bbox 1145 1201 1898 1240">
    <p class='ocr_par' dir='ltr' id='par_1_83' title="bbox 1145 1201 1898 1240">
     <span class='ocr_line' id='line_1_83' title="bbox 1145 1201 1898 1240; baseline 0.007 -12"><span class='ocrx_word' id='word_1_700' title='bbox 1145 1203 1172 1229; x_wconf 76' lang='lat'><strong>5.</strong></span> <span class='ocrx_word' id='word_1_701' title='bbox 1194 1201 1344 1230; x_wconf 66' lang='lat' dir='ltr'><strong>Exhortatio</strong></span> <span class='ocrx_word' id='word_1_702' title='bbox 1369 1204 1472 1231; x_wconf 79' lang='lat' dir='ltr'><strong>moralis</strong></span> <span class='ocrx_word' id='word_1_703' title='bbox 1487 1204 1518 1231; x_wconf 87' lang='lat' dir='ltr'><strong>de</strong></span> <span class='ocrx_word' id='word_1_704' title='bbox 1532 1205 1593 1231; x_wconf 71' lang='lat' dir='ltr'><strong>luxu</strong></span> <span class='ocrx_word' id='word_1_705' title='bbox 1618 1205 1728 1232; x_wconf 71' lang='lat' dir='ltr'><strong>vitando.</strong></span> <span class='ocrx_word' id='word_1_706' title='bbox 1745 1206 1800 1233; x_wconf 81' lang='lat' dir='ltr'><strong>Sub</strong></span> <span class='ocrx_word' id='word_1_707' title='bbox 1823 1206 1898 1240; x_wconf 82' lang='lat' dir='ltr'><strong>linem</strong></span> 
     </span>
    </p>
   </div>
   <div class='ocr_carea' id='block_1_84' title="bbox 1110 1248 1900 1285">
    <p class='ocr_par' dir='ltr' id='par_1_84' title="bbox 1110 1248 1900 1285">
     <span class='ocr_line' id='line_1_84' title="bbox 1110 1248 1900 1285; baseline 0.006 -11"><span class='ocrx_word' id='word_1_708' title='bbox 1110 1248 1186 1283; x_wconf 70' lang='lat' dir='ltr'><strong>[cujus</strong></span> <span class='ocrx_word' id='word_1_709' title='bbox 1208 1248 1315 1275; x_wconf 82' lang='lat' dir='ltr'><strong>Numeri</strong></span> <span class='ocrx_word' id='word_1_710' title='bbox 1337 1249 1494 1285; x_wconf 64' lang='lat' dir='ltr'><strong>eltâ€™etttosyua</strong></span> <span class='ocrx_word' id='word_1_711' title='bbox 1507 1251 1748 1278; x_wconf 80' lang='lat' dir='ltr'><strong>contmendutur.â€”â€”</strong></span> <span class='ocrx_word' id='word_1_712' title='bbox 1762 1251 1835 1279; x_wconf 83' lang='lat' dir='ltr'><strong>Hanc</strong></span> <span class='ocrx_word' id='word_1_713' title='bbox 1852 1252 1900 1279; x_wconf 83' lang='lat' dir='ltr'><strong>ila-</strong></span> 
     </span>
    </p>
   </div>
   <div class='ocr_carea' id='block_1_85' title="bbox 1110 1294 1899 1331">
    <p class='ocr_par' dir='ltr' id='par_1_85' title="bbox 1110 1294 1899 1331">
     <span class='ocr_line' id='line_1_85' title="bbox 1110 1294 1899 1331; baseline 0.006 -11"><span class='ocrx_word' id='word_1_714' title='bbox 1110 1302 1163 1326; x_wconf 86' lang='lat' dir='ltr'><strong>quc</strong></span> <span class='ocrx_word' id='word_1_715' title='bbox 1187 1294 1270 1321; x_wconf 83' lang='lat' dir='ltr'><strong>feram</strong></span> <span class='ocrx_word' id='word_1_716' title='bbox 1292 1296 1401 1321; x_wconf 91' lang='lat' dir='ltr'><strong>omnino</strong></span> <span class='ocrx_word' id='word_1_717' title='bbox 1425 1294 1575 1330; x_wconf 82' lang='lat' dir='ltr'><strong>fugiamus;</strong></span> <span class='ocrx_word' id='word_1_718' title='bbox 1600 1296 1672 1323; x_wconf 87' lang='lat' dir='ltr'><strong>varia</strong></span> <span class='ocrx_word' id='word_1_719' title='bbox 1697 1298 1794 1331; x_wconf 85' lang='lat' dir='ltr'><strong>quippe</strong></span> <span class='ocrx_word' id='word_1_720' title='bbox 1816 1302 1860 1324; x_wconf 90' lang='lat' dir='ltr'><strong>est</strong></span> <span class='ocrx_word' id='word_1_721' title='bbox 1874 1302 1899 1325; x_wconf 85' lang='lat' dir='ltr'><strong>et</strong></span> 
     </span>
    </p>
   </div>
   <div class='ocr_carea' id='block_1_86' title="bbox 1110 1339 1899 1376">
    <p class='ocr_par' dir='ltr' id='par_1_86' title="bbox 1110 1339 1899 1376">
     <span class='ocr_line' id='line_1_86' title="bbox 1110 1339 1899 1376; baseline 0.006 -10"><span class='ocrx_word' id='word_1_722' title='bbox 1110 1339 1280 1367; x_wconf 79' lang='lat' dir='ltr'><strong>multiformis</strong></span> <span class='ocrx_word' id='word_1_723' title='bbox 1291 1360 1300 1372; x_wconf 91' lang='lat'><strong>,</strong></span> <span class='ocrx_word' id='word_1_724' title='bbox 1316 1341 1441 1374; x_wconf 88' lang='lat' dir='ltr'><strong>virusque</strong></span> <span class='ocrx_word' id='word_1_725' title='bbox 1464 1349 1541 1367; x_wconf 88' lang='lat' dir='ltr'><strong>suuut</strong></span> <span class='ocrx_word' id='word_1_726' title='bbox 1566 1341 1663 1376; x_wconf 87' lang='lat' dir='ltr'><strong>ubique</strong></span> <span class='ocrx_word' id='word_1_727' title='bbox 1681 1342 1839 1370; x_wconf 87' lang='lat' dir='ltr'><strong>disseminat</strong></span> <span class='ocrx_word' id='word_1_728' title='bbox 1853 1364 1861 1375; x_wconf 95' lang='lat'><strong>,</strong></span> <span class='ocrx_word' id='word_1_729' title='bbox 1874 1350 1899 1371; x_wconf 86' lang='lat' dir='ltr'><strong>et</strong></span> 
     </span>
    </p>
   </div>
   <div class='ocr_carea' id='block_1_87' title="bbox 1111 1384 1897 1424">
    <p class='ocr_par' dir='ltr' id='par_1_87' title="bbox 1111 1384 1897 1424">
     <span class='ocr_line' id='line_1_87' title="bbox 1111 1384 1897 1424; baseline 0.008 -13"><span class='ocrx_word' id='word_1_730' title='bbox 1111 1384 1137 1412; x_wconf 94' lang='lat' dir='ltr'><strong>in</strong></span> <span class='ocrx_word' id='word_1_731' title='bbox 1154 1386 1273 1420; x_wconf 88' lang='lat' dir='ltr'><strong>pecuniis</strong></span> <span class='ocrx_word' id='word_1_732' title='bbox 1283 1407 1290 1418; x_wconf 89' lang='lat'><strong>,</strong></span> <span class='ocrx_word' id='word_1_733' title='bbox 1305 1391 1333 1413; x_wconf 91' lang='lat' dir='ltr'><strong>et</strong></span> <span class='ocrx_word' id='word_1_734' title='bbox 1356 1386 1383 1413; x_wconf 94' lang='lat' dir='ltr'><strong>in</strong></span> <span class='ocrx_word' id='word_1_735' title='bbox 1398 1387 1502 1414; x_wconf 90' lang='lat' dir='ltr'><strong>deliciis</strong></span> <span class='ocrx_word' id='word_1_736' title='bbox 1518 1407 1525 1420; x_wconf 90' lang='lat'><strong>,</strong></span> <span class='ocrx_word' id='word_1_737' title='bbox 1540 1392 1567 1415; x_wconf 88' lang='lat' dir='ltr'><strong>et</strong></span> <span class='ocrx_word' id='word_1_738' title='bbox 1581 1388 1607 1414; x_wconf 91' lang='lat' dir='ltr'><strong>in</strong></span> <span class='ocrx_word' id='word_1_739' title='bbox 1620 1395 1763 1422; x_wconf 88' lang='lat' dir='ltr'><strong>corporum</strong></span> <span class='ocrx_word' id='word_1_740' title='bbox 1778 1390 1897 1424; x_wconf 81' lang='lat' dir='ltr'><strong>pulchri-</strong></span> 
     </span>
    </p>
   </div>
   <div class='ocr_carea' id='block_1_88' title="bbox 1111 1431 1898 1467">
    <p class='ocr_par' dir='ltr' id='par_1_88' title="bbox 1111 1431 1898 1467">
     <span class='ocr_line' id='line_1_88' title="bbox 1111 1431 1898 1467; baseline 0.005 -9"><span class='ocrx_word' id='word_1_741' title='bbox 1111 1431 1210 1459; x_wconf 89' lang='lat' dir='ltr'><strong>tudine.</strong></span> <span class='ocrx_word' id='word_1_742' title='bbox 1225 1432 1325 1459; x_wconf 87' lang='lat' dir='ltr'><strong>Idcirco</strong></span> <span class='ocrx_word' id='word_1_743' title='bbox 1339 1433 1435 1467; x_wconf 88' lang='lat' dir='ltr'><strong>ubique</strong></span> <span class='ocrx_word' id='word_1_744' title='bbox 1447 1433 1631 1461; x_wconf 80' lang='lat' dir='ltr'><strong>necessitatem</strong></span> <span class='ocrx_word' id='word_1_745' title='bbox 1645 1435 1799 1462; x_wconf 73' lang='lat' dir='ltr'><strong>exceditnus</strong></span> <span class='ocrx_word' id='word_1_746' title='bbox 1814 1444 1820 1461; x_wconf 92' lang='lat'><strong>:</strong></span> <span class='ocrx_word' id='word_1_747' title='bbox 1836 1435 1898 1463; x_wconf 76' lang='lat' dir='ltr'><strong>inde</strong></span> 
     </span>
    </p>
   </div>
   <div class='ocr_carea' id='block_1_89' title="bbox 1110 1477 1898 1515">
    <p class='ocr_par' dir='ltr' id='par_1_89' title="bbox 1110 1477 1898 1515">
     <span class='ocr_line' id='line_1_89' title="bbox 1110 1477 1898 1515; baseline 0.005 -11"><span class='ocrx_word' id='word_1_748' title='bbox 1110 1478 1223 1505; x_wconf 87' lang='lat' dir='ltr'><strong>vestium</strong></span> <span class='ocrx_word' id='word_1_749' title='bbox 1238 1477 1315 1504; x_wconf 76' lang='lat' dir='ltr'><strong>luxus</strong></span> <span class='ocrx_word' id='word_1_750' title='bbox 1326 1498 1332 1510; x_wconf 94' lang='lat'><strong>,</strong></span> <span class='ocrx_word' id='word_1_751' title='bbox 1349 1485 1486 1505; x_wconf 85' lang='lat' dir='ltr'><strong>servorum</strong></span> <span class='ocrx_word' id='word_1_752' title='bbox 1501 1486 1604 1514; x_wconf 78' lang='lat' dir='ltr'><strong>greges.</strong></span> <span class='ocrx_word' id='word_1_753' title='bbox 1620 1479 1682 1506; x_wconf 89' lang='lat' dir='ltr'><strong>ldeo</strong></span> <span class='ocrx_word' id='word_1_754' title='bbox 1697 1480 1794 1515; x_wconf 89' lang='lat' dir='ltr'><strong>ubique</strong></span> <span class='ocrx_word' id='word_1_755' title='bbox 1809 1488 1898 1508; x_wconf 83' lang='lat' dir='ltr'><strong>neces-</strong></span> 
     </span>
    </p>
   </div>
   <div class='ocr_carea' id='block_1_90' title="bbox 1110 1523 1897 1557">
    <p class='ocr_par' dir='ltr' id='par_1_90' title="bbox 1110 1523 1897 1557">
     <span class='ocr_line' id='line_1_90' title="bbox 1110 1523 1897 1557; baseline 0.004 -7"><span class='ocrx_word' id='word_1_756' title='bbox 1110 1523 1174 1551; x_wconf 83' lang='lat' dir='ltr'><strong>sitas</strong></span> <span class='ocrx_word' id='word_1_757' title='bbox 1188 1523 1369 1550; x_wconf 86' lang='lat' dir='ltr'><strong>contemnitur</strong></span> <span class='ocrx_word' id='word_1_758' title='bbox 1379 1544 1386 1556; x_wconf 88' lang='lat'><strong>,</strong></span> <span class='ocrx_word' id='word_1_759' title='bbox 1402 1523 1428 1550; x_wconf 90' lang='lat' dir='ltr'><strong>in</strong></span> <span class='ocrx_word' id='word_1_760' title='bbox 1443 1523 1565 1551; x_wconf 91' lang='lat' dir='ltr'><strong>domibus</strong></span> <span class='ocrx_word' id='word_1_761' title='bbox 1575 1544 1582 1556; x_wconf 94' lang='lat'><strong>,</strong></span> <span class='ocrx_word' id='word_1_762' title='bbox 1598 1524 1623 1551; x_wconf 93' lang='lat' dir='ltr'><strong>in</strong></span> <span class='ocrx_word' id='word_1_763' title='bbox 1636 1525 1765 1557; x_wconf 89' lang='lat' dir='ltr'><strong>vestibus,</strong></span> <span class='ocrx_word' id='word_1_764' title='bbox 1781 1525 1806 1552; x_wconf 90' lang='lat' dir='ltr'><strong>in</strong></span> <span class='ocrx_word' id='word_1_765' title='bbox 1822 1533 1897 1553; x_wconf 79' lang='lat' dir='ltr'><strong>inen-</strong></span> 
     </span>
    </p>
   </div>
   <div class='ocr_carea' id='block_1_91' title="bbox 1110 1570 1898 1607">
    <p class='ocr_par' dir='ltr' id='par_1_91' title="bbox 1110 1570 1898 1607">
     <span class='ocr_line' id='line_1_91' title="bbox 1110 1570 1898 1607; baseline 0.004 -11"><span class='ocrx_word' id='word_1_766' title='bbox 1110 1577 1138 1596; x_wconf 83' lang='lat' dir='ltr'><strong>sa</strong></span> <span class='ocrx_word' id='word_1_767' title='bbox 1152 1578 1160 1603; x_wconf 89' lang='lat'><strong>;</strong></span> <span class='ocrx_word' id='word_1_768' title='bbox 1175 1570 1304 1605; x_wconf 86' lang='lat' dir='ltr'><strong>luxusque</strong></span> <span class='ocrx_word' id='word_1_769' title='bbox 1317 1570 1479 1598; x_wconf 85' lang='lat' dir='ltr'><strong>dominatur.</strong></span> <span class='ocrx_word' id='word_1_770' title='bbox 1495 1570 1541 1597; x_wconf 80' lang='lat' dir='ltr'><strong>Vis</strong></span> <span class='ocrx_word' id='word_1_771' title='bbox 1553 1571 1636 1605; x_wconf 80' lang='lat' dir='ltr'><strong>gloria</strong></span> <span class='ocrx_word' id='word_1_772' title='bbox 1652 1571 1703 1598; x_wconf 90' lang='lat' dir='ltr'><strong>frui</strong></span> <span class='ocrx_word' id='word_1_773' title='bbox 1716 1571 1728 1597; x_wconf 86' lang='lat'><strong>?</strong></span> <span class='ocrx_word' id='word_1_774' title='bbox 1743 1571 1898 1607; x_wconf 76' lang='lat' dir='ltr'><strong>Eleemosy~</strong></span> 
     </span>
    </p>
   </div>
   <div class='ocr_carea' id='block_1_92' title="bbox 1110 1616 1898 1651">
    <p class='ocr_par' dir='ltr' id='par_1_92' title="bbox 1110 1616 1898 1651">
     <span class='ocr_line' id='line_1_92' title="bbox 1110 1616 1898 1651; baseline 0.005 -9"><span class='ocrx_word' id='word_1_775' title='bbox 1110 1623 1172 1642; x_wconf 85' lang='lat' dir='ltr'><strong>naut</strong></span> <span class='ocrx_word' id='word_1_776' title='bbox 1198 1623 1299 1650; x_wconf 82' lang='lat' dir='ltr'><strong>eroga:</strong></span> <span class='ocrx_word' id='word_1_777' title='bbox 1324 1621 1387 1643; x_wconf 92' lang='lat' dir='ltr'><strong>tunc</strong></span> <span class='ocrx_word' id='word_1_778' title='bbox 1408 1621 1433 1644; x_wconf 90' lang='lat' dir='ltr'><strong>te</strong></span> <span class='ocrx_word' id='word_1_779' title='bbox 1457 1616 1602 1643; x_wconf 85' lang='lat' dir='ltr'><strong>laudabunt</strong></span> <span class='ocrx_word' id='word_1_780' title='bbox 1622 1618 1725 1651; x_wconf 74' lang='lat' dir='ltr'><strong>angeli;</strong></span> <span class='ocrx_word' id='word_1_781' title='bbox 1743 1623 1805 1645; x_wconf 91' lang='lat' dir='ltr'><strong>tunc</strong></span> <span class='ocrx_word' id='word_1_782' title='bbox 1829 1618 1898 1646; x_wconf 84' lang='lat' dir='ltr'><strong>Deus</strong></span> 
     </span>
    </p>
   </div>
   <div class='ocr_carea' id='block_1_93' title="bbox 1111 1661 1898 1696">
    <p class='ocr_par' dir='ltr' id='par_1_93' title="bbox 1111 1661 1898 1696">
     <span class='ocr_line' id='line_1_93' title="bbox 1111 1661 1898 1696; baseline 0.005 -9"><span class='ocrx_word' id='word_1_783' title='bbox 1111 1661 1279 1696; x_wconf 86' lang='lat' dir='ltr'><strong>approbabit.</strong></span> <span class='ocrx_word' id='word_1_784' title='bbox 1296 1661 1371 1689; x_wconf 89' lang='lat' dir='ltr'><strong>Nunc</strong></span> <span class='ocrx_word' id='word_1_785' title='bbox 1393 1666 1481 1689; x_wconf 91' lang='lat' dir='ltr'><strong>autem</strong></span> <span class='ocrx_word' id='word_1_786' title='bbox 1499 1661 1525 1688; x_wconf 92' lang='lat' dir='ltr'><strong>in</strong></span> <span class='ocrx_word' id='word_1_787' title='bbox 1541 1662 1664 1690; x_wconf 79' lang='lat' dir='ltr'><strong>aurifices</strong></span> <span class='ocrx_word' id='word_1_788' title='bbox 1679 1667 1781 1690; x_wconf 84' lang='lat' dir='ltr'><strong>tantum</strong></span> <span class='ocrx_word' id='word_1_789' title='bbox 1797 1668 1824 1691; x_wconf 89' lang='lat' dir='ltr'><strong>et</strong></span> <span class='ocrx_word' id='word_1_790' title='bbox 1842 1669 1898 1691; x_wconf 75' lang='lat' dir='ltr'><strong>lexâ€”</strong></span> 
     </span>
    </p>
   </div>
   <div class='ocr_carea' id='block_1_94' title="bbox 1111 1706 1898 1741">
    <p class='ocr_par' dir='ltr' id='par_1_94' title="bbox 1111 1706 1898 1741">
     <span class='ocr_line' id='line_1_94' title="bbox 1111 1706 1898 1741; baseline 0.004 -8"><span class='ocrx_word' id='word_1_791' title='bbox 1111 1711 1183 1733; x_wconf 81' lang='lat' dir='ltr'><strong>tores</strong></span> <span class='ocrx_word' id='word_1_792' title='bbox 1206 1706 1345 1733; x_wconf 85' lang='lat' dir='ltr'><strong>admiratio</strong></span> <span class='ocrx_word' id='word_1_793' title='bbox 1367 1707 1493 1740; x_wconf 87' lang='lat' dir='ltr'><strong>vertitur;</strong></span> <span class='ocrx_word' id='word_1_794' title='bbox 1509 1712 1536 1734; x_wconf 93' lang='lat' dir='ltr'><strong>tu</strong></span> <span class='ocrx_word' id='word_1_795' title='bbox 1563 1715 1627 1734; x_wconf 88' lang='lat' dir='ltr'><strong>vero</strong></span> <span class='ocrx_word' id='word_1_796' title='bbox 1638 1728 1646 1740; x_wconf 95' lang='lat'><strong>,</strong></span> <span class='ocrx_word' id='word_1_797' title='bbox 1662 1715 1679 1735; x_wconf 95' lang='lat' dir='ltr'><strong>o</strong></span> <span class='ocrx_word' id='word_1_798' title='bbox 1693 1708 1790 1735; x_wconf 91' lang='lat' dir='ltr'><strong>mulier</strong></span> <span class='ocrx_word' id='word_1_799' title='bbox 1801 1730 1808 1741; x_wconf 93' lang='lat'><strong>,</strong></span> <span class='ocrx_word' id='word_1_800' title='bbox 1824 1709 1898 1736; x_wconf 89' lang='lat' dir='ltr'><strong>inco-</strong></span> 
     </span>
    </p>
   </div>
   <div class='ocr_carea' id='block_1_95' title="bbox 1110 1752 1896 1788">
    <p class='ocr_par' dir='ltr' id='par_1_95' title="bbox 1110 1752 1896 1788">
     <span class='ocr_line' id='line_1_95' title="bbox 1110 1752 1896 1788; baseline 0.001 -9"><span class='ocrx_word' id='word_1_801' title='bbox 1110 1757 1203 1780; x_wconf 83' lang='lat' dir='ltr'><strong>ronata</strong></span> <span class='ocrx_word' id='word_1_802' title='bbox 1216 1752 1328 1785; x_wconf 82' lang='lat' dir='ltr'><strong>recedis,</strong></span> <span class='ocrx_word' id='word_1_803' title='bbox 1339 1757 1417 1787; x_wconf 90' lang='lat' dir='ltr'><strong>teque</strong></span> <span class='ocrx_word' id='word_1_804' title='bbox 1425 1760 1496 1786; x_wconf 61' lang='lat' dir='ltr'><strong>serpe</strong></span> <span class='ocrx_word' id='word_1_805' title='bbox 1511 1752 1583 1779; x_wconf 86' lang='lat' dir='ltr'><strong>vides</strong></span> <span class='ocrx_word' id='word_1_806' title='bbox 1592 1753 1740 1780; x_wconf 85' lang='lat' dir='ltr'><strong>maledictis</strong></span> <span class='ocrx_word' id='word_1_807' title='bbox 1748 1758 1896 1788; x_wconf 78' lang='lat' dir='ltr'><strong>exceptant.</strong></span> 
     </span>
    </p>
   </div>
   <div class='ocr_carea' id='block_1_96' title="bbox 1111 1798 1898 1834">
    <p class='ocr_par' dir='ltr' id='par_1_96' title="bbox 1111 1798 1898 1834">
     <span class='ocr_line' id='line_1_96' title="bbox 1111 1798 1898 1834; baseline 0 -8"><span class='ocrx_word' id='word_1_808' title='bbox 1111 1799 1138 1827; x_wconf 91' lang='lat' dir='ltr'><strong>Si</strong></span> <span class='ocrx_word' id='word_1_809' title='bbox 1153 1806 1232 1834; x_wconf 91' lang='lat' dir='ltr'><strong>porro</strong></span> <span class='ocrx_word' id='word_1_810' title='bbox 1255 1799 1313 1826; x_wconf 61' lang='lat' dir='ltr'><strong>hare</strong></span> <span class='ocrx_word' id='word_1_811' title='bbox 1336 1806 1389 1825; x_wconf 90' lang='lat' dir='ltr'><strong>non</strong></span> <span class='ocrx_word' id='word_1_812' title='bbox 1412 1798 1516 1833; x_wconf 85' lang='lat' dir='ltr'><strong>corpori</strong></span> <span class='ocrx_word' id='word_1_813' title='bbox 1534 1803 1578 1824; x_wconf 92' lang='lat' dir='ltr'><strong>tuo</strong></span> <span class='ocrx_word' id='word_1_814' title='bbox 1599 1798 1837 1833; x_wconf 83' lang='lat' dir='ltr'><strong>circumponeres,</strong></span> <span class='ocrx_word' id='word_1_815' title='bbox 1853 1800 1898 1826; x_wconf 79' lang='lat' dir='ltr'><strong>sed</strong></span> 
     </span>
    </p>
   </div>
   <div class='ocr_carea' id='block_1_97' title="bbox 1111 1844 1899 1880">
    <p class='ocr_par' dir='ltr' id='par_1_97' title="bbox 1111 1844 1899 1880">
     <span class='ocr_line' id='line_1_97' title="bbox 1111 1844 1899 1880; baseline 0 -8"><span class='ocrx_word' id='word_1_816' title='bbox 1111 1846 1138 1872; x_wconf 96' lang='lat' dir='ltr'><strong>in</strong></span> <span class='ocrx_word' id='word_1_817' title='bbox 1154 1851 1284 1880; x_wconf 84' lang='lat' dir='ltr'><strong>pauperes</strong></span> <span class='ocrx_word' id='word_1_818' title='bbox 1298 1844 1448 1871; x_wconf 81' lang='lat' dir='ltr'><strong>ell&#39;underes</strong></span> <span class='ocrx_word' id='word_1_819' title='bbox 1459 1864 1467 1877; x_wconf 93' lang='lat'><strong>,</strong></span> <span class='ocrx_word' id='word_1_820' title='bbox 1490 1845 1588 1878; x_wconf 86' lang='lat' dir='ltr'><strong>ubique</strong></span> <span class='ocrx_word' id='word_1_821' title='bbox 1603 1844 1711 1879; x_wconf 87' lang='lat' dir='ltr'><strong>plausus</strong></span> <span class='ocrx_word' id='word_1_822' title='bbox 1734 1845 1860 1877; x_wconf 82' lang='lat' dir='ltr'><strong>adesset,</strong></span> <span class='ocrx_word' id='word_1_823' title='bbox 1874 1851 1899 1872; x_wconf 84' lang='lat' dir='ltr'><strong>et</strong></span> 
     </span>
    </p>
   </div>
   <div class='ocr_carea' id='block_1_98' title="bbox 1111 1889 1897 1926">
    <p class='ocr_par' dir='ltr' id='par_1_98' title="bbox 1111 1889 1897 1926">
     <span class='ocr_line' id='line_1_98' title="bbox 1111 1889 1897 1926; baseline 0 -8"><span class='ocrx_word' id='word_1_824' title='bbox 1111 1891 1169 1918; x_wconf 84' lang='lat' dir='ltr'><strong>laus</strong></span> <span class='ocrx_word' id='word_1_825' title='bbox 1188 1898 1293 1926; x_wconf 84' lang='lat' dir='ltr'><strong>magna.</strong></span> <span class='ocrx_word' id='word_1_826' title='bbox 1318 1889 1393 1917; x_wconf 90' lang='lat' dir='ltr'><strong>Tunc</strong></span> <span class='ocrx_word' id='word_1_827' title='bbox 1415 1891 1458 1917; x_wconf 86' lang='lat' dir='ltr'><strong>illa</strong></span> <span class='ocrx_word' id='word_1_828' title='bbox 1484 1890 1611 1923; x_wconf 86' lang='lat' dir='ltr'><strong>habebis,</strong></span> <span class='ocrx_word' id='word_1_829' title='bbox 1626 1898 1687 1918; x_wconf 89' lang='lat' dir='ltr'><strong>cum</strong></span> <span class='ocrx_word' id='word_1_830' title='bbox 1711 1891 1770 1918; x_wconf 86' lang='lat' dir='ltr'><strong>aliis</strong></span> <span class='ocrx_word' id='word_1_831' title='bbox 1797 1891 1897 1923; x_wconf 79' lang='lat' dir='ltr'><strong>dabis;</strong></span> 
     </span>
    </p>
   </div>
   <div class='ocr_carea' id='block_1_99' title="bbox 1110 1936 1899 1968">
    <p class='ocr_par' dir='ltr' id='par_1_99' title="bbox 1110 1936 1899 1968">
     <span class='ocr_line' id='line_1_99' title="bbox 1110 1936 1899 1968; baseline -0.001 -4"><span class='ocrx_word' id='word_1_832' title='bbox 1110 1937 1196 1965; x_wconf 85' lang='lat' dir='ltr'><strong>donec</strong></span> <span class='ocrx_word' id='word_1_833' title='bbox 1210 1945 1273 1965; x_wconf 85' lang='lat' dir='ltr'><strong>vero</strong></span> <span class='ocrx_word' id='word_1_834' title='bbox 1295 1937 1352 1964; x_wconf 84' lang='lat' dir='ltr'><strong>sola</strong></span> <span class='ocrx_word' id='word_1_835' title='bbox 1368 1937 1510 1964; x_wconf 86' lang='lat' dir='ltr'><strong>retinueris</strong></span> <span class='ocrx_word' id='word_1_836' title='bbox 1521 1957 1528 1968; x_wconf 89' lang='lat'><strong>,</strong></span> <span class='ocrx_word' id='word_1_837' title='bbox 1547 1944 1598 1964; x_wconf 90' lang='lat' dir='ltr'><strong>non</strong></span> <span class='ocrx_word' id='word_1_838' title='bbox 1623 1936 1714 1964; x_wconf 83' lang='lat' dir='ltr'><strong>habes.</strong></span> <span class='ocrx_word' id='word_1_839' title='bbox 1732 1937 1808 1964; x_wconf 89' lang='lat' dir='ltr'><strong>Domi</strong></span> <span class='ocrx_word' id='word_1_840' title='bbox 1825 1945 1899 1964; x_wconf 87' lang='lat' dir='ltr'><strong>natu-</strong></span> 
     </span>
    </p>
   </div>
   <div class='ocr_carea' id='block_1_100' title="bbox 1111 1982 1898 2018">
    <p class='ocr_par' dir='ltr' id='par_1_100' title="bbox 1111 1982 1898 2018">
     <span class='ocr_line' id='line_1_100' title="bbox 1111 1982 1898 2018; baseline -0.003 -8"><span class='ocrx_word' id='word_1_841' title='bbox 1111 1990 1163 2018; x_wconf 86' lang='lat' dir='ltr'><strong>que</strong></span> <span class='ocrx_word' id='word_1_842' title='bbox 1176 1983 1317 2010; x_wconf 82' lang='lat' dir='ltr'><strong>thesaurus</strong></span> <span class='ocrx_word' id='word_1_843' title='bbox 1332 1989 1385 2009; x_wconf 92' lang='lat' dir='ltr'><strong>non</strong></span> <span class='ocrx_word' id='word_1_844' title='bbox 1405 1986 1477 2009; x_wconf 88' lang='lat' dir='ltr'><strong>ttttus</strong></span> <span class='ocrx_word' id='word_1_845' title='bbox 1499 1987 1538 2009; x_wconf 85' lang='lat' dir='ltr'><strong>est</strong></span> <span class='ocrx_word' id='word_1_846' title='bbox 1552 1991 1559 2015; x_wconf 89' lang='lat'><strong>;</strong></span> <span class='ocrx_word' id='word_1_847' title='bbox 1575 1988 1647 2009; x_wconf 89' lang='lat' dir='ltr'><strong>tutus</strong></span> <span class='ocrx_word' id='word_1_848' title='bbox 1657 1990 1721 2010; x_wconf 88' lang='lat' dir='ltr'><strong>vero</strong></span> <span class='ocrx_word' id='word_1_849' title='bbox 1736 1988 1777 2009; x_wconf 84' lang='lat' dir='ltr'><strong>est</strong></span> <span class='ocrx_word' id='word_1_850' title='bbox 1792 1982 1818 2010; x_wconf 89' lang='lat' dir='ltr'><strong>in</strong></span> <span class='ocrx_word' id='word_1_851' title='bbox 1835 1990 1898 2017; x_wconf 85' lang='lat' dir='ltr'><strong>pau-</strong></span> 
     </span>
    </p>
   </div>
   <div class='ocr_carea' id='block_1_101' title="bbox 1111 2028 1897 2064">
    <p class='ocr_par' dir='ltr' id='par_1_101' title="bbox 1111 2028 1897 2064">
     <span class='ocr_line' id='line_1_101' title="bbox 1111 2028 1897 2064; baseline -0.004 -8"><span class='ocrx_word' id='word_1_852' title='bbox 1111 2036 1203 2064; x_wconf 89' lang='lat' dir='ltr'><strong>perum</strong></span> <span class='ocrx_word' id='word_1_853' title='bbox 1227 2028 1360 2055; x_wconf 88' lang='lat' dir='ltr'><strong>manibus.</strong></span> <span class='ocrx_word' id='word_1_854' title='bbox 1386 2028 1441 2055; x_wconf 89' lang='lat' dir='ltr'><strong>Cur</strong></span> <span class='ocrx_word' id='word_1_855' title='bbox 1462 2035 1558 2062; x_wconf 90' lang='lat' dir='ltr'><strong>corpus</strong></span> <span class='ocrx_word' id='word_1_856' title='bbox 1583 2035 1683 2060; x_wconf 85' lang='lat' dir='ltr'><strong>ornas,</strong></span> <span class='ocrx_word' id='word_1_857' title='bbox 1697 2028 1760 2055; x_wconf 90' lang='lat' dir='ltr'><strong>dum</strong></span> <span class='ocrx_word' id='word_1_858' title='bbox 1782 2028 1897 2054; x_wconf 79' lang='lat' dir='ltr'><strong>animam</strong></span> 
     </span>
    </p>
   </div>
   <div class='ocr_carea' id='block_1_102' title="bbox 1111 2074 1899 2111">
    <p class='ocr_par' dir='ltr' id='par_1_102' title="bbox 1111 2074 1899 2111">
     <span class='ocr_line' id='line_1_102' title="bbox 1111 2074 1899 2111; baseline -0.004 -8"><span class='ocrx_word' id='word_1_859' title='bbox 1111 2076 1263 2111; x_wconf 86' lang='lat' dir='ltr'><strong>impuritate</strong></span> <span class='ocrx_word' id='word_1_860' title='bbox 1285 2079 1434 2109; x_wconf 86' lang='lat' dir='ltr'><strong>correptam</strong></span> <span class='ocrx_word' id='word_1_861' title='bbox 1454 2074 1587 2109; x_wconf 79' lang='lat' dir='ltr'><strong>negligis?</strong></span> <span class='ocrx_word' id='word_1_862' title='bbox 1600 2082 1647 2101; x_wconf 91' lang='lat' dir='ltr'><strong>cur</strong></span> <span class='ocrx_word' id='word_1_863' title='bbox 1661 2082 1714 2101; x_wconf 92' lang='lat' dir='ltr'><strong>non</strong></span> <span class='ocrx_word' id='word_1_864' title='bbox 1730 2079 1831 2101; x_wconf 72' lang='lat' dir='ltr'><strong>Ianum</strong></span> <span class='ocrx_word' id='word_1_865' title='bbox 1843 2074 1899 2100; x_wconf 86' lang='lat' dir='ltr'><strong>ani-</strong></span> 
     </span>
    </p>
   </div>
   <div class='ocr_carea' id='block_1_103' title="bbox 1110 2120 1897 2157">
    <p class='ocr_par' dir='ltr' id='par_1_103' title="bbox 1110 2120 1897 2157">
     <span class='ocr_line' id='line_1_103' title="bbox 1110 2120 1897 2157; baseline -0.005 -7"><span class='ocrx_word' id='word_1_866' title='bbox 1110 2130 1161 2150; x_wconf 67' lang='lat' dir='ltr'><strong>ma:</strong></span> <span class='ocrx_word' id='word_1_867' title='bbox 1175 2126 1299 2157; x_wconf 84' lang='lat' dir='ltr'><strong>quantam</strong></span> <span class='ocrx_word' id='word_1_868' title='bbox 1311 2121 1416 2156; x_wconf 90' lang='lat' dir='ltr'><strong>corpori</strong></span> <span class='ocrx_word' id='word_1_869' title='bbox 1430 2128 1520 2148; x_wconf 89' lang='lat' dir='ltr'><strong>curam</strong></span> <span class='ocrx_word' id='word_1_870' title='bbox 1532 2121 1673 2154; x_wconf 86' lang='lat' dir='ltr'><strong>impendis,</strong></span> <span class='ocrx_word' id='word_1_871' title='bbox 1690 2128 1750 2147; x_wconf 92' lang='lat' dir='ltr'><strong>cum</strong></span> <span class='ocrx_word' id='word_1_872' title='bbox 1767 2120 1897 2154; x_wconf 77' lang='lat' dir='ltr'><strong>majorem</strong></span> 
     </span>
    </p>
   </div>
   <div class='ocr_carea' id='block_1_104' title="bbox 1111 2166 1898 2203">
    <p class='ocr_par' dir='ltr' id='par_1_104' title="bbox 1111 2166 1898 2203">
     <span class='ocr_line' id='line_1_104' title="bbox 1111 2166 1898 2203; baseline -0.004 -8"><span class='ocrx_word' id='word_1_873' title='bbox 1111 2168 1271 2203; x_wconf 87' lang='lat' dir='ltr'><strong>oporteret?</strong></span> <span class='ocrx_word' id='word_1_874' title='bbox 1284 2169 1407 2195; x_wconf 80' lang='lat' dir='ltr'><strong>Attamen</strong></span> <span class='ocrx_word' id='word_1_875' title='bbox 1419 2171 1566 2201; x_wconf 87' lang='lat' dir='ltr'><strong>oporteret,</strong></span> <span class='ocrx_word' id='word_1_876' title='bbox 1582 2167 1683 2199; x_wconf 87' lang='lat' dir='ltr'><strong>dilecti,</strong></span> <span class='ocrx_word' id='word_1_877' title='bbox 1699 2174 1790 2201; x_wconf 90' lang='lat' dir='ltr'><strong>parem</strong></span> <span class='ocrx_word' id='word_1_878' title='bbox 1805 2166 1898 2193; x_wconf 83' lang='lat' dir='ltr'><strong>saltem</strong></span> 
     </span>
    </p>
   </div>
   <div class='ocr_carea' id='block_1_105' title="bbox 1112 2211 1899 2247">
    <p class='ocr_par' dir='ltr' id='par_1_105' title="bbox 1112 2211 1899 2247">
     <span class='ocr_line' id='line_1_105' title="bbox 1112 2211 1899 2247; baseline -0.004 -7"><span class='ocrx_word' id='word_1_879' title='bbox 1112 2213 1249 2241; x_wconf 88' lang='lat' dir='ltr'><strong>adhibere.</strong></span> <span class='ocrx_word' id='word_1_880' title='bbox 1274 2213 1338 2245; x_wconf 91' lang='lat' dir='ltr'><strong>Dic,</strong></span> <span class='ocrx_word' id='word_1_881' title='bbox 1354 2220 1463 2247; x_wconf 69' lang='lat' dir='ltr'><strong>qumso,</strong></span> <span class='ocrx_word' id='word_1_882' title='bbox 1478 2212 1499 2239; x_wconf 88' lang='lat' dir='ltr'><strong>si</strong></span> <span class='ocrx_word' id='word_1_883' title='bbox 1525 2212 1585 2246; x_wconf 92' lang='lat' dir='ltr'><strong>quis</strong></span> <span class='ocrx_word' id='word_1_884' title='bbox 1606 2216 1631 2238; x_wconf 88' lang='lat' dir='ltr'><strong>te</strong></span> <span class='ocrx_word' id='word_1_885' title='bbox 1654 2212 1819 2246; x_wconf 83' lang='lat' dir='ltr'><strong>interroget,</strong></span> <span class='ocrx_word' id='word_1_886' title='bbox 1837 2211 1899 2245; x_wconf 89' lang='lat' dir='ltr'><strong>quid</strong></span> 
     </span>
    </p>
   </div>
   <div class='ocr_carea' id='block_1_106' title="bbox 1113 2258 1899 2292">
    <p class='ocr_par' dir='ltr' id='par_1_106' title="bbox 1113 2258 1899 2292">
     <span class='ocr_line' id='line_1_106' title="bbox 1113 2258 1899 2292; baseline -0.004 -6"><span class='ocrx_word' id='word_1_887' title='bbox 1113 2259 1255 2291; x_wconf 80' lang='lat' dir='ltr'><strong>malueris,</strong></span> <span class='ocrx_word' id='word_1_888' title='bbox 1279 2266 1312 2285; x_wconf 88' lang='lat' dir='ltr'><strong>an</strong></span> <span class='ocrx_word' id='word_1_889' title='bbox 1337 2266 1435 2291; x_wconf 83' lang='lat' dir='ltr'><strong>corpus</strong></span> <span class='ocrx_word' id='word_1_890' title='bbox 1462 2263 1534 2284; x_wconf 88' lang='lat' dir='ltr'><strong>tuum</strong></span> <span class='ocrx_word' id='word_1_891' title='bbox 1554 2262 1675 2292; x_wconf 78' lang='lat' dir='ltr'><strong>vegetum</strong></span> <span class='ocrx_word' id='word_1_892' title='bbox 1701 2258 1899 2291; x_wconf 81' lang='lat' dir='ltr'><strong>formosumque</strong></span> 
     </span>
    </p>
   </div>
   <div class='ocr_carea' id='block_1_107' title="bbox 1112 2303 1899 2335">
    <p class='ocr_par' dir='ltr' id='par_1_107' title="bbox 1112 2303 1899 2335">
     <span class='ocr_line' id='line_1_107' title="bbox 1112 2303 1899 2335; baseline -0.005 -2"><span class='ocrx_word' id='word_1_893' title='bbox 1112 2313 1172 2333; x_wconf 89' lang='lat' dir='ltr'><strong>esse</strong></span> <span class='ocrx_word' id='word_1_894' title='bbox 1185 2313 1217 2333; x_wconf 82' lang='lat' dir='ltr'><strong>ac</strong></span> <span class='ocrx_word' id='word_1_895' title='bbox 1230 2305 1326 2332; x_wconf 88' lang='lat' dir='ltr'><strong>vilibus</strong></span> <span class='ocrx_word' id='word_1_896' title='bbox 1341 2305 1459 2332; x_wconf 90' lang='lat' dir='ltr'><strong>indutum</strong></span> <span class='ocrx_word' id='word_1_897' title='bbox 1474 2303 1592 2331; x_wconf 85' lang='lat' dir='ltr'><strong>vestibus</strong></span> <span class='ocrx_word' id='word_1_898' title='bbox 1605 2311 1611 2335; x_wconf 91' lang='lat'><strong>;</strong></span> <span class='ocrx_word' id='word_1_899' title='bbox 1628 2311 1661 2330; x_wconf 90' lang='lat' dir='ltr'><strong>an</strong></span> <span class='ocrx_word' id='word_1_900' title='bbox 1677 2303 1811 2335; x_wconf 86' lang='lat' dir='ltr'><strong>mutilum,</strong></span> <span class='ocrx_word' id='word_1_901' title='bbox 1826 2310 1899 2330; x_wconf 91' lang='lat' dir='ltr'><strong>mor-</strong></span> 
     </span>
    </p>
   </div>
   <div class='ocr_carea' id='block_1_108' title="bbox 1114 2348 1899 2383">
    <p class='ocr_par' dir='ltr' id='par_1_108' title="bbox 1114 2348 1899 2383">
     <span class='ocr_line' id='line_1_108' title="bbox 1114 2348 1899 2383; baseline -0.004 -5"><span class='ocrx_word' id='word_1_902' title='bbox 1114 2353 1206 2379; x_wconf 88' lang='lat' dir='ltr'><strong>bosum</strong></span> <span class='ocrx_word' id='word_1_903' title='bbox 1230 2356 1257 2378; x_wconf 88' lang='lat' dir='ltr'><strong>et</strong></span> <span class='ocrx_word' id='word_1_904' title='bbox 1279 2359 1348 2382; x_wconf 35' lang='lat' dir='ltr'><strong>lauro</strong></span> <span class='ocrx_word' id='word_1_905' title='bbox 1371 2354 1493 2377; x_wconf 82' lang='lat' dir='ltr'><strong>ornatum</strong></span> <span class='ocrx_word' id='word_1_906' title='bbox 1509 2359 1516 2376; x_wconf 96' lang='lat'><strong>:</strong></span> <span class='ocrx_word' id='word_1_907' title='bbox 1532 2357 1621 2376; x_wconf 81' lang='lat' dir='ltr'><strong>annon</strong></span> <span class='ocrx_word' id='word_1_908' title='bbox 1647 2354 1755 2383; x_wconf 82' lang='lat' dir='ltr'><strong>optares</strong></span> <span class='ocrx_word' id='word_1_909' title='bbox 1770 2349 1858 2383; x_wconf 82' lang='lat' dir='ltr'><strong>potius</strong></span> <span class='ocrx_word' id='word_1_910' title='bbox 1874 2348 1899 2375; x_wconf 83' lang='lat' dir='ltr'><strong>in</strong></span> 
     </span>
    </p>
   </div>
   <div class='ocr_carea' id='block_1_109' title="bbox 1113 2395 1900 2432">
    <p class='ocr_par' dir='ltr' id='par_1_109' title="bbox 1113 2395 1900 2432">
     <span class='ocr_line' id='line_1_109' title="bbox 1113 2395 1900 2432; baseline -0.005 -8"><span class='ocrx_word' id='word_1_911' title='bbox 1113 2402 1205 2425; x_wconf 85' lang='lat' dir='ltr'><strong>natura</strong></span> <span class='ocrx_word' id='word_1_912' title='bbox 1232 2397 1352 2432; x_wconf 90' lang='lat' dir='ltr'><strong>corporis</strong></span> <span class='ocrx_word' id='word_1_913' title='bbox 1376 2396 1485 2431; x_wconf 89' lang='lat' dir='ltr'><strong>pulchra</strong></span> <span class='ocrx_word' id='word_1_914' title='bbox 1501 2396 1616 2431; x_wconf 86' lang='lat' dir='ltr'><strong>gaudere</strong></span> <span class='ocrx_word' id='word_1_915' title='bbox 1645 2395 1749 2428; x_wconf 83' lang='lat' dir='ltr'><strong>forma,</strong></span> <span class='ocrx_word' id='word_1_916' title='bbox 1766 2403 1845 2429; x_wconf 85' lang='lat' dir='ltr'><strong>quam</strong></span> <span class='ocrx_word' id='word_1_917' title='bbox 1875 2395 1900 2420; x_wconf 92' lang='lat' dir='ltr'><strong>iu</strong></span> 
     </span>
    </p>
   </div>
   <div class='ocr_carea' id='block_1_110' title="bbox 1115 2440 1901 2476">
    <p class='ocr_par' dir='ltr' id='par_1_110' title="bbox 1115 2440 1901 2476">
     <span class='ocr_line' id='line_1_110' title="bbox 1115 2440 1901 2476; baseline -0.006 -7"><span class='ocrx_word' id='word_1_918' title='bbox 1115 2443 1225 2470; x_wconf 88' lang='lat' dir='ltr'><strong>vestium</strong></span> <span class='ocrx_word' id='word_1_919' title='bbox 1236 2442 1356 2469; x_wconf 83' lang='lat' dir='ltr'><strong>ambitu?</strong></span> <span class='ocrx_word' id='word_1_920' title='bbox 1369 2450 1402 2468; x_wconf 85' lang='lat' dir='ltr'><strong>an</strong></span> <span class='ocrx_word' id='word_1_921' title='bbox 1417 2442 1442 2468; x_wconf 94' lang='lat' dir='ltr'><strong>in</strong></span> <span class='ocrx_word' id='word_1_922' title='bbox 1458 2449 1571 2476; x_wconf 84' lang='lat' dir='ltr'><strong>corpore</strong></span> <span class='ocrx_word' id='word_1_923' title='bbox 1584 2441 1622 2468; x_wconf 86' lang='lat' dir='ltr'><strong>sic</strong></span> <span class='ocrx_word' id='word_1_924' title='bbox 1636 2446 1743 2475; x_wconf 85' lang='lat' dir='ltr'><strong>optares</strong></span> <span class='ocrx_word' id='word_1_925' title='bbox 1752 2460 1760 2471; x_wconf 94' lang='lat'><strong>,</strong></span> <span class='ocrx_word' id='word_1_926' title='bbox 1773 2440 1799 2466; x_wconf 89' lang='lat' dir='ltr'><strong>in</strong></span> <span class='ocrx_word' id='word_1_927' title='bbox 1812 2440 1901 2466; x_wconf 84' lang='lat' dir='ltr'><strong>anima</strong></span> 
     </span>
    </p>
   </div>
   <div class='ocr_carea' id='block_1_111' title="bbox 1113 2485 1900 2521">
    <p class='ocr_par' dir='ltr' id='par_1_111' title="bbox 1113 2485 1900 2521">
     <span class='ocr_line' id='line_1_111' title="bbox 1113 2485 1900 2521; baseline -0.006 -7"><span class='ocrx_word' id='word_1_928' title='bbox 1113 2488 1209 2515; x_wconf 74' lang='lat' dir='ltr'><strong>secus?</strong></span> <span class='ocrx_word' id='word_1_929' title='bbox 1230 2495 1261 2515; x_wconf 89' lang='lat' dir='ltr'><strong>ac</strong></span> <span class='ocrx_word' id='word_1_930' title='bbox 1274 2488 1336 2514; x_wconf 92' lang='lat' dir='ltr'><strong>dum</strong></span> <span class='ocrx_word' id='word_1_931' title='bbox 1360 2487 1431 2514; x_wconf 87' lang='lat' dir='ltr'><strong>illam</strong></span> <span class='ocrx_word' id='word_1_932' title='bbox 1456 2491 1578 2521; x_wconf 81' lang='lat' dir='ltr'><strong>turpem,</strong></span> <span class='ocrx_word' id='word_1_933' title='bbox 1605 2485 1752 2513; x_wconf 86' lang='lat' dir='ltr'><strong>deformem</strong></span> <span class='ocrx_word' id='word_1_934' title='bbox 1766 2505 1776 2518; x_wconf 91' lang='lat'><strong>,</strong></span> <span class='ocrx_word' id='word_1_935' title='bbox 1800 2485 1900 2518; x_wconf 81' lang='lat' dir='ltr'><strong>nigram</strong></span> 
     </span>
    </p>
   </div>
   <div class='ocr_carea' id='block_1_112' title="bbox 1114 2531 1902 2566">
    <p class='ocr_par' dir='ltr' id='par_1_112' title="bbox 1114 2531 1902 2566">
     <span class='ocr_line' id='line_1_112' title="bbox 1114 2531 1902 2566; baseline -0.006 -5"><span class='ocrx_word' id='word_1_936' title='bbox 1114 2535 1212 2565; x_wconf 87' lang='lat' dir='ltr'><strong>habes,</strong></span> <span class='ocrx_word' id='word_1_937' title='bbox 1229 2542 1263 2561; x_wconf 80' lang='lat' dir='ltr'><strong>ex</strong></span> <span class='ocrx_word' id='word_1_938' title='bbox 1289 2535 1377 2562; x_wconf 88' lang='lat' dir='ltr'><strong>aureis</strong></span> <span class='ocrx_word' id='word_1_939' title='bbox 1399 2534 1563 2561; x_wconf 89' lang='lat' dir='ltr'><strong>ornamentis</strong></span> <span class='ocrx_word' id='word_1_940' title='bbox 1577 2538 1601 2560; x_wconf 91' lang='lat' dir='ltr'><strong>te</strong></span> <span class='ocrx_word' id='word_1_941' title='bbox 1624 2533 1739 2560; x_wconf 88' lang='lat' dir='ltr'><strong>fructum</strong></span> <span class='ocrx_word' id='word_1_942' title='bbox 1765 2531 1902 2566; x_wconf 78' lang='lat' dir='ltr'><strong>percipere</strong></span> 
     </span>
    </p>
   </div>
   <div class='ocr_carea' id='block_1_113' title="bbox 1114 2576 1900 2616">
    <p class='ocr_par' dir='ltr' id='par_1_113' title="bbox 1114 2576 1900 2616">
     <span class='ocr_line' id='line_1_113' title="bbox 1114 2576 1900 2616; baseline -0.008 -8"><span class='ocrx_word' id='word_1_943' title='bbox 1114 2581 1209 2616; x_wconf 84' lang='lat' dir='ltr'><strong>putas?</strong></span> <span class='ocrx_word' id='word_1_944' title='bbox 1223 2581 1349 2614; x_wconf 55' lang='lat' dir='ltr'><strong>Quanam</strong></span> <span class='ocrx_word' id='word_1_945' title='bbox 1365 2580 1423 2608; x_wconf 70' lang='lat' dir='ltr'><strong>haec</strong></span> <span class='ocrx_word' id='word_1_946' title='bbox 1438 2580 1575 2607; x_wconf 84' lang='lat' dir='ltr'><strong>amentia?</strong></span> <span class='ocrx_word' id='word_1_947' title='bbox 1588 2580 1716 2607; x_wconf 86' lang='lat' dir='ltr'><strong>Oruatum</strong></span> <span class='ocrx_word' id='word_1_948' title='bbox 1731 2578 1758 2605; x_wconf 89' lang='lat' dir='ltr'><strong>in</strong></span> <span class='ocrx_word' id='word_1_949' title='bbox 1775 2576 1900 2605; x_wconf 80' lang='lat' dir='ltr'><strong>interiora</strong></span> 
     </span>
    </p>
   </div>
   <div class='ocr_carea' id='block_1_114' title="bbox 1113 2624 1901 2661">
    <p class='ocr_par' dir='ltr' id='par_1_114' title="bbox 1113 2624 1901 2661">
     <span class='ocr_line' id='line_1_114' title="bbox 1113 2624 1901 2661; baseline -0.008 -7"><span class='ocrx_word' id='word_1_950' title='bbox 1113 2632 1188 2655; x_wconf 89' lang='lat' dir='ltr'><strong>verte</strong></span> <span class='ocrx_word' id='word_1_951' title='bbox 1197 2647 1205 2659; x_wconf 88' lang='lat'><strong>,</strong></span> <span class='ocrx_word' id='word_1_952' title='bbox 1219 2632 1246 2654; x_wconf 89' lang='lat' dir='ltr'><strong>et</strong></span> <span class='ocrx_word' id='word_1_953' title='bbox 1262 2627 1399 2661; x_wconf 86' lang='lat' dir='ltr'><strong>torquibus</strong></span> <span class='ocrx_word' id='word_1_954' title='bbox 1412 2627 1464 2654; x_wconf 91' lang='lat' dir='ltr'><strong>illis</strong></span> <span class='ocrx_word' id='word_1_955' title='bbox 1475 2626 1591 2653; x_wconf 80' lang='lat' dir='ltr'><strong>animant</strong></span> <span class='ocrx_word' id='word_1_956' title='bbox 1605 2625 1750 2652; x_wconf 80' lang='lat' dir='ltr'><strong>circumda.</strong></span> <span class='ocrx_word' id='word_1_957' title='bbox 1765 2624 1831 2651; x_wconf 84' lang='lat' dir='ltr'><strong>Nam</strong></span> <span class='ocrx_word' id='word_1_958' title='bbox 1843 2630 1901 2657; x_wconf 76' lang='lat' dir='ltr'><strong>qua:</strong></span> 
     </span>
    </p>
   </div>
   <div class='ocr_carea' id='block_1_115' title="bbox 1114 2669 1902 2707">
    <p class='ocr_par' dir='ltr' id='par_1_115' title="bbox 1114 2669 1902 2707">
     <span class='ocr_line' id='line_1_115' title="bbox 1114 2669 1902 2707; baseline -0.008 -7"><span class='ocrx_word' id='word_1_959' title='bbox 1114 2675 1214 2701; x_wconf 91' lang='lat' dir='ltr'><strong>circum</strong></span> <span class='ocrx_word' id='word_1_960' title='bbox 1226 2680 1322 2707; x_wconf 88' lang='lat' dir='ltr'><strong>corpus</strong></span> <span class='ocrx_word' id='word_1_961' title='bbox 1337 2676 1469 2707; x_wconf 89' lang='lat' dir='ltr'><strong>ponuntur</strong></span> <span class='ocrx_word' id='word_1_962' title='bbox 1479 2692 1486 2704; x_wconf 87' lang='lat'><strong>,</strong></span> <span class='ocrx_word' id='word_1_963' title='bbox 1500 2679 1587 2707; x_wconf 85' lang='lat' dir='ltr'><strong>neque</strong></span> <span class='ocrx_word' id='word_1_964' title='bbox 1601 2670 1635 2698; x_wconf 82' lang='lat' dir='ltr'><strong>ad</strong></span> <span class='ocrx_word' id='word_1_965' title='bbox 1648 2669 1840 2701; x_wconf 87' lang='lat' dir='ltr'><strong>valetudinem,</strong></span> <span class='ocrx_word' id='word_1_966' title='bbox 1854 2675 1902 2694; x_wconf 84' lang='lat' dir='ltr'><strong>nc-</strong></span> 
     </span>
    </p>
   </div>
   <div class='ocr_carea' id='block_1_116' title="bbox 1113 2714 1901 2755">
    <p class='ocr_par' dir='ltr' id='par_1_116' title="bbox 1113 2714 1901 2755">
     <span class='ocr_line' id='line_1_116' title="bbox 1113 2714 1901 2755; baseline -0.009 -9"><span class='ocrx_word' id='word_1_967' title='bbox 1113 2728 1165 2755; x_wconf 88' lang='lat' dir='ltr'><strong>quc</strong></span> <span class='ocrx_word' id='word_1_968' title='bbox 1183 2720 1216 2747; x_wconf 83' lang='lat' dir='ltr'><strong>ad</strong></span> <span class='ocrx_word' id='word_1_969' title='bbox 1231 2720 1341 2747; x_wconf 80' lang='lat' dir='ltr'><strong>formam</strong></span> <span class='ocrx_word' id='word_1_970' title='bbox 1353 2719 1447 2755; x_wconf 83' lang='lat' dir='ltr'><strong>juvant</strong></span> <span class='ocrx_word' id='word_1_971' title='bbox 1461 2728 1467 2746; x_wconf 89' lang='lat'>:</span> <span class='ocrx_word' id='word_1_972' title='bbox 1484 2726 1536 2746; x_wconf 93' lang='lat' dir='ltr'><strong>non</strong></span> <span class='ocrx_word' id='word_1_973' title='bbox 1555 2719 1658 2753; x_wconf 79' lang='lat' dir='ltr'><strong>nigrum</strong></span> <span class='ocrx_word' id='word_1_974' title='bbox 1672 2717 1760 2744; x_wconf 84' lang='lat' dir='ltr'><strong>album</strong></span> <span class='ocrx_word' id='word_1_975' title='bbox 1777 2714 1901 2745; x_wconf 85' lang='lat' dir='ltr'><strong>reddunt,</strong></span> 
     </span>
    </p>
   </div>
   <div class='ocr_carea' id='block_1_117' title="bbox 1115 2761 1902 2801">
    <p class='ocr_par' dir='ltr' id='par_1_117' title="bbox 1115 2761 1902 2801">
     <span class='ocr_line' id='line_1_117' title="bbox 1115 2761 1902 2801; baseline -0.013 -8"><span class='ocrx_word' id='word_1_976' title='bbox 1115 2774 1201 2801; x_wconf 85' lang='lat' dir='ltr'><strong>neque</strong></span> <span class='ocrx_word' id='word_1_977' title='bbox 1211 2765 1280 2800; x_wconf 89' lang='lat' dir='ltr'><strong>quod</strong></span> <span class='ocrx_word' id='word_1_978' title='bbox 1297 2770 1372 2800; x_wconf 87' lang='lat' dir='ltr'><strong>turpe</strong></span> <span class='ocrx_word' id='word_1_979' title='bbox 1386 2770 1428 2793; x_wconf 90' lang='lat' dir='ltr'><strong>est</strong></span> <span class='ocrx_word' id='word_1_980' title='bbox 1438 2766 1583 2792; x_wconf 89' lang='lat' dir='ltr'><strong>formosum</strong></span> <span class='ocrx_word' id='word_1_981' title='bbox 1598 2763 1725 2791; x_wconf 77' lang='lat' dir='ltr'><strong>efficiunt.</strong></span> <span class='ocrx_word' id='word_1_982' title='bbox 1740 2761 1803 2789; x_wconf 75' lang='lat' dir='ltr'><strong>[hec</strong></span> <span class='ocrx_word' id='word_1_983' title='bbox 1812 2764 1902 2786; x_wconf 85' lang='lat' dir='ltr'><strong>autem</strong></span> 
     </span>
    </p>
   </div>
   <div class='ocr_carea' id='block_1_118' title="bbox 1114 2806 1902 2848">
    <p class='ocr_par' dir='ltr' id='par_1_118' title="bbox 1114 2806 1902 2848">
     <span class='ocr_line' id='line_1_118' title="bbox 1114 2806 1902 2848; baseline -0.01 -8"><span class='ocrx_word' id='word_1_984' title='bbox 1114 2822 1136 2841; x_wconf 80' lang='lat' dir='ltr'><strong>Si</strong></span> <span class='ocrx_word' id='word_1_985' title='bbox 1165 2813 1259 2841; x_wconf 75' lang='lat' dir='ltr'><strong>anima:</strong></span> <span class='ocrx_word' id='word_1_986' title='bbox 1281 2813 1484 2848; x_wconf 84' lang='lat' dir='ltr'><strong>circumponas,</strong></span> <span class='ocrx_word' id='word_1_987' title='bbox 1500 2812 1554 2839; x_wconf 91' lang='lat' dir='ltr'><strong>cito</strong></span> <span class='ocrx_word' id='word_1_988' title='bbox 1569 2811 1640 2839; x_wconf 89' lang='lat' dir='ltr'><strong>illam</strong></span> <span class='ocrx_word' id='word_1_989' title='bbox 1656 2817 1704 2845; x_wconf 89' lang='lat' dir='ltr'><strong>pro</strong></span> <span class='ocrx_word' id='word_1_990' title='bbox 1726 2809 1800 2843; x_wconf 71' lang='lat' dir='ltr'><strong>nigra</strong></span> <span class='ocrx_word' id='word_1_991' title='bbox 1814 2806 1902 2833; x_wconf 76' lang='lat' dir='ltr'><strong>albam</strong></span> 
     </span>
    </p>
   </div>
  </div>
