2036 3119
149 148 197 175 381

149 205 256 237 reddes,
271 212 319 240 pro
333 205 401 240 turpi
415 210 441 231 et
454 204 577 239 deformi,
593 206 729 240 pulchram
744 211 771 234 et
781 206 936 234 formosam.

150 251 207 279 Non
223 258 299 278 meus
319 251 362 278 hic
385 258 475 278 sermo
488 255 546 284 est,
561 251 608 279 sed
620 252 724 279 Domini
748 252 861 280 dicentis
884 261 891 278 :
907 252 938 279 Si

150 299 243 333 fuerint
262 302 365 332 peccata
380 302 460 324 vestra
479 302 506 324 ut
520 298 646 324 coccinum
660 318 666 330 ,
678 303 706 324 ut
726 298 804 325 nivem
818 298 938 325 dealbabo

150 343 226 378 (Is/ii.
241 345 267 371 1.
290 344 351 378 18);
368 349 395 370 01
408 365 414 375 ,
431 343 496 370 1)1110
517 344 700 379 elemosynam
712 365 718 374 .
734 349 756 371 et
769 345 852 371 omnia
872 345 938 371 vobis

150 389 246 415 munda
264 393 338 415 erunt
352 388 424 421 (Luc.
442 390 484 416 11.
498 389 555 424 41).
572 389 599 416 Si
614 390 648 416 ita
661 390 699 416 sis
714 389 807 417 uirecta
821 410 828 422 ,
847 397 897 417 non
913 395 939 417 te

151 434 236 461 solam
249 454 257 467 ,
273 435 319 462 sed
335 435 420 462 virum
437 443 541 470 quoqtte
565 440 638 462 tuum
662 436 806 463 formosum
829 436 937 463 reddes.

151 479 215 507 Nam
240 480 261 506 si
278 485 302 506 te
327 481 414 506 luxum
431 481 608 517 deponentem
630 481 742 514 viderit,
768 490 820 509 uuu
837 483 939 517 magnis

151 532 219 559 opus
232 526 282 552 erit
297 526 445 560 sumptibus
459 535 465 552 :
484 527 545 553 hinc
571 531 659 553 autem
677 526 789 554 habendi
806 528 938 561 cupidita-

153 573 206 597 tem
221 570 353 605 deponet,
369 576 395 597 et
410 571 518 604 pronior
529 572 580 598 erit
593 571 625 598 ad
641 572 835 606 eleemosynam
848 592 855 604 ,
870 577 897 599 et
912 578 939 599 tu

152 614 265 643 ﬁdenter
286 617 384 650 poteris
411 617 447 643 illi
464 624 493 644 ea
514 624 573 651 qua:
597 617 694 644 decent
717 617 840 644 suadere.
865 617 940 645 Nunc

152 666 240 688 autem
255 682 260 690 .
277 669 292 686 o
309 669 354 687 vos
373 662 496 689 mulieres
507 683 514 695 ,
531 669 583 689 non
597 670 686 697 parem
704 663 806 690 habetis
822 668 939 698 potesta-

153 710 216 733 tem.
234 708 292 739 Quo
307 714 363 739 ore,
377 715 425 741 qua
441 707 526 735 I'ronte
547 709 674 743 coniuges
695 709 726 735 ad
742 710 938 744 elecmosynam

153 752 321 780 hortabintini
335 775 341 787 ,
357 761 417 782 cum
434 755 576 782 maximam
589 762 667 790 opum
683 760 784 789 partem
798 755 830 782 ad
845 762 938 789 corpo-

655 148 687 176 ΙΝ
705 148 861 176 JOANNEM
879 149 993 177 llOSflL.
1017 151 1098 180 LXX.
1117 152 1152 178 al.
1173 153 1264 181 LXIX.

1730 163 1783 190 38‘!

993 208 1030 234 ris
1041 213 1161 236 ornatum
1171 209 1326 238 insumatis?
1337 212 1403 240 Tum
1416 215 1513 249 poteris
1521 223 1580 243 cum
1595 217 1688 245 ﬁducia
1698 218 1782 247 virum

991 253 1025 280 de
1040 253 1208 290 eleemosyna
1236 257 1355 292 alloqui,
1372 267 1430 286 emn
1456 269 1567 289 aureum
1582 264 1681 291 cultum
1698 266 1782 300 depo-

992 299 1087 326 sueris.
1105 300 1215 328 Etiamsi
1232 310 1295 329 vero
1312 303 1376 331 nihil
1395 306 1520 339 proﬁcias
1531 329 1538 339 ,
1554 309 1624 342 quod
1639 313 1712 337 tuum
1726 299 1783 338 erat

994 348 1076 372 totum
1092 345 1206 380 implesti
1222 356 1227 373 :
1244 348 1298 375 imo
1312 349 1368 376 ﬁeri
1382 353 1473 385 nequit
1487 358 1514 380 ut
1525 353 1597 380 illum
1612 363 1665 383 non
1678 355 1781 390 ﬂectas,

993 398 1052 417 cum
1068 399 1117 426 per
1130 400 1173 419 res
1189 393 1259 428 ipsas
1272 394 1399 429 loqueris.
1423 398 1490 429 Quid
1503 400 1568 426 enim
1589 401 1655 434 scis,
1670 403 1760 429 mulier
1773 423 1780 433 ,

993 444 1025 462 an
1038 437 1117 464 virum
1131 442 1199 464 11111111
1220 440 1316 466 salt-unt
1331 441 1429 474 factum
1443 443 1476 469 sis
1492 444 1528 479 (1.
1547 445 1604 471 Cor.
1618 447 1644 475 7.
1660 447 1702 481 16)
1715 448 1726 475 1
1748 448 1782 476 Ut

993 490 1063 510 nunc
1076 488 1104 510 et
1124 488 1208 517 protr.
1227 489 1253 512 et
1267 493 1314 519 pro
1329 486 1373 512 illo
1389 489 1518 515 rationem
1532 491 1664 518 redditura
1680 500 1710 519 es
1722 502 1729 519 :
1741 493 1782 520 sic

993 528 1014 555 si
1031 528 1119 556 luxum
1132 529 1282 565 lmjnsmodi
1294 531 1423 565 deponas,
1434 533 1565 567 duplicem
1577 543 1704 564 coronam
1715 544 1780 564 cnu-

994 573 1130 608 sequeris,
1146 582 1205 601 011111
1222 575 1278 602 viro
1292 582 1418 605 coronata
1439 584 1467 605 et
1488 579 1602 614 gloriosa
1617 589 1664 615 per
1680 582 1780 609 inﬁnita

994 618 1038 647 illa
1053 620 1147 646 saecula
1160 641 1167 653 ,
1182 625 1208 648 et
1220 622 1327 649 aeternis
1343 623 1431 650 11110115
1455 625 1549 653 bonis:
1565 634 1625 660 111110
1649 635 1698 654 1105
1721 636 1779 655 om-

995 672 1042 691 nes
1064 666 1168 701 assequi
1183 668 1335 702 contingat,
1351 670 1432 704 gratia
1448 676 1474 697 et
1495 671 1658 707 benignitate
1677 673 1781 701 Domini

995 712 1077 738 nostri
1093 711 1155 740 Jesu
1170 712 1284 746 Christi,
1300 715 1343 742 cui
1359 716 1441 751 gloria
1457 718 1482 745 iu
1498 719 1595 745 saecula
1610 720 1780 747 seculorum.

996 756 1090 783 Amen.

813 825 1747 840 ..η-..Ἣ

806 854 973 884 ΗΟΜΙΙᾸᾹ
995 855 1096 886 LXX.

151 926 215 954 CAP.
246 927 286 954 15.
323 935 347 952 \'.
368 927 389 953 l.
419 926 482 953 Ante
506 926 571 953 diem
605 926 692 960 festum
720 925 838 957 PtISC/llll,
864 925 939 953 Iesus

191 974 272 1001 sciens
282 974 339 1007 quia
353 974 415 999 venit
427 973 489 999 liora
502 973 566 1008 ejus,
578 977 604 999 ut
618 977 726 999 transeat
742 981 772 998 ex
787 973 831 998 hoc
846 972 939 998 1111111110

188 1019 222 1045 1111
236 1018 349 1048 Patrem.
361 1027 417 1044 cum
428 1018 554 1044 dilexisset
567 1026 635 1049 suos,
653 1018 695 1052 qui
713 1023 782 1044 erant
795 1017 820 1043 in
835 1017 937 1050 1111111110,

188 1065 213 1091 in
228 1065 302 1098 ﬁnem
321 1064 408 1090 dileail
429 1072 480 1090 eos.

191 1110 215 1136 1.
239 1108 353 1137 Christus
375 1108 445 1135 nobis
468 1107 606 1142 cremplar.
635 1108 721 1142 Ipsius
742 1116 803 1143 erga
825 1107 939 1134 inimicos

153 1155 339 1190 benignitas.—-
349 1153 493 1181 Imitatores
506 1154 554 1180 inci
568 1158 653 1185 estote,
672 1154 755 1189 inquit
769 1153 876 1186 Paulus,
891 1153 940 1179 sio-

152 1206 215 1228 utet
232 1210 276 1236 ego
291 1201 381 1227 Christi
397 1201 442 1234 (1.
455 1199 513 1227 Cor.
531 1200 573 1226 11.
590 1198 633 1235 1).
649 1199 710 1226 Ideo
724 1199 793 1226 enim
807 1207 838 1226 ex
854 1206 938 1225 massa

155 1252 245 1274 nostra
268 1254 373 1273 carnem
398 1246 518 1280 accepit,
542 1250 569 1272 ut
587 1253 635 1279 per
661 1252 718 1271 cam
743 1251 791 1271 nos
814 1245 938 1271 virtutem

151 1293 269 1319 doceret.
287 1291 320 1317 In
334 1291 539 1322 similitudinem,
564 1291 663 1325 inquit,
678 1290 760 1316 carnis
781 1290 896 1324 peccati,
918 1295 940 1315 01

152 1339 183 1364 110
197 1343 307 1371 peccato
322 1342 448 1372 peccatum
463 1337 489 1363 in
504 1345 578 1363 carne
593 1337 720 1363 damnavit
736 1335 823 1370 (Ποηι.
849 1336 874 1363 8.
893 1335 918 1370 5)
933 1346 938 1365 ς

153 1384 263 1418 ipseque
286 1382 406 1410 Christus
431 1384 467 1409 ait
486 1391 493 1409 :
517 1380 610 1409 Discite
627 1391 640 1408 a
657 1390 710 1414 nte,
726 1383 784 1416 quia
798 1382 864 1408 utilis
885 1390 938 1407 sum

152 1435 174 1456 et
190 1430 292 1456 Immitis
311 1429 385 1456 corde
408 1428 512 1464 (.llattlt.
540 1428 584 1454 11.
607 1427 663 1462 9.9).
688 1427 749 1454 lltec
773 1434 824 1454 non
852 1426 939 1453 verbis

153 1480 255 1502 tantum
269 1495 275 1506 ,
294 1474 341 1501 sed
357 1480 382 1500 et
407 1474 486 1501 rebus
508 1473 608 1501 docuit.
622 1473 688 1500 Nam
702 1477 728 1500 et
742 1473 937 1501 Samaritauum

153 1526 180 1548 et
204 1521 397 1546 da'mouiacum
424 1520 509 1554 ipstun
532 1519 682 1550 vocabant,
698 1522 724 1545 et
747 1518 913 1551 deeeptorcm
930 1538 936 1550 ,

154 1566 309 1600 lapidesque
324 1567 350 1592 in
366 1567 449 1599 ipsum
461 1565 595 1599 jar-iebant
609 1573 615 1590 τ
631 1569 658 1591 et
673 1571 743 1592 nunc
768 1564 873 1599 quidem
889 1565 939 1590 tui—

154 1613 253 1639 nistros
274 1612 406 1638 miserunt
421 1609 546 1637 Pbarismi
560 1629 567 1640 ,
583 1615 611 1636 111
625 1610 698 1636 illum
714 1613 853 1644 caperent;
870 1615 940 1636 nunc

153 1659 220 1684 alios
245 1657 415 1692 subjccerunt
441 1657 609 1683 insidiatores
633 1665 639 1682 :
668 1656 716 1689 ipsi
741 1661 845 1690 quoque
869 1662 940 1690 smpe

153 1703 330 1730 contumelias
344 1703 492 1729 inferebant
503 1723 509 1733 ,
525 1709 585 1729 011111
601 1706 687 1728 tamen
705 1701 767 1728 nihil
794 1701 899 1728 adesset
913 1701 938 1727 in

153 1757 206 1783 quo
220 1753 378 1776 accusarent
392 1749 492 1781 ipsum,
509 1748 556 1775 sed
572 1748 699 1775 beneﬁcia
723 1748 874 1782 frequenter
894 1755 939 1775 ac-

153 1795 283 1829 ciperent.
300 1794 488 1821 Verumtamen
513 1798 571 1828 post
592 1793 649 1820 111110
671 1798 740 1820 tanta
754 1815 760 1825 ,
779 1801 830 1820 non
856 1797 941 1820 cessat

153 1849 201 1868 eos
227 1845 253 1867 et
277 1841 367 1867 verbis
387 1844 414 1867 ct
436 1840 564 1874 operibus
578 1839 671 1873 iurare
687 1847 693 1866 :
708 1842 735 1866 et
750 1846 808 1865 eum
825 1846 839 1865 a
863 1845 940 1865 servo

154 1887 268 1922 quodam
282 1886 440 1916 mederetur.
451 1886 487 1912 ait
501 1894 507 1911 :
523 1884 554 1912 Si
567 1886 631 1912 male
645 1885 761 1920 loquutus
783 1893 837 1911 sum
847 1905 854 1916 ,
872 1885 940 1911 testi-

155 1936 267 1962 monium
280 1934 380 1968 per/tibc
391 1934 420 1959 110
436 1933 522 1964 malo;
537 1933 557 1959 si
573 1937 656 1958 autem
671 1933 730 1958 bene
741 1952 749 1964 ,
764 1932 823 1965 quid
839 1940 876 1958 1110
891 1939 941 1958 110-

156 1982 195 2008 dis
210 1980 299 2016 (Joan.
316 1980 359 2008 18.
374 1979 442 2014 25)?
459 1978 553 2005 Verum
568 1978 625 2005 11100
637 1977 749 2005 inimicis
764 1982 789 2004 ct
803 1977 941 2004 insidiato-

157 2027 230 2053 ribus
252 2025 327 2052 dixit.
345 2025 486 2051 Videamus
501 2029 603 2055 autem,
621 2023 681 2058 quid
697 2031 765 2050 nunc
788 2023 865 2049 faciat
880 2030 940 2056 erga

156 2071 311 2105 discipulos;
324 2072 376 2096 itno
386 2077 443 2103 qua:
456 2076 524 2096 nunc
535 2068 660 2095 exhibeat
671 2075 731 2103 erga
747 2068 937 2094 insidiatorem.

156 2117 206 2150 Qui
223 2117 294 2144 enim
309 2116 427 2142 omnium
455 2115 567 2141 maxime
587 2114 647 2141 odio
664 2113 758 2148 dignus
780 2117 854 2145 erat,
881 2112 940 2147 quia

157 2170 217 2190 cum
233 2160 378 2195 discipulus
395 2165 420 2186 et
435 2166 533 2186 meusre
557 2166 667 2185 consors
682 2162 771 2189 esset,
785 2165 844 2184 eum
861 2158 942 2184 mira-

156 2207 216 2234 cula
230 2207 340 2233 νίἀὶηςυι
352 2227 359 2238 ,
376 2210 401 2232 01
417 2210 455 2231 tot
478 2205 601 2239 dignatus
614 2208 685 2230 essi-t
700 2203 872 2235 muneribus,
893 2203 942 2230 de-

157 2252 264 2279 terrima
279 2251 396 2280 omnium
412 2250 472 2276 fecit
487 2259 492 2276 :
508 2257 559 2276 non
574 2249 703 2282 lapidibus
713 2269 721 2281 ,
738 2256 790 2275 tton
807 2253 945 2276 contume-

157 2298 199 2325 liis
224 2297 354 2331 impetiit,
376 2295 422 2323 sed
440 2295 511 2321 illum
536 2294 650 2328 prodidit
673 2303 679 2321 :
706 2294 776 2321 ltunc
798 2302 860 2320 vero
884 2294 943 2320 vide

157 2350 238 2378 quam
260 2342 374 2377 benigne
395 2341 519 2375 excipiat.
546 2340 621 2367 Lavit
646 2340 704 2374 ejus
728 2339 827 2374 pedes,
852 2345 879 2366 ut
895 2339 945 2365 hoc

158 2389 247 2416 cilicio
263 2389 348 2422 ipsum
365 2387 502 2415 cohiberet
523 2394 538 2414 a
553 2390 623 2413 tanta
640 2387 767 2420 nequitia.
792 2386 869 2421 Atqui
895 2394 942 2421 po-

159 2438 228 2461 terat
243 2434 329 2467 ipsum
343 2433 410 2459 sicut
426 2433 502 2459 licunt
528 2431 677 2464 arefacere,
693 2432 713 2458 si
737 2431 862 2458 voluisset
876 2453 882 2465 ,
901 2431 943 2458 vel

160 2479 311 2506 discindere
334 2478 402 2504 sicut
416 2481 503 2511 petras
517 2476 639 2509 discidit,
653 2480 680 2503 et
694 2477 762 2503 sicut
778 2476 838 2503 item
857 2477 943 2503 velum

159 2524 250 2559 templi
273 2523 388 2550 discidit.
411 2522 508 2549 Verum
524 2522 609 2549 noluit
623 2523 662 2554 vi,
685 2523 731 2549 sed
749 2523 882 2557 proposito
897 2531 944 2550 vo-

159 2569 268 2595 luntatis
282 2576 295 2593 a
313 2567 460 2601 proditione
471 2566 612 2594 abducere.
630 2567 691 2594 ideo
707 2567 768 2593 lavit
784 2568 841 2601 ejus
853 2568 942 2601 pedes.

158 2615 249 2649 Neque
270 2613 320 2640 hac
334 2613 366 2640 de
389 2621 417 2639 re
432 2613 536 2640 erubuit
550 2613 639 2640 infelix
662 2617 689 2640 et.
705 2614 784 2640 miser
800 2614 853 2640 ille.
878 2616 945 2641 Ante

158 2661 224 2688 diem
246 2661 337 2695 [01111111
360 2658 465 2685 Pascha:
480 2679 486 2690 ,
502 2658 594 2693 inquit,
610 2659 689 2687 sciens
705 2658 780 2686 Jesua
801 2660 859 2694 quia
881 2660 944 2687 venit

159 2706 222 2732 liora
237 2707 301 2740 ejus.
325 2705 381 2732 Non
399 2711 460 2731 tunc
484 2706 596 2739 primum
618 2706 708 2737 scivit.
729 2707 776 2733 sed
800 2713 860 2733 cum
884 2706 942 2734 fecit

161 2752 185 2778 id
202 2752 271 2787 quod
290 2751 367 2782 fecit,
382 2751 435 2783 iam
451 2751 514 2778 olim
531 2751 640 2778 sciebat.
655 2751 687 2779 Ut
702 2758 821 2779 transeat.
843 2753 944 2788 Magni-

161 2797 209 2824 ﬁce
231 2797 392 2832 evangelista
417 2797 555 2823 transitum
569 2797 626 2830 ejus
641 2802 751 2825 mortem
769 2804 855 2825 vocat.
880 2799 943 2826 Cum

159 2843 288 2870 dilexisset
307 2851 378 2872 suos.
392 2843 418 2868 in
437 2844 512 2875 ﬁnem
529 2843 616 2870 ditarit
629 2851 679 2870 eos.
699 2844 790 2872 Videu‘
812 2848 943 2880 quomodo

318 2892 452 2922 PATHOL.
478 2895 534 2923 (in.
565 2895 641 2924 ΗΧ.

997 926 1140 955 relicturus
1165 936 1211 955 eos
1238 929 1463 958 vehementiorem
1491 940 1609 960 antorem
1635 934 1782 961 exhibeat?

995 971 1061 1000 lllud
1077 974 1146 1000 enim
1156 995 1162 1006 ,
1178 974 1240 1001 Cum
1254 975 1382 1004 dilexisset
1396 986 1466 1009 suos,
1483 979 1508 1005 in
1523 979 1600 1013 liuent
1615 980 1703 1007 tlilratit
1718 988 1760 1007 eos
1772 1002 1780 1012 ,

994 1017 1046 1045 hoc
1056 1019 1185 1054 signiﬁcat
1202 1030 1208 1047 :
1225 1022 1288 1049 nihil
1302 1025 1471 1057 praetermisit
1486 1033 1577 1052 eorum
1589 1033 1647 1060 qua
1657 1026 1758 1054 ardenti
1770 1035 1783 1054 r

993 1071 1126 1092 amantem
1142 1073 1248 1101 oportet
1270 1068 1367 1097 facere.
1390 1070 1444 1096 Cur
1468 1079 1519 1097 non
1542 1079 1555 1097 a
1580 1072 1709 1107 principio
1732 1073 1782 1100 hoc

995 1109 1056 1137 fecit
1069 1111 1080 1137 ?
1095 1111 1192 1146 Majora
1208 1113 1234 1140 in
1253 1118 1377 1142 extremo
1392 1115 1463 1148 facit,
1480 1121 1508 1142 ut
1529 1123 1620 1143 eorum
1643 1118 1780 1145 caritatem

994 1163 1098 1192 augeat,
1113 1162 1139 1184 et
1161 1166 1285 1193 magnum
1303 1160 1376 1188 indat
1403 1161 1520 1188 animum
1536 1161 1568 1188 ad
1592 1162 1676 1189 futura
1693 1162 1781 1197 perfe-

994 1202 1074 1229 renda
1089 1203 1168 1230 mala.
1181 1203 1250 1231 Suos
1263 1209 1351 1233 autem
1365 1205 1429 1233 dicit
1439 1206 1584 1234 secundum
1597 1207 1781 1235 familiaritatis

993 1248 1143 1280 rationem;
1169 1256 1228 1275 nam
1245 1254 1271 1276 et
1286 1250 1353 1277 alios
1368 1258 1431 1278 suos
1446 1255 1523 1279 vocat
1540 1252 1685 1279 secundum
1702 1261 1779 1279 erea-

994 1293 1090 1319 tinnetn
1105 1302 1112 1324 ;
1127 1299 1153 1320 ut
1168 1302 1227 1321 cum
1245 1295 1318 1328 dicit,
1337 1295 1385 1322 Sui
1400 1305 1453 1323 cum
1468 1305 1518 1323 non
1530 1301 1676 1332 receperunt
1691 1297 1779 1333 (Joan.

997 1338 1018 1363 1.
1036 1338 1090 1372 il).
1118 1338 1184 1371 Quid
1209 1340 1257 1366 sibi
1284 1340 1338 1367 \'ult
1354 1340 1428 1372 illud.
1447 1341 1497 1374 Qui
1519 1347 1591 1367 erant
1613 1342 1639 1368 in
1661 1342 1782 1368 mundo?

993 1383 1057 1416 Quia
1072 1385 1110 1411 sui
1127 1391 1203 1411 erant
1219 1387 1296 1413 etiam
1309 1387 1415 1419 mortui,
1432 1386 1576 1420 Abraham,
1592 1386 1674 1420 lsaac,
1685 1387 1779 1420 Jacob,

994 1429 1110 1464 ipsisque
1123 1431 1221 1458 similes
1235 1439 1241 1464 ;
1258 1432 1304 1458 sed
1320 1432 1345 1458 hi
1358 1439 1410 1458 non
1424 1433 1448 1458 in
1464 1433 1562 1460 mundo
1576 1438 1662 1460 erant.
1687 1432 1782 1460 Videu‘

994 1482 1053 1502 eum
1067 1482 1125 1502 0550
1139 1475 1221 1503 Ι)011111
1234 1481 1260 1502 01
1276 1477 1372 1504 veteris
1387 1482 1413 1504 ct
1427 1484 1502 1504 nova:
1513 1477 1600 1512 legis?
1615 1477 1683 1511 Quid
1697 1478 1780 1513 signi-

994 1520 1054 1547 ﬁcat
1070 1520 1142 1554 illud,
1162 1521 1193 1547 lu
1208 1522 1283 1556 [iacnt
1296 1522 1383 1548 11110ςεὶ1
1397 1530 1437 1549 eos
1447 1522 1460 1549 ?
1484 1522 1510 1549 ld
1524 1527 1574 1555 est,
1590 1530 1678 1549 amare
1690 1530 1781 1558 [1015οι

994 1566 1111 1599 veravit,
1129 1573 1160 1592 ac
1175 1565 1300 1593 ferventis
1325 1567 1424 1594 amoris
1439 1567 1542 1602 signum
1560 1568 1610 1595 hoc
1626 1575 1685 1594 esse
1705 1567 1778 1594 dicit.

991 1610 1072 1644 Atqui
1096 1611 1165 1637 aliud
1191 1611 1252 1638 alibi
1266 1612 1388 1644 dixerat,
1405 1612 1518 1639 animam
1532 1620 1607 1640 suam
1630 1620 1659 1640 se
1682 1620 1780 1648 pauere

994 1664 1042 1691 pro
1062 1657 1154 1684 amicis
1179 1658 1245 1684 suis.
1268 1657 1319 1688 Sed
1339 1659 1465 1691 nondum
1481 1658 1532 1686 hoc
1555 1659 1695 1686 acciderat.
1727 1658 1782 1687 Cur

994 1706 1082 1729 autem
1096 1702 1146 1729 hoc
1158 1711 1227 1730 nunc
1241 1703 1321 1731 fecit?
1335 1704 1399 1738 Quia
1414 1704 1439 1731 id
1451 1704 1528 1740 longe
1542 1704 1688 1732 mirabilius
1704 1710 1759 1732 erat
1771 1725 1779 1738 ,

993 1748 1098 1782 quando
1114 1753 1165 1775 tam
1181 1749 1340 1785 conspicuus
1355 1750 1422 1784 apud
1440 1757 1532 1778 omnes
1545 1758 1605 1778 esse
1619 1751 1758 1778 videbatur
1771 1771 1780 1782 .

993 1800 1043 1820 nec
1054 1801 1160 1828 parram
1175 1795 1384 1822 consolationem
1396 1795 1571 1823 abscessurus
1585 1795 1702 1831 reliquit.
1715 1796 1780 1828 Quia

995 1839 1064 1866 enim
1083 1833 1106 1868 in
1121 1847 1236 1867 mmrore
1254 1840 1403 1868 vehementi
1420 1841 1499 1868 futttri
1519 1845 1606 1874 erant,
1624 1849 1713 1876 parem
1732 1842 1782 1869 illis

994 1885 1203 1914 consolationem
1221 1886 1330 1913 inducit.
1345 1886 1372 1912 εὶ.
1390 1886 1422 1913 Et
1436 1895 1504 1913 coena
1517 1888 1585 1921 facta
1597 1907 1605 1918 ,
1619 1895 1675 1913 cum
1695 1887 1783 1913 diabo-

995 1929 1034 1956 lus
1053 1931 1109 1964 jam
1131 1931 1235 1957 misisset
1251 1932 1275 1958 in
1289 1939 1331 1958 cor
1347 1952 1353 1964 ,
1370 1936 1398 1958 ut.
1412 1932 1520 1958 traderet
1539 1940 1594 1958 eum
1609 1931 1703 1958 Judas.
1727 1932 1783 1960 Hoc

995 1975 1060 2002 dicit
1077 1977 1212 2010 pet'culsus
1227 1977 1388 2011 evangelista
1401 1997 1408 2010 ,
1425 1985 1537 2004 narrans
1552 1978 1686 2012 quomodo
1701 1978 1783 2013 pedes

996 2020 1063 2055 ejus,
1079 2022 1121 2056 qui
1139 2023 1223 2056 ipsum
1238 2023 1348 2057 prodere
1359 2023 1519 2055 instituerat,
1532 2023 1637 2050 laverit.
1650 2023 1782 2057 lugentem

998 2074 1076 2100 porro
1089 2067 1146 2102 ejus
1161 2068 1305 2101 nequitiam
1321 2068 1447 2103 ostendit,
1463 2067 1533 2103 quod
1547 2075 1596 2095 nec
1611 2076 1709 2095 mensae
1724 2075 1784 2095 con-

996 2113 1106 2139 sortium
1132 2113 1217 2147 ipsum
1243 2113 1413 2146 cohibuerit,
1429 2121 1488 2148 quze
1510 2121 1553 2141 res
1577 2113 1692 2141 maxime
1715 2113 1785 2140 solet

997 2158 1123 2184 malitiam
1149 2159 1306 2192 continere,
1323 2167 1371 2186 nec
1394 2159 1508 2186 suaserit
1531 2159 1568 2186 illi
1593 2164 1622 2186 ut
1646 2166 1729 2194 usque
1750 2160 1784 2187 ad

998 2203 1118 2230 ultimum
1134 2204 1205 2231 diem
1230 2211 1290 2230 eum
1312 2203 1437 2239 Magistro
1452 2212 1481 2231 se
1496 2209 1638 2239 super-inte
1655 2211 1783 2233 maneret.

996 2249 1022 2276 5.
1040 2249 1128 2276 Sciens
1143 2254 1226 2276 autent
1237 2249 1322 2284 Jesus,
1334 2250 1392 2284 quia
1407 2251 1492 2276 omnia
1512 2249 1617 2276 tradidit
1630 2251 1652 2277 ei
1667 2249 1744 2276 Pater
1758 2251 1785 2277 in

996 2303 1102 2327 manus,
1119 2300 1142 2322 et
1157 2295 1216 2330 quia
1237 2303 1252 2321 11
1267 2294 1320 2321 Deo
1335 2296 1424 2328 exivit,
1439 2300 1460 2322 01
1475 2296 1508 2322 ad
1530 2295 1613 2322 Deum
1632 2297 1711 2323 vadit.
1736 2296 1785 2324 11Ξο

997 2339 1076 2367 etiam
1093 2339 1267 2367 mirabundus
1292 2340 1354 2368 dicit
1373 2350 1378 2366 :
1394 2340 1459 2367 Cum
1476 2345 1564 2367 tantus
1580 2346 1607 2368 et
1622 2341 1681 2368 talis
1695 2345 1783 2372 05501.

997 2385 1068 2420 quia
1084 2386 1137 2412 Deo
1151 2385 1271 2419 exierat,
1287 2390 1313 2413 et
1335 2386 1368 2412 ad
1395 2385 1476 2412 Deum
1498 2386 1569 2417 ibat,
1594 2386 1637 2421 qui
1662 2386 1785 2412 omnibus

997 2430 1158 2465 imperabat,
1174 2430 1224 2458 hoc
1238 2435 1324 2457 tamen
1339 2430 1409 2463 fecit,
1426 2439 1475 2458 nec
1487 2431 1644 2465 dedignatus
1663 2435 1702 2458 est
1729 2439 1785 2458 rem

999 2477 1076 2503 talem
1095 2477 1213 2512 aggredi.
1228 2477 1295 2504 Cum
1318 2477 1458 2504 tradidisse
1473 2478 1520 2510 ait,
1535 2483 1560 2504 ut
1578 2482 1651 2513 puto,
1668 2477 1784 2504 tideluun

997 2523 1108 2550 salutem
1122 2522 1239 2558 respicit.
1255 2522 1320 2549 Nam
1341 2530 1400 2549 cum
1415 2522 1488 2554 dicit,
1506 2522 1599 2549 Omnia
1618 2522 1680 2549 nti/ti
1693 2522 1786 2548 tradita

997 2574 1055 2596 sunt
1069 2578 1084 2596 a
1102 2569 1179 2596 Patre
1192 2577 1247 2596 meo
1271 2568 1375 2605 (Matt/1.
1401 2568 1443 2594 11.
1469 2568 1526 2602 27),
1543 2570 1576 2595 dc
1599 2567 1651 2594 huc
1665 2567 1784 2594 tradendi

996 2623 1094 2650 genere
1110 2615 1235 2650 loquitur,
1251 2620 1279 2641 ut
1299 2619 1325 2642 et
1346 2614 1410 2641 alibi
1425 2614 1462 2640 ait
1479 2623 1484 2639 :
1511 2613 1559 2640 Tui
1573 2618 1644 2641 erant
1658 2634 1665 2646 ,
1679 2619 1702 2640 et
1723 2613 1785 2639 milu'

997 2671 1038 2689 eos
1052 2662 1140 2690 dedisti
1155 2661 1242 2698 (Jonn.
1259 2662 1302 2688 17.
1318 2660 1362 2696 6);
1378 2665 1404 2688 et
1418 2668 1535 2692 rursum,
1553 2659 1635 2686 Nemo
1649 2664 1728 2695 potest
1742 2667 1784 2688 ω-

998 2708 1050 2734 uirc
1064 2708 1097 2734 1111
1113 2716 1150 2734 1110
1162 2728 1169 2739 ,
1185 2707 1234 2733 nisi
1250 2706 1327 2733 Pater
1341 2707 1444 2734 traxerit
1469 2715 1524 2733 cum
1536 2715 1544 2737 ;
1558 2711 1584 2734 ct
1594 2727 1601 2739 ,
1617 2706 1677 2734 Nisi
1698 2707 1784 2732 datum

996 2755 1027 2780 sit
1042 2753 1064 2780 ei
1079 2754 1109 2780 110
1128 2753 1189 2780 callo
1210 2752 1290 2787 (Ibid.
1306 2751 1331 2779 6.
1349 2753 1392 2785 M;
1409 2758 1431 2779 et
1445 2753 1471 2781 ὃ.
1488 2751 1544 2787 27).
1567 2752 1616 2781 Vel
1638 2753 1686 2779 hoc
1700 2752 1762 2779 dicit
1774 2772 1782 2782 ,

997 2801 1037 2827 vel
1053 2808 1082 2827 se
1094 2800 1157 2827 nihil
1171 2807 1204 2827 ex
1222 2799 1272 2826 hoc
1286 2799 1458 2826 minuendum
1474 2806 1544 2831 esse,
1559 2799 1603 2834 qui
1617 2806 1631 2826 a
1645 2799 1698 2826 1)ου
1709 2798 1783 2826 exie-

996 2847 1050 2879 rit,
1066 2846 1097 2874 ad
1115 2845 1198 2873 Deum
1215 2845 1291 2872 vadat
1310 2850 1336 2872 et
1351 2845 1438 2872 omnia
1461 2844 1606 2872 contineat.
1630 2843 1697 2872 Cum
1718 2850 1780 2869 vero

1580 2895 1618 2924 21
