2036 3119
274 156 328 184 335

281 213 347 240 illud
362 210 465 238 uadere
484 209 577 242 audis,
594 208 660 236 nihil
673 209 817 236 humanum
836 208 1000 244 suspiceris:
1014 207 1063 234 ho-

277 265 368 285 norem
382 256 453 283 enim
465 254 537 282 Patri
550 253 683 282 redditum
697 258 724 282 et
734 253 907 281 concordiam
921 253 1060 288 significat.

273 303 349 330 Sicut
364 302 434 329 enim
451 301 530 328 Pater
557 300 607 335 ipsi
631 299 710 327 tradit
726 321 734 332 ,
750 300 789 326 sic
809 300 867 334 ipse
878 299 969 331 Patri;
991 299 1063 334 quod

273 349 393 376 declarat
416 347 512 375 Paulus
524 346 632 379 dicens,
649 346 712 373 Cum
734 346 866 373 tradiderit
884 354 989 381 regnum
1009 345 1064 372 Deo

274 399 296 422 et
312 394 384 420 Palri
405 394 441 429 (l.
458 393 518 420 Cor.
536 393 579 420 l5.
593 392 651 428 2b).
668 392 716 420 llic
729 396 819 420 autem
831 391 979 419 humaniori
990 398 1064 419 more

273 439 391 473 ioquitur
402 459 410 471 ,
427 437 586 466 ineﬁ‘abilem
607 445 669 473 erga
690 438 750 464 illos
762 437 892 464 exhibens
904 437 1042 464 caritatem
1055 458 1062 469 ,

271 491 386 519 quorum
400 490 492 510 curam
508 487 537 510 ut
549 490 657 510 suorum
671 482 798 518 gerebat,
813 481 914 510 docens
934 481 996 509 illos
1011 481 1062 509 hu-

273 530 413 558 militatem
439 534 551 557 matrem
577 529 727 562 bonorum,
755 536 835 564 quam
859 533 887 556 et
910 528 1014 556 initium
1037 532 1065 556 et

271 576 357 604 ﬁnem
381 577 489 604 virtutis
508 583 569 604 esse
584 576 657 603 dicit.
680 575 735 603 Nec
751 579 851 603 temere
863 575 935 610 jacet
952 575 1026 608 illud,
1041 575 1064 602 Α

276 623 328 650 Deo
341 623 432 655 exivit,
446 627 468 649 et
483 622 517 649 ad
531 622 610 649 Deum
625 622 712 653 vadit;
725 621 772 649 sed
787 626 815 648 ut
827 621 962 649 discamus
976 620 1062 656 ipsum

275 667 354 704 digna
379 667 474 695 fecisse
486 667 545 702 ejus
559 667 604 702 qui
620 667 692 694 illinc
706 667 815 694 esiisset
826 669 854 694 et
875 666 938 694 illuc
953 666 1043 694 ivisset
1053 686 1061 700 ,

274 721 436 750 omnemque
448 713 544 741 fastum
557 713 766 741 conculcavisse.
780 713 806 740 4.
822 712 854 740 Et
867 720 925 740 cum
938 712 1063 740 surrexis-

275 765 312 786 ut
325 768 340 786 n
353 767 422 786 mna
433 780 440 793 ,
456 759 544 794 positis
557 758 674 786 aestibus.

306 805 335 833 3.
358 804 422 832 Vide
435 803 570 839 quomodo
590 811 642 831 non
660 803 772 831 lavando
784 804 870 831 soluat
884 824 891 835 .
911 803 958 831 sed
972 803 1065 830 etalio

267 857 379 885 quoque
393 849 472 878 modo
487 849 664 877 humilitatem
678 849 812 877 exhibeat.
827 848 884 876 Non
895 848 966 876 enim
987 852 1064 875 ante-

271 895 542 931 quamreeumheret.
553 895 600 923 sed
607 900 746 930 postquam
760 902 853 922 otnnes
868 894 1063 927 recubuissent,

262 946 338 969 tunc
358 941 486 969 surrexit.
501 940 603 968 Deinde
617 948 669 967 non
683 939 768 967 solum
783 939 853 966 lavat
866 959 875 972 ,
898 939 945 966 sed
971 938 1063 973 positis

274 987 402 1013 vestibus.
416 985 507 1020 Neque
530 985 571 1013 his
589 990 728 1012 contentus
741 1006 748 1018 ,
769 985 853 1012 linteo
872 992 900 1012 se
915 984 1063 1019 przecinxit.

272 1031 364 1066 Neque
379 1032 404 1059 id
425 1031 490 1058 satis
503 1031 609 1064 habuit,
627 1030 672 1058 sed
687 1031 743 1065 ipse
757 1031 854 1065 pelvim
870 1029 999 1065 implevit,
1014 1037 1061 1057 ne-

275 1085 324 1112 que
343 1076 419 1104 alteri
443 1076 602 1110 implendam
618 1076 725 1103 tradidit
739 1098 746 1108 ,
762 1076 808 1103 sed
823 1076 881 1103 hzec
906 1076 995 1103 omnia
1007 1075 1064 1110 ipse

273 1121 357 1148 facit:
377 1121 418 1148 his
438 1121 561 1148 omnibus
575 1121 719 1148 ostendens
738 1121 795 1148 lucc
816 1128 868 1148 non
885 1120 1064 1156 perfunctorie

274 1167 351 1194 nobis
365 1174 424 1194 esse
446 1166 565 1194 facienda
581 1188 587 1199 .
605 1175 664 1194 cum
684 1172 755 1194 recte
777 1167 886 1195 facimus
901 1188 908 1199 ,
935 1167 981 1194 scd
1004 1175 1064 1194 cum

272 1212 345 1239 omni
360 1212 494 1248 diligentia
509 1217 536 1240 et
551 1213 696 1241 alacritate.
717 1212 828 1240 Videtur
851 1220 931 1248 porro
954 1213 1016 1240 mihi
1031 1214 1064 1241 il-

271 1258 328 1286 Ium
344 1259 488 1294 proditoris
503 1259 617 1294 primum
631 1259 727 1287 lavisse
739 1259 835 1294 pedes.
854 1260 924 1295 quod
940 1259 1038 1287 dixerit
1057 1281 1063 1292 ς

274 1303 290 1331 5
316 1303 396 1339 Capit
416 1305 501 1331 lavare
513 1305 588 1339 pedes
603 1305 786 1338 discipulorum
799 1313 808 1332 :
823 1310 850 1333 et
867 1305 1001 1333 addiderit
1014 1327 1020 1338 ,
1037 1305 1063 1333 6.

278 1348 350 1376 Venit
365 1349 400 1376 ad
411 1349 542 1378 Simonem
554 1349 668 1383 Petrum,
685 1351 727 1386 qui
742 1351 802 1377 dicit
812 1351 834 1377 ei
846 1359 855 1378 :
868 1350 907 1378 Tu
924 1351 985 1378 mihi
997 1352 1064 1379 lavat

274 1394 349 1429 pedes
359 1395 372 1421 .’
385 1394 432 1422 IIis
452 1396 584 1427 manibus,
600 1396 694 1430 inquit,
713 1396 808 1430 quibus
820 1396 911 1424 oculos
924 1397 1063 1432 aperuisti,

276 1441 397 1474 leprosos
412 1440 545 1468 mundasti
557 1461 564 1474 ,
580 1445 699 1469 mortuos
721 1441 877 1469 suscitasti?
893 1441 953 1470 llaec
968 1442 1065 1477 quippe

274 1492 396 1519 magnam
411 1484 510 1513 habent
530 1485 678 1520 emphasim
691 1494 697 1513 ε
712 1493 794 1520 quare
809 1493 860 1513 non
871 1486 923 1513 alio
935 1493 1002 1521 opus
1018 1486 1066 1513 Ita-

276 1529 334 1556 huit
344 1550 351 1561 ,
365 1536 444 1564 quam
459 1530 503 1557 illa
519 1537 593 1563 voce,
610 1530 666 1564 Tu,
683 1538 742 1566 quae
756 1538 804 1566 per
817 1538 846 1558 se
861 1535 943 1558 totum
962 1531 1064 1566 signiti-

272 1579 326 1603 cat.
351 1575 417 1603 Iure
437 1581 525 1603 autem
550 1583 676 1611 quaeras:
697 1577 751 1604 Cur
775 1576 864 1604 nullus
887 1576 956 1604 alius
979 1577 1064 1612 ipsum

273 1621 401 1654 cohibuit,
419 1621 468 1648 nisi
490 1621 584 1649 Petrus
597 1642 604 1654 ,
620 1621 690 1656 quod
713 1629 765 1649 non
782 1622 854 1656 parvi
867 1624 966 1649 amoris
986 1629 1065 1650 reve-

274 1667 421 1702 rentiteque
433 1667 539 1703 signum
553 1666 624 1695 fuit?
639 1667 695 1701 Qua
710 1675 774 1703 ergo
789 1667 822 1694 de
836 1674 916 1695 causa
929 1667 942 1694 τ
955 1667 1065 1696 Videtur

276 1712 341 1740 mihi
365 1713 452 1748 primo
477 1712 623 1748 proditoris
650 1712 732 1748 pedes
755 1713 890 1746 abluisse;
914 1712 1012 1741 deinde
1031 1714 1063 1741 ad

271 1758 383 1787 Petrum
397 1759 503 1787 venisse
515 1779 522 1792 ,
537 1759 657 1794 aliosque
667 1759 794 1794 deinceps
808 1759 958 1787 admonitos
971 1759 1064 1789 fuisse.

272 1804 350 1838 Quod
365 1805 436 1833 enim
451 1804 532 1832 alium
555 1804 705 1840 quempiam
730 1809 792 1832 ante
808 1805 880 1832 illuni
892 1805 987 1833 laverit
997 1826 1005 1838 ,
1018 1813 1065 1841 pa-

274 1850 326 1876 lam
340 1853 381 1878 est
395 1857 428 1877 ex
443 1849 485 1878 his
507 1850 596 1877 verbis
609 1870 616 1883 ,
632 1851 696 1877 Cum
710 1855 798 1878 autem
814 1851 885 1877 vertit
898 1850 931 1878 ad
944 1850 1063 1878 Petrum.

273 1894 327 1922 Sed
342 1902 396 1922 non
418 1899 460 1922 est
478 1894 623 1922 vehemens
645 1900 785 1922 accusator
800 1896 972 1931 evangelista.
998 1895 1064 1924 Illud

269 1941 362 1974 enim,
388 1939 467 1975 Capit
482 1961 489 1974 ,
511 1939 562 1968 hoc
581 1939 740 1969 subindicat.
763 1940 872 1967 Etiamsi
889 1947 954 1968 vero
970 1940 1064 1968 Petrus

275 1987 377 2020 primus
392 1991 462 2013 esset
473 2006 480 2017 .
501 1985 645 2014 verisimile
660 1990 700 2013 est
717 1986 890 2020 proditorem,
903 1991 995 2021 utpote
1014 1993 1062 2021 pe-

273 2031 414 2062 tulantem,
425 2036 487 2059 ante
499 2031 670 2066 coryphzeum
685 2031 851 2059 accubuisse.
865 2032 979 2059 Aliunde
991 2039 1065 2058 nam-

273 2085 325 2112 que
342 2078 400 2112 ejus
421 2077 564 2112 petulantia
583 2077 789 2112 dignoscobatur
801 2098 808 2110 ,
833 2076 939 2112 quando
957 2077 1063 2104 intinxit

268 2131 333 2150 eum
353 2123 486 2158 Magistro,
503 2127 527 2151 et
544 2124 649 2158 quando
664 2123 840 2158 reprehensus
861 2131 913 2150 tton
934 2130 1062 2157 compun-

271 2173 332 2196 ctus
349 2173 399 2195 est.
422 2162 521 2196 Petrus
531 2173 619 2196 autem
638 2168 691 2203 jam
705 2168 788 2196 semel
804 2174 880 2195 antea
894 2168 1044 2202 iucrepatus
1056 2189 1063 2199 ,

275 2214 320 2248 qui
337 2212 381 2239 illa
397 2220 428 2240 ex
442 2212 542 2240 amoris
557 2212 723 2239 vehementia
738 2212 860 2245 dixerat,
877 2212 912 2239 ita
925 2219 1063 2246 repressus

273 2262 328 2290 est,
344 2262 372 2284 ut
384 2258 479 2285 anxius
498 2262 524 2284 et
537 2261 654 2284 tremens
674 2257 759 2284 altero
776 2265 843 2291 opus
857 2252 966 2283 haberet
977 2256 1009 2283 ad
1024 2257 1064 2283 in-

271 2302 482 2337 terrogandum;
498 2301 542 2328 hic
561 2309 624 2328 vero
641 2309 712 2335 smpe
733 2301 911 2334 reprehensus
926 2308 959 2328 ne
981 2302 1064 2328 sensit

270 2347 390 2382 quidem.
405 2347 472 2374 Cum
486 2353 550 2381 ergo
570 2347 687 2374 venisset
708 2346 740 2373 ad
757 2346 863 2373 Petrum
876 2366 883 2378 ,
900 2345 967 2372 Dicit
976 2347 998 2373 ei
1014 2345 1063 2372 Pe-

270 2397 326 2418 trus
337 2400 346 2418 :
363 2391 470 2418 Domine
483 2411 490 2422 ,
507 2396 533 2418 tu
549 2391 609 2417 mihi
623 2391 693 2418 lavas
715 2391 788 2425 pedes
801 2390 813 2416 .7
829 2391 855 2417 7.
872 2391 1009 2425 Respondit
1024 2390 1047 2417 ei
1054 2399 1064 2419 :

275 2437 351 2469 Quod
363 2445 407 2471 ego
423 2436 490 2472 facio
505 2440 530 2462 tu
546 2436 625 2463 nescis
637 2435 710 2462 modo
721 2456 728 2467 ,
740 2435 801 2462 scies
816 2441 898 2462 autem
914 2441 999 2470 postea
1012 2444 1020 2463 :
1037 2436 1062 2463 id

272 2487 325 2515 est,
337 2487 465 2517 quantum
491 2482 552 2508 hinc
565 2481 630 2508 lucri
643 2502 651 2515 ,
667 2486 790 2515 quantam
815 2481 942 2508 doctrina:
962 2482 1061 2509 utilita-

275 2533 339 2559 teru,
355 2532 382 2554 et
394 2532 519 2562 quantam
533 2527 584 2553 hoc
597 2526 629 2554 ad
645 2527 817 2553 lnnuilitutem
831 2535 878 2554 nos
891 2527 988 2555 ducere
1000 2535 1062 2563 posv

273 2575 318 2601 sit.
341 2573 409 2606 Quid
429 2579 494 2608 ergo
508 2572 602 2600 Petrus
615 2572 627 2599 ?
640 2572 734 2600 Adhuc
759 2573 866 2600 cohibet
885 2577 911 2600 ct
932 2573 1015 2600 dicit:
1035 2574 1061 2601 8.

274 2618 299 2645 Ν
303 2626 333 2645 οη
345 2618 440 2645 (anubis
455 2617 516 2644 mihi
526 2617 600 2652 pedes
610 2617 637 2644 in
651 2623 770 2645 internum
792 2618 859 2652 Quid
873 2618 947 2651 facis,
963 2619 1064 2647 Petre?

272 2672 325 2691 non
344 2663 494 2691 recordaris
514 2671 606 2690 eorum
630 2671 688 2699 quae
704 2655 857 2698 prius'dicta
871 2665 954 2691 sunt?
968 2666 1062 2691 Annon

273 2716 333 2736 cum
347 2707 448 2741 dixisti,
467 2707 597 2743 Propitius
611 2713 663 2735 esto
675 2709 729 2739 tibi,
746 2708 853 2740 audisti,
870 2708 938 2736 Vade
948 2713 1003 2743 post
1013 2717 1062 2743 me,

268 2759 362 2781 satana
372 2753 385 2780 2
411 2761 496 2788 neque
519 2753 653 2788 resipiscis
665 2775 672 2787 ,
695 2753 740 2780 sed
757 2753 842 2780 adhuc
857 2753 999 2781 vehemens
1013 2754 1064 2781 es?

276 2799 374 2832 Etiam,
391 2799 494 2834 inquit:
507 2806 550 2826 res
560 2800 629 2827 enim
643 2807 736 2834 magna
752 2804 776 2827 et
793 2805 903 2834 stupore
918 2800 993 2835 plena
1008 2800 1062 2835 agi-

272 2850 327 2873 tur.
342 2845 408 2880 Quia
422 2846 501 2882 igitur
511 2845 536 2873 id
551 2853 582 2874 es
596 2846 620 2874 vi
634 2846 734 2873 amoris
743 2845 868 2880 faciebat,
882 2845 943 2873 hinc
957 2853 1061 2882 quoque

664 153 692 181 S.
714 151 852 180 JOANNIS
871 149 1104 179 ειηιγδοδτωη
1126 151 1282 180 ΛΠΕΪΙΙΕΡ.
1303 153 1569 182 CONSTANTINOP.

1854 158 1905 185 3M

1119 209 1221 245 capitur
1237 218 1252 237 a
1273 210 1390 238 Christo.
1408 210 1442 239 Ut
1464 219 1527 246 ergo
1545 216 1607 239 tunc
1627 211 1798 241 vehementer
1819 215 1904 242 incre-

1119 256 1190 289 pavit
1201 276 1208 286 ,
1224 255 1344 290 dixitque
1355 277 1362 288 ,
1380 255 1537 283 Scandalum
1548 266 1575 284 es
1591 258 1652 284 ηιίΙιὶ
1663 257 1768 293 (Matth.
1785 259 1816 286 Hi
1841 259 1904 290 93):

1117 301 1156 327 sic
1168 306 1193 327 et
1207 301 1258 328 hoc
1271 301 1330 329 Ioco
1343 301 1406 329 dit-it
1417 323 1423 333 ,
1445 301 1504 328 Nisi
1517 303 1600 329 lavero
1615 307 1639 330 te
1652 323 1658 334 ,
1670 312 1720 330 non
1737 305 1838 331 habebis
1849 314 1905 339 par-

1117 351 1166 372 tem
1182 354 1286 373 mecum.
1303 347 1369 381 Quid
1385 355 1448 382 ergo
1464 347 1568 375 fervens
1585 348 1629 376 ille
1643 349 1792 384 ardensque
1807 351 1866 377 vir?
1879 351 1904 377 9.

1119 391 1234 424 Domine,
1243 400 1293 419 non
1308 397 1405 419 tantum
1418 393 1494 428 pedes
1505 401 1581 427 meos,
1593 394 1637 420 sed
1649 399 1672 420 et
1684 403 1775 421 manus
1785 401 1809 422 et
1821 401 1903 430 caput.

1117 436 1275 464 Rccusando
1291 437 1443 470 vehemens.
1460 439 1636 466 concedendo
1650 439 1836 468 vehementior
1847 441 1905 469 efﬁ-

1116 481 1195 509 citur.
1217 482 1363 518 Utrumque
1377 489 1465 511 autem
1487 492 1519 511 ex
1537 492 1629 512 amore
1643 485 1776 520 prodibat.
1791 486 1844 514 Sed
1859 495 1906 514 cur

1116 534 1169 554 non
1183 527 1251 554 dixit
1263 527 1340 556 Iesus
1351 549 1358 561 ,
1373 536 1424 564 qua
1435 529 1468 557 de
1484 537 1564 557 causa
1576 530 1601 557 id
1620 530 1719 558 faceri-t
1734 552 1742 564 ,
1759 532 1806 560 sed
1821 533 1905 560 minas

1116 572 1218 600 addidit
1231 573 1243 599 ἲ
1255 573 1321 607 Quia
1340 574 1384 601 ille
1408 582 1461 601 non
1474 574 1527 602 alio
1548 575 1628 602 modo
1642 583 1744 603 morem
1768 577 1903 612 gessisset.

1116 618 1181 646 Nam
1196 618 1219 646 si
1242 619 1364 648 Christus
1376 620 1504 652 dixisset,
1520 620 1584 648 Sine
1596 629 1603 654 ;
1620 620 1671 649 hoc
1681 623 1752 650 enim
1764 623 1845 650 modo
1859 631 1905 651 vos

1116 663 1218 691 docebo
1238 663 1431 692 humilitatem:
1447 665 1542 693 millies
1563 673 1592 694 se
1612 666 1738 695 humilem
1765 667 1822 696 fore
1845 677 1904 703 pro-

1117 710 1242 743 misisset,
1259 719 1292 739 ne
1307 712 1434 739 Dominus
1451 713 1500 740 hoc
1513 712 1621 740 faceret.
1639 714 1673 740 At
1687 721 1757 741 nunc
1769 714 1831 749 quid
1843 715 1905 743 dicit

1115 754 1239 784 Christus
1251 756 1264 783 ?
1277 756 1353 790 Quod
1368 756 1462 784 Petrus
1474 758 1588 785 maxime
1604 759 1714 786 timebat
1725 780 1732 792 ,
1749 767 1783 787 ne
1796 767 1904 795 separa-

1117 807 1190 828 retur
1206 809 1220 828 a
1234 802 1356 830 Domino.
1378 801 1423 829 Ille
1442 803 1512 830 enim
1527 807 1584 830 erat
1597 804 1642 838 qui
1657 803 1809 840 frequenter
1823 827 1832 839 ,
1846 814 1898 840 quo

1117 847 1176 878 iret,
1192 847 1384 883 interrogabat.
1399 848 1460 876 Ideo
1474 848 1593 882 diccbat,
1607 850 1725 877 Animam
1737 859 1816 878 meum
1836 853 1900 879 dabo

1115 901 1162 928 pro
1172 897 1205 920 te.
1220 892 1288 921 Nam
1302 893 1325 920 si
1344 901 1404 920 cum
1423 895 1535 926 audivit,
1551 895 1626 928 Quod
1638 904 1682 931 ego
1693 897 1759 932 facio
1779 901 1806 923 tu
1826 898 1904 924 πριιιίε

1117 938 1203 971 modo,
1217 939 1279 965 scies
1292 944 1375 966 autem
1388 946 1483 974 postea,
1500 948 1532 967 ne
1543 941 1581 968 sic
1593 941 1698 975 quidem
1710 942 1822 974 abstitit,
1838 943 1905 969 mul-

1117 988 1144 1011 to
1158 985 1245 1011 minus
1262 985 1283 1012 si
1299 985 1428 1012 suivissct.
1442 985 1503 1013 Ideo
1517 986 1582 1013 dixit
1595 1007 1601 1017 .
1619 987 1690 1014 Scirs
1705 992 1786 1014 autem
1798 993 1885 1020 postea
1897 1010 1903 1020 ,

1116 1037 1214 1064 gnarus
1227 1037 1298 1063 eum,
1311 1030 1333 1058 si
1343 1030 1475 1064 scivisset,
1489 1031 1576 1058 adhuc
1589 1038 1796 1067 repugnatur-um
1814 1034 1904 1060 fuisse.

1117 1075 1207 1110 Neque
1217 1075 1284 1102 dixit
1302 1075 1396 1103 Petrus
1407 1096 1414 1109 ,
1433 1076 1502 1104 Doce
1517 1084 1587 1104 nunc
1604 1085 1647 1105 me
1661 1098 1668 1110 ,
1689 1083 1716 1105 ut
1734 1079 1819 1106 sinam
1836 1087 1843 1110 ;
1860 1080 1904 1106 sed

1117 1120 1186 1154 quod
1202 1120 1280 1155 longe
1295 1121 1477 1149 vehementius
1493 1127 1560 1155 erat,
1575 1130 1608 1150 ne
1619 1123 1689 1151 scire
1704 1125 1809 1158 quidem
1825 1126 1905 1152 susti-

1117 1165 1175 1192 nttit
1185 1185 1193 1198 ,
1209 1165 1256 1193 sed
1273 1165 1352 1193 instat
1368 1174 1460 1194 rursus
1473 1176 1480 1193 ί
1497 1166 1556 1194 Non
1569 1168 1664 1196 Iuvabit
1679 1169 1740 1196 milii
1753 1170 1829 1203 pedes
1857 1170 1904 1197 Ubi

1117 1214 1205 1237 autem
1226 1211 1404 1239 comminatus
1426 1217 1486 1245 est,
1510 1213 1598 1240 statim
1621 1214 1710 1240 cessit.
1727 1214 1794 1248 Quid
1818 1221 1904 1242 atucm

1117 1255 1258 1290 signiﬁcat,
1283 1256 1354 1284 Scies
1368 1262 1454 1292 postea
1465 1257 1477 1284 .’
1489 1257 1681 1292 quandouam?
1695 1259 1806 1292 Quando
1819 1259 1844 1285 in
1857 1267 1904 1286 llo-

1117 1302 1189 1330 mine
1204 1309 1264 1330 meo
1276 1302 1406 1329 daemonia
1419 1302 1521 1338 ejicies,
1535 1311 1594 1330 cum
1609 1311 1652 1331 tne
1664 1304 1761 1331 videris
1775 1305 1800 1331 in
1812 1304 1905 1332 caelum

1116 1347 1225 1380 assumi,
1239 1354 1299 1374 cum
1313 1355 1326 1373 a
1340 1347 1438 1383 Spiritu
1453 1348 1576 1376 didiceris
1598 1356 1640 1376 mc
1653 1356 1667 1376 a
1680 1349 1781 1377 dextris
1795 1350 1904 1382 sedere,

1118 1396 1180 1419 tunc
1203 1399 1349 1427 cognosces
1370 1392 1433 1428 quid
1458 1400 1529 1420 nunc
1560 1394 1658 1421 factum
1686 1394 1731 1421 sit.
1753 1394 1823 1428 Quid
1843 1403 1905 1430 ergo

1117 1436 1238 1465 Christus
1251 1437 1263 1464 ἲ
1277 1438 1343 1471 Quia
1357 1437 1451 1465 Petrus
1473 1437 1596 1471 dixerat,
1617 1437 1678 1465 Non
1697 1443 1795 1466 tantum
1809 1440 1883 1474 pedes
1896 1460 1904 1472 ,

1117 1483 1162 1510 sed
1173 1487 1196 1510 et
1212 1491 1300 1510 manus
1312 1487 1335 1510 et
1347 1489 1422 1519 caput
1435 1504 1442 1515 ,
1464 1483 1506 1511 l0.
1523 1483 1573 1517 Qui
1586 1485 1652 1511 lotus
1665 1490 1700 1512 eu
1714 1505 1721 1516 ,
1742 1486 1838 1520 inquit,
1858 1493 1905 1512 non

1117 1528 1211 1564 indiget
1223 1550 1230 1561 ,
1244 1529 1292 1556 nisi
1314 1534 1341 1556 ut
1357 1529 1431 1564 pedes
1446 1529 1509 1556 lauet
1522 1550 1530 1563 ,
1545 1530 1588 1556 sed
1601 1535 1637 1556 est
1657 1530 1766 1558 mundus
1782 1536 1858 1557 totus.
1877 1531 1905 1557 Et

1117 1584 1160 1604 vos
1178 1577 1266 1603 mundi
1293 1577 1351 1604 estis
1365 1577 1384 1610 ',
1402 1576 1446 1603 sed
1467 1584 1517 1604 non
1544 1585 1638 1604 omnes.
1664 1577 1707 1604 Η.
1723 1577 1823 1605 Sciebat
1842 1578 1905 1604 enim

1117 1621 1173 1656 quis
1193 1622 1331 1648 tradi/utut
1345 1627 1406 1649 esset
1425 1630 1491 1648 eum.
1512 1621 1539 1650 Si
1558 1622 1648 1650 mundi
1665 1627 1729 1650 sunt
1742 1644 1748 1655 .
1771 1631 1820 1650 cur
1835 1624 1906 1651 lavas

1118 1666 1199 1701 pedes
1214 1673 1305 1694 eorum
1314 1666 1325 1692 τ
1335 1665 1590 1694 Utnosmodestiam
1596 1666 1759 1695 discamus‘.
1768 1667 1830 1696 Ideo
1837 1668 1905 1702 quod

1118 1713 1274 1740 vilissimum
1295 1712 1475 1739 membrorum
1502 1712 1694 1745 videturesse,
1719 1713 1805 1740 solum
1834 1714 1905 1740 lavit.

1117 1758 1185 1792 Quid
1197 1758 1328 1793 signiﬁcat
1343 1758 1419 1790 illud,
1436 1758 1485 1791 Qui
1502 1758 1569 1786 lotus
1579 1763 1614 1786 est
1627 1758 1640 1785 .’
1652 1758 1679 1786 Id
1693 1763 1749 1790 est.
1766 1759 1810 1794 qui
1826 1767 1907 1794 purus

1118 1808 1168 1832 est.
1182 1803 1249 1831 Num
1261 1804 1298 1830 illi
1314 1803 1370 1838 puri
1384 1809 1473 1837 erant,
1487 1803 1531 1839 qui
1543 1804 1659 1831 nondum
1672 1811 1686 1830 a
1702 1804 1818 1840 peccatis
1833 1805 1906 1832 liberi

1119 1853 1209 1880 erant,
1225 1855 1273 1876 nec
1285 1848 1385 1883 Spiritu
1398 1848 1514 1884 dignati,
1529 1856 1590 1876 eum
1609 1848 1695 1877 adhuc
1709 1854 1847 1884 peccatum
1859 1849 1907 1876 do-

1118 1894 1267 1921 minaretur
1279 1914 1286 1927 ,
1303 1898 1329 1922 et
1343 1894 1538 1922 maledictiOnis
1552 1893 1757 1929 chirographum
1769 1901 1904 1928 maneret,

1119 1938 1231 1966 necdum
1246 1938 1351 1966 victima
1374 1943 1447 1967 esset
1468 1939 1576 1966 oblata?
1589 1938 1728 1973 Quomodo
1748 1939 1828 1975 igitur
1849 1941 1907 1967 illos

1117 1991 1178 2011 esse
1191 1990 1272 2018 puros
1288 1983 1374 2011 dicit?
1389 1984 1485 2012 Verum
1507 1991 1541 2012 ne
1564 1990 1640 2019 putes
1651 2004 1659 2018 ,
1678 1984 1738 2020 quia
1753 1991 1836 2020 puros
1850 1985 1908 2012 illos

1117 2029 1198 2062 dicit,
1212 2036 1272 2056 esse
1287 2036 1396 2064 prorsus
1409 2036 1423 2056 a
1438 2029 1552 2064 peccatis
1575 2029 1673 2057 liberos
1684 2050 1691 2064 ,
1713 2029 1815 2057 addidit
1828 2039 1835 2057 :
1848 2029 1906 2057 lam

1116 2082 1160 2101 vos
1173 2075 1260 2101 mundi
1281 2075 1339 2101 estis
1349 2094 1357 2108 ,
1379 2079 1482 2110 propter
1495 2082 1633 2102 sermonem
1644 2082 1716 2109 quem
1726 2076 1845 2110 loquutus
1852 2083 1906 2102 sum

1116 2120 1184 2146 vobis
1194 2128 1204 2152 ;
1216 2119 1266 2146 hoc
1276 2124 1318 2147 est
1329 2140 1336 2151 ,
1349 2119 1404 2147 Ilac
1416 2124 1517 2146 tantum
1535 2120 1638 2146 ratione
1651 2119 1741 2147 mundi
1757 2120 1834 2147 estis.
1850 2119 1906 2147 Jam

1117 2165 1202 2192 lucem
1222 2165 1360 2200 accepistis
1374 2186 1382 2198 ,
1408 2165 1463 2199 jam
1478 2173 1491 2191 a
1507 2165 1617 2192 Iudaico
1631 2172 1722 2193 errore
1739 2165 1815 2193 liberi
1831 2166 1904 2193 estis.

1117 2210 1182 2238 Nam
1198 2210 1325 2246 propheta
1340 2211 1422 2238 dicit:
1440 2210 1579 2244 Lammini,
1593 2211 1682 2238 mundi
1701 2215 1791 2243 estote,
1805 2211 1904 2247 abjicite

1117 2256 1240 2283 malitiam
1258 2256 1288 2283 ab
1307 2257 1439 2283 animabus
1450 2256 1538 2283 vestris
1551 2255 1628 2292 (luti.
1643 2256 1670 2283 Ι.
1683 2254 1739 2291 16).
1753 2255 1846 2290 Itaque
1863 2256 1904 2290 qui

1118 2301 1176 2328 talis
1189 2306 1238 2333 est,
1252 2302 1321 2328 lotus
1331 2306 1389 2335 est,
1403 2305 1429 2329 et
1441 2309 1533 2336 purus.
1548 2301 1615 2334 Quia
1630 2309 1696 2336 ergo
1706 2308 1814 2328 omnem
1830 2301 1907 2328 mali-

1118 2347 1180 2374 tiam
1204 2347 1238 2374 ab
1257 2348 1344 2374 anima
1369 2351 1545 2382 respuerant,
1559 2352 1587 2374 et
1599 2355 1664 2383 pura
1678 2352 1768 2375 mente
1784 2355 1845 2375 cum
1865 2347 1907 2373 illo

1117 2391 1307 2419 versabantur:
1323 2392 1383 2419 ideo
1395 2393 1541 2420 secundum
1555 2392 1738 2428 propheticum
1755 2399 1905 2419 sermonem

1117 2437 1189 2470 dicit,
1204 2438 1253 2471 Qui
1267 2438 1339 2465 lotus
1361 2442 1416 2469 est,
1432 2437 1486 2472 jam
1507 2437 1621 2464 mundus
1632 2442 1682 2464 est.
1696 2437 1754 2464 Non
1769 2437 1904 2463 lavacrum

1117 2482 1180 2508 illud
1193 2490 1241 2516 per
1263 2489 1359 2517 aquam
1372 2486 1401 2510 et
1411 2482 1551 2509 Iudaicum
1565 2482 1630 2509 dicit
1643 2502 1650 2514 ,
1674 2481 1721 2509 sed
1736 2481 1906 2508 conscientix

1118 2529 1311 2562 purgationem.

1151 2575 1178 2601 5.
1200 2573 1338 2600 I’iduarum
1362 2579 1384 2601 et
1397 2574 1552 2608 pupillorum
1567 2573 1680 2600 habenda
1692 2581 1756 2599 cura
1767 2577 1813 2601 est.
1823 2587 1856 2592 —
1868 2573 1893 2598 Si

1117 2627 1176 2646 nius
1190 2626 1254 2654 ergo
1268 2623 1295 2646 et
1308 2626 1356 2646 nos
1370 2619 1461 2646 mundi
1473 2627 1480 2652 ;
1496 2619 1630 2646 discamus
1641 2618 1710 2646 bene
1726 2617 1825 2645 facere.
1840 2617 1904 2650 Quid

1116 2670 1157 2692 Cal
1182 2665 1249 2692 bene
1265 2664 1373 2692 facere?
1386 2664 1504 2691 Judicate
1517 2664 1625 2699 pupillo,
1638 2663 1765 2698 defendite
1785 2663 1884 2689 uiduam
1896 2669 1905 2687 .-

1116 2718 1138 2737 ει
1150 2711 1239 2743 venite,
1254 2711 1429 2745 disceptentus,
1442 2710 1503 2737 dicit
1517 2709 1643 2736 Dominus
1657 2708 1737 2745 (Ibid.
1755 2709 1778 2735 l.
1794 2708 1835 2734 Π.
1851 2706 1903 2739 l8).

1148 2789 1156 2804 ι
1168 2792 1221 2812 Post
1231 2787 1283 2811 haec
1294 2787 1389 2818 quidam
1401 2790 1454 2811 Mss.
1466 2786 1513 2811 alia
1525 2786 1623 2816 addunt,
1635 2791 1690 2817 quae
1701 2784 1825 2809 habentur
1837 2782 1904 2811 infra,

1118 2817 1309 2850 etconsultnhie
1320 2818 1472 2842 omittuntur.
1520 2846 1536 2850 __
1593 2845 1598 2850 .

1149 2850 1159 2865 ι
1176 2848 1241 2873 Alias
1257 2848 1356 2878 legitur,
1367 2851 1392 2872 ut
1404 2855 1495 2874 μυξη...
1509 2848 1616 2872 distulis.
