2067 3119
166 163 219 191 605

165 220 236 247 ditus
249 223 290 247 est
303 227 308 245 :
322 225 370 252 pro
384 218 444 245 ﬁliis
457 218 513 245 suis
525 218 672 253 deprecans
686 217 791 244 auditus
806 225 858 245 nou
871 218 959 245 esset?

167 255 294 282 Abraham
308 262 358 281 non
373 255 487 290 cognovit
500 261 555 290 nos.
571 253 695 290 Abnegat
709 253 841 290 Abraham
857 253 959 290 alienos

165 290 300 321 moribus,
320 297 383 315 suos
404 288 494 316 autem
516 289 608 319 ducit,
629 294 657 315 ιιι
670 288 736 320 dixi,
755 296 801 315 eos
823 289 867 323 qui
880 289 959 315 alietti

166 325 272 360 quidem
285 329 346 351 sunt
360 325 476 359 generis,
490 325 536 351 sed
548 324 688 360 domestici
702 324 846 360 religionis.
859 323 959 351 ldcirca

141 371 143 373 ι
166 362 260 388 volens
270 360 410 388 ostendere
421 360 555 393 Scriptura
563 359 794 393 .ludreis,qnorum
804 359 863 393 quis
872 367 960 386 mores

168 397 297 423 imitando
316 399 448 425 sectetur,
472 402 563 421 eorum
584 399 616 421 et-
630 395 834 428 appellationem
856 395 958 425 sortiri,

166 433 205 458 sic
215 432 253 458 ait
271 441 277 458 :
290 431 366 457 Pater
379 435 436 456 titus
453 430 625 458 Amorrlireus.
641 435 664 455 et
678 434 757 456 muter
777 435 819 455 tua
834 429 958 460 Chetta'a,

165 474 238 493 soror
253 471 296 491 tua
309 465 449 492 Sodontitis
467 465 572 500 (Em/1.
586 465 628 492 l6.
645 466 671 492 5.
688 465 732 492 45.
745 463 801 500 46).
817 465 884 500 Vide
906 473 960 499 quo

168 506 244 536 pacto
258 501 442 535 cognationem
455 508 485 527 ex
498 500 616 527 moribus
630 500 694 536 ipsis
706 499 858 527 constituat.
869 499 960 536 Quan-

167 535 311 570 doquidem
326 536 417 562 eadem
434 536 553 568 sapiebat
567 543 625 569 quin
638 535 781 562 Sodomitre
793 555 800 567 ,
817 542 894 561 soror
907 535 959 562 So-

165 572 306 599 domorum
322 571 441 603 audivit,
458 571 510 597 lilia
524 571 734 598 Chauanmorum
750 570 849 597 audivit
861 579 868 597 :
880 575 961 604 atque

167 607 202 634 ita
222 606 441 637 demonstrabat,
464 614 515 632 non
530 612 557 632 ut
572 613 656 640 genus
669 605 841 640 justilicaret.
861 606 908 632 sed
935 610 966 634 ut

166 650 256 669 mores
277 641 378 668 honore
392 641 520 668 afﬁceret.
537 641 592 674 Ego
607 648 670 668 vero
685 641 724 668 sic
738 641 877 673 existimo,
891 640 961 668 Cha-

167 685 289 704 ttantetim
313 678 393 703 etiam
413 682 440 703 et
463 676 647 703 Amorrliietim
671 677 856 711 cognationem
881 676 959 703 istaut

166 713 315 747 abnegare;
337 719 452 746 cumque
473 711 569 738 viderit
591 711 687 745 impios
712 712 757 738 Dei
782 711 923 747 bostesﬂet
944 719 960 738 ιι

167 746 266 783 pictaie
280 747 382 774 alienos
393 747 442 783 sibi
453 747 620 779 accedentes,
632 746 756 781 abnegat,
767 754 853 783 neque
864 746 959 783 digna-

167 789 210 809 tur
235 783 402 809 Cliananzeus
431 782 572 816 iutpiorum
600 785 674 816 pater
705 782 841 816 appellari.
871 782 960 814 Quare

166 818 300 853 abnegat?
320 818 347 845 Si
369 817 420 844 hoc
434 817 591 853 imposueris
604 817 755 853 Chanaan
765 821 822 853 ,κει
840 816 957 853 dixeris,

168 852 247 880 l’ater
261 859 321 880 tuus
335 853 509 885 Cltanauaius,
532 856 559 879 et
581 852 639 884 ipse
657 852 729 879 dicet
744 861 750 877 :
768 852 875 879 lliccine
890 852 959 878 lilius

167 896 259 918 meus.
279 889 322 922 qui
344 892 447 922 patrum
469 888 546 914 tidem
568 887 725 922 abnegavit?
746 887 803 922 Ego
826 895 878 914 non
899 894 957 913 sunt

168 923 293 956 infidelis,
307 923 410 950 tametsi
424 922 590 950 Cliauanazus
603 931 609 949 :
621 930 687 950 mea:
700 923 798 958 quippe
810 923 870 958 fidei
882 923 958 949 testi-

167 959 285 986 monium
300 958 372 985 dicet
386 958 533 985 Cliananma
546 978 553 989 ,
577 965 635 991 quze
658 958 756 984 clantat
771 967 777 985 :
791 958 841 984 Fili
855 957 938 984 David
949 977 956 988 ,

167 994 284 1020 miserere
303 994 351 1020 mei
373 993 449 1027 (Luc.
476 993 518 1020 l8.
541 993 596 1027 59).
617 993 655 1019 Ne
676 997 804 1020 vocentttr
825 1001 888 1027 ergo
912 993 959 1019 ﬁlii

166 1029 377 1056 Chananieornm
387 1038 394 1062 ;
405 1036 457 1056 non
466 1029 538 1055 enim
551 1029 628 1055 fidem
637 1028 793 1056 Chananzcii:
803 1033 957 1055 servarunt:

167 1069 295 1091 vocentur
306 1064 353 1091 ﬁlii
372 1064 486 1098 lapidum
503 1068 582 1098 atque
595 1064 725 1098 lignorum
736 1084 742 1094 ,
759 1065 802 1098 qui
817 1063 909 1090 dicunt
921 1064 959 1090 la-

169 1100 231 1132 pidi,
245 1098 324 1126 Pater
331 1107 401 1126 meus
411 1107 436 1126 es
448 1103 474 1125 tu
485 1107 494 1131 ;
511 1104 532 1125 et
544 1100 623 1134 ligno,
637 1098 675 1125 Tu
687 1107 727 1125 me
734 1099 838 1134 genuisti
853 1099 879 1133 (Ι
883 1107 918 1125 er.
930 1099 956 1125 2.

167 1135 224 1169 27).
247 1134 302 1161 lmo
323 1142 373 1169 ego
395 1134 496 1168 lapides
511 1135 589 1161 etiam
612 1134 729 1160 arbitror
753 1135 904 1168 abnegarc,
927 1142 959 1161 ac

169 1170 237 1204 ligna
246 1171 431 1204 cognationem
442 1169 584 1197 iulidelium
596 1169 747 1203 repudiare.
758 1169 848 1196 Potest
856 1175 882 1196 et
893 1170 959 1203 lapis

168 1213 265 1239 negare
279 1212 310 1232 ac
321 1205 420 1236 dicere,
436 1204 494 1231 Non
510 1209 551 1231 est
565 1204 635 1231 filius
650 1212 735 1237 metis,
754 1204 823 1231 ﬁlius
837 1205 958 1239 impieta-

168 1240 202 1266 tis
212 1249 218 1266 :
229 1248 280 1267 non
295 1244 337 1267 est
352 1240 422 1266 ﬁlius
437 1247 510 1267 meus
523 1260 530 1272 ,
556 1240 623 1266 lilius
644 1240 790 1274 iniquitatis
805 1249 810 1266 :
824 1247 874 1274 ego
887 1241 957 1266 enini

167 1276 272 1302 tametsi
286 1275 351 1309 lapis
365 1282 434 1305 sum,
444 1274 607 1309 Scripturatit
617 1275 703 1301 audivi
713 1275 844 1301 dicentem
855 1283 861 1301 :
873 1275 958 1301 Potest

170 1311 237 1337 Deus
247 1315 270 1337 et
281 1311 312 1337 rte
324 1310 449 1345 lapidibus
458 1311 513 1336 istis
523 1311 642 1336 suscitare
655 1310 722 1343 ﬁlios
735 1310 842 1336 Abt'tl/HE'
851 1310 956 1343 (Matth.

166 1346 194 1373 5.
211 1345 249 1381 9).
268 1346 367 1381 Deinde
381 1353 459 1377 vero,
474 1345 563 1376 ltauc,
579 1345 672 1379 inquit,
689 1353 720 1371 ex
738 1353 848 1379 persona
865 1345 958 1379 lapidis

167 1382 315 1408 orationem
329 1380 442 1414 efﬁngis,
455 1386 481 1407 et
492 1381 608 1414 [cquitnr
621 1381 703 1414 lapis?
718 1381 785 1407 Audi
803 1381 957 1415 prophetam

167 1417 299 1443 dicentem
311 1423 317 1442 :
328 1416 406 1451 Lapis
416 1416 447 1442 de
457 1416 551 1450 pariete
563 1416 677 1451 loquetur
690 1424 730 1447 ea,
742 1420 764 1442 et
777 1415 917 1442 scarabams
928 1416 960 1442 de

167 1452 236 1486 ligno
256 1451 373 1484 e/I'ubitur
394 1451 505 1486 (llabac.
526 1451 552 1477 2.
575 1450 629 1485 Η).
653 1451 707 1478 Etsi
733 1459 780 1478 vos
805 1451 956 1482 tacueritis,

169 1485 269 1521 lapides
287 1486 439 1513 clamabunt
453 1485 526 1520 (Luc.
544 1485 587 1513 l9.
609 1486 665 1520 40).
682 1486 749 1519 Quid
765 1495 829 1520 ergo
842 1487 959 1521 appella-

168 1522 239 1549 bitur
255 1522 398 1548 inﬁdelium
414 1529 497 1555 genus
510 1543 517 1554 ,
538 1522 560 1548 si
576 1529 661 1556 neque
677 1522 721 1548 ﬁlii
736 1522 859 1553 Abrali:t-,
873 1529 958 1556 neque

166 1557 310 1584 Chananmi
324 1561 432 1592 propter
446 1555 623 1584 Chaunum-ani
637 1556 766 1592 (ipsorum
786 1557 856 1583 enim
881 1555 958 1583 inob-

168 1594 286 1619 seuravit
311 1586 490 1619 iiili'delitateiii
517 1586 666 1626 splendor.-
684 1592 743 1618 fidei
771 1591 956 1627 Clianainete);

168 1635 255 1662 neque
269 1628 384 1661 lapidum
397 1627 464 1653 ﬁlii?
476 1632 574 1654 natuet
585 1627 685 1661 lapides
698 1627 802 1653 illorum
818 1628 958 1661 repudiant

169 1663 393 1698 propinquitatem
411 1671 418 1689 :
434 1662 510 1698 quod?
528 1670 624 1689 nomen
645 1663 695 1690 erit
711 1662 869 1689 incredulis?
882 1663 957 1695 Quod

168 1697 227 1724 illis
242 1697 365 1732 imposuit
381 1705 476 1724 nomen
498 1697 628 1724 Jereuiias
644 1707 649 1724 :
666 1698 803 1732 Argentum
825 1697 959 1731 reprobum

167 1738 253 1760 vocate
273 1742 317 1760 eos
329 1733 405 1767 :qut'a
419 1732 560 1768 reprobuvit
575 1741 618 1760 eo:
634 1733 756 1759 Dominus
775 1732 840 1768 (ler.
858 1736 885 1760 6.
899 1734 956 1767 50).

168 1768 320 1795 Timeamus
345 1769 433 1802 itaque
456 1776 514 1798 nos.
541 1768 647 1795 fratres.
670 1768 788 1795 Exoruat
812 1773 837 1795 te
859 1768 957 1795 Christi

169 1803 330 1830 nobilitas"!
353 1803 486 1830 Timorem
507 1803 616 1830 incutiat
639 1803 686 1830 tibi
705 1803 806 1836 justum
829 1804 957 1838 judicium

167 1838 276 1865 Christi.
286 1839 322 1865 De
332 1839 501 1874 eleemosyna
514 1840 569 1866 lteri
583 1839 784 1873 praedicabatur,
797 1840 885 1865 omnia
899 1847 959 1866 esse

167 1874 345 1909 elecinosynte
355 1874 549 1907 posthabeuda;
562 1874 684 1900 omnibus
695 1875 811 1901 animant
822 1881 881 1901 esse
893 1882 958 1908 pra:-

169 1909 316 1936 fereudatn.
333 1909 485 1936 Admiratus
505 1918 562 1936 sum
579 1914 605 1936 et
619 1910 729 1936 alteram
753 1909 936 1944 indignitatem
950 1918 957 1936 :

168 1952 221 1978 quo
234 1945 358 1971 nimirum
371 1949 447 1979 pacto
461 1945 488 1976 ii,
502 1945 597 1979 quibus
611 1952 662 1971 non
676 1949 739 1971 sunt
749 1945 804 1976 ﬁlii,
817 1944 959 1978 adoptivos

168 1980 219 2006 sibi
235 1980 303 2007 ﬁlios
319 1984 546 2014 qtizrrantzatquo
565 1980 608 2006 hic
627 1980 733 2014 quidem
758 1981 785 2005 lit
805 1984 898 2013 pater,
915 1981 959 2006 ille

168 2019 257 2042 autem
274 2015 356 2042 frater
369 2015 491 2051 efﬁcitur,
501 2016 631 2051 Alienum
646 2015 692 2042 tibi
704 2015 814 2048 adoptas
825 2016 851 2051 in
865 2016 957 2046 lilium,

168 2055 197 2077 et
209 2051 351 2077 Dominum
365 2051 450 2084 fugis?
469 2050 572 2084 Adopta
587 2050 632 2076 tibi
648 2058 709 2077 eum
721 2071 728 2082 ,
745 2051 789 2085 qui
804 2050 898 2077 reddat
913 2050 959 2076 lilii

170 2086 321 2113 incrcedein
334 2094 340 2111 :
353 2085 397 2112 fiat
411 2085 456 2112 tibi
478 2086 545 2112 lilins
560 2085 690 2112 Christus.
705 2085 884 2112 Tremendum
896 2106 902 2117 ,
920 2086 960 2111 in-

169 2121 236 2155 quit,
252 2121 350 2147 dictum
367 2123 426 2147 hoc.
443 2120 508 2148 Vide
520 2121 582 2155 quid
595 2121 679 2152 dicas,
696 2128 730 2148 ne
744 2121 884 2148 occasione
897 2128 958 2147 ora-

170 2156 249 2182 tionis
263 2156 341 2190 hujus
353 2156 460 2182 excidas
473 2165 487 2181 a
504 2156 607 2183 ratione
619 2176 626 2186 ,
642 2161 722 2190 atque
746 2156 772 2182 iu
797 2156 908 2182 rationis
921 2156 960 2182 in-

170 2192 259 2226 opiam
269 2191 430 2218 (levolvaris.
444 2191 538 2218 Filium
555 2192 669 2218 hominis
681 2191 798 2225 appellas
808 2191 960 2218 Christum?

171 2227 227 2261 Ego
241 2234 303 2254 vero
318 2234 371 2253 itan
387 2227 467 2253 liliqu
483 2227 562 2253 modo
572 2247 579 2257 ,
599 2227 646 2253 sed
668 2232 693 2253 et
710 2226 818 2253 fratrem
834 2227 939 2260 appello
951 2247 958 2258 ,

172 2270 225 2288 non
238 2269 252 2287 a
269 2264 381 2296 meipso,
395 2261 441 2288 sed
454 2262 522 2288 dicta
535 2262 616 2295 ipsius
628 2267 765 2295 sequutus.
784 2262 907 2288 Dixerunt
924 2262 959 2288 illi

171 2297 324 2331 aliquando,
341 2296 423 2323 Mater
433 2302 477 2323 tua
490 2302 513 2323 et
527 2298 616 2328 fratres
630 2297 666 2323 tui
680 2301 795 2331 quierunt
807 2301 840 2323 te.
850 2298 894 2324 Ait
904 2297 961 2324 Sal-

171 2337 263 2372 vnatpr,
280 2332 343 2364 Qum
355 2337 392 2372 est
413 2337 496 2372 uiliter.
510 2340 564 2358 mea
577 2353 584 2363 ,
603 2336 625 2358 et
638 2332 686 2372 _qiti
700 2337 763 2372 sunt
779 2334 872 2372 [raires
893 2332 962 2358 mei?

173 2367 329 2401 Quicumque
349 2369 433 2402 faverit
456 2367 607 2394 voluntatem
633 2367 717 2393 l'atris
737 2367 798 2398 mei,
821 2368 875 2401 ipse
893 2375 961 2393 meus

172 2405 251 2438 frater
271 2409 294 2429 et
316 2411 387 2429 soror
411 2408 433 2428 et
462 2408 540 2429 mater
555 2407 590 2429 est
607 2402 712 2436 (illailla.
730 2403 773 2429 12.
789 2403 885 2429 47-50
933 2402 961 2428 Si

172 2445 236 2465 vero
251 2443 336 2464 mater
350 2438 408 2472 ejus
427 2442 477 2467 est.
494 2439 584 2472 utique
600 2438 669 2464 titius
682 2439 775 2464 matris
787 2442 838 2468 est.
855 2439 898 2472 qui
914 2439 962 2464 hat:

172 2474 352 2507 appellatione
373 2473 502 2506 justitiam
525 2473 674 2499 exornavit.
693 2472 748 2499 Fiat
771 2474 852 2507 igitur
875 2473 962 2499 omnis

171 2509 260 2535 anima
275 2508 373 2535 Christi
398 2513 482 2534 mater
503 2508 648 2535 secundum
672 2508 806 2536 allectum.
824 2508 963 2541 Quomodo

173 2548 258 2570 mater
272 2543 387 2570 Christi?
400 2543 493 2570 Omnis
506 2544 594 2570 anima
611 2544 635 2570 in
649 2543 735 2576 seipsa
751 2543 885 2571 Christum
899 2550 962 2577 par-

173 2579 236 2605 turit
253 2587 261 2606 :
277 2579 327 2605 nisi
344 2586 408 2606 vero
429 2580 527 2611 pietate
550 2578 628 2605 fuerit
651 2578 854 2611 transformata,
879 2584 963 2605 mater

173 2614 271 2641 Christi
296 2622 348 2640 non
371 2618 458 2648 potest
480 2615 580 2640 vocari.
602 2614 667 2640 Cum
691 2614 827 2648 exceperis
853 2613 962 2640 verbum

173 2648 282 2681 Christi,
296 2654 323 2676 et
335 2649 401 2675 illud
423 2650 448 2675 in
465 2653 508 2676 tua
523 2653 612 2675 mente
626 2649 766 2681 formai-is,
784 2656 816 2675 ac
830 2652 962 2683 tamquam

175 2684 201 2711 in
217 2689 293 2711 utero
316 2684 518 2711 ratiocinatione
542 2683 756 2716 transformaris,
781 2683 863 2718 ipsius
880 2689 964 2710 mater

174 2719 328 2754 appellaris.
344 2722 431 2754 Atque
446 2724 473 2746 ut
487 2719 619 2753 intelligas
634 2719 659 2745 in
681 2726 841 2754 unoquoque
854 2719 962 2745 formari

174 2755 321 2787 Christum,
337 2760 363 2782 et
379 2759 489 2781 matrem
503 2754 612 2786 Christi,
630 2754 702 2781 verhi
717 2755 823 2789 inquam
840 2754 963 2780 nimiruut

174 2789 292 2820 Christi,
319 2791 434 2816 animant
460 2790 588 2823 cujusque
615 2793 734 2815 nostrum
762 2790 836 2821 ﬁeri;
863 2789 902 2816 sic
928 2789 966 2815 ait

176 2825 273 2852 Paulus
283 2833 289 2851 :
301 2824 388 2852 Filioli
401 2825 458 2858 mei,
470 2832 533 2858 quos
541 2824 631 2850 iterum
641 2825 764 2859 parturio,
779 2824 856 2851 donec
870 2825 964 2858 forme-

207 2902 215 2918 ¹
234 2900 317 2927 Codex
329 2907 392 2925 unus
399 2901 482 2930 habet,
495 2901 612 2935 cognatio,
625 2907 678 2931 pro.
689 2899 798 2926 nobilitas
808 2906 817 2931 ;
830 2906 876 2925 nou
890 2899 964 2925 male.

327 2949 463 2980 PATROL.
486 2949 546 2980 Gn.
569 2949 648 2981 LIX.

773 161 818 187 DE
838 160 936 188 CIECO
958 160 1000 187 ET
1016 160 1195 188 ZACCll/EO.

1751 165 1802 192 ἱ»ῢεί

1016 223 1058 257 tur
1074 217 1187 258 Carisius
1206 219 1231 258 in
1247 219 1314 258 vobis
1331 219 1399 258 (Cal.
1416 221 1514 258 L_l'J).
1529 221 1658 258 Upet‘atus
1677 230 1707 250 es
1725 224 1802 258 justi-

1015 253 1077 292 _tiam
1091 253 1263 294 'tmlumau‘iina
1285 253 1419 294 Christum
1433 253 1588 294 _formasti._
1600 253 1802 294 iﬁleemOsS'nam

1014 288 1182 328 impertiisti?
1197 288 1319 328 Figiiraiit
1335 290 1588 328 veritatisforuiasti
1602 300 1674 319 :non
1687 288 1758 328 quod
1775 297 1802 323 iit

1013 322 1125 356 singulis
1144 323 1265 350 Christus
1285 325 1428 358 formetur;
1451 326 1585 353 Christum
1605 329 1676 355 enim
1693 322 1801 358 verbum

1013 358 1336 398 pietatis‘appellat,cnjus
1349 367 1430 394 opera
1441 361 1562 398 ﬁguram
1578 363 1719 398 recipimus
1732 367 1803 393 veri-

1013 394 1084 433 t_atis_.
1094 428 1099 433 _
1110 393 1319 433 Eleeinosynain
1333 393 1620 433 erogastiTChristum
1634 393 1801 430 'elTorniasti.

1011 427 1319 469 Justitiamexercuisti?
1336 427 1486 469 Ell‘érmaiai
1499 437 1540 459 est
1559 433 1584 459 in
1609 438 1635 460 tc
1659 434 1741 469 figura
1758 427 1803 463 te;

1013 463 1107 504 riiatis.
1137 463 1202 491 Illud
1225 467 1533 504 ergo_pcrpeudendum
1560 472 1601 495 est
1625 463 1803 503 qnavratione

1013 498 1146 538 Christum
1172 507 1220 526 nos
1246 498 1494 529 reddere'fratrctn
1523 498 1641 530 nostrum
1666 498 1800 538 oporteat:

1013 533 1110 561 Rerum
1125 535 1209 568 ipsum
1225 540 1328 562 tuarum
1344 541 1493 564 consortem
1509 545 1625 566 assume.
1640 533 1697 567 Non
1711 541 1750 568 vis
1765 533 1801 569 illi

1011 574 1106 606 cuncta
1114 570 1206 606 largiri
1215 571 1227 598 ?
1237 570 1337 598 Saltem
1351 571 1387 598 illi
1398 572 1431 598 da
1443 572 1591 606 dimidium,
1604 579 1631 601 ut
1642 574 1800 604 Zacchazus:

1013 604 1061 645 ipsi
1076 605 1146 632 enim
1160 604 1282 645 ,_inqt_iit_,
1299 606 1371 645 dedit
1384 607 1527 645 Zacclitcus
1538 628 1545 640 ,
1560 604 1612 635 non
1627 612 1800 645 pauperibus.

1012 639 1115 680 Yerum“
1126 641 1188 668 andi
1279 661 1301 680 ἔ.
1316 641 1365 680 Qui
1380 643 1508 680 miseretur
1521 639 1649 680 pauperis,
1665 639 1803 680 [lignei-alar

1012 673 1171 715 Ideo-(Preti.
1195 676 1237 715 i9.
1261 676 1316 712 17).
1331 677 1358 704 Si
1382 673 1540 715 pauperibiis
1554 673 1679 713 dederis,
1695 681 1802 710 Christo
1850 681 1854 684 ’

1011 709 1119 750 dedisti.
1133 710 1242 750 Nescis,
1258 709 1393 750 cumquae
1481 718 1543 750 sunt
1553 735 1559 745 ,
1576 714 1601 750 iii
1617 722 1646 742 se
1665 709 1802 750 recipere?

1013 746 1100 785 neseis
1113 746 1247 785 quomodo
1264 747 1382 785 terribile
1405 749 1449 785 tibi
1474 749 1588 785 tribunal
1615 746 1800 785 proposuerit,

1011 779 1103 807 dicens
1115 779 1197 807 {Cum
1211 783 1305 819 uenerit
1321 781 1403 819 Filius
1423 784 1531 819 [laminis
1546 784 1573 810 in
1590 779 1800 819 re'geiicratione;

1011 819 1102 842 statuet
1115 824 1171 842 oves
1183 817 1282 850 quidem
1298 826 1313 843 (ι
1326 818 1436 850 dextris,
1449 818 1536 845 haedos
1550 817 1632 846 autem
1646 829 1662 846 a
1674 817 1801 850 sinistrisé

1012 855 1035 876 et
1049 850 1113 887 dicet
1125 852 1157 877 iis
1169 852 1211 885 qui
1226 860 1242 877 a
1254 852 1349 879 dextris
1361 859 1443 885 erunt,
1468 853 1563 887 Venite,
1580 855 1701 882 benedicti
1716 856 1802 885 Patris

1011 886 1069 925 mei,
1085 886 1211 925 possidete
1222 893 1340 925 paratum
1355 888 1541 925 vobisiregnttni
1553 897 1562 916 :
1572 891 1689 924 quoniam
1698 893 1801 925 esuriat,

1011 926 1034 947 et
1048 921 1151 962 dedistis
1165 922 1392 962 niilii_niantt_ucare
1408 921 1512 958 (Malui.
1529 921 1631 962 25.51.
1646 926 1690 953 55.
1705 927 1764 962 54).

1047 956 1155 996 βτννὶιις
1170 961 1198 984 tit
1211 957 1256 996 ille
1275 958 1328 996 cui
1340 966 1387 996 per
1406 956 1534 996 pauperes
1555 961 1711 996 {generatum
1740 956 1799 996 est,

1011 991 1129 1018 debitum
1145 992 1265 1029 fateaiiir.
1278 991 1516 1029 Sitivi,’et‘dedistis
1536 995 1596 1021 milii
1606 995 1704 1029 bibere;
1719 991 1802 1025 nudus

1011 1031 1126 1068 emanet
1143 1028 1276 1062 aperuisti:
1291 1036 1339 1068 me.
1363 1028 1453 1068 Itaque
1464 1030 1486 1068 _si
1501 1030 1616 1064 speciem
1631 1028 1739 1065 quidem
1755 1041 1802 1068 ap-

1011 1067 1146 1096 parentem
1159 1068 1274 1096 spccies,
1288 1063 1387 1090 nudum
1399 1064 1499 1097 induis;
1512 1063 1541 1092 re
1551 1063 1711 1093 autem‘vera
1724 1063 1802 1095 Chri-

1011 1102 1080 1137 _stu_ni
1107 1098 1313 1137 operis.__indue
1331 1098 1487 1137 Christum,
1505 1105 1534 1126 ut
1560 1101 1584 1126 iu
1601 1101 1693 1134 jutlicii
1713 1103 1756 1130 die
1777 1109 1801 1130 te

1011 1132 1102 1171 induat
1118 1142 1124 1159 :
1141 1137 1199 1171 tege
1211 1133 1295 1169 illum,
1323 1139 1351 1171 u_t
1377 1134 1403 1161 in
1419 1135 1461 1171 die
1481 1135 1527 1162 irae
1542 1139 1567 1162 te
1579 1132 1706 1171 protegat
1719 1147 1725 1163 :
1740 1139 1800 1166 audi

1014 1167 1139 1195 Davideiu
1157 1168 1287 1195 dicentem
1306 1169 1439 1196 :Proteatit
1454 1178 1493 1196 me
1512 1171 1538 1195 in
1558 1167 1702 1198 abscondito
1718 1174 1801 1200 taber-

1011 1203 1095 1242 naculi
1108 1204 1148 1242 sui
1163 1202 1253 1242 (__Psal.
1268 1204 1562 1242 267._5A)_.__Protectione
1572 1212 1708 1242 opusrest;
1725 1208 1801 1235 inva-

1011 1237 1140 1275 ditiignis
1164 1237 1209 1265 ille
1232 1237 1413 1271 formidabilis,
1433 1239 1553 1274 gelieima
1579 1237 1755 1275 inevitabilis;
1770 1251 1804 1271 ac

1013 1273 1062 1311 nisi
1070 1273 1173 1311 Christi
1188 1281 1281 1300 manus
1292 1273 1451 1311 protexerit,
1464 1275 1530 1309 ignis
1538 1275 1652 1302 alienum
1662 1273 1799 1311 agnoscet.

1011 1307 1088 1334 Novit
1109 1309 1179 1335 enini
1206 1307 1406 1343 apprehendere
1428 1307 1539 1340 alienos,
1567 1311 1641 1337 novit
1668 1307 1802 1341 lt'onorarc

1011 1348 1133 1375 sanctos;
1151 1344 1274 1377 pietatem
1286 1350 1432 1375 reveretur,
1448 1345 1609 1380 impietatem
1623 1347 1733 1374 invadit.
1746 1348 1801 1376 lllic

1011 1385 1063 1415 noti
1076 1385 1150 1412 opes,
1164 1387 1215 1405 non
1232 1380 1349 1413 pecuniae
1362 1379 1530 1414 persuadent,
1546 1388 1597 1407 non
1610 1386 1737 1415 potestas,
1748 1392 1800 1410 nou

1012 1414 1173 1448 principatus
1189 1423 1195 1441 :
1212 1415 1299 1441 omnia
1322 1416 1460 1449 inqualitei‘
1478 1421 1540 1442 ante
1562 1414 1679 1444 tribunal
1703 1414 1800 1446 Christi

1011 1452 1106 1475 astant.
1124 1449 1179 1485 Etsi
1195 1451 1264 1476 enim
1278 1449 1348 1484 apud
1365 1450 1485 1477 homines
1506 1452 1558 1478 sint
1580 1451 1744 1485 discrimina,
1761 1458 1800 1481 ta-

1011 1491 1071 1521 men
1086 1484 1155 1521 apud
1170 1485 1308 1521 Dominum
1325 1486 1417 1521 tgquali
1443 1486 1468 1512 in
1483 1485 1583 1513 honore
1607 1492 1668 1514 stitit
1693 1490 1779 1515 omnia
1793 1510 1800 1521 ,

1010 1519 1059 1545 etsi
1074 1520 1185 1556 multum
1199 1520 1267 1546 inter
1283 1528 1312 1547 se
1326 1520 1379 1556 sint
1399 1521 1515 1548 diversa.
1534 1522 1626 1556 Angeli
1647 1527 1674 1549 et
1686 1519 1801 1552 hominis

1011 1560 1107 1593 quanta
1130 1555 1288 1593 diversitas?
1308 1555 1399 1593 Magna
1419 1556 1497 1590 plane
1510 1561 1590 1591 atque
1605 1565 1656 1584 non
1677 1558 1800 1593 vulgaris.

1010 1588 1203 1626 Solisietlunai
1222 1596 1302 1626 atque
1326 1588 1461 1617 stellarum
1485 1588 1612 1626 quaiilum
1637 1588 1802 1621 discrimen?

1011 1624 1089 1661 Atqui
1106 1626 1139 1652 ad
1153 1625 1274 1661 eamdem
1291 1626 1452 1653 adorationis
1465 1624 1549 1661 legem
1565 1627 1645 1654 simul
1661 1634 1800 1656 vocantur.

1010 1659 1141 1695 Quantum
1153 1660 1294 1687 discrimen
1311 1661 1410 1694 herbae,
1426 1659 1580 1695 angelorum
1589 1667 1616 1689 ct
1628 1663 1800 1691 animalium?

1011 1694 1075 1732 ilice
1096 1696 1202 1730 quidem
1217 1696 1380 1732 immortalia
1390 1694 1525 1732 stitit,"illa
1541 1704 1604 1724 vero
1619 1699 1759 1732 mortalia;
1775 1705 1802 1726 at

1012 1729 1328 1766 horumunumquodque
1341 1731 1391 1758 sub
1410 1731 1473 1766 jngo
1493 1732 1627 1759 servitutis
1635 1729 1800 1761 dominatum

1011 1765 1139 1801 agnoscit.
1155 1766 1298 1800 Propterea
1318 1765 1402 1793 David
1414 1765 1493 1794 etiam
1507 1774 1549 1799 ea,
1569 1775 1628 1801 quae
1649 1769 1802 1796 conditione

1011 1800 1134 1837 distincta
1147 1805 1227 1837 sunt,
1242 1802 1376 1837 connectit
1387 1806 1516 1829 concentu
1538 1800 1616 1837 atque
1637 1804 1777 1831 concordia
1792 1825 1800 1836 ,

1011 1834 1103 1862 dicens
1119 1844 1126 1862 :
1140 1835 1254 1863 Laudale
1269 1836 1405 1863 Dominum
1432 1837 1462 1863 ile
1474 1837 1541 1864 ralis
1555 1846 1562 1868 ,'
1574 1834 1689 1865 ’laudate
1705 1847 1762 1866 eum
1775 1834 1802 1865 in

1011 1871 1134 1907 excelsis;
1147 1871 1416 1902 laudateeum,omnes
1429 1873 1512 1903 angeli
1530 1873 1685 1907 ejiis,ontnes
1699 1875 1801 1901 virtutes

1011 1906 1076 1940 ejus,
1090 1906 1130 1944 sol
1143 1911 1185 1944 _eli
1195 1907 1257 1933 tuna
1270 1910 1279 1941 (
1290 1906 1361 1932 Psal.
1381 1907 1442 1944 itis.
1458 1906 1605 1942 l-5).’Elsi
1620 1908 1690 1935 enim
1710 1909 1800 1944 subje—

1011 1946 1053 1967 cta
1070 1946 1096 1968 et
1110 1941 1235 1968 inferiora
1260 1946 1323 1968 sunt
1342 1942 1494 1978 conditione
1506 1948 1586 1978 atque
1600 1943 1701 1974 ordine.
1716 1941 1798 1972 servi-

1013 1981 1068 2003 tute
1086 1980 1177 2013 Vtainen
1199 1978 1269 2004 unita
1292 1982 1363 2004 sunt.
1386 1977 1443 2004 Non
1457 1978 1535 2005 aliter
1545 1977 1626 2013 atque
1652 1979 1756 2012 fratres,
1773 1981 1798 2007 in

1013 2012 1111 2038 mnudo
1124 2012 1266 2046 dignitates
1277 2017 1347 2042 sunt;
1357 2012 1407 2040 illae
1415 2013 1520 2048 quidem
1532 2012 1601 2040 inter
1615 2021 1645 2040 se
1659 2014 1799 2048 distincta,

1013 2052 1170 2084 lllIOiaulemi
1189 2047 1253 2084 jugo
1266 2047 1506 2084 Δδίιννιιιιιὶειιηίιειι
1527 2051 1589 2074 stitit
1610 2047 1799 2084 (oninesenitn

1012 2083 1096 2117 capita
1118 2083 1171 2116 regi
1187 2082 1354 2112 submittunt,
1380 2089 1472 2108 omnes
1487 2082 1801 2116 metuuntpotestatem;

1012 2121 1092 2151 atque
1107 2117 1176 2143 inter
1189 2117 1332 2151 dignitates
1346 2117 1489 2144 discrimen
1503 2123 1552 2149 est,
1568 2118 1636 2151 apud
1649 2126 1741 2145 servos
1752 2127 1801 2146 an-

1014 2157 1065 2179 tctu
1078 2152 1220 2179 concordia
1237 2153 1245 2185 )
1260 2161 1267 2188 ς
1282 2153 1321 2179 sic
1333 2156 1361 2179 et
1375 2152 1427 2178 illic
1439 2153 1560 2188 homines
1569 2160 1663 2180 omnes
1674 2155 1801 2188 aequales,

1013 2188 1061 2227 soli
1079 2187 1308 2227 veroﬂinzequales,
1324 2188 1368 2222 qui
1388 2187 1560 2227 antecellunt,
1574 2188 1618 2227 qtii
1634 2187 1732 2227 pietate
1745 2190 1803 2227 coi-

1014 2223 1110 2250 liicciit.
1138 2222 1268 2256 Quocirca
1293 2227 1365 2250 recte
1386 2222 1450 2249 dixit
1468 2223 1559 2249 Daniel
1576 2222 1752 2256 :Aspiciebam
1777 2226 1803 2251 in

1013 2259 1106 2285 visione
1120 2258 1208 2288 noctis,
1231 2263 1254 2284 et
1278 2265 1340 2284 ecce
1353 2258 1425 2284 velut
1443 2258 1561 2292 antiquus
1584 2259 1683 2285 dierum
1705 2259 1804 2287 sedebat

1014 2293 1136 2328 (Daniel.
1151 2294 1176 2320 7.
1189 2293 1231 2329 9).
1249 2293 1296 2320 llic
1319 2293 1436 2325 attende,
1456 2301 1562 2330 Δ(ιιιςεεο,
1589 2294 1805 2330 ᾶὶιὶεθηιετίίιυυ

1014 2334 1091 2363 pacto
1115 2334 1248 2364 tamquam
1277 2329 1431 2362 incorporea
1456 2328 1570 2363 imagine
1583 2336 1614 2356 ac
1629 2330 1718 2363 specie
1730 2328 1805 2357 Julii—

1014 2372 1071 2392 cem
1087 2365 1205 2391 veritatis
1219 2364 1353 2390 describat
1367 2369 1393 2391 et
1417 2369 1517 2390 narret.
1535 2364 1599 2391 Nam
1621 2366 1745 2399 quoniam
1761 2367 1803 2391 in-

1014 2407 1158 2433 corporeus
1173 2404 1214 2425 est
1235 2399 1389 2426 naturaliter
1408 2399 1488 2430 Deus,
1505 2403 1638 2433 tamquam
1653 2400 1678 2426 in
1690 2400 1804 2434 imagine

1015 2434 1411 2469 perressensibiles,spiritales
1422 2434 1558 2462 describit.
1572 2435 1617 2461 Ait
1627 2435 1714 2469 igitur.
1728 2435 1803 2462 Velut

1016 2470 1139 2503 Antiquus
1154 2470 1260 2501 dierum,
1277 2478 1329 2497 non
1351 2474 1471 2503 tempore
1491 2470 1660 2501 inveteratus,
1674 2470 1720 2496 sed
1734 2471 1806 2496 anii-v

1015 2510 1115 2539 quitatc
1130 2510 1276 2532 honoratus
1291 2514 1297 2531 :
1320 2504 1497 2532 Vestimentum
1517 2505 1571 2536 eius
1585 2505 1720 2531 candidum
1733 2504 1810 2539 quasi

1016 2548 1070 2572 nix,
1085 2541 1193 2575 capillus
1215 2541 1305 2574 capitis
1323 2540 1378 2574 ejus
1399 2540 1472 2575 quasi
1491 2539 1551 2565 lana
1573 2539 1669 2575 munda
1682 2540 1809 2575 {thronus

1017 2576 1070 2610 ejus
1080 2573 1183 2610 ﬂamma
1198 2573 1274 2610 ignis,
1285 2573 1348 2602 rota:
1362 2573 1415 2610 ejus
1427 2575 1493 2609 ignis
1505 2575 1605 2600 ardens.
1621 2573 1729 2601 Flavius
1742 2575 1794 2609 igni
1798 2583 1810 2600 ε

1017 2609 1160 2637 trahebatur
1170 2611 1196 2637 in
1208 2609 1344 2644 conspectu
1358 2611 1430 2644 ejus;
1446 2609 1514 2635 mille
1531 2609 1611 2635 millia
1625 2610 1758 2644 astiterunt
1772 2618 1808 2643 ιη,

1017 2651 1039 2672 et
1066 2646 1130 2672 dena
1155 2646 1236 2672 millia
1257 2643 1348 2672 denunt
1368 2643 1482 2671 millium
1510 2644 1652 2670 ministrant
1671 2644 1694 2670 ei
1713 2643 1723 2679 (
1738 2643 1808 2673 Ibid.

1019 2689 1042 2707 υ.
1058 2681 1120 2715 i0).
1136 2681 1158 2707 0
1174 2680 1339 2707 tremendum
1352 2679 1483 2706 tribunal!
1497 2687 1513 2705 ο
1536 2680 1728 2710 narrationem,
1748 2686 1810 2714 qua:

1017 2716 1060 2743 vel
1074 2716 1176 2743 stolidis
1199 2720 1327 2742 terrorem
1343 2715 1425 2749 possit
1446 2715 1579 2741 inelitere!
1597 2715 1622 2742 Si
1635 2715 1702 2741 adeo
1728 2715 1807 2741 terri-

1018 2751 1079 2778 bilia
1094 2755 1165 2783 sunt,
1180 2751 1242 2778 dum
1254 2750 1404 2781 audiuntur,
1420 2750 1526 2784 quando
1547 2750 1705 2777 terribiliora
1718 2754 1807 2780 erunt,

1018 2786 1080 2813 dum
1094 2785 1299 2821 spectabuntur?
1315 2784 1348 2811 Et
1359 2785 1510 2821 aspiciebat»
1531 2786 1557 2812 in
1576 2786 1670 2821 visione
1681 2786 1770 2817 noctis,
1785 2790 1811 2812 tt

1019 2829 1075 2848 ecce
1083 2820 1140 2848 libri
1148 2821 1228 2855 aperti
1235 2825 1302 2852 sunt,
1311 2826 1333 2847 et
1343 2821 1425 2847 throni
1433 2821 1508 2856 positi
1518 2825 1574 2847 sunt
1584 2820 1608 2856 (l
1613 2821 1789 2852 bid)."l‘ltrotti
1801 2828 1807 2850 ;

1052 2869 1060 2884 ι
1078 2868 1105 2892 In
1117 2866 1202 2891 Sat-ilio
1220 2868 1255 2891 sic
1267 2866 1368 2892 ell'ertur
1380 2871 1446 2893 totus
1466 2866 1507 2891 hic
1526 2867 1609 2892 locus:
1632 2866 1741 2892 Throni?
1758 2865 1809 2892 citi-

1022 2905 1077 2924 nam
1090 2898 1102 2923 ?
1115 2897 1159 2922 ait:
1171 2897 1299 2924 munitione
1315 2904 1376 2929 opus
1391 2902 1436 2925 est.
1447 2897 1560 2932 Similes:
1572 2898 1677 2924 veritatis
1688 2898 1714 2925 in
1725 2897 1808 2923 throno

1594 2943 1634 2974 38
