2067 3119
207 149 274 177 ιῖ13’

203 207 337 242 regiones,
355 214 434 241 quam
457 204 547 232 multat
567 205 620 230 sint
639 202 766 242 Ecclesiae
782 211 789 228 :
806 210 884 242 quam
906 202 996 242 milita:

204 237 295 270 rursus
306 237 338 269 ad
350 237 414 268 solis
425 248 558 269 occasum,
570 244 598 266 et
609 246 728 273 magnam
740 238 851 265 Romam
862 237 994 272 similiter,

203 284 230 305 ct
244 278 276 304 ad
291 277 373 304 latera
390 281 531 311 par-tesilue
542 275 671 301 australes
682 295 689 305 ,
704 279 729 301 et
743 274 878 311 regionem
890 274 994 311 Cappa-

202 314 317 345 docum,
332 317 360 340 et
381 308 440 346 qua:
455 308 591 346 interiecta
606 314 668 336 sttnt
685 309 793 346 omnia,
810 308 928 346 insulas,
948 309 995 346 de-

203 353 285 379 serta,
301 353 327 375 ct
341 344 406 375 fines
420 353 508 374 terrm.
523 345 614 379 Cogita
628 352 721 371 rursus
735 344 911 371 Ecclesiarum
927 344 996 370 mul-

204 383 340 414 titutlines,
357 383 469 413 ('ierttm,
485 387 512 408 et
527 381 618 407 turbas
633 380 733 414 populi.
748 381 881 412 virorum,
898 379 994 406 mulie-

205 427 273 448 rum,
285 419 307 445 si
323 418 391 445 forte
401 418 570 444 dinumerare
587 417 650 442 istos
665 415 760 450 possis.
775 415 873 442 Verum
885 422 994 441 arenam

204 454 287 480 maris
307 453 478 480 dinutuerare
500 452 602 479 facilius
623 451 711 481 fuerit.
734 458 813 485 quam
834 454 872 477 tot
893 451 993 477 turbas.

204 490 237 516 Ιιζι
261 489 286 515 hi
309 496 402 515 omnes
423 488 544 520 discipuli
569 492 631 513 sunt
651 486 778 516 Joannis.
802 485 835 513 de
856 485 995 512 divinitate

202 524 282 551 verba
299 524 385 550 facere
396 524 429 550 ab
442 524 487 549 illo
497 523 584 549 edocti
598 532 603 547 :
621 521 651 548 lu
665 522 790 556 principio
799 525 852 547 erat
869 520 994 556 Yerlmm:

202 566 229 587 et
251 560 276 586 iu
298 560 353 586 foro
370 560 419 585 hoc
433 559 590 587 decantauit,
607 557 640 584 lu
657 555 781 591 principio
795 561 849 582 erat
868 555 993 588 Verbum;

204 600 230 622 et
247 596 377 626 viatores,
393 599 420 621 et
432 594 476 628 qtti
492 595 625 628 navigani,
640 598 667 619 et
686 592 730 626 qui
748 593 889 628 nauticam
910 597 994 628 artem

202 634 343 660 exercent.
360 630 410 657 hoc
424 626 583 659 concinnat,
600 627 632 654 1η
645 627 770 662 principio
790 631 843 653 erat
871 626 994 658 Verbum}

202 672 229 693 et
251 667 274 691 iu
295 665 420 695 desertis,
444 664 471 691 in
487 664 632 695 montibus,
653 668 705 688 tam
722 663 834 696 imperiti
858 670 937 696 quam
953 670 995 688 sa-

204 701 316 734 pientes,
332 705 359 727 et
373 700 444 733 parvi
458 704 486 726 et
501 699 598 732 magni,
612 703 640 734 et
652 698 811 734 quicumque
827 697 996 734 lta:t_:_intelli-

202 731 250 771 gn,
259 736 292 762 de
302 731 439 762 divinitate
449 736 558 771 loquens
567 734 612 765 ait,
625 731 790 768 ln'prinripm
802 737 856 759 erat
873 731 994 758 Verbum:

202 770 233 798 ac
245 771 370 804 deinceps
384 771 446 797 dum
464 770 561 803 ubique
573 775 701 795 numerus
721 772 815 794 auctus
836 772 887 804 est;
901 775 994 794 eorum

201 807 246 841 qui
262 802 456 841 indefessoiore
475 802 602 841 clamant,
622 804 732 841 Eratct
749 802 996 841 erat;_defecerunt

202 839 248 876 qui
263 842 367 873 dicunt,
387 840 444 868 Non
465 844 533 867 erat.
554 839 604 873 Qui
626 839 660 876 de
675 839 813 865 divinitate
829 839 992 876 ioquuntur,

202 873 367 912 multiplicati
380 882 459 909 sunt;
473 880 500 912 et
514 876 559 912 qui
573 883 638 912 vana
654 875 813 912 ioquuntur,
820 873 992 912 defecerunt;

203 913 238 947 pii
254 908 433 946 proiecerunt,
449 915 475 938 et
489 908 759 947 impiiroli‘euderunt;
774 909 871 947 Atideles
893 908 996 947 exhila-

202 944 346 979 rati'sunt,
360 952 386 974 cI
401 944 659 974 inlidelesrtabefacti
673 950 743 972 sunt.
761 944 842 971 Arcus
855 945 993 979 potentium

201 983 344 1016 inﬁrmatus
358 987 404 1013 est,
421 987 443 1009 et
460 982 555 1016 inﬁrmi
570 981 674 1008 accincti
694 986 753 1008 sunt
771 980 861 1007 robore
875 979 914 1015 (ι.
932 979 993 1014 Reg.

201 1018 228 1045 2.
242 1018 280 1053 4).
297 1019 362 1052 Quae
374 1017 453 1045 stulta
465 1022 527 1044 sunt
538 1017 628 1053 mundi
639 1037 646 1049 ,
663 1016 802 1050 redarguta
816 1019 937 1053 sunt,_et
952 1023 994 1053 sa-

202 1050 408 1087 picn'tesimundi
419 1053 558 1080 destructi.
575 1052 672 1080 Verum
686 1058 829 1087 quousque
836 1050 947 1087 tandem
960 1051 994 1076 de

202 1086 253 1116 illis
270 1089 348 1116 verba
364 1089 450 1115 facere
466 1096 519 1115 non
533 1087 629 1115 cesso?
644 1087 718 1114 Licet
732 1087 803 1113 enim
815 1086 915 1112 diutius
934 1093 992 1112 ser-

201 1126 272 1151 moni
287 1124 348 1151 huic
360 1125 496 1154 immorer,
511 1124 700 1150 sublimitatem
716 1122 807 1157 gloriae
824 1121 933 1148 istorum
949 1128 990 1146 as-

201 1160 274 1194 sequi
285 1161 392 1186 miuitne
402 1165 507 1194 potero.
516 1159 600 1192 Quam
609 1166 622 1184 a
634 1158 711 1184 Patre
725 1157 836 1194 gloriam
848 1162 995 1194 prmccptor

201 1191 318 1228 accepit,
333 1202 393 1222 eam
402 1191 460 1221 illis
480 1194 596 1221 tradidit.
613 1194 667 1220 Cur
680 1200 743 1227 ergo
757 1192 856 1220 diutius
873 1191 993 1228 insistam

202 1226 358 1257 citarratidis
373 1231 415 1262 iis,
430 1238 489 1264 qua:
501 1234 633 1264 nequeunt
650 1226 769 1255 oratione
782 1226 915 1264 describi?
927 1226 993 1264 Nam

201 1270 228 1292 ct
242 1265 300 1294 hinc
313 1267 366 1300 ipsa
381 1262 612 1300 qtue'dicere'ausi
626 1271 728 1300 suuuts,
741 1271 793 1290 non
807 1262 994 1300 proqtlignitale

203 1297 329 1334 propositi
345 1297 419 1328 ebori
436 1305 587 1328 sanctorum
603 1299 792 1333 discipulorum
808 1297 908 1334 prolata
920 1302 992 1334 sunt,

201 1333 388 1371 intl’qnantum
405 1336 430 1362 in
443 1341 531 1362 nostra
547 1338 676 1369 potestate
692 1335 770 1371 situm
785 1333 993 1371 fuit_:siquidein

201 1369 286 1407 dignis
301 1379 348 1399 eos
362 1371 498 1398 celebrare
511 1371 649 1406 prteconiis
663 1370 751 1396 nullus
765 1369 874 1407 omnino
893 1373 993 1395 morta-

201 1404 264 1434 Ιίιῑιιι
278 1412 374 1442 potest.
392 1404 636 1442 Quatuob’remego
650 1413 710 1433 cum
725 1406 827 1442 timore
835 1404 928 1442 loquor
941 1425 947 1434 .
963 1412 993 1430 ea

200 1450 259 1477 quae
278 1439 312 1469 Ile
331 1442 383 1469 illis
398 1443 509 1476 loquor,
523 1450 556 1469 ne
570 1439 637 1468 forte
653 1445 762 1475 propter
784 1439 993 1467 imbecillitatem

201 1485 298 1510 meum,
312 1486 344 1504 ac
358 1478 489 1505 sermonis
499 1477 666 1512 jejunitatem
682 1481 709 1503 et
721 1480 884 1512 egestatem,
898 1482 991 1512 eorum

200 1513 292 1541 laudes
308 1513 474 1546 iutminuam,
489 1510 515 1539 et
527 1510 631 1539 illorum
644 1511 851 1546 indignationem
868 1510 893 1536 in
908 1510 994 1544 nteip-

200 1556 258 1575 sum
274 1556 468 1576 con-moveam.
489 1547 586 1575 Verum
608 1553 636 1574 ut
653 1546 839 1574 misericordes
854 1551 916 1571 sunt
931 1552 992 1578 erga

200 1592 294 1610 omnes
307 1604 314 1616 ,
328 1592 398 1610 nunc
412 1591 518 1618 quoque
540 1588 638 1610 unstra:
659 1583 798 1617 ignoscent
819 1580 992 1618 imbecilliutti

200 1620 239 1653 (Ι.
254 1618 312 1646 Cor.
326 1619 381 1654 12).
396 1617 506 1646 Sieuim
517 1618 644 1646 conviciis
655 1618 741 1644 atfecti
755 1617 923 1654 benedicunt,
933 1623 994 1654 _pe_r-

200 1651 384 1689 sequutionein
398 1656 466 1688 passi
478 1655 619 1684 sustinent,
634 1659 659 1680 et
673 1653 824 1687 opprobriis
836 1652 938 1689 onerati
949 1651 994 1689 ob-

200 1686 306 1717 secrant
317 1710 324 1723 ,
342 1686 424 1716 multo
437 1690 520 1723 magis
534 1697 547 1715 a
562 1689 638 1716 nobis
653 1686 701 1723 pro
710 1686 816 1714 ’viribus
835 1686 932 1723 laudati
949 1687 994 1723 mi-

201 1725 273 1752 nime
288 1722 505 1760 indignabuntur,
522 1733 581 1751 cum
597 1722 765 1760 illis’naturaz
779 1722 947 1760 imbecillitas
959 1722 994 1748 sit

200 1758 355 1794 explorata}
376 1761 438 1788 licet
450 1761 505 1794 jam
520 1760 565 1787 Dei
584 1759 712 1787 benelicio
724 1779 732 1790 ,
754 1759 799 1793 qui
815 1758 910 1785 dilexit
925 1764 971 1794 eos
983 1777 991 1787 ,

199 1792 278 1830 supra
295 1800 415 1823 naturam
430 1792 484 1822 sint
495 1795 580 1822 evecti
597 1804 604 1821 :
621 1800 647 1822 et
660 1792 787 1828 deinceps
799 1794 844 1830 qui
859 1792 992 1830 quondam

201 1828 331 1872 pauperes
353 1836 446 1872 erant,
472 1831 606 1872 evaserint
626 1830 732 1871 divites.
757 1833 785 1856 et
809 1829 923 1868 obscuri
938 1828 993 1854 sint

201 1863 318 1894 illustres
330 1887 338 1898 ,
352 1871 380 1894 et
397 1867 512 1894 illitorati
527 1866 662 1900 sapientes
675 1885 682 1898 ,
699 1865 845 1900 piscatores
860 1863 970 1898 piscium
984 1883 992 1894 ,

200 1910 260 1929 ntox
283 1901 419 1929 hominum
435 1903 597 1936 piscatores:
618 1907 645 1928 et
664 1901 698 1927 ita
714 1908 794 1928 cursu
809 1903 993 1936 consutiunato

199 1937 232 1963 ad
259 1938 338 1964 vitam
365 1933 440 1964 nullo
463 1938 516 1964 line
542 1937 710 1964 terminatam
735 1934 938 1969 commigrarint
960 1933 993 1960 ad

202 1972 340 2034 liloctorept
363 1981 441 2000 suum
464 1978 492 2000 et
508 1972 647 2000 Dominum
662 1972 754 2000 Jesum
766 1971 903 1998 Christum
919 1978 926 1996 :
943 1969 992 2004 ipsi

202 2015 214 2034 tt
227 2015 292 2034 orta.
309 2029 317 2034 .
333 2016 403 2034 mcn.

199 2010 292 2042 gloria.
309 2010 403 2036 Amen.

809 143 852 171 DE
872 142 1068 171 NEGATIONE
1088 144 1200 172 PETRI.

1787 145 1834 174 ϐυ

1084 205 1111 232 2.
1125 206 1175 239 Qui
1195 206 1250 233 suis
1263 204 1461 233 successoribus
1474 211 1585 240 sagenas
1599 209 1625 232 et
1640 204 1706 232 retia
1719 204 1837 232 tradide-

1048 245 1119 272 runt,
1136 245 1163 267 et
1178 246 1335 276 potestatem
1351 248 1428 276 quam
1442 245 1603 275 acceperunt
1615 241 1649 267 ab
1663 248 1714 276 eo,
1729 240 1771 275 qui
1785 248 1836 276 pos

1049 279 1171 303 testatem
1187 277 1267 304 habet
1276 275 1382 303 omnem
1397 277 1423 303 in
1435 276 1501 303 cado
1513 282 1540 303 et
1550 276 1575 302 in
1587 280 1666 303 terra.
1678 275 1742 303 Ecce
1752 275 1834 307 enim,

1049 312 1144 352 inquit,
1159 312 1191 339 da
1206 312 1274 339 vobis
1289 316 1436 346 potestatth
1449 311 1566 338 calcaudi
1579 320 1657 352 Iupfq
1669 315 1835 352 serpentes

1047 347 1201 382 scorpiones.
1217 353 1239 374 et
1256 356 1332 379 "iper
1347 355 1443 374 ountem
1465 352 1609 379 potestatem
1621 347 1725 378 inimici,
1738 351 1760 372 et
1773 346 1837 372 nihil

1047 384 1115 409 vobis
1135 383 1230 410 nocebit
1250 383 1324 415 (Luc.
1344 382 1386 410 10.
1406 383 1457 417 l9).
1474 383 1520 409 His
1535 383 1613 416 igitur
1628 382 1653 408 in
1667 386 1796 416 potestate
1810 386 1838 408 et

1049 419 1196 454 principatu
1210 424 1236 445 et
1250 419 1308 445 zelo
1320 418 1476 449 succedunt,
1493 423 1522 445 ut
1536 423 1596 444 ante
1611 417 1710 444 dictum
1722 423 1774 454 est,
1791 424 1838 454 ref

1049 452 1158 481 nerandi
1183 455 1316 484 doctores.
1345 461 1483 481 sacrorum
1510 453 1658 481 antistites.
1686 457 1713 479 et
1737 452 1836 479 Citriin

1047 491 1135 525 gregis
1157 495 1295 524 pastores,
1321 489 1437 522 vestigiis
1461 489 1640 522 apostolorum
1664 488 1835 525 insistentes,

1047 523 1168 559 generosi
1191 525 1327 552 Trinitatis
1346 530 1567 558 propugnatores,
1589 524 1633 558 qui
1657 523 1838 557 praetermisso

1048 558 1114 596 Icgis
1122 566 1191 588 statu
1203 566 1229 588 et
1240 561 1345 588 vivifico
1358 560 1456 594 Spiritu
1468 565 1587 593 accepto.
1596 560 1627 585 ad
1639 559 1744 585 modum
1757 558 1837 584 aratri

1049 598 1162 632 sulcant,
1176 596 1306 632 profunde
1317 600 1455 626 excavant,
1467 600 1493 621 et
1505 599 1665 632 scrutantur,
1678 601 1838 632 sensumque

1047 629 1192 665 Scriptura:
1203 639 1286 659 sacra:
1298 632 1422 658 omnibus
1435 634 1527 664 aperte
1540 629 1688 660 declarant;
1700 629 1744 662 qui
1758 629 1837 655 iidem

1047 667 1179 694 illustrant
1193 689 1200 701 ,
1216 672 1243 694 et
1258 675 1338 701 prava
1351 667 1474 700 dogmata
1488 666 1684 701 exterminant3
1700 664 1744 699 qui
1758 671 1838 692 recta:

1047 702 1176 730 doctrinae
1194 699 1353 730 defensores
1378 699 1460 729 sacris
1483 700 1650 734 dogmatibus
1672 699 1787 731 firmant,
1811 705 1839 727 et

1047 737 1168 765 doctrina
1191 738 1301 764 minime
1315 745 1379 764 sana
1399 736 1510 763 infectos
1522 735 1618 768 jaculis
1635 735 1733 762 divinis
1745 736 1839 762 confo-

1047 773 1136 805 diunt;
1158 773 1202 808 qui
1218 780 1278 799 cum
1295 773 1386 799 vinum
1408 771 1621 805 compunctionis
1635 770 1746 798 mixtum
1761 773 1838 798 inve-

1047 810 1166 840 nissent.
1190 809 1322 835 sitientem
1356 815 1462 842 gregem
1489 810 1627 840 patarunt,
1654 810 1837 842 ertrassumpta

1048 844 1111 870 tibia
1139 844 1275 878 pastorali,
1300 841 1550 878 tlivinis'cautibus
1565 849 1625 868 euut
1649 841 1837 878 oblectarunt:

1048 877 1161 906 ministri
1171 885 1197 907 et
1207 879 1341 910 custodes,
1353 885 1380 905 et
1394 877 1508 912 operarii
1529 877 1621 904 vincte.
1645 883 1780 903 sacrorum
1796 877 1837 904 do-

1046 919 1163 949 gmatutn
1180 915 1367 949 praedicatores
1378 934 1385 945 ,
1400 918 1426 940 et
1444 912 1522 947 gladii
1539 912 1666 949 adversus
1681 912 1838 949 luereticos,

1048 948 1090 984 qui
1108 950 1185 984 positi
1206 954 1268 976 sunt
1282 957 1296 975 a
1312 949 1413 983 Spiritu
1428 948 1672 984 Sanctoiepiscopi,
1684 952 1713 984 ut
1728 948 1765 984 ait
1778 955 1839 984 san:

1047 982 1214 1012 ctus—Paulus
1230 995 1235 1012 :
1254 985 1353 1012 Pascite
1367 984 1504 1010 Ecclesium
1517 982 1563 1009 Dei
1577 983 1645 1017 (Act.
1660 983 1705 1009 20.
1717 983 1764 1019 ΞΒ)
1775 993 1781 1010 :
1794 983 1838 1017 qui

1048 1022 1202 1055 iugruentes
1218 1021 1402 1047 tribulationes
1416 1027 1468 1046 non
1483 1018 1646 1055 refugerunt,
1660 1019 1704 1055 qui
1722 1018 1837 1051 promis-

1047 1053 1103 1083 sam
1118 1064 1244 1083 coronant
1261 1056 1321 1082 vittc
1336 1059 1516 1089 reportat-unt,
1533 1054 1577 1087 qui
1589 1053 1722 1087 juveniles
1737 1056 1838 1088 cupidi-

1048 1097 1116 1119 tates
1130 1092 1274 1124 evitarunt,
1288 1096 1315 1118 et
1331 1091 1433 1117 beatam
1450 1097 1524 1124 spem
1541 1089 1694 1115 ha-reditate
1707 1091 1838 1124 possede-

1047 1132 1108 1154 runt
1133 1136 1140 1154 :
1166 1127 1254 1161 magni
1280 1127 1358 1161 ltegis
1383 1126 1485 1152 militia:
1507 1124 1659 1158 principes,
1688 1125 1733 1151 Dei
1757 1127 1839 1153 verbo

1046 1164 1157 1196 divites,
1169 1167 1197 1189 et
1210 1162 1305 1196 spiritu
1320 1169 1466 1196 pauperes;
1482 1161 1630 1186 imitatores
1645 1161 1837 1193 apostolorum,

1047 1204 1073 1226 et
1088 1199 1178 1224 forma:
1194 1198 1326 1228 Iidelium;
1343 1197 1480 1223 civitatum
1496 1200 1614 1222 rectores
1625 1216 1633 1227 ,
1651 1201 1677 1222 ct
1698 1196 1769 1222 orbis
1788 1201 1838 1223 ter-

1047 1241 1135 1261 rarum
1156 1241 1307 1268 praecones;
1322 1233 1367 1267 qui
1381 1233 1484 1258 animas
1499 1238 1561 1257 suas
1582 1239 1631 1268 pro
1646 1238 1725 1265 grege
1741 1239 1838 1265 posue-

1047 1275 1118 1301 runt,
1135 1266 1164 1296 ei
1175 1276 1222 1303 pro
1235 1269 1286 1295 lide
1307 1266 1463 1302 sanguinem
1480 1274 1557 1293 suum
1578 1266 1777 1303 fuderuutiqui
1793 1275 1839 1294 vc-

1048 1309 1130 1331 terem
1143 1301 1214 1331 illum
1231 1303 1410 1330 Abraltamnm
1426 1302 1519 1328 imitati
1537 1307 1606 1333 sunt,
1623 1307 1649 1327 et
1664 1302 1689 1328 in
1704 1301 1762 1335 ejus
1779 1304 1839 1329 sinu

1047 1341 1165 1374 requiem
1186 1341 1364 1371 invenerunt;
1379 1339 1471 1365 eodem
1491 1337 1572 1374 modo
1586 1342 1614 1363 et
1627 1337 1668 1363 iSIi
1684 1337 1840 1374 defensores

1048 1373 1151 1403 Domini
1177 1376 1335 1403 sententiam
1361 1374 1524 1408 excipientes
1547 1373 1580 1398 de
1604 1373 1789 1399 abominandis
1812 1377 1840 1400 et

1048 1412 1157 1438 nefariis
1171 1411 1292 1437 hostibus
1309 1409 1368 1437 Iidei
1379 1429 1386 1440 ,
1401 1409 1445 1443 qui
1460 1409 1611 1442 Scripturas
1631 1412 1783 1442 torquentes
1807 1416 1839 1435 ac

1047 1447 1239 1479 depravantes,
1253 1445 1390 1472 Veritatem
1407 1446 1550 1471 obscurant
1562 1464 1569 1475 ,
1584 1448 1664 1478 atque
1678 1451 1692 1469 a
1710 1449 1780 1470 recta
1797 1451 1839 1470 via

1046 1482 1218 1509 (Ιυιιυωιυιιιυς
1233 1482 1351 1515 captivas
1366 1480 1501 1507 abducunt
1512 1480 1625 1510 animas,
1642 1483 1669 1505 et
1682 1479 1709 1505 in
1722 1483 1838 1506 aeternas

1047 1517 1156 1544 ltrresis
1173 1517 1296 1544 tenebras
1312 1517 1486 1550 pertrahunt,
1500 1515 1654 1549 congregati
1663 1521 1758 1550 omnes
1772 1522 1839 1541 una-

1046 1553 1153 1579 nimitcr
1168 1552 1258 1579 fideles
1273 1549 1424 1579 Davidtcutn
1439 1552 1525 1578 zelum
1540 1558 1595 1585 pra:
1609 1557 1638 1576 se
1657 1549 1773 1576 ferentes
1788 1570 1796 1582 ,
1811 1554 1839 1577 ct

1047 1594 1180 1622 tamquam
1198 1588 1297 1621 lapides
1310 1587 1343 1614 de
1357 1592 1483 1623 torrente,
1497 1587 1551 1623 hoc
1562 1590 1618 1617 est,
1632 1592 1664 1612 ex
1681 1585 1838 1623 Evangelio,

1046 1620 1121 1650 sacra
1135 1620 1239 1657 eloquia
1251 1643 1258 1656 ,
1275 1620 1407 1657 simulque
1423 1622 1575 1649 inviolatam
1589 1620 1839 1657 sattt:t:e_'l‘rtnitatis

1048 1659 1125 1686 [idem
1139 1655 1277 1686 sumentes
1290 1655 1418 1685 adversus
1430 1658 1584 1684 innumeros
1598 1661 1625 1683 et
1639 1655 1734 1690 impios
1750 1655 1837 1682 hatre-

1047 1695 1113 1721 ticos
1136 1695 1274 1721 unanimes
1296 1693 1393 1720 bellum
1419 1693 1581 1722 indixerunt.
1608 1698 1711 1726 unaque
1733 1692 1839 1726 conspi-

1048 1735 1138 1757 rantes
1160 1738 1220 1756 cuut
1231 1729 1362 1765 Apostolo
1383 1729 1527 1765 dixerunt:
1544 1727 1615 1754 Unus
1629 1726 1770 1765 Qontinus,
1788 1735 1839 1765 una

1047 1766 1120 1799 (idea,
1144 1773 1223 1792 unum
1245 1761 1386 1799 baptisma,
1409 1772 1474 1790 unus
1494 1763 1563 1789 Deus
1587 1767 1609 1788 et
1629 1761 1708 1799 Pater
1726 1761 1840 1799 omnium

1048 1797 1056 1836 ἦ
1070 1801 1164 1834 Epiros.
1179 1801 1206 1827 4.
1218 1801 1244 1828 5.
1260 1797 1296 1835 (ἶ)
1309 1809 1316 1832 ;
1332 1808 1400 1826 unus
1414 1799 1529 1833 Spiritus
1542 1802 1663 1836 sanctus,
1679 1797 1839 1836 illuminatio

1046 1832 1215 1877 cunctorum,
1231 1832 1442 1876 una-divinitas,
1458 1842 1527 1861 unus
1542 1833 1611 1860 Deus
1628 1842 1633 1859 :
1652 1833 1701 1866 ipsi
1715 1832 1798 1872 gloria
1813 1835 1840 1859 et

1047 1871 1187 1905 imperium
1204 1867 1275 1898 omni
1292 1876 1412 1905 tempore
1423 1890 1431 1903 ,
1448 1877 1517 1896 nunc
1529 1874 1557 1896 et
1569 1876 1676 1903 seinper
1688 1887 1696 1901 ,
1708 1874 1734 1895 et
1746 1867 1772 1894 in
1787 1875 1839 1893 sa:-

1042 1907 1105 1934 cula
1120 1907 1292 1934 swculorum.
1303 1908 1400 1934 Amen.

218 2089 1840 2121 Μ

666 2200 707 2231 ΙΝ
729 2197 931 2230 HOMILIAM
951 2196 1006 2228 DE
1025 2194 1259 2226 NEGATIONE
1281 2193 1410 2224 PETRI.

222 2286 331 2314 moralis
341 2285 491 2313 exhortatio
503 2285 546 2312 illa
557 2282 748 2318 pulcherrima.
761 2289 812 2316 qua
823 2280 934 2308 homilia
945 2278 1125 2311 concluditur,
1135 2284 1247 2312 qumque
1258 2284 1290 2304 ex
1304 2275 1485 2311 Chrysostomi
1497 2273 1607 2302 homilia
1637 2273 1715 2301 tertia
1729 2273 1756 2300 in
1770 2271 1845 2305 illud,

225 2333 355 2360 Habentes
376 2333 494 2359 eumdem
509 2330 647 2365 Spiritum,
672 2333 746 2356 tomo
759 2327 804 2361 lli,
820 2336 846 2362 p.
862 2327 925 2358 288,
948 2329 1076 2360 excerpta
1096 2324 1148 2351 fuit
1163 2333 1169 2350 :
1185 2328 1213 2351 et
1236 2327 1340 2350 temere
1356 2326 1448 2350 assuta
1464 2321 1527 2349 huic
1543 2321 1685 2357 opusculo,
1703 2320 1743 2348 vel
1759 2321 1848 2356 primo

223 2385 369 2416 conspectu
388 2380 556 2415 comprobat,
571 2381 672 2413 quanta
689 2377 724 2404 sit
736 2377 807 2404 inter
819 2376 893 2402 illum
907 2374 1002 2402 nescio
1015 2381 1096 2409 quem
1110 2371 1264 2400 Graeculum
1279 2375 1307 2399 et
1320 2374 1424 2398 tantum
1438 2370 1577 2398 doctorem
1594 2369 1759 2397 differentia.

260 2427 450 2462 interpretatio
463 2425 560 2453 Latina
575 2428 617 2451 est
630 2421 776 2450 Frontonis
787 2420 888 2449 Ducati.

236 2523 1832 2546 ,Νῶ-

221 2631 261 2652 DE
283 2629 463 2652 NEGATIONE
485 2628 590 2653 PETRI,
614 2627 655 2648 ET
676 2626 718 2647 DE
740 2624 853 2651 CRL‘CE,
869 2623 910 2645 ET
931 2622 993 2649 QUO
1015 2620 1115 2643 PACTO
1135 2619 1253 2641 JOSEPK
1268 2618 1386 2640 FUERIT
1406 2617 1525 2639 FIGURA
1546 2617 1686 2646 CHRISTI,
1708 2617 1855 2639 HOMILIA.

943 2678 1129 2707 W

1069 2739 1247 2773 adimpletur,
1271 2745 1298 2767 et
1323 2738 1514 2774 prtenuntiatus
1537 2746 1551 2765 a
1578 2737 1714 2773 prophetis
1738 2737 1863 2774 Christus

1069 2775 1237 2803 collaudatur
1247 2795 1254 2808 ,
1268 2783 1300 2802 ac
1315 2773 1421 2809 proprie
1433 2774 1532 2801 dictum
1548 2773 1613 2800 illud
1628 2775 1770 2809 impletur,
1791 2773 1863 2807 quod

1070 2812 1104 2839 de
1118 2811 1253 2838 Dominica
1268 2816 1353 2837 morte
1368 2811 1469 2844 inquit:
1484 2809 1518 2836 lu
1533 2810 1621 2843 laqueo
1634 2817 1683 2836 suo
1696 2809 1863 2843 comprehen-

1069 2855 1113 2874 sus
1134 2851 1170 2874 est
1188 2851 1313 2882 peccator
1327 2846 1336 2881 (
1351 2846 1422 2873 Psal.
1443 2845 1471 2873 9.
1488 2845 1549 2882 16).
1565 2845 1600 2873 Ει
1616 2845 1739 2881 quisnam
1754 2851 1794 2874 est
1810 2844 1868 2871 istc

257 2747 283 2774 ι.
311 2746 497 2774 Necessarium
522 2749 563 2773 est
586 2745 636 2771 hoc
660 2749 791 2778 tempore,
817 2747 843 2769 ut
869 2746 897 2769 ct
915 2741 1016 2775 Joseph

220 2782 339 2809 debitum
355 2782 538 2816 persolvamus
550 2802 556 2812 ,
573 2787 600 2808 ct
612 2780 700 2808 crucis
714 2777 828 2814 gloriam
848 2777 1016 2816 demonstre-

222 2825 292 2844 mus.
308 2813 391 2845 Hodie
404 2822 429 2844 et
444 2817 544 2852 Joseph
558 2813 726 2852 coronatur;
734 2820 761 2841 et
780 2821 845 2852 cruri
862 2813 1014 2852 piantatur:

222 2852 303 2882 hodie
315 2858 343 2881 et
356 2853 452 2881 Petrus
465 2848 553 2889 nes-at,
567 2857 595 2880 et
609 2852 677 2880 latro
690 2850 796 2878 [tentur
810 2858 817 2876 :
835 2848 914 2876 hodie
932 2852 958 2876 et
973 2848 1017 2876 lex
