2067 3119
162 162 212 191 [117

162 221 253 248 tuonio
264 218 450 247 commendato
460 219 565 246 beatum
582 226 624 246 me
636 216 794 252 pradicasti.
808 224 839 244 ac
850 222 951 252 petram

162 255 291 282 Ecclesia:
315 255 471 290 nunrupasti
494 255 586 290 dicens
600 262 606 280 :
623 252 660 280 Tit
675 261 700 280 es
715 252 807 279 Petrus
818 274 827 286 ,
841 259 863 279 et
877 262 953 290 super

162 291 227 317 liam:
242 295 337 324 petram
348 289 479 324 wdi/icabo
491 289 635 324 Ecclesium
642 296 737 324 meum,
751 293 774 324 et
786 289 951 324 patimini/eri

161 334 212 353 non
226 322 524 361 prwualebunt‘adversus
538 333 593 351 eam
609 322 714 359 (Matth.
731 323 773 350 16.
787 324 844 361 1-8).
862 322 953 361 Egune

162 359 241 395 igitur
256 365 282 388 te
295 361 408 395 negabo,
424 361 547 394 princeps
559 360 748 393 apostolorum.
766 359 888 395 columna
901 360 952 395 Ερ-

161 393 268 424 cicsiat?
292 393 470 430 Quamobrem
485 393 591 422 et'uiihi
618 394 702 421 ﬁdens
728 393 880 430 vociferor:
897 394 952 430 Etsi

162 439 248 458 omnes
259 428 423 458 scandalizati
434 431 592 466 fuerintLego
606 438 656 456 non
676 428 890 466 sicauaaiizuboﬁ
906 429 918 455 1
923 430 950 456 d.

160 466 207 493 26.
222 466 285 501 35),
302 466 368 493 Tum
381 466 414 492 ad
430 464 502 492 illum
527 464 664 501 Christus:
677 464 746 497 Quid
767 464 833 501 dicis
848 470 874 491 et
889 472 953 492 cou-

163 499 280 533 tradicis,
294 501 391 528 Petro?
404 501 492 528 verbis
506 501 560 528 Deo
573 500 694 528 resistis?
706 499 895 526 utendacetnne
909 508 952 528 me

160 536 383 571 deprehendisti?
402 543 454 563 non
478 536 614 567 obsecras,
637 539 666 562 ut
690 535 875 571 conﬁrmeris;
904 535 951 562 sed

161 570 293 606 prbmittis
303 570 368 604 fore,
382 577 410 599 ut
424 578 476 598 non
487 571 664 598 concutiaris?
677 578 764 597 nonne
775 570 886 606 hicripsc
899 570 951 597 fer-

160 605 210 634 vor
225 612 284 634 tuus
299 607 381 634 mttlto
394 612 420 634 te
433 606 594 634 deteriorem
609 606 716 633 eﬁ‘ecit‘l
730 610 800 632 tuaiit
819 605 895 632 istaut
911 609 951 632 te-

161 642 311 670 meritatem
325 642 352 670 in
367 642 433 669 mari
453 642 533 669 etiam
558 640 685 668 incedens
710 640 884 673 ostendisses,
899 641 950 667 nisi

159 685 211 713 ego
222 685 328 704 manum
340 677 419 704 citius
433 677 622 704 extendissent.
636 676 729 713 Nonne
744 677 768 702 in
783 680 872 713 monte
885 683 953 713 quo-

158 711 214 747 que
238 713 478 748 transﬁguratioitis
502 713 528 739 in
555 719 598 739 me
613 711 744 748 peccasti,
758 719 820 748 cum
834 711 883 738 tria
898 711 952 748 vcl-

160 748 199 775 les
211 747 378 775 tabernacula
392 747 524 780 fabricari,
536 752 564 774 ct
573 747 599 774 in
610 747 703 773 eodem
716 747 809 773 ordine
819 753 878 773 cum
889 747 953 773 anti-

157 783 200 810 cis
215 784 224 800 ³
241 791 283 810 me
298 784 437 810 Dominum
452 783 597 810 collocares
611 781 670 816 (Id.
688 782 732 808 17.
748 781 798 817 ti)?
815 788 910 817 nonne
924 786 952 808 ut

159 818 351 853 Jerosolymam
366 827 419 846 non
434 818 606 853 ascenderem
630 817 736 853 orabas,
752 816 822 853 quod
845 816 951 853 imbro-

159 861 219 881 rum
239 851 325 881 minas
343 861 396 880 non
416 854 499 881 l'erres
513 852 713 888 (1d.16.2'2)?
728 852 854 888 Equidem
867 851 952 888 publi-

157 897 222 916 care
238 894 263 916 te
278 889 398 916 nolebam
410 909 418 921 ,
440 887 533 922 Petre',
551 893 578 914 at
597 892 624 915 tu
641 888 780 922 prxscium
806 887 951 914 divinitatis

160 933 228 952 metu
251 925 356 952 oculum
381 924 508 959 reiecisti.
535 924 604 951 Ecce
619 930 678 958 qua:
699 927 897 959 perpetraturos
910 930 949 955 es,

159 960 207 986 tibi
221 959 292 991 dico,
311 965 340 986 tit
355 960 400 994 qui
411 957 458 991 sis,
474 966 506 986 ex
522 959 604 986 rebus
617 959 667 985 tuis
678 965 834 993 cognoscas.
861 957 950 994 Amen,

158 1003 233 1021 nmen
245 996 302 1021 diro
314 992 374 1026 tibi,
388 1000 520 1029 antequam
532 994 616 1030 gallus
630 998 712 1020 cantet
724 1014 730 1025 ,
746 998 782 1019 ter
795 1001 834 1030 me
847 992 952 1027 negabis

158 1032 169 1065 (
189 1029 232 1057 Id.
246 1030 290 1057 26.
306 1030 341 1058 53
357 1030 378 1065 ).
394 1027 487 1057 Petrus
501 1027 588 1057 autem
600 1037 694 1065 rursus
708 1033 798 1055 metite
812 1027 950 1065 deceptus,

157 1063 188 1092 ct
199 1066 320 1093 humana:
339 1063 500 1093 conditionis
523 1064 726 1091 mutabilitatem
747 1064 881 1098 ignorans,
899 1063 951 1089 Do-
976 1068 979 1071 ‘

160 1102 234 1128 ittino
248 1102 274 1127 iit
288 1101 345 1128 lucc
360 1100 441 1128 verba
462 1100 600 1133 respondit
613 1108 620 1126 :
641 1099 710 1133 Quid
723 1107 766 1126 nte
779 1099 881 1126 teri-cs?
896 1098 952 1125 scio

115 1154 119 1157 -
161 1141 275 1163 mortem
301 1141 486 1167 contemnere,
510 1142 598 1170 neque
613 1139 639 1162 te
653 1135 801 1170 abnegabo.
826 1134 952 1170 Dominus

161 1178 250 1198 autem
261 1171 292 1198 ad
308 1171 414 1198 Petrum
427 1180 434 1198 :
446 1172 526 1198 liecte
539 1169 567 1197 tu
580 1170 687 1205 quidem
710 1169 781 1204 apud
795 1173 822 1196 te
833 1169 954 1196 decrevi-

161 1208 196 1234 sti
209 1216 215 1233 :
228 1214 318 1234 verum
332 1206 401 1233 haud
416 1207 499 1233 multo
511 1211 570 1240 post
581 1212 726 1240 cognosces
742 1214 748 1231 z
764 1210 868 1238 tempus
878 1205 950 1231 enim

160 1247 203 1270 est
218 1242 242 1268 in
257 1242 355 1276 ianuis,
372 1246 400 1268 ut
413 1240 597 1268 manifestatur
609 1246 637 1268 et
650 1245 724 1276 turum
738 1240 913 1276 propositum,
926 1244 953 1266 et

160 1285 222 1304 mea
238 1275 377 1312 praeputio.
403 1276 456 1304 Sed
469 1277 528 1311 quis
551 1276 656 1312 tandem
672 1275 891 1312 ﬁnisosermonis?
903 1275 954 1301 im-

161 1310 245 1340 tuinei
267 1313 366 1348 quippe
386 1312 442 1347 jam
464 1310 598 1348 vespera,
616 1310 816 1348 comprehenso
839 1318 953 1348 namque

162 1346 295 1381 Domitio,
311 1346 393 1383 atque
406 1348 432 1374 in
447 1348 543 1383 atrium
559 1346 686 1383 principis
710 1346 878 1383 sacerdotum
903 1347 953 1372 de-

161 1383 259 1415 ducto,
274 1380 451 1417 omnibusque
465 1380 593 1417 dispersis
607 1381 759 1415 discipulis.
774 1381 847 1408 solus
859 1380 953 1407 Petrus

161 1418 324 1453 sequebatur
335 1418 360 1445 in
377 1418 472 1445 atrium
489 1417 615 1452 principis
637 1417 804 1453 sacerdotum
818 1421 888 1443 utea
911 1417 952 1442 tti-

162 1453 258 1480 iniruin
270 1458 463 1488 exsequuturus
477 1461 537 1487 qua:
557 1452 767 1488 decreta'eraut.
780 1452 845 1478 Cum
860 1456 949 1478 autem

161 1489 283 1516 Christus
307 1486 419 1516 int—eritis
444 1486 548 1515 vinctus
563 1492 709 1520 teneretur,
724 1486 818 1514 Petrus
831 1487 858 1513 in
872 1492 952 1513 exte-

163 1525 227 1551 riori
242 1524 310 1551 atrio
321 1524 434 1551 ﬁdenter
440 1523 549 1550 Sedebat
560 1523 694 1553 immotus,
705 1526 733 1548 ut
744 1522 788 1556 qui
796 1522 849 1556 jain
860 1529 955 1556 nempe

163 1559 299 1586 victoriam
331 1559 474 1586 retulisset.
501 1557 570 1591 Quid
594 1558 688 1592 igitur?
715 1557 781 1584 Cum
801 1557 953 1591 aliquandiu

162 1594 329 1622 coasedisset
339 1594 393 1627 ille,
405 1601 491 1628 tteque
501 1593 617 1628 gladium
635 1592 739 1620 videret
750 1592 852 1628 exacui,
868 1600 954 1626 neque

165 1631 315 1665 propositas
336 1633 420 1662 cotes,
436 1627 489 1656 non
504 1627 735 1665 proscriptionem
759 1627 953 1665 denuntiatum,

166 1663 222 1692 iiou’
242 1666 363 1693 exsilium
389 1665 551 1699 irrogatum:
569 1664 615 1690 sed
629 1664 725 1698 exigua
749 1663 846 1699 ancilla
869 1663 954 1697 pretio

163 1705 264 1735 empta,
291 1701 362 1733 vilis,
378 1697 509 1728 accedens
524 1699 603 1735 Petro
618 1699 703 1735 inquit
714 1707 725 1735 _:
741 1697 809 1731 Quid
825 1697 869 1724 ltic
883 1699 950 1735 agis,

163 1744 181 1763 ο
195 1733 295 1763 homo?
310 1737 355 1763 ubi
373 1741 414 1763 est
433 1735 516 1762 virtus
537 1734 652 1769 Magistri
667 1733 722 1760 tui?
736 1741 799 1760 ecce
813 1733 955 1769 conclusus

163 1772 287 1799 cstintus
302 1780 309 1798 :
323 1778 387 1798 ecce
397 1770 483 1798 crucis
497 1768 626 1804 supplicio
641 1776 702 1796 mox
718 1768 867 1795 addicetur.
884 1768 950 1796 Tum

166 1806 262 1834 Petrus
282 1814 343 1834 cum
366 1813 472 1834 omnem
486 1805 673 1832 conlidentiam
685 1812 717 1831 ac
726 1804 831 1831 dicendi
845 1804 954 1830 liberta-

164 1846 219 1869 tem
232 1850 264 1868 ex
279 1842 407 1869 memoria
418 1841 551 1876 eiecisset,
561 1839 729 1875 respondens
740 1840 782 1876 ait
791 1847 797 1865 :
809 1839 876 1872 Quid
889 1838 955 1866 mihi

163 1877 308 1911 obstrepis,
325 1877 412 1911 puella
424 1873 440 1904 *ἴ
460 1884 512 1904 non
528 1876 588 1903 novi
604 1873 749 1902 hominem.
765 1873 788 1902 0
803 1882 859 1902 rem
876 1875 956 1901 mira-

164 1913 245 1940 bilem
257 1910 266 1940 i
281 1910 333 1947 Qui
345 1912 461 1945 dicebat,
474 1911 581 1939 Etiamsi
593 1911 734 1947 oportuerit
747 1918 787 1947 me
797 1910 862 1936 mori
873 1915 955 1947 tecum

165 1947 246 1984 (Ibid.
262 1944 338 1975 υζ⁷55
351 1947 379 1984 ),
398 1948 453 1982 jam
478 1951 565 1984 negat.
589 1944 733 1984 Postquam
756 1946 835 1984 igitur
849 1944 956 1984 ¹θοι-11111

165 1980 223 2010 inec
238 1983 322 2018 prima
334 1980 448 2018 negatio,
460 1980 630 2017 perturbatus
641 1980 746 2018 Petrus,
761 1980 794 2008 ab
806 1980 874 2008 atrio
889 1985 956 2018 tam:

166 2015 246 2053 quani
254 2018 288 2045 ab
299 2019 358 2054 igne
369 2015 485 2054 prosiliit
498 2023 575 2054 extra
586 2016 878 2054 vestibulumcurrens.
887 2015 956 2054 Quid

165 2050 279 2081 deinde?
289 2050 391 2081 Rursus
401 2050 483 2082 altet‘a
492 2053 589 2080 ancilla
601 2052 718 2080 occurrit
727 2051 774 2078 illi.
783 2051 806 2078 0
819 2059 863 2079 res
876 2052 958 2078 mira-

166 2089 247 2116 biles!
262 2088 396 2125 Nusquam
417 2089 511 2125 iniles,
531 2095 660 2122 nusquam
688 2087 810 2125 glad_‘tus__,
826 2087 873 2113 sed
891 2086 957 2125 _vil_is

165 2125 255 2161 puella
266 2121 344 2153 Petro
352 2124 477 2161 occurrit.
484 2124 562 2161 illum
571 2130 678 2158 agressa
685 2121 726 2161 est
733 2123 771 2149 sic
780 2121 881 2161 dicens:
888 2121 957 2161 Quid

167 2156 372 2190 iuntultuaris,o
395 2159 495 2186 homo?
513 2167 566 2194 quo
582 2156 727 2194 properas?
749 2157 814 2192 quid
836 2156 957 2194 aestuas?

167 2203 256 2223 nonne
270 2199 296 2223 te
310 2202 415 2230 semper
428 2203 489 2221 eum
502 2192 613 2222 catum
632 2192 803 2230 incedentem
818 2192 958 2230 videbant?

166 2231 301 2271 quomodo
327 2227 407 2271 igitur
431 2236 555 2271 egressus
576 2229 710 2271 vestibulu
734 2228 836 2271 curris?
865 2227 959 2267 Petrus

165 2262 254 2293 autem
269 2273 322 2300 non
337 2262 394 2300 iam
415 2262 572 2300 Vsiiiipliciter
586 2265 740 2299 respondit,
753 2263 800 2300 sed
814 2270 873 2300 cum
886 2262 959 2300 jura-

166 2305 257 2328 ntento
281 2298 380 2335 inquit,
395 2299 456 2327 Non
473 2298 533 2326 novi
554 2300 621 2326 Imm:
634 2298 883 2335 hoiiiineiit(lbiii.u.
898 2298 957 2335 72).

168 2336 261 2363 Vidisti
277 2333 324 2363 Dei
336 2335 547 2370 pratdietionem,
559 2341 587 2362 et
597 2335 710 2361 hominis
723 2334 844 2368 lapsum?
860 2333 960 2370 Deinde

166 2372 283 2399 secunda
297 2369 438 2406 negatione
465 2371 610 2405 completa,
626 2370 703 2397 tertia
715 2370 826 2406 negatio
841 2369 958 2406 aduenit.

167 2406 232 2434 Post
264 2403 386 2442 putiiium
408 2414 466 2433 cum
481 2403 640 2442 accessissent
653 2425 662 2438 ,
677 2405 720 2439 qui
734 2405 850 2442 astabant
862 2403 960 2442 ,_l’etro

167 2440 282 2469 dicebant
296 2449 306 2469 :
324 2441 386 2468 Vere
400 2446 423 2468 et
444 2446 471 2468 tu
491 2449 523 2467 ex
535 2440 586 2467 illis
608 2448 633 2467 es
647 2448 726 2467 :nam
747 2444 770 2466 et
794 2440 894 2474 loquela
917 2443 961 2464 tua

167 2477 330 2513 manifestum
355 2481 378 2503 te
394 2477 466 2512 facit.
491 2475 590 2513 Petrus
605 2481 690 2513 autem
705 2474 962 2513 crepit_aiiat_li_eni_u_ti—

167 2520 227 2548 gare
239 2509 261 2539 et
267 2513 367 2548 jurare,
379 2509 439 2548 quia
451 2520 502 2539 non
513 2511 705 2548 nouirhontiucin
717 2509 739 2548 υ
745 2510 797 2536 bid.
809 2517 833 2536 υ.

169 2547 219 2575 Ubi
235 2544 374 2582 providum
387 2544 672 2582 'Petriipromissum?
685 2546 733 2582 qui
756 2550 833 2582 attica
859 2544 961 2582 dixisti,

169 2582 209 2609 Tit
221 2580 247 2610 ei
261 2583 364 2611 Clin'tus
379 2582 462 2609 Filius
473 2581 523 2609 Dei
538 2582 586 2608 uiri
595 2603 602 2612 ,
619 2582 662 2608 ltic
675 2580 742 2608 dit-is
752 2600 759 2610 .
776 2580 835 2607 Non
848 2580 906 2606 novi
917 2580 963 2605 lto-

169 2619 263 2646 minem
277 2619 373 2645 istum?
389 2618 514 2645 Fortasse
530 2618 623 2644 Petrus
639 2616 804 2650 imprudens,
816 2616 878 2642 dum
896 2615 963 2641 hanc

170 2661 263 2681 vocent
278 2653 397 2688 protulit,
412 2652 556 2687 evigilavit,
573 2660 621 2688 nec
634 2653 749 2678 absurde
761 2652 886 2688 loquutus
900 2656 940 2688 est
955 2657 961 2676 :

169 2697 225 2716 non
249 2685 325 2720 diiit,
341 2689 399 2715 Non
417 2685 478 2714 novi
495 2689 576 2715 Deum
598 2687 724 2719 Verbuut,
737 2687 783 2713 sed
802 2686 878 2718 dixit,
903 2685 964 2712 Non

172 2725 229 2751 11υυὶ
242 2725 368 2751 hominem
378 2725 463 2751 istum.
485 2723 602 2751 Oll‘endit
617 2723 642 2749 iit
656 2730 689 2749 eo
700 2722 770 2756 quod
793 2722 962 2753 cernebatur,

172 2767 225 2787 non
241 2760 266 2786 in
281 2767 313 2786 eo
329 2760 398 2793 quod
414 2759 620 2793 intelligebatur.
647 2758 814 2793 Quapropter
828 2762 854 2784 et
870 2757 964 2791 pratvi-

173 2796 240 2822 dens
248 2792 376 2823 Domitius
386 2792 669 2828 dicebat,’Quicumqiie
682 2792 773 2820 dixerit
783 2792 964 2827 blasphemiam

207 2889 223 2920 ι.
239 2887 285 2920 llic
302 2886 440 2920 legendum
462 2888 559 2920 pttlan_l,
582 2884 659 2910 servis
676 2885 810 2920 (actutm);
835 2884 878 2917 sed
902 2890 958 2915 vox,

175 2917 259 2943 mucis
272 2918 377 2949 (φῦοις),
392 2917 466 2941 etiam
478 2917 598 2947 quadrare
616 2918 706 2947 potest.

780 160 824 188 DE
839 159 1035 189 NEGATIONE
1054 162 1165 191 PETRI.

1745 167 1797 198 618

1008 219 1034 260 iri
1050 219 1146 260 Filium
1157 221 1280 260 immittis.
1293 258 1297 260 Α
1309 223 1448 250 remittetur
1461 224 1485 250 ei
1494 244 1500 255 ,
1515 224 1583 257 Quid
1604 232 1669 260 ergo
1684 225 1797 254 Petrus?

1007 253 1072 296 iVou
1084 257 1140 296 novi
1151 257 1276 296 hominem
1290 258 1365 284 istum
1380 266 1389 285 :
1402 264 1425 285 et
1437 253 1556 286 contiuiio
1570 253 1655 295 guttuvs
1666 253 1775 288 cantauit
1787 269 1797 289 :

1006 290 1051 330 ille
1064 291 1179 332 invictus
1194 291 1264 319 Petri
1285 298 1434 326 accusator,
1459 290 1581 332 prarvius"
1591 297 1731 324 sententia:
1746 298 1796 324 Dos

1006 333 1116 367 nimico;
1129 333 1216 367 prch
1228 335 1263 367 ac
1282 334 1418 367 patronus,
1434 331 1581 367 negationis
1606 332 1796 366 proclamator.

1007 362 1178 421 prirnotionis
1190 362 1278 394 iudex,
1294 371 1326 390 ac
1338 362 1499 397 puinitentize
1514 362 1691 401 lacryniarum
1705 367 1797 395 admo-

1026 404 1031 421 1
1046 405 1086 421 (tl‘.

1005 403 1086 423 nitor.

1045 432 1071 458 5.
1088 432 1175 466 Atque
1199 431 1256 459 haec
1275 432 1381 468 quidem
1402 433 1531 463 hactenus
1549 435 1619 463 dicta
1639 437 1772 465 sufﬁciant
1788 447 1794 466 τ

1003 469 1058 504 jam
1086 475 1150 494 vero
1177 468 1210 495 de
1231 469 1401 505 elecmosyna
1433 477 1584 505 sermonem
1610 472 1795 505 instituamus,

1005 503 1034 532 ut
1057 509 1173 531 vestram
1196 503 1367 531 cohortentur
1394 503 1543 538 caritatem,
1559 507 1630 539 quod
1655 508 1680 534 in
1707 503 1796 535 Evan4

1006 541 1076 575 gelio
1096 539 1195 575 dictum
1209 543 1251 566 est
1266 544 1423 575 usurpantes
1436 548 1442 565 :
1458 539 1548 567 Facite
1570 541 1637 568 vobis
1651 543 1746 569 anticus
1766 546 1797 571 de

1004 574 1123 602 mammia
1146 574 1286 612 iniquitatis
1307 582 1318 612 :_
1336 580 1363 601 ut
1376 583 1433 612 cum
1447 575 1600 612 defeceritis,
1616 578 1739 612 recipiant
1754 587 1796 606 vos

1004 611 1042 646 illi
1053 615 1158 646 aeterna,
1167 609 1344 646 tabernacula
1364 610 1448 643 (Luc.
1466 611 1510 638 16.
1530 610 1578 646 9).
1600 609 1683 640 Recte
1707 613 1775 640 dixit
1787 635 1794 646 ,

1005 645 1126 673 κΕιω-ιια.
1151 645 1216 672 Nam
1238 645 1281 672 hic
1301 645 1409 680 quidem
1429 646 1479 672 etsi
1501 645 1667 680 splendidam
1686 648 1794 676 domum

1004 680 1268 716 possideas,omnino
1280 682 1406 715 temporis
1416 681 1556 708 intervallo
1566 688 1690 716 corrupta
1703 685 1795 717 periit:

1005 716 1059 744 into
1072 724 1137 743 vero
1149 721 1291 752 antequam
1312 717 1391 743 etiatn
1411 717 1538 752 temporis
1554 725 1678 744 successu
1693 725 1794 752 pereat,

1004 759 1078 779 mors
1092 752 1216 785 ingruens
1229 759 1261 777 ex
1273 751 1314 778 liis
1335 751 1483 785 splendidis
1501 752 1602 780 milibus
1617 757 1643 780 te
1653 751 1794 782 exturbat:

1005 794 1077 821 Saepe
1090 794 1156 813 vero
1168 791 1195 813 et
1206 790 1271 823 ante
1282 791 1395 823 mortem
1411 795 1501 823 rerum
1522 790 1707 823 quarumpiam
1723 790 1794 817 difﬁ-

1004 824 1116 859 cultates
1130 826 1158 848 et
1172 821 1396 859 caluitiniatorum
1419 822 1586 859 incursiones
1599 821 1678 859 atque
1693 826 1796 852 insidia:

1003 857 1137 888 efﬁcient,
1154 861 1182 883 ut
1196 857 1248 884 illis
1261 856 1380 884 excidas.
1405 858 1440 884 At
1453 856 1507 885 illic
1522 859 1585 885 nihil
1601 856 1694 886 horum
1710 860 1796 887 refor-

1005 893 1108 920 midare
1122 893 1185 919 licet
1198 901 1205 919 :
1220 899 1273 919 non
1287 893 1487 927 corruptionem
1499 914 1506 927 ,
1523 902 1576 921 non
1593 899 1707 922 mortem
1719 916 1726 928 ,
1742 904 1793 923 non

1004 928 1125 963 lapsum,
1149 935 1201 954 non
1225 928 1447 956 calumitiatoruin
1477 930 1619 962 insultant,
1643 939 1696 957 nott
1723 931 1793 958 aliud

1004 962 1157 1026 quidquam;
1170 963 1216 990 sed
1230 962 1365 991 immobile
1375 969 1416 991 est
1428 965 1610 992 etimmortale
1619 965 1794 994 domicilium.

1030 1004 1152 1026 rooterea
1166 1004 1266 1026 aeterna
1283 999 1325 1025 illa
1341 1001 1512 1026 nuncupavit.
1535 1000 1624 1026 Facite
1642 1001 1710 1026 vobis
1730 1003 1794 1026 ami-

1030 1004 1152 1031 ropterea
1166 1004 1266 1026 aeterna
1283 999 1325 1025 illa
1341 1001 1512 1034 nuncupavit.
1535 1000 1624 1027 Facite
1642 1001 1710 1028 vobis
1730 1003 1795 1028 ami-

1004 1043 1046 1061 cos
1067 1035 1099 1060 de
1125 1042 1244 1071 iiiamona
1263 1034 1411 1071 iniquitatis
1434 1036 1518 1071 (Luc.
1534 1037 1579 1063 16.
1603 1036 1637 1064 19
1649 1036 1669 1071 ).
1693 1036 1772 1064 Vides
1786 1059 1794 1070 ,

1004 1075 1102 1106 quanta
1115 1070 1150 1096 sit
1162 1069 1313 1106 humanitas
1329 1069 1455 1098 Domini"!
1470 1076 1566 1106 quanta
1583 1069 1732 1106 benignitas
1742 1092 1749 1103 ,
1766 1080 1793 1099 ei

1004 1105 1168 1132 clementia?
1182 1105 1239 1132 Non
1255 1106 1326 1132 enini
1340 1111 1441 1133 temere
1456 1105 1507 1134 hoc
1521 1105 1731 1134 additamentum
1746 1108 1795 1134 ad-

1002 1140 1123 1174 junctum
1146 1145 1206 1171 est;
1231 1140 1278 1167 sed
1293 1142 1420 1175 quoniam
1437 1143 1580 1169 multorttm
1602 1141 1715 1169 divitum
1730 1150 1795 1177 opes

1004 1183 1036 1202 ex
1051 1177 1142 1210 rapina
1156 1180 1184 1203 et
1198 1176 1296 1209 injusto
1310 1181 1411 1210 qurcstu
1427 1178 1547 1204 collectae
1562 1183 1639 1210 sunt,
1665 1176 1796 1205 Malis’ar—

1005 1211 1075 1238 tibus
1087 1231 1094 1244 ,
1110 1211 1214 1245 inquit,
1235 1219 1287 1238 non
1302 1212 1441 1246 oportebat
1454 1213 1488 1239 ita
1504 1214 1628 1247 pecunias
1643 1213 1770 1247 colligere
1784 1222 1790 1245 ;

1005 1247 1054 1273 sed
1067 1247 1173 1282 quando
1181 1247 1237 1281 jam
1250 1247 1378 1281 collegisti
1388 1267 1396 1277 ,
1412 1247 1512 1275 desiste
1522 1256 1536 1274 a
1549 1248 1642 1282 rapina
1653 1252 1681 1275 et
1695 1248 1793 1282 injusto

1026 1286 1109 1309 uaestu
1122 1302 1130 1314 ,
1146 1286 1225 1317 atque
1239 1282 1271 1308 ad
1288 1282 1312 1308 id
1325 1303 1332 1314 ,
1349 1283 1417 1316 quod
1432 1288 1536 1317 oportet
1549 1304 1556 1316 ,
1572 1284 1691 1317 pecuniis
1706 1288 1792 1311 utere.

1029 1325 1062 1344 on
1076 1318 1136 1344 dico
1147 1337 1154 1349 ,
1180 1322 1208 1344 ut
1229 1317 1336 1352 rapiens
1350 1318 1561 1346 misericorditer
1584 1318 1702 1353 largiaris
1716 1338 1724 1350 ,
1748 1320 1795 1346 sed

1006 1356 1035 1379 ut
1048 1353 1186 1380 abstinens
1198 1353 1232 1379 ab
1247 1352 1348 1387 injusto
1369 1359 1470 1387 qumstu
1483 1358 1510 1381 et
1524 1353 1615 1388 rapina
1626 1352 1662 1380 ad
1677 1353 1795 1380 elei-mo-

1006 1395 1098 1422 synatit
1113 1393 1140 1415 et
1154 1388 1345 1423 benignitatem
1358 1388 1458 1416 divitiis
1471 1390 1562 1416 utaris.
1578 1389 1605 1416 Si
1621 1389 1691 1416 enim
1705 1391 1764 1424 quis
1777 1397 1792 1416 a

1005 1423 1097 1459 rapina
1111 1431 1164 1450 non
1177 1427 1281 1455 cesset,
1309 1431 1359 1451 nec
1372 1424 1568 1459 eleeinosynam
1584 1425 1695 1458 largitur
1710 1433 1716 1450 :
1733 1424 1796 1458 quin

1005 1458 1068 1485 licet
1080 1459 1233 1486 innuuteras
1257 1459 1382 1493 pecunias
1397 1460 1421 1486 in
1439 1458 1583 1494 pauperum
1601 1467 1695 1486 manus
1717 1460 1798 1493 proji—

1005 1494 1058 1520 ciat
1068 1513 1076 1525 ,
1090 1494 1152 1521 duiti
1164 1502 1207 1521 res
1219 1494 1319 1521 alienas
1335 1496 1419 1529 rapit,
1434 1500 1461 1521 et
1474 1495 1550 1522 malis
1563 1495 1665 1521 artibtts
1678 1495 1775 1521 ditatur
1788 1515 1794 1524 .

1006 1529 1101 1556 eodem
1112 1549 1120 1561 ,
1136 1537 1189 1563 quo
1205 1529 1345 1556 homicida:
1358 1550 1364 1562 ,
1380 1530 1450 1564 apud
1465 1530 1546 1557 Deunt
1564 1537 1675 1557 ituntei'o
1686 1531 1797 1564 lucoque

1006 1564 1128 1591 ducetur.
1143 1564 1321 1597 Quamobrem
1337 1569 1364 1591 ut
1383 1566 1417 1592 ab
1432 1565 1538 1599 injustis
1552 1565 1697 1600 quius-tibus
1715 1570 1742 1591 et
1755 1573 1799 1591 1·.ι-

1006 1600 1075 1634 pinis
1101 1600 1174 1634 prius
1199 1600 1381 1627 abstineamus
1404 1606 1527 1635 oportet,
1550 1606 1631 1635 atque
1654 1600 1750 1627 deinde
1770 1601 1796 1626 iit

1006 1642 1105 1669 egenos
1118 1637 1313 1670 eleetnosynam
1329 1643 1480 1670 erogeiitus.
1496 1636 1587 1671 Magna
1602 1636 1700 1670 quippe
1714 1636 1799 1662 virtus

1006 1676 1046 1706 est
1060 1671 1247 1706 eleemosyutn.
1274 1671 1369 1697 Verum
1385 1679 1463 1698 iieuto
1478 1671 1660 1698 assiduitatem
1674 1671 1796 1697 admoui-

1007 1705 1087 1732 tiottis
1103 1711 1200 1732 nostra:
1214 1706 1411 1733 accusationem
1431 1705 1581 1733 auditorum
1597 1707 1798 1740 interpretetur.

1006 1741 1072 1768 Nam
1085 1741 1146 1768 etin
1163 1741 1350 1768 certaminibus
1362 1749 1408 1768 eos
1423 1749 1547 1768 cursores
1561 1742 1677 1768 excitam
1691 1747 1798 1774 specta-

973 1794 983 1803 .
1007 1780 1078 1803 tores
1088 1797 1095 1807 ,
1107 1783 1172 1810 quos
1184 1776 1217 1803 ad
1232 1777 1369 1810 praemium
1383 1777 1498 1804 viderint
1521 1778 1641 1811 proxime
1658 1777 1798 1807 accedere,

1007 1819 1182 1847 magnamque
1200 1812 1318 1839 victoria:
1338 1819 1413 1846 spem
1434 1812 1541 1838 habere.
1565 1814 1609 1839 Sic
1630 1819 1680 1846 ego
1693 1819 1799 1846 quoque

1006 1855 1101 1882 magna
1112 1855 1160 1874 vos
1168 1854 1227 1874 cunt
1238 1847 1318 1874 animi
1331 1847 1466 1874 alacritate
1478 1848 1580 1874 habitos
1588 1847 1621 1874 de
1629 1847 1800 1882 eleemosyna

1007 1889 1146 1910 sermones
1171 1883 1294 1917 excipere
1316 1882 1407 1910 videns
1420 1903 1427 1916 ,
1449 1886 1476 1910 et
1496 1883 1553 1917 ipse
1567 1882 1732 1917 frequentius
1758 1883 1797 1909 ni~

1008 1918 1153 1945 hilominus
1179 1917 1252 1945 hisce
1283 1917 1317 1945 de
1340 1918 1419 1945 rebus
1442 1918 1552 1945 instituo
1577 1917 1799 1945 cohortationcm.

1007 1953 1100 1981 Medici
1122 1958 1183 1981 sunt
1202 1954 1351 1980 animarum
1374 1957 1525 1980 nostrarum
1547 1960 1675 1987 pauperes
1688 1973 1695 1984 ,
1716 1953 1799 1980 bette-

1007 1990 1122 2016 factores
1135 1996 1166 2016 ac
1181 1989 1284 2023 patroni
1301 1998 1308 2016 :
1322 1997 1373 2015 itott
1390 1989 1461 2016 enim
1477 1993 1578 2015 tantum
1590 1989 1638 2015 das
1648 2008 1655 2020 ,
1671 1993 1800 2021 quantum

1007 2025 1118 2059 accipis.
1136 2025 1187 2051 Das
1202 2024 1340 2058 pecuniam
1351 2043 1358 2055 ,
1373 2029 1400 2051 et
1412 2024 1512 2058 accipis
1526 2031 1636 2058 regnum
1651 2023 1777 2059 (sclorum
1792 2032 1798 2048 :

1009 2058 1191 2122 paupertatem
1199 2059 1320 2091 discutis,
1329 2064 1354 2085 et
1366 2059 1504 2086 Dominuut
1516 2059 1674 2085 reconcilias
1684 2058 1730 2085 tibi
1741 2058 1800 2093 ipsi.

1023 2095 1090 2122 'ides
1105 2095 1237 2122 disparem
1252 2101 1312 2121 esse
1326 2094 1586 2121 remunerationem!
1605 2093 1666 2120 lltrc
1682 2093 1707 2119 in
1723 2098 1771 2120 teri
1781 2095 1800 2118 is

1023 2093 1090 2122 Fides
1105 2095 1237 2128 disparem
1252 2101 1312 2121 esse
1326 2094 1586 2121 remunerationem!
1605 2093 1666 2120 lltrc
1682 2093 1707 2119 in
1723 2098 1771 2120 teri
1781 2095 1802 2118 is

1009 2135 1086 2163 sunt,
1109 2130 1152 2157 illa
1174 2130 1200 2156 in
1215 2130 1308 2156 caelis:
1325 2129 1382 2155 iimc
1404 2134 1534 2164 percutit,
1557 2129 1602 2155 illa
1625 2134 1802 2162 prrnianent,

1011 2165 1068 2192 iure
1090 2165 1240 2198 intereunt,
1266 2164 1310 2190 illa
1334 2165 1407 2191 omni
1431 2168 1494 2191 sunt
1517 2164 1624 2191 interitu
1652 2164 1800 2197 superiora.

1010 2201 1154 2235 Propterea
1168 2207 1272 2234 quoque
1287 2200 1401 2234 majores
1417 2200 1499 2226 ucstri
1516 2207 1563 2234 pro
1586 2199 1743 2235 templorum
1760 2200 1800 2226 l'o-

1011 2234 1085 2263 ribtis
1110 2243 1239 2270 pauperes
1266 2239 1433 2267 statuerunt,
1467 2239 1496 2261 ut
1525 2235 1565 2262 vel
1593 2234 1802 2269 SlupidlSailtllltll

1011 2273 1130 2306 quemvis
1145 2275 1172 2298 et
1186 2271 1404 2297 iininaniSsimuiu
1418 2270 1462 2297 hic
1476 2277 1620 2306 pauperum
1635 2275 1759 2306 aspectus
1770 2270 1802 2306 ad

1011 2304 1168 2334 mettioriatn
1175 2306 1272 2333 excitet
1278 2305 1534 2340 eleemosynazﬁum
1543 2306 1613 2332 enim
1620 2304 1723 2332 steterit
1730 2305 1805 2331 turba

1011 2350 1104 2369 seituitt
1117 2342 1287 2368 incurvorum
1297 2362 1305 2374 ,
1320 2341 1413 2375 pannis
1424 2341 1582 2367 aitiictorunt
1593 2361 1599 2372 ,
1616 2341 1804 2375 squalentium,

1012 2377 1207 2404 sordidatorum
1220 2397 1228 2410 ,
1244 2376 1377 2411 scipiones
1392 2376 1556 2407 tenentium;
1572 2376 1670 2410 quique
1685 2377 1727 2402 viti
1744 2383 1807 2410 pos-

1013 2414 1066 2439 sint
1075 2413 1232 2444 consistere;
1247 2419 1319 2446 stcpe
1329 2418 1393 2439 vero
1403 2412 1507 2439 eﬁossis
1518 2413 1598 2438 etiam
1612 2411 1697 2438 oculis
1709 2417 1736 2438 et
1746 2418 1806 2437 cor-

1013 2455 1079 2484 pore
1101 2448 1158 2482 ipso
1177 2448 1330 2484 mutilorum
1341 2468 1348 2480 ,
1370 2448 1430 2482 quis
1446 2447 1623 2484 adrorsaxeus
1634 2465 1642 2479 ,
1664 2454 1728 2484 qtiis
1738 2446 1807 2484 adeo

1015 2481 1139 2515 adamas,
1156 2483 1200 2517 qui
1216 2490 1276 2509 cunt
1291 2482 1365 2509 illutit
1379 2487 1444 2509 ictas
1454 2503 1460 2514 ,
1478 2482 1618 2509 inlirutiias
1629 2501 1638 2514 ,
1654 2481 1786 2508 ittuiilatio
1798 2501 1806 2511 ,

1015 2523 1157 2553 paupertas
1167 2539 1174 2550 ,
1191 2518 1279 2544 vilitas
1290 2538 1296 2548 ,
1312 2518 1402 2544 omnia
1417 2518 1532 2552 denique
1545 2517 1578 2543 ad
1592 2517 1806 2553 coittittiscratio-

1016 2552 1076 2580 item
1089 2553 1239 2586 inllectant,
1255 2553 1362 2580 resistat
1374 2573 1381 2585 ,
1394 2561 1425 2579 ac
1436 2553 1518 2580 itihilo
1526 2552 1650 2579 omnibus
1666 2552 1722 2577 istis
1733 2559 1808 2578 com-

1017 2593 1103 2616 motus
1128 2589 1281 2623 rigidusque
1307 2587 1482 2622 permaneat?
1505 2587 1615 2623 idcirco
1637 2595 1684 2621 pro
1706 2586 1808 2614 furibus

1016 2626 1116 2652 nostris
1129 2629 1200 2651 stant
1212 2644 1218 2655 ,
1234 2622 1262 2651 et
1275 2624 1334 2657 ipso
1348 2628 1457 2660 aspectu
1470 2622 1655 2660 vehementius
1664 2630 1742 2656 quain
1756 2623 1808 2660 ulla

1016 2660 1137 2687 oratione
1149 2659 1203 2686 licri
1216 2663 1322 2694 posset,
1335 2660 1368 2686 ad
1381 2657 1571 2685 humanitatem
1583 2658 1749 2685 introeuntes
1761 2657 1810 2684 im-

1017 2695 1128 2737 pellunt:
1146 2695 1210 2737 Nam
1225 2695 1451 2737 quemadmodum
1464 2695 1490 2737 in
1504 2701 1578 2737 more
1589 2694 1703 2734 positum
1715 2698 1766 2725 est,
1782 2697 1808 2737 ut

1017 2727 1044 2757 in
1067 2731 1141 2757 atriis
1165 2727 1322 2764 tetttpiornni
1344 2730 1398 2757 sint
1419 2731 1505 2756 l'outes
1521 2737 1528 2756 :
1544 2732 1573 2756 ut
1591 2727 1637 2764 qui
1661 2736 1754 2763 preces
1776 2727 1807 2754 ad

1019 2767 1102 2793 Deum
1124 2765 1208 2792 fusuri
1224 2769 1302 2796 sunt.
1328 2765 1371 2792 tibi
1393 2765 1467 2800 prius
1484 2771 1580 2792 manus
1597 2765 1757 2800 abluerintt
1771 2764 1810 2790 sic

1017 2802 1115 2828 deinde
1126 2801 1159 2828 ad
1173 2809 1266 2836 preces
1274 2801 1334 2828 illas
1343 2799 1486 2836 extendant
1498 2809 1505 2826 :
1516 2801 1587 2832 itaet
1602 2807 1732 2835 pauperes
1747 2799 1809 2826 fon--

1019 2838 1083 2864 tium
1094 2844 1125 2863 ac
1140 2842 1278 2871 puteorum
1288 2836 1357 2868 loco,
1373 2844 1422 2871 pro
1436 2835 1535 2862 toribus
1546 2841 1634 2869 patres
1644 2839 1809 2871 statuerunt:

1020 2877 1048 2899 ttt
1061 2870 1284 2906 quemadmodum
1299 2879 1366 2907 aqua
1374 2870 1474 2899 ’mauus
1488 2871 1638 2907 abluimus,
1662 2871 1700 2898 sic
1715 2870 1807 2897 huma-

1022 2906 1103 2935 nitate
1116 2908 1189 2942 prius
1213 2907 1315 2936 animus
1337 2908 1537 2943 abstergentes,
1548 2906 1644 2935 deinde
1659 2913 1810 2941 precentur.
