2067 3119
163 203 209 231 8⁸21

165 268 240 293 nens,
263 267 313 287 nec
326 259 419 287 scinde
430 263 476 287 aut
489 258 578 287 divide
592 258 738 287 Ecclesium
752 267 766 286 a
780 259 863 294 gratia
877 266 954 294 sepa-

164 301 237 325 ratus
251 303 260 323 :
273 294 404 331 siquidem
420 299 448 322 et
464 302 478 331 a
493 299 518 322 te
532 294 665 331 Christus,
675 300 703 322 et
716 295 749 331 ab
766 295 843 331 omni
854 302 952 331 genere

165 331 280 359 humano
295 329 424 358 rationem
437 330 534 364 exiget.
550 329 603 357 Sed
615 337 648 356 ne
661 330 708 356 ista
721 330 810 357 dicere
821 330 950 362 videatur,

165 372 193 394 ut
206 367 266 393 data
286 373 367 400 opera
385 365 462 392 nobis
480 370 608 392 terrorem
625 365 744 396 incutiat,
766 373 798 392 ex
815 365 870 400 ipsa
883 366 952 392 serie

165 406 344 436 contextoque
357 401 488 436 sermonis
504 407 595 427 rursus
616 401 641 426 in
662 401 754 427 eodem
771 405 891 427 versatur
904 408 947 426 ar-

163 441 300 472 gumento,
325 436 417 472 dicens
437 445 444 463 :
465 435 524 462 Non
539 443 597 472 ergo
611 436 720 470 amplius
737 436 840 462 invicem
849 435 951 472 judice-

165 470 230 504 ἱηιιε,
246 473 290 498 sed
302 472 348 498 hoc
357 471 471 506 judicate
487 471 575 506 magis,
601 479 631 497 ne
651 471 749 504 ponatis
771 470 950 504 o/Iendirulmn

164 508 238 544 fratri
253 507 291 544 uel
304 505 452 544 scandalum
474 505 560 544 (Rapit.
576 507 619 533 11.
637 506 690 544 15)Ζ
714 506 768 534 Hoc
776 513 853 544 ivero
868 505 950 544 nihilo

165 540 248 577 inagis
260 542 293 569 ad
307 542 380 568 illum
398 548 476 576 quam
490 541 523 568 ad
536 541 606 568 hunc
624 541 748 577 pertinet,
771 540 950 574 Quamobrem

165 576 271 612 utrique
286 581 372 611 potest
383 576 527 612 convenire
544 586 550 603 :
565 577 630 604 dum
641 581 667 612 et
684 576 815 610 perfectus
828 577 948 603 ciborum

164 611 349 640 observatione
364 611 566 643 scandalizatur,
583 616 610 638 et
620 611 812 638 vehementiori
827 611 950 645 objurga-

166 649 239 675 tione
253 646 423 681 imperfectus
436 646 588 674 offenditur.
612 646 651 673 Tu
664 654 729 673 vero
744 646 807 673 mihi
823 646 948 673 conside-

165 690 193 709 ra
207 703 214 715 ,
238 683 419 712 dilectissime.
443 686 554 715 quantas
574 681 660 708 daturi
682 681 765 708 simus
779 689 881 716 pmuas,
903 681 948 715 qui

165 723 265 745 temere
284 717 503 745 scandalizamus.
526 716 553 744 Si
575 716 646 745 enim
666 717 710 743 ubi
732 724 775 744 res
789 721 847 743 erat
860 717 948 750 iniqua

163 761 223 788 quae
236 753 386 788 gerebatur,
400 751 470 787 quod
481 752 631 788 importune
644 752 816 788 reprehensio
834 751 946 788 adhibe:

165 786 248 818 retur;
263 789 312 815 hoc
328 787 382 815 fieri
393 788 487 820 vetuit,
501 794 533 814 ne
543 787 766 814 scandalizaretur
777 786 858 813 frater
871 791 898 813 et
911 786 948 813 of-

164 823 318 851 fenderetur
333 832 340 850 :
356 830 416 850 cum
438 830 472 849 ne
491 822 648 856 corrigendo
667 822 775 856 quidem
796 822 945 856 quempiam

163 859 384 891 scaudalizatnus,
399 858 461 892 quid
475 857 654 885 merebimur?
667 857 696 884 Si
710 858 779 884 enim
793 857 893 884 crimen
905 861 947 883 cst

164 902 216 921 non
231 894 334 921 salvum
355 893 443 920 facere
465 893 562 927 (idque
577 900 607 919 ex
620 900 653 920 eo
666 897 780 925 constat,
795 892 838 927 qui
860 892 945 919 talen-

161 933 219 956 tum
239 929 371 962 defodit),
395 928 481 962 ipsum
500 928 709 960 scandalizasse,
732 927 794 963 quid
809 935 860 954 non
876 934 945 961 prte-

161 965 259 991 stabit?
279 963 347 998 Quid
362 963 384 990 si
398 968 491 998 suapte
506 963 583 1025 culpa
602 963 805 994 scandalizetur,
826 970 887 990 cum
910 962 946 989 sit

163 999 301 1025 infirmus?
314 999 384 1025 dicet
408 998 514 1025 aliquis.
571 1003 661 1025 rooter
673 998 724 1025 hoc
742 998 827 1025 ipsum
840 1005 944 1025 aiouum

163 999 301 1028 infirmus?
314 999 384 1026 dicet
408 998 514 1032 aliquis.
548 998 661 1032 Propter
673 998 724 1025 hoc
742 998 827 1032 ipsum
840 1005 944 1032 :cquum

161 1034 250 1066 fuerit,
275 1040 302 1061 ut
314 1034 401 1060 omnia
412 1033 490 1060 feras.
505 1032 532 1059 Si
547 1034 617 1060 enim
630 1033 733 1060 validus
746 1038 827 1066 esset,
844 1041 944 1066 nequa-

161 1077 241 1103 quam
254 1069 298 1096 tali
315 1076 377 1096 cura
389 1068 518 1103 indigeret
534 1068 606 1102 :jam
619 1076 692 1100 vero,
709 1070 832 1103 quoniam
847 1068 946 1102 imper-

161 1104 256 1133 fcetior
272 1109 322 1134 est.
338 1104 437 1130 idcirco
457 1104 568 1130 multum
594 1103 618 1130 in
639 1111 698 1130 cum
712 1103 791 1130 studii
805 1103 945 1131 conferen-

159 1140 223 1166 dum
237 1144 287 1167 est.
302 1139 357 1167 Hoc
369 1139 450 1173 igitur
461 1139 486 1174 ei
501 1138 688 1170 concedamus,
702 1147 815 1174 cumque
826 1139 897 1165 omni
911 1146 943 1165 ex

160 1179 236 1209 parte
250 1179 448 1210 supportemus.
460 1173 518 1210 Non
531 1174 602 1200 enim
612 1173 878 1210 rnostrorttm'tantnm
887 1181 945 1210 ina-

160 1211 245 1237 lorum
260 1210 389 1237 rationem
403 1209 555 1240 reddemus,
572 1209 618 1236 sed
631 1216 722 1236 eorum
737 1209 831 1240 etiam,
848 1209 943 1242 quibus

158 1245 226 1272 alios
237 1245 454 1284 scandalizamus.
470 1244 544 1284 Quod
560 1245 581 1270 si
594 1245 649 1284 ipsa
666 1252 713 1284 per
730 1251 759 1284 sc
774 1244 886 1284 molesta
903 1248 945 1284 est

157 1281 261 1308 exactio
271 1280 413 1311 rationum,
425 1287 484 1306 cum
495 1279 598 1312 adjecta
608 1279 706 1308 fuerint
716 1281 795 1307 ctiam
806 1279 941 1312 scandala,

158 1316 293 1350 quomodo
305 1315 418 1342 salutem
432 1315 647 1349 causaquetnur?
665 1314 704 1342 No
724 1319 846 1349 putemus
859 1315 942 1347 enim,

157 1349 181 1378 si
195 1356 361 1385 peccatorum
376 1354 514 1377 consortes
536 1349 694 1384 reperimus,
718 1358 767 1377 nos
787 1350 941 1377 excusatio-

158 1394 219 1414 nem
240 1387 376 1415 habituros
389 1394 396 1412 :
411 1384 462 1412 bon
477 1385 553 1411 nobis
567 1392 658 1419 ptenas
670 1385 855 1412 accumulabit.
876 1385 941 1412 Nam

155 1422 262 1456 gravius
273 1428 350 1456 quam
363 1421 456 1447 mulier
468 1421 574 1455 punitus
587 1425 628 1447 est
637 1428 763 1456 serpens;
775 1420 942 1455 quemadmo-

157 1457 219 1483 dum
232 1461 259 1483 et
270 1456 364 1483 mulier
375 1456 480 1490 gravius
493 1463 572 1489 quam
588 1455 638 1489 vir,
655 1461 681 1482 et
697 1455 802 1483 Jezabel
818 1456 941 1482 acerbio-

157 1500 201 1518 res
214 1499 311 1527 ptenas
323 1498 401 1527 qtutm
418 1490 509 1517 Achab
523 1490 607 1527 dedit,
628 1491 672 1527 qui
686 1492 792 1520 vineam
806 1491 941 1527 eripuerat

155 1527 196 1560 (4.
209 1526 272 1561 Reg.
288 1525 387 1562 9).‘fl‘u
410 1533 517 1562 quoque
532 1525 554 1552 si
574 1525 940 1562 cwmrisperditioniscausa

155 1562 248 1594 fueris,
269 1561 405 1596 acerbiora
425 1561 533 1595 patieris
550 1568 629 1595 quam
650 1561 697 1593 illi,
716 1562 760 1596 qui
775 1569 790 1588 a
804 1566 829 1588 te
842 1561 941 1589 fuerint

154 1597 326 1630 supplantati.
350 1595 407 1623 Non
427 1596 497 1623 enim
523 1599 622 1622 tantam
649 1595 732 1624 nobis
747 1596 772 1623 id
795 1596 939 1630 perniciem

153 1636 230 1658 creat
243 1631 313 1666 quod
329 1632 477 1665 peCcemus.
501 1638 581 1665 quam
596 1630 666 1665 quod
679 1632 746 1659 alios
764 1631 796 1658 ad
814 1631 839 1658 id
857 1639 939 1666 agen-

153 1666 218 1703 dum
233 1667 398 1703 impellamus
412 1675 418 1692 :
433 1666 605 1703 quamobrem
618 1666 656 1703 ait
667 1666 751 1703 ,νΝοη
758 1667 846 1703 solum
860 1667 886 1693 id
899 1669 940 1703 fa-

155 1702 238 1734 ciunt,
255 1701 299 1728 sed
313 1702 387 1730 etiam
400 1701 557 1728 consentiunt
572 1702 720 1736 facientibus
738 1701 826 1736 (Roni.
840 1702 865 1729 1.
880 1701 937 1736 5'2).

154 1738 220 1764 Cum
236 1737 314 1771 igitur
327 1741 467 1771 peccantes
482 1736 611 1771 quosdam
624 1736 778 1769 viderimus,
792 1745 845 1764 non
858 1736 938 1765 modo

152 1780 207 1802 non
223 1780 269 1799 eos
283 1771 460 1807 impellamus,
472 1771 518 1798 sed
533 1772 612 1798 etiant
623 1779 654 1798 ex
671 1772 848 1807 improbitatis
861 1773 937 1800 fovea

152 1806 336 1839 curabamus,
359 1815 392 1834 ne
410 1806 565 1842 perditionis
590 1806 739 1837 aliorum’a
755 1807 832 1836 nobis
852 1815 937 1842 paenae.

153 1847 318 1877 repetantur.
344 1842 441 1869 Verum
456 1841 490 1869 ad
505 1849 561 1869 rem
583 1843 743 1876 propositatn
759 1841 935 1870 revertamur.

155 1878 249 1905 Omnes
271 1877 351 1909 enim,
378 1877 471 1912 inquit.
498 1877 618 1905 stabimus
641 1882 699 1904 ante
716 1877 826 1904 tribunal
844 1877 937 1905 Christi

154 1912 243 1949 (Rom.
258 1913 300 1949 14.
317 1912 374 1947 10),
385 1917 412 1940 et
427 1913 553 1949 rationem
567 1912 621 1939 Deo
635 1913 785 1942 reddemus.
804 1913 871 1946 Quid
890 1914 937 1948 igi-

154 1947 198 1975 tur
218 1948 361 1977 faciemus?
383 1947 454 1982 quod
476 1947 610 1980 solatium,
631 1955 709 1982 quam
726 1947 935 1976 consolationem

152 1983 353 2011 obtmebimus?
367 1982 502 2017 quomodo
520 1982 640 2010 .ludicem
656 1983 822 2010 tremendum
846 1984 936 2017 placa-

152 2018 256 2047 bimus?
269 2023 367 2054 quanto
383 2017 483 2054 pudore
496 2017 699 2054 confunduntur,
711 2026 769 2054 cuin
781 2023 878 2045 nostrae
889 2026 937 2045 no-

153 2054 194 2081 bis
211 2053 360 2088 impii-tates
373 2054 407 2080 ob
419 2053 511 2080 oculos
527 2053 722 2080 versabuntur‘!
749 2053 935 2081 Verumtamen

151 2090 174 2115 si
187 2090 241 2122 jam
252 2089 354 2122 erigere
369 2089 472 2115 animos
483 2088 515 2114 ad
529 2095 559 2115 ea
574 2088 747 2115 conscelanda
761 2089 934 2122 voluerimus,

151 2132 210 2158 quae
227 2124 280 2150 Deo
297 2128 358 2151 sunt
368 2128 485 2156 accepta,
498 2130 558 2150 cum
572 2124 660 2150 omnia
673 2124 817 2157 poterimus
830 2124 935 2151 abster-

150 2166 214 2196 gere
229 2167 243 2185 a
258 2159 334 2196 nobis
352 2158 494 2196 commissa
513 2165 632 2196 peccata,
653 2164 709 2196 tum
731 2159 778 2196 illa?
800 2159 935 2196 tremenda

153 2193 293 2222 trilmnalia
307 2193 434 2221 devitare.
450 2193 477 2219 ld
494 2193 557 2220 vero
570 2194 623 2226 fiet,
638 2194 658 2220 si
674 2195 794 2228 corporis
806 2194 888 2221 I'IOsU'i
903 2202 935 2223 ex

152 2229 202 2257 hac
220 2230 272 2256 vita
289 2229 422 2256 discessus
443 2233 570 2263 perpetuo
589 2228 779 2256 recordemur:
796 2229 937 2257 Memorare

152 2271 267 2299 namque
289 2264 423 2290 novissima
438 2269 494 2294 tua.
517 2268 539 2290 et
560 2265 586 2291 in
608 2268 729 2290 mternum
749 2272 798 2290 non
824 2265 936 2299 peccabis

150 2299 246 2334 (Eccli.
262 2300 287 2325 7.
304 2299 353 2333 40)
371 2298 488 2328 :deinde
510 2299 676 2326 tremendum
699 2298 796 2326 Christi
820 2298 936 2328 tribunal

151 2339 241 2371 tuente
255 2341 405 2371 versemus,
423 2334 457 2371 in_
470 2341 523 2371 quo
543 2334 612 2360 nuda
626 2338 687 2361 sunt
702 2335 789 2361 omnia
801 2339 831 2371 et
843 2340 934 2368 aperta

150 2370 234 2396 oculis
249 2369 316 2404 ejus,
330 2376 390 2403 qua:
403 2369 494 2399 verbo,
515 2376 574 2404 qua:
587 2376 679 2403 opere,
700 2377 759 2403 qua:
776 2370 935 2403 cogitatione

150 2404 381 2435 commiserimus;
404 2403 501 2431 deinde
514 2403 621 2432 fluvium
644 2405 759 2439 igneum,
773 2405 878 2432 vincula
893 2405 935 2432 iu-

150 2440 288 2469 tl'esolula.
313 2440 436 2466 tenebras
460 2439 526 2465 lucis
547 2444 688 2473 expertes,
708 2439 849 2467 stridorem
871 2440 935 2467 dett-

151 2475 225 2506 tium,
240 2482 357 2501 vermem
372 2479 540 2510 venenatum,
551 2474 620 2501 diem
631 2474 704 2503 illum
718 2475 864 2502 luctuosum
878 2477 936 2510 qui-

149 2509 210 2537 dem
223 2509 414 2543 peccatoribus,
426 2509 535 2536 hilarent
549 2515 637 2537 autem
653 2517 685 2538 ac
703 2510 849 2544 jucundum
872 2509 933 2545 illis,

149 2545 196 2581 qui
208 2545 316 2581 iustitiae
330 2552 408 2581 opera
425 2545 592 2581 pet-fecerint:

184 2580 213 2606 2.
226 2579 318 2607 Contra
328 2579 368 2606 eos
379 2581 421 2614 qui
434 2579 554 2615 putabant
567 2579 650 2608 Deum
661 2588 710 2607 non
722 2580 807 2607 ulcisci
819 2581 933 2608 crimina.

149 2630 185 2636 —
197 2615 250 2642 Sed
262 2615 381 2651 homines
395 2620 457 2642 sunt
467 2614 572 2650 quidam
590 2620 660 2644 tanta
673 2615 804 2642 dementia
819 2617 933 2651 prmd:ti,

150 2655 180 2677 ut
194 2650 335 2677 mendaces
347 2650 508 2678 arbitrentur
521 2651 670 2685 beripturas
684 2651 808 2678 divinitus
820 2650 935 2685 inspira-

150 2689 191 2713 tas
204 2693 212 2718 ;
226 2686 324 2719 quique
334 2685 378 2720 jus
391 2685 508 2713 divinum
523 2693 569 2719 per
581 2686 736 2720 allegoriam
753 2686 933 2720 interpretan-

149 2725 206 2748 tur.
223 2720 316 2757 Audivi
330 2720 401 2757 enim
413 2720 539 2757 quosdam
554 2722 668 2757 peccatis
683 2721 796 2757 deditos,
808 2727 833 2748 et
843 2729 934 2750 amore

149 2763 255 2795 suuth
275 2755 426 2795 voluptatis
439 2756 565 2795 ὴΊιιξιίιυς3
585 2755 735 2795 ltujusmodi
751 2757 839 2795 verbis
857 2762 933 2795 uten-

150 2796 190 2818 tes
209 2799 215 2817 :
237 2791 317 2823 Deus,
333 2791 465 2825 inquiunt,
489 2791 522 2817 ad
545 2791 666 2819 timorem
687 2791 837 2818 hominibus
858 2792 933 2820 incu-

148 2827 268 2853 tiendttm
283 2826 339 2852 haec
351 2826 465 2852 minatus
477 2831 519 2853 est
533 2835 538 2852 :
554 2827 622 2853 absit
632 2827 714 2859 enim,
733 2831 761 2853 ut
770 2827 813 2861 qui
827 2827 933 2855 miseri-

148 2869 209 2888 cors
225 2865 276 2893 est,
293 2861 568 2898 quemquamhpuniat
589 2869 628 2898 ex
644 2861 697 2898 illis
717 2863 864 2898 prtesertim
887 2863 931 2898 qui

147 2904 209 2923 eum
224 2900 398 2931 agnoverunt.
409 2896 504 2923 Audite
519 2897 607 2931 igitur,
623 2896 743 2923 homines
757 2897 836 2924 corde
849 2896 932 2924 desti-

149 2932 211 2964 tuti,
231 2931 276 2966 qui
297 2931 438 2965 probitatis
456 2931 540 2958 hostis
555 2932 662 2959 interitu
685 2937 774 2959 vestro
791 2933 931 2967 gaudentis

293 2987 430 3017 PATROL.
450 2986 509 3016 Gn.
532 2986 609 3018 LIX.

686 200 719 230 ΙΝ
737 199 918 229 SECUNDUM
940 198 1053 227 DOMINI
1074 199 1269 229 ADVENTUM.

1740 205 1792 234 ϐἳὲ

1008 259 1124 297 suasioni
1147 261 1254 297 paretis.
1279 260 1317 288 Ne
1339 262 1409 289 enim
1433 263 1528 290 timore
1553 263 1666 297 perculsi
1691 271 1738 290 ιιος
1756 265 1790 291 ait

1009 294 1146 333 meliorem
1161 295 1240 333 vitam
1254 302 1451 333 convertemus,
1463 302 1489 324 et
1505 294 1635 325 tormenta
1652 306 1790 333 pinnarum

1006 329 1148 365 evitemus,
1161 329 1260 357 idcirco
1274 331 1350 359 nobis
1364 331 1432 359 hanc
1442 329 1611 360 securitatem
1623 329 1737 365 invexit.
1760 339 1789 363 ut

1007 363 1050 403 ilic
1062 365 1135 403 _ontni
1148 372 1211 392 cura
1229 366 1304 403 vacui
1324 374 1373 403 nos
1385 368 1533 402 prmcipites
1552 368 1577 396 in
1592 369 1677 403 ipsum
1692 363 1788 397 inferni

1007 399 1115 439 inlidunt
1134 407 1253 439 agamus.
1275 401 1359 439 Dicite
1378 399 1560 439 i'gitur'mibi,
1576 399 1619 439 qui
1632 404 1787 432 mendacem

1007 434 1089 461 Deum
1113 435 1242 468 asseritis,
1255 437 1309 473 Aqui
1331 434 1408 464 verba
1431 443 1533 465 tantttm
1553 434 1624 468 inida
1637 440 1787 473 Scripturas

1004 477 1105 506 sacras,
1132 478 1184 497 non
1206 471 1345 498 veritatem
1368 473 1510 505 reputatis,
1535 474 1598 506 quid
1623 471 1749 506 censetis,
1772 483 1788 503 ο

1004 505 1095 532 Stulti?
1107 513 1194 542 nonne
1204 506 1277 542 dives
1292 507 1334 533 ille
1345 508 1462 541 punitur,
1473 508 1516 542 qui
1531 505 1658 538 Lazarum
1670 515 1789 537 contem-

1004 545 1093 579 pserat
1109 540 1242 579 (βιῳ-16.
1257 541 1323 579 20)?
1346 540 1433 569 nonne
1447 540 1524 579 fatum
1539 544 1654 578 virgines
1666 553 1681 571 e
1695 546 1787 579 sponsi

1003 574 1120 614 thalamo
1133 574 1297 614 ejiciuntur?
1315 585 1403 614 nonne
1422 578 1466 612 qui
1481 574 1615 605 Christtim
1637 587 1688 606 non
1705 574 1786 614 flare-

1003 611 1120 648 runt,_iu
1132 612 1225 648 ignem
1241 612 1390 648 discedunt,
1403 611 1446 648 qui
1459 617 1566 647 paratus
1581 619 1621 641 est
1634 611 1739 642 diabolo
1760 619 1788 643 ct

1001 646 1105 684 angelis
1115 646 1172 681 ejus
1187 646 1352 684 (illan/1.725.
1370 646 1418 675 ης
1428 646 1491 684 41)?
1513 656 1601 676 nonne
1615 650 1659 683 qui
1673 650 1786 676 sordidis

1001 679 1223 721 iuiiinduineiitis
1233 683 1354 721 vestitus,
1375 679 1469 721 ligatis'
1480 684 1604 721 manibus
1624 679 1656 721 ac
1677 685 1786 718 pedibus

1000 717 1026 755 in
1042 717 1128 750 ignem
1143 717 1268 755 ejicitor?
1284 726 1371 745 nonne
1386 717 1430 755 qui
1445 723 1552 755 centum
1565 717 1688 755 denarios
1709 727 1786 753 repe-

1000 752 1095 788 iierat,
1119 752 1265 780 tortoribus
1288 759 1328 780 est
1357 752 1467 782 traditus
1493 753 1554 788 (1d.
1569 754 1615 780 2'2.
1633 754 1675 781 11.
1696 759 1719 781 et
1740 752 1784 782 18.

1000 784 1066 819 54)?
1089 794 1177 814 nonne
1198 788 1268 821 qttod
1291 788 1390 817 dictttm
1413 794 1454 816 est
1474 784 1507 815 de
1529 789 1665 820 adulteris,
1692 797 1783 818 verum

1000 825 1051 852 est,
1070 822 1130 859 quia
1153 822 1248 849 Vermis
1262 832 1352 859 eorum
1372 832 1421 851 non
1441 825 1569 855 morietur.
1583 829 1606 851 et
1620 825 1685 859 ignis
1698 832 1784 851 eorum

999 858 1232 894 itonrea'siiuguetur
1247 858 1321 893 (Isai.
1331 859 1376 886 66.
1388 859 1456 894 21)?
1470 867 1502 886 an
1517 860 1595 887 mina:
1609 858 1708 886 tantum
1722 866 1785 887 sunt

999 890 1066 928 ista?
1083 890 1204 928 VEtiam.
1229 890 1359 927 inquiunt.
1385 890 1459 922 Unde
1479 902 1552 926 vero,
1574 902 1676 928 quaso,
1698 894 1741 924 tit,
1767 905 1783 918 (ι

998 926 1100 965 miseri,
1115 932 1143 954 ut
1157 936 1212 955 rem
1229 926 1307 956 talem
1322 937 1442 965 asserere
1457 926 1589 960 audeatis,
1614 929 1692 965 idque
1712 930 1781 964 quod

999 960 1123 1002 injustam
1139 969 1235 1002 sponte
1250 965 1407 1002 sententiain
1427 964 1540 1002 feratis‘i
1565 964 1629 1002 Ego
1642 960 1704 991 r'ero
1721 960 1781 991 cum

997 1003 1030 1023 ex
1044 998 1075 1033 iis
1090 1005 1149 1032 quae
1163 998 1239 1030 dixit,
1254 1003 1308 1027 tum
1324 1007 1357 1028 ex
1373 1000 1404 1027 iis
1417 1008 1475 1033 quae
1493 1000 1554 1027 fecit
1569 999 1701 1032 Christus,
1717 1007 1782 1028 con-

998 1032 1107 1059 trarium
1120 1034 1241 1069 conabor
1253 1034 1403 1063 ostendere.
1414 1032 1442 1062 Si
1456 1035 1527 1062 enim
1541 1035 1574 1062 de
1586 1034 1680 1063 futuris
1696 1036 1781 1069 [mnis

997 1073 1049 1105 non
1063 1068 1207 1103 credimus,
1223 1069 1316 1097 saltem
1327 1070 1362 1097 ob
1375 1077 1405 1098 ea
1420 1078 1478 1105 qua:
1486 1070 1540 1105 jam
1552 1068 1707 1101 evenerunt,
1724 1077 1782 1097 ere-

997 1101 1090 1142 damus
1106 1113 1112 1130 :
1126 1111 1178 1142 non
1192 1101 1262 1132 enim
1278 1113 1309 1132 ea
1322 1113 1380 1140 quae
1391 1101 1447 1140 jam
1460 1101 1617 1142 evenerunt,
1631 1110 1658 1132 et
1671 1106 1696 1132 in
1714 1113 1781 1142 opus

995 1140 1128 1171 exierunt,
1144 1140 1222 1168 mina:
1237 1145 1298 1167 sunt
1310 1148 1342 1167 ac
1355 1141 1433 1167 verba
1448 1145 1558 1168 tantum.
1570 1140 1633 1173 Quis
1647 1148 1710 1175 ergo
1724 1140 1781 1168 Noe

997 1175 1117 1206 tempore
1132 1179 1215 1201 totttm
1231 1179 1361 1202 terrarum
1376 1176 1467 1203 orbem
1492 1176 1570 1203 undis
1583 1175 1682 1208 obruit,
1704 1177 1780 1202 triste

995 1208 1159 1244 naufragium
1173 1210 1236 1237 illud
1251 1211 1358 1243 invexit,
1374 1212 1579 1245 universumque
1591 1218 1674 1245 genus
1687 1210 1780 1237 luuua-

996 1250 1057 1270 num
1073 1245 1182 1272 omnino
1196 1245 1312 1273 delevit?
1326 1247 1384 1279 quis
1398 1253 1490 1273 rursus
1505 1251 1596 1280 postea
1610 1245 1721 1273 fulmina
1736 1246 1780 1274 illa

995 1282 1029 1315 ei
1039 1280 1157 1307 turbines
1171 1281 1262 1315 igneos
1277 1281 1303 1309 in
1317 1281 1494 1308 Sodomorum
1510 1285 1606 1308 terram
1621 1281 1708 1308 misit?
1721 1282 1779 1315 quis

995 1313 1141 1354 {Egyptum
1164 1313 1271 1343 omnem
1292 1316 1453 1354 submersit?
1469 1316 1529 1350 quis
1551 1322 1675 1354 sexcenta
1696 1313 1779 1354 millia

995 1350 1021 1389 in
1046 1350 1155 1389 deserto
1175 1351 1337 1389 prostravit?
1358 1352 1418 1389 quis
1428 1351 1661 1389 congregationem
1678 1352 1777 1389 Abiron

995 1385 1131 1421 incendit?
1155 1387 1223 1421 quis,
1246 1386 1316 1414 Core
1340 1385 1638 1419 et’Dathan’ut’aperto
1658 1393 1704 1413 ore
1728 1387 1777 1415 de-

993 1420 1118 1457 glutiret,
1131 1420 1207 1449 terrae
1228 1421 1362 1449 mandarit
1373 1421 1458 1455 (Ρεαι.
1471 1421 1532 1451 105.
1548 1420 1591 1457 17)
1599 1422 1611 1448 ’ἒ
1626 1422 1685 1456 quis
1700 1426 1778 1449 mtate

994 1455 1101 1492 Davidis
1124 1464 1176 1484 uno
1192 1457 1326 1492 temporis
1346 1462 1481 1484 momento
1506 1455 1587 1483 millia
1609 1455 1774 1492 septuaginta

993 1491 1108 1525 perdidit
1127 1492 1164 1526 (2.
1187 1491 1250 1527 Reg.
1272 1492 1316 1521 24.
1339 1492 1406 1526 15)?
1431 1492 1490 1527 quis
1516 1497 1621 1521 centum
1643 1493 1776 1527 octoginta

992 1527 1109 1561 quinque
1123 1527 1203 1555 millia
1220 1535 1270 1555 una
1291 1532 1384 1558 nocte,
1410 1535 1470 1554 cum
1495 1528 1665 1562 prophetaret
1688 1528 1776 1559 Isaias,

993 1562 1125 1589 interemit
1147 1562 1222 1595 (hat.
1237 1563 1280 1589 57.
1300 1562 1366 1597 56)?
1388 1562 1477 1590 Dicam
1497 1568 1524 1589 et
1536 1570 1582 1589 eos
1595 1563 1639 1597 qui
1655 1563 1776 1596 privatim

991 1597 1075 1632 puniti
1089 1602 1164 1630 sunt,
1183 1597 1316 1625 addictum
1331 1602 1458 1632 perpetuo
1472 1597 1600 1631 supplicio
1615 1597 1689 1629 Cain,
1710 1598 1777 1632 lapi-

991 1633 1082 1661 datum
1097 1641 1157 1660 cum
1178 1633 1250 1660 omni
1272 1631 1370 1668 genere
1381 1631 1435 1660 suo
1454 1632 1580 1659 Charmin
1599 1631 1637 1668 (a)
1660 1631 1775 1666 (Josﬁ7.

991 1670 1019 1703 1)
1030 1689 1037 1700 .
1051 1676 1110 1696 eum
1125 1668 1254 1705 quiquod
1269 1668 1424 1705 inisalibato
1436 1668 1506 1705 ligna
1522 1668 1689 1705 collegisset,
1705 1668 1776 1698 idem

990 1711 1083 1738 passus
1105 1703 1147 1732 est
1168 1703 1260 1737 (Num.
1276 1704 1319 1730 15.
1333 1703 1398 1737 32)?
1411 1703 1585 1737 quadraginta
1600 1705 1667 1729 duos
1680 1711 1776 1738 pueros

990 1737 1056 1774 quos
1073 1738 1158 1765 Elisari
1174 1744 1293 1773 tempore
1307 1738 1469 1765 devorarunt
1479 1737 1553 1774 ferte,
1565 1745 1655 1774 neque
1670 1737 1777 1772 propter

989 1773 1094 1801 aetatem
1109 1774 1212 1801 veniam
1229 1775 1404 1806 itttpetrarunt
1429 1774 1466 1808 (4.
1483 1773 1545 1807 Reg.
1558 1773 1586 1804 2.
1602 1773 1671 1807 ‘24)?
1699 1773 1776 1806 Quod

989 1811 1010 1836 si
1032 1813 1091 1843 post
1109 1810 1191 1844 legem
1204 1809 1296 1843 gratia:
1312 1816 1424 1836 cernere
1438 1809 1464 1835 id
1476 1809 1560 1843 cupis.
1577 1809 1662 1843 cogita
1678 1813 1776 1842 quanta

989 1844 1041 1871 sint
1056 1844 1127 1882 passi
1138 1843 1226 1882 Iudaei
1242 1852 1248 1870 :
1263 1851 1316 1878 quo
1327 1844 1519 1882 pactouliberos
1538 1849 1636 1882 matres
1658 1844 1774 1878 ipsorum

989 1879 1171 1911 comederint,
1196 1879 1237 1906 hze
1256 1883 1359 1906 assatos
1370 1899 1376 1910 ,
1398 1879 1449 1906 illa:
1464 1879 1515 1906 alia
1530 1879 1632 1906 ratione
1648 1887 1776 1906 consum-

989 1920 1049 1950 ptos
1066 1922 1073 1941 :
1088 1914 1221 1948 quomodo
1242 1914 1312 1950 fame
1326 1914 1413 1941 vexati
1431 1914 1484 1940 sint
1498 1914 1668 1950 intolerabili,
1684 1914 1774 1941 bellis-

988 1949 1041 1984 que
1055 1950 1135 1976 variis
1151 1957 1182 1976 ac
1196 1949 1325 1980 molestis,
1341 1949 1380 1976 sic
1394 1954 1421 1975 ut
1434 1956 1527 1976 omnes
1539 1949 1655 1984 priorum
1669 1953 1774 1984 tempo—

988 1993 1047 2012 rum
1071 1986 1184 2019 tragicos
1203 1992 1280 2011 casus
1302 1984 1481 2012 calamitatum
1503 1991 1612 2014 suarum
1631 1984 1775 2012 acerbitate

988 2018 1148 2054 superarint.
1160 2018 1195 2048 Ut
1207 2019 1275 2047 enim
1291 2019 1360 2046 scias
1375 2020 1431 2046 luce
1445 2020 1470 2045 in
1483 2026 1530 2054 eos
1544 2020 1676 2046 Christum
1689 2019 1776 2049 inuni—

989 2053 1066 2086 sis'se,
1084 2055 1269 2089 praedicentem
1287 2054 1360 2086 ha-c;
1377 2054 1441 2080 illttd
1456 2053 1517 2080 audi
1533 2058 1587 2080 tum
1600 2062 1647 2088 per
1659 2055 1773 2088 parabo—

989 2091 1028 2117 las
1038 2111 1045 2122 ,
1063 2094 1118 2117 tuttt
1133 2090 1205 2116 clare
1219 2093 1245 2115 et
1257 2095 1348 2123 aperte
1363 2097 1369 2115 :
1383 2097 1431 2124 per
1447 2089 1584 2123 parabolas
1596 2089 1703 2124 quidem
1713 2109 1720 2121 ,
1745 2093 1774 2117 ttt

988 2133 1047 2153 cum
1058 2125 1104 2156 ait,
1120 2124 1170 2150 Eos
1182 2129 1275 2156 autem,
1287 2125 1328 2158 qui
1340 2124 1473 2159 noluerunt
1486 2131 1525 2150 me
1536 2132 1641 2159 regnare
1651 2132 1726 2158 super
1735 2133 1772 2155 se,

988 2161 1106 2187 adducite
1121 2161 1168 2187 huc
1182 2165 1204 2186 et
1219 2159 1351 2193 interﬁcite
1370 2158 1444 2194 (Luc.
1457 2159 1501 2186 19.
1516 2159 1580 2193 27);
1595 2160 1709 2193 itemque
1727 2167 1774 2194 per

987 2196 1091 2223 vineam
1105 2200 1132 2222 et
1145 2202 1191 2229 pcr
1205 2195 1309 2229 nuptias
1325 2204 1331 2221 :
1345 2194 1415 2220 clare
1430 2201 1494 2221 vero
1507 2201 1538 2221 ac
1553 2194 1677 2226 dilucide,
1692 2195 1772 2223 velttti

987 2239 1047 2258 cum
1062 2231 1165 2258 minans
1178 2231 1214 2259 ait
1231 2229 1284 2258 :Et
1293 2229 1383 2256 cadent
1396 2229 1475 2256 inore
1490 2229 1579 2264 gladii,
1594 2234 1616 2255 et
1627 2230 1671 2256 erit
1686 2229 1712 2256 in
1727 2235 1774 2256 ter-

987 2267 1022 2293 ris
1046 2274 1162 2302 pressura
1183 2266 1292 2302 gentium
1313 2264 1371 2302 (Id.
1390 2264 1566 2302 21.24.25),
1590 2265 1615 2302 in
1637 2265 1773 2302 anxietate

988 2300 1130 2329 resonante
1149 2300 1214 2328 mari
1236 2304 1262 2326 et
1281 2301 1345 2332 salo,
1366 2300 1523 2326 exauimatis
1543 2300 1695 2326 hominibus
1718 2308 1773 2333 pra:

988 2338 1127 2368 timore,ct
1205 2335 1336 2372 tribuiatior
1345 2335 1406 2372 talis
1420 2334 1502 2372 qualis
1514 2343 1565 2372 non
1580 2335 1627 2369 fuit
1642 2343 1771 2372 umquam,

988 2380 1065 2408 neque
1075 2372 1118 2406 ﬁet
1128 2371 1234 2405 (Matth.
1249 2371 1294 2398 Ἡ.
1308 2370 1364 2405 21).
1379 2370 1497 2408 Ananias
1510 2370 1589 2397 etiam
1601 2374 1628 2397 et
1642 2370 1772 2408 Sappltira

987 2405 1053 2442 quas
1064 2405 1097 2434 ob
1115 2413 1258 2442 paucorum
1274 2410 1461 2442 argenteorum
1475 2406 1571 2442 furtum
1583 2412 1674 2440 pientis
1688 2405 1773 2432 dede.
1789 2433 1792 2438 ,

988 2440 1050 2474 rint,
1063 2440 1146 2468 nostis
1158 2448 1251 2468 omnes
1265 2441 1330 2475 (Act.
1347 2441 1373 2468 5.
1394 2441 1431 2474 1).
1446 2440 1617 2475 Quotidianas
1629 2444 1717 2467 autem
1728 2447 1771 2467 ea.

989 2478 1121 2506 lamitates
1144 2481 1207 2510 quot
1231 2477 1356 2508 feranms,
1377 2477 1421 2510 qui
1441 2481 1546 2510 peccata
1569 2475 1770 2509 committimus,

989 2520 1077 2539 nonne
1093 2511 1220 2539 cernitis?
1240 2519 1273 2538 an
1295 2519 1359 2540 vero
1381 2511 1438 2540 iure
1463 2512 1519 2545 ipsa
1540 2518 1592 2538 non
1605 2511 1771 2538 evenerunt?

987 2548 1080 2575 Nonne
1091 2547 1186 2584 videtis
1196 2555 1243 2584 eos
1256 2547 1299 2584 qui
1310 2554 1385 2584 nunc
1396 2547 1476 2584 etiam
1490 2546 1558 2584 fame
1570 2546 1771 2584 oontabescunt,

987 2585 1031 2618 qui
1047 2582 1219 2617 eleplmntiasi
1232 2581 1334 2609 et'vitio
1349 2581 1642 2618 corporisdetinentur,
1653 2581 1702 2618 qui
1714 2587 1770 2618 per-

988 2615 1065 2653 petua
1078 2615 1177 2652 degunt
1188 2618 1213 2644 in
1229 2622 1355 2653 egestate,
1371 2617 1421 2653 qui
1428 2617 1499 2653 mille
1511 2616 1675 2653 gravissimis
1688 2620 1715 2642 et
1729 2615 1769 2641 inv

989 2651 1133 2680 tolerandis
1155 2653 1230 2681 malis
1250 2651 1423 2686 affliguntur?
1446 2651 1567 2684 Quonam
1589 2651 1669 2685 igitur
1694 2655 1769 2684 pacto

986 2697 1090 2723 aequum
1106 2688 1183 2715 ftterit
1196 2688 1323 2723 quosdam
1340 2687 1574 2723 puniriLquosdant
1585 2693 1648 2723 vero
1660 2693 1712 2723 non
1727 2693 1767 2719 puv

987 2720 1037 2751 niri
1049 2723 1061 2750 ?
1071 2723 1136 2750 Nam
1149 2724 1171 2750 si
1184 2720 1297 2757 injustas
1310 2720 1362 2749 nun
1376 2726 1419 2749 est
1435 2722 1514 2753 Deus,
1529 2725 1558 2748 ut
1575 2720 1692 2757 proiecto
1704 2720 1768 2754 inju-

986 2764 1043 2786 stus
1053 2767 1104 2786 non
1118 2763 1168 2790 est,
1180 2755 1288 2784 omnino
1303 2765 1330 2783 tu
1343 2764 1448 2791 quoque
1463 2763 1556 2790 ptenas
1573 2756 1660 2787 dabis,
1671 2755 1694 2782 si
1709 2762 1768 2791 peo-

986 2796 1106 2821 cavrris:
1121 2793 1161 2820 sin
1181 2797 1288 2824 autem,
1309 2793 1369 2827 quia
1393 2792 1521 2826 benignus
1542 2795 1584 2818 est
1611 2791 1696 2827 Deus,
1717 2798 1767 2820 nou

987 2830 1072 2864 punit,
1097 2836 1131 2855 ne
1152 2827 1201 2855 hos
1222 2825 1331 2862 quidem
1352 2827 1437 2863 puniri
1459 2825 1608 2861 oportebat.
1631 2825 1690 2853 Jam
1704 2833 1767 2853 vero

1017 2905 1053 2937 (a)
1065 2905 1107 2934 Qui
1120 2904 1233 2929 Chai-min
1243 2903 1338 2933 dicitur,
1347 2907 1385 2929 est
1391 2903 1467 2928 Achar
1476 2902 1773 2934 liliusCharmi,qtti.lowue

985 2937 1009 2966 7,
1024 2937 1045 2966 1,
1057 2939 1265 2966 wunttentoratur.

1536 2974 1574 3006 39
