2067 3119
328 186 380 213 (ἷῖτδ

328 251 436 279 prnl‘rtt'l‘
455 243 517 271 haec
539 244 628 279 inepta
645 249 732 271 vestra
747 243 827 271 verba
853 242 951 270 multos
971 242 1014 279 hic
1037 244 1116 271 etian.

328 281 400 314 punit
415 279 492 311 Deus,
510 284 537 306 nt
549 288 607 306 cum
620 280 753 307 minarttm
769 279 856 306 verbis
867 286 918 305 non
930 278 1056 310 credatis,
1068 279 1119 305 sai-

328 321 379 341 tem
394 315 472 341 rebus
488 315 552 350 ipsis
568 323 705 349 poenarum
729 314 844 342 credatis
863 323 870 341 :
884 318 910 340 et
922 314 1050 350 quoniam
1067 322 1119 341 non

328 351 361 377 ita
387 350 461 376 vobis
481 349 587 384 ainiqua
605 352 728 377 timorem
752 350 894 381 incutiunt,
921 349 953 376 iis
980 357 1039 384 quae
1066 351 1121 376 sin-

327 385 396 417 unlis
424 387 641 418 aetteralionibus
675 386 817 417 accidunt,
852 385 910 412 illos
943 384 988 418 qui
1024 385 1119 412 iisdem

327 421 491 453 temporibus
514 421 615 454 vivunt,
634 422 752 456 segniter
774 429 803 448 se
823 425 964 456 gerentes,
985 420 1120 455 corrigere

325 457 400 483 Solet.

361 493 386 519 5.
408 492 459 518 Cur
474 491 542 519 Deus
562 501 613 519 non
631 492 671 519 hic
691 500 777 519 omnes
795 491 892 526 puniat.
906 506 940 512 —
955 490 1042 523 Quare
1055 499 1119 518 vero

326 535 378 554 non
393 535 486 555 omnes
501 528 545 555 hic
565 528 649 562 punit,
664 527 734 555 dicet
749 527 863 562 aliquis?
883 526 918 554 Ut
930 527 989 553 aliis
1002 527 1117 561 spatium

326 563 368 589 det
385 564 558 595 pmnilcntitr.
577 563 630 590 Cur
643 567 730 590 autem
745 571 797 590 non
814 563 867 589 illic
881 570 974 589 omnes
989 563 1118 597 castigat?

326 598 363 625 ch
376 599 449 625 tntilli
463 599 521 632 ejus
532 599 728 634 providentiam
746 606 797 625 non
813 597 932 634 crcdant.
947 597 1030 631 Quam
1042 598 1119 634 multi

326 633 453 665 latrones,
471 635 514 660 alii
531 633 637 669 quidem
653 634 770 661 damnati
789 638 862 665 sunt,
878 633 922 660 alii
935 640 999 660 vero
1010 640 1061 659 non
1076 633 1117 660 af-

327 670 386 696 fecti
410 670 541 704 supplicio
564 670 705 697 abierunt?
729 669 772 696 ubi
786 676 848 704 ergo
863 669 909 696 Dei
930 669 1077 703 benignitas
1092 673 1119 696 et

328 705 423 739 iustum
442 705 596 739 judicium?
618 713 706 732 mcum
733 705 803 732 enim
829 709 871 731 est
892 708 917 731 te
940 704 1116 738 interrogare.

342 741 392 766 iam
407 741 429 766 si
444 741 656 776 mitlusprorsns
667 741 813 774 ptmiretnr,
829 744 938 776 possent
950 739 982 766 ad
998 739 1049 776 hoc
1059 740 1117 774 qni—

328 777 386 802 dem
403 774 571 811 confugere:
588 784 647 803 cum
662 783 725 803 vero
740 776 784 802 alii
807 775 913 810 quidem
929 782 1021 809 poenas
1034 774 1116 808 dent,

328 811 369 838 alii
385 819 448 838 \‘ero
463 820 515 838 non
531 812 612 843 dent,
636 811 742 838 tametsi
757 810 848 846 pejora
866 815 971 845 peccata
991 811 1116 838 commit-

329 851 392 880 tant,
413 847 548 881 qnomodo
561 847 662 882 justum
677 851 759 879 esset,
775 851 803 873 ut
816 853 876 882 cum
898 854 950 873 non
966 846 1058 873 cadent
1072 853 1117 873 es-

328 887 386 908 sent
406 882 513 914 delicta,
538 881 623 917 pugna:
639 886 726 909 tamen
742 881 842 909 e:edem
858 881 1013 917 lucrentur?
1029 889 1117 909 nonne

328 917 378 944 illis
391 917 485 952 injuria
499 916 554 945 ﬁeri
568 918 709 948 rideretur,
724 918 767 952 qui
780 917 955 953 punirentur?
965 916 1019 944 Cur
1027 917 1116 952 igitur,

326 953 420 987 inquit,
433 960 526 981 omnes
541 953 583 980 hic
598 953 768 988 plcetuntnr'?
783 952 849 979 Audi
867 952 1008 979 Dominum
1030 953 1117 987 ipsum

327 988 377 1015 hac
391 988 424 1015 de
439 997 467 1015 rc
482 989 521 1016 sic
540 989 585 1016 tibi
599 987 827 1016 satisfacientem.
844 987 909 1015 Nam
930 989 990 1022 quia
1002 993 1116 1016 mortem

326 1023 448 1060 obierant
459 1023 649 1060 turricadente
661 1024 779 1060 quidam,
793 1024 853 1060 illis,
866 1024 910 1058 qui
924 1031 1003 1060 super
1016 1023 1056 1050 his
1069 1024 1118 1051 du-

326 1059 481 1086 bitati0nem
504 1058 678 1092 ail‘erebantf
688 1059 793 1086 dicebat
808 1068 815 1086 :
831 1058 941 1090 Putatis.
957 1059 1016 1093 quia
1031 1060 1058 1086 Ιιί
1069 1060 1118 1086 soli

326 1099 471 1128 peccatores
485 1100 576 1130 prater
589 1103 675 1122 omnes
688 1095 757 1121 sint?
773 1093 844 1127 Non,
860 1095 916 1121 dico
931 1095 1018 1127 vobis;
1038 1096 1081 1121 sed
1095 1096 1118 1122 si

326 1130 496 1166 ptgniIentiam
511 1139 561 1158 non
575 1131 685 1166 egeritis,
701 1138 786 1166 onmes
804 1134 831 1156 u't
845 1131 894 1165 ipsi
906 1130 1018 1165 peribitis
1030 1131 1039 1166 (
1050 1130 1116 1158 Luc.

328 1165 369 1192 i5.
383 1165 411 1200 5)
424 1173 430 1192 :
445 1165 596 1193 admonens
612 1174 662 1194 nos
677 1174 707 1193 ac
724 1165 834 1198 docens,
857 1173 890 1193 ne
905 1166 1015 1193 nimium
1031 1166 1116 1193 conﬁ-

325 1200 430 1232 damus,
445 1209 516 1231 cunt.
537 1201 597 1228 aliis
611 1201 735 1228 dantibus
751 1209 853 1236 poenas,
876 1202 925 1235 ipsi
939 1202 1028 1229 multis
1041 1209 1117 1230 com-

326 1236 415 1263 missis
437 1236 542 1264 delictis
565 1246 616 1264 non
636 1237 730 1264 damus
745 1246 754 1272 :7
767 1237 817 1263 nisi
839 1237 910 1264 enim
933 1237 1116 1272 paenitentiam

327 1278 447 1306 agamus,
463 1273 572 1299 omnino
587 1273 720 1300 dabimus.
735 1271 832 1300 Verum
845 1273 889 1306 qui
905 1271 943 1305 ﬁt,
958 1277 986 1299 ut
997 1272 1023 1299 in
1036 1277 1116 1300 teter-

327 1314 391 1333 num
404 1307 556 1341 puniamur,
570 1308 641 1335 dicet
658 1308 764 1342 aliquis,
778 1315 838 1334 cum
854 1307 895 1335 hic
908 1308 981 1335 brevi
997 1312 1117 1343 tempore

327 1343 540 1376 peccaverimns?
554 1343 586 1371 Ut
602 1344 725 1371 nimirum
739 1343 782 1370 hic
792 1343 870 1370 etiam
882 1344 922 1370 vir
936 1344 1030 1378 aliquis
1043 1344 1116 1372 brevi

327 1383 463 1405 momento
485 1380 610 1413 temporis
631 1387 682 1406 una
704 1378 778 1405 cmde
799 1382 900 1413 patrata
920 1379 952 1406 ad
976 1384 1118 1414 perpetuas

327 1413 495 1450 metallorum
513 1415 632 1442 miserias
650 1414 801 1441 damnatur.
825 1414 940 1442 Atenim
951 1415 985 1442 ita
997 1413 1050 1442 non
1065 1415 1119 1450 agit

327 1448 408 1485 Deus,
424 1449 518 1484 inquit.
533 1449 671 1483 Quomodo
687 1450 766 1485 igitur
779 1456 863 1476 annos
875 1450 979 1484 triginta
993 1454 1054 1477 octo
1069 1448 1117 1485 pa-

327 1483 468 1520 ralyticnni
485 1485 510 1512 in
526 1486 570 1513 tali
585 1483 715 1520 supplicio
731 1484 863 1512 detinuit?
885 1483 991 1512 Etenim
1006 1486 1040 1513 ob
1055 1483 1117 1520 pec-

324 1524 384 1546 cata
399 1521 519 1554 punitum
533 1521 608 1548 illum
627 1521 661 1548 ah
675 1528 708 1548 eo
723 1520 804 1547 fuisse
824 1524 852 1547 ut
873 1521 1034 1553 now-rimus,
1056 1522 1117 1549 audi

327 1555 388 1592 quid
402 1555 493 1592 dicati:
507 1555 574 1583 Ecce
585 1565 662 1584 sanus
676 1557 756 1592 factus
771 1564 816 1592 esi:
823 1556 880 1590 jam
890 1556 947 1592 noli
961 1564 1072 1592 peccare,
1088 1565 1119 1584 ne

327 1589 442 1627 deterius
456 1591 499 1618 tibi
521 1592 618 1627 aliquid
634 1589 764 1627 contingat
781 1589 869 1627 (John.
887 1591 913 1619 5.
931 1589 986 1627 ili).
1004 1591 1118 1619 Verum-

328 1630 417 1662 tamen
431 1626 639 1662 ﬁnemrae’cepit,
660 1628 755 1662 inquit.
778 1629 813 1653 At
827 1634 878 1653 non
895 1627 954 1654 talia
967 1631 1037 1658 sunt,
1058 1636 1118 1662 qua:

328 1661 382 1688 illic
404 1662 480 1689 ﬁunt.
500 1661 618 1690 Utenth
634 1661 702 1690 scias
717 1662 761 1689 illa
775 1669 919 1696 numquam
942 1662 1021 1689 ﬁnem
1043 1661 1119 1690 accc-

321 1702 417 1731 .ptnra,
433 1698 518 1732 ipsum
532 1699 665 1726 dicentem
681 1697 741 1725 audi
757 1707 763 1724 :
784 1697 883 1724 Vermis
897 1705 981 1724 eorum
996 1707 1046 1725 non
1064 1707 1118 1725 mo-

327 1733 415 1768 rietur,
432 1738 453 1759 et
473 1733 539 1767 ignis
562 1742 648 1760 eorum
659 1741 711 1760 non
725 1733 984 1768 exstingueturUsai.
1000 1734 1042 1761 0’6.
1055 1733 1117 1768 2t);

328 1772 365 1799 et,
380 1767 458 1795 Ibunt
479 1769 511 1804 lii
529 1769 555 1796 in
577 1770 654 1796 vitam
674 1767 815 1804 αξιβνηαηιί
827 1773 849 1794 ει
867 1769 905 1795 illi
919 1769 945 1795 in
965 1769 1119 1804 supplicium

328 1808 450 1830 anei-num
473 1803 569 1838 (Marc.
584 1805 611 1832 9.
626 1805 670 1832 M.
685 1803 779 1830 Matth.
795 1803 840 1831 25.
855 1804 914 1839 46).
935 1804 962 1831 Si
983 1812 1047 1839 ergo
1067 1805 1117 1832 vita

328 1842 370 1865 cst
380 1843 489 1871 a-terna,
501 1845 528 1866 et
539 1840 696 1874 supplicium
711 1844 850 1866 internum.
860 1839 919 1867 Non
934 1839 1009 1867 vides
1021 1845 1118 1874 quanta

329 1874 427 1901 .Iudmis
441 1875 556 1902 minatus
571 1875 623 1902 sit?
640 1875 707 1902 Num
725 1882 755 1901 ea
766 1895 773 1907 ,
796 1882 855 1909 qua:
875 1876 991 1902 minatus
1016 1877 1116 1906 fuerat.

320 1914 491 1945 evenerunt,
504 1917 542 1937 an
559 1918 621 1938 vero
637 1910 743 1938 fuerunt
763 1911 843 1937 verba
861 1918 919 1945 quae
941 1910 1066 1937 dixerat?
1088 1912 1120 1938 Et

329 1952 421 1971 rursus
441 1953 448 1971 :
465 1944 524 1972 Non
539 1946 676 1973 remanebit
689 1946 755 1980 lapis
764 1953 840 1980 super
851 1944 971 1980 lapidem.
993 1946 1059 1972 Num
1075 1955 1118 1973 re-

328 1980 445 2007 mansit?
458 1980 527 2014 Quid
542 1989 617 2016 vero,
631 1981 702 2016 quod
720 1981 797 2014 dixit,
818 1981 871 2007 Erit
885 1981 1023 2012 tribulatio,
1036 1982 1119 2016 qualis

328 2024 466 2050 numquam
482 2017 531 2051 fuit
556 2015 695 2052 (Ibidfu.
711 2016 782 2052 2.7a
797 2016 866 2051 2i)?
888 2016 1020 2051 Numquid
1040 2015 1119 2052 igitur

318 2052 464 2087 .nonfuit?
488 2052 559 2086 Lege
579 2051 717 2079 historiam
740 2051 859 2086 Josephi,
885 2057 912 2079 et
933 2060 966 2080 ne
985 2051 1119 2087 respirare

327 2086 435 2122 quidem
469 2089 580 2121 poteris,
604 2088 669 2115 dum
687 2092 785 2122 quanta
805 2087 840 2114 illi
863 2087 950 2122 reipsa
971 2086 1040 2122 passi
1059 2088 1118 2115 fne-

320 2124 391 2154 rint,
407 2123 509 2150 audies.
525 2123 567 2150 Ait
582 2124 653 2151 enim
666 2123 780 2158 tragicos
794 2130 888 2150 onmes
900 2130 977 2150 casus
992 2123 1034 2150 illa
1049 2124 1118 2151 mala

328 2166 480 2192 superasse,
506 2166 555 2185 nec
569 2160 651 2186 ullum
666 2166 792 2193 umquam
807 2158 858 2185 tale
872 2158 969 2185 bellum
983 2158 1118 2186 nationem

327 2194 407 2221 ullam
424 2194 552 2221 invasisse
567 2193 615 2229 (a).
630 2193 693 2221 Huic
707 2201 721 2220 a
737 2200 781 2221 me
793 2193 926 2224 dicuntur.
939 2201 992 2221 non
1006 2198 1035 2221 ut
1045 2194 1120 2222 dolo-

327 2237 385 2256 rem
399 2229 475 2256 vpbis
489 2229 603 2262 inuram,
617 2229 664 2256 sed
678 2233 707 2256 ut
720 2233 791 2256 tutos
803 2235 852 2255 vos
867 2229 975 2256 reddam
987 2249 995 2261 ,
1016 2233 1043 2256 et
1065 2237 1118 2257 non

327 2263 462 2298 superﬂue
477 2264 616 2291 blandiens
629 2263 755 2296 efﬁciam,
767 2268 796 2290 ut
809 2263 893 2291 multo
902 2265 1023 2299 graviora
1036 2265 1120 2299 patia-

328 2300 403 2326 mini.
424 2299 478 2326 Cur
490 2300 571 2332 enim,
585 2307 686 2334 qureso,
702 2299 810 2333 dignum
821 2307 880 2327 esse
895 2307 947 2326 non
959 2300 1063 2334 iudicas
1078 2306 1117 2333 ut,

327 2343 388 2362 eum
403 2342 507 2369 pecces,
533 2334 673 2368 puniaris?
697 2341 786 2361 nonne
801 2334 848 2361 tibi
863 2340 958 2362 cuncta
967 2335 1118 2370 ιιι-πα]ιίιῖ

327 2377 417 2397 nonne
432 2370 549 2396 minatus
561 2369 624 2398 est?
641 2376 730 2396 nonne
742 2370 891 2397 exterruit?
909 2369 996 2397 nonne
1010 2375 1061 2397 tute
1074 2378 1119 2398 sa-

328 2406 391 2432 lntis
400 2405 630 2441 causarinnumera
643 2405 787 2441 praestitit?
799 2412 887 2432 nonne
901 2405 1034 2433 lavacrum
1044 2414 1120 2441 rege-

327 2441 472 2468 nerationis
485 2440 595 2475 largitus
605 2445 655 2470 est,
665 2446 691 2467 et
702 2440 790 2467 omnia
802 2441 889 2475 priora
897 2441 1018 2468 dimisit?
1030 2440 1119 2469 nonne

327 2480 387 2510 post
408 2475 476 2502 hanc
497 2475 692 2508 remissionem,
714 2481 741 2503 et
754 2475 888 2503 lavacrum
901 2482 928 2504 et
941 2476 1068 2503 auxilium
1084 2485 1117 2504 ex

326 2510 482 2546 paenitentia
496 2518 588 2538 rursus
603 2511 892 2546 peccanticoncessit?
911 2520 1000 2538 nonne
1012 2511 1117 2539 facilem

326 2545 406 2574 etiam
422 2551 512 2580 postea
528 2545 643 2574 reddidit
655 2547 724 2574 viam
740 2547 907 2574 remissionis
927 2548 1118 2581 peccatorum?

327 2582 395 2609 Audi
409 2589 472 2616 ergo
485 2582 572 2617 qualia
587 2582 667 2610 etiam
683 2584 850 2616 praeceperit.
864 2582 891 2610 Si
903 2582 1037 2609 dimiseris
1054 2590 1118 2617 pro-

325 2617 410 2650 ximo,
427 2617 472 2644 tibi
486 2624 536 2652 ego
550 2625 656 2653 quoque
669 2617 774 2645 ditnitto
785 2617 892 2653 (Matth.
908 2617 934 2645 6.
951 2618 1006 2652 14),
1021 2617 1117 2653 inquit.

357 2695 474 2728 ((1)?th
491 2694 584 2728 Fronto
601 2694 777 2728 Ducausrrhzec
793 2695 905 2728 alludere
920 2695 950 2728 ad
964 2695 1005 2721 illa
1016 2695 1117 2728 Iosephi

324 2725 481 2761 verbajuitio
492 2725 539 2761 lib:
548 2726 618 2761 primi
630 2727 662 2751 de
674 2727 741 2752 bello
752 2726 854 2761 Iudaico
868 2733 876 2761 :_
888 2725 1118 2761 Belltnnocerbissi-

323 2764 390 2782 mum
400 2757 463 2782 inter
473 2756 555 2782 omnia
564 2756 627 2781 bella
638 2764 693 2786 aute
707 2757 828 2783 exarsisse
839 2757 958 2786 sciamus.
970 2757 1019 2783 sive
1030 2758 1122 2785 nostris

323 2788 373 2821 sine
383 2788 488 2821 antiquis
499 2787 653 2821 temporibus,
668 2788 730 2813 inter
747 2787 856 2821 civitates
870 2791 912 2813 aut
924 2788 1118 2821 inlex-(gemant

323 2827 349 2845 se
360 2819 461 2845 fruticem
472 2822 618 2844 carmentes.
632 2819 664 2844 Et
682 2825 766 2844 rursus
778 2826 784 2843 :
798 2819 857 2845 Mihi
867 2822 932 2844 certe
951 2819 1064 2845 uidentur
1080 2819 1118 2845 in-

321 2850 429 2882 fortunia
440 2849 545 2885 omnium
556 2848 583 2885 in
594 2853 643 2874 tota
654 2853 720 2885 retro
731 2850 872 2885 antiquitate
881 2850 1035 2885 populorum,
1044 2850 1117 2885 ηιξηὶ-

323 2879 364 2906 iua
376 2888 435 2909 esse.
449 2881 470 2906 si
478 2881 511 2905 ad
522 2879 665 2905 Judteorum
674 2879 807 2911 infortunia
814 2879 977 2911 conferantur.
988 2881 1117 2906 Calamita-

325 2916 364 2937 tes
375 2917 457 2937 autem
474 2911 614 2946 Judteqnun
625 2911 793 2946 :_QIl_alt_ES_Vix_
802 2917 914 2946 umquam
922 2912 1012 2938 auditae
1024 2912 1115 2938 fuerint

324 2950 371 2975 per
378 2948 457 2969 totum
469 2949 531 2975 opus
546 2941 578 2965 de
590 2941 659 2966 bello
667 2942 767 2967 Judaico
778 2941 958 2968 describuntur.

1067 185 1200 213 Sl‘Ul‘iH.

1910 188 1958 217 Ei

1176 244 1260 281 Quam
1276 242 1360 281 habet
1371 243 1421 271 hoc
1431 243 1614 272 difﬁcultatem
1625 245 1638 271 ?
1651 244 1770 272 Iudicat:
1779 246 1917 281 pupillum,
1939 252 1959 273 et

1170 279 1313 317 jusliﬁcate
1339 280 1461 309 viduam;
1486 280 1584 312 venite,
1609 285 1637 317 et
1656 279 1831 317 disputemus,
1857 282 1958 317 inquit,

1175 319 1198 340 et
1211 314 1233 340 si
1248 314 1339 350 fuerint
1355 320 1456 350 peccata
1471 320 1550 342 vestra
1565 316 1638 349 quasi
1657 316 1823 350 phaem'ceum,
1839 314 1903 343 sicut
1923 318 1960 343 ni-

1174 357 1227 386 uem
1248 349 1368 386 d_r'a_/babo
1391 349 1479 386 (Isai.
1493 351 1518 377 ί.
1536 351 1579 378 17.
1596 349 1660 386 18).
1674 351 1742 385 Quid
1757 352 1783 378 in
1799 351 1851 379 hoc
1868 357 1906 379 est
1923 352 1960 378 las

1175 384 1330 421 bori_s_?>Dric
1340 389 1376 421 tu,
1390 385 1484 419 inquit,
1501 390 1602 420 peccata
1618 384 1661 412 tua
1676 384 1782 421 primus,
1797 392 1824 413 ut
1836 387 1960 421 justi/ice-

1173 421 1209 446 νίς
1228 419 1283 454 (Ιιί.
1295 420 1338 447 45.
1352 420 1408 455 ‘26).
1424 421 1491 454 Quid
1501 419 1529 448 in
1544 420 1593 448 huc
1607 426 1647 448 est
1660 419 1843 453 difficultatis?
1854 419 1960 449 Pecs-uta

1174 460 1217 481 tua
1232 455 1394 492 elocutust/nis
1409 457 1507 492 redime
1523 456 1603 490 (Dan.
1615 457 1642 484 4.
1654 457 1711 492 24).
1732 457 1797 491 Quis
1816 457 1868 484 hoc
1881 465 1961 492 grave

1173 490 1302 527 censeat?
1318 491 1477 527 Publicanus
1493 491 1569 524 dixit,
1583 490 1715 527 Propitius
1727 490 1781 519 esto
1796 493 1858 519 mihi
1873 490 1960 527 pecca—

1173 526 1221 563 tori
1229 526 1312 563 (Luc.
1323 525 1365 553 18.
1376 527 1432 563 15),
1447 532 1475 554 et
1485 527 1622 555 descendit
1633 525 1803 563 justiticatus.
1812 525 1878 563 Quis
1889 530 1962 556 labor

1173 561 1341 598 publicanum
1357 562 1453 589 itnitari
1464 563 1477 589 ’ἶ
1489 564 1524 589 At
1536 570 1621 598 neque
1634 561 1696 598 post
1711 568 1750 590 tot
1762 561 1901 598 tantasque
1912 565 1959 591 de-

1172 597 1390 633 tnOIIstratiOIIes,
1414 597 1621 632 supplicium'et
1638 597 1748 633 ’pmnam
1764 606 1824 626 esse
1840 597 1880 626 vis
1899 607 1957 626 cre-

1171 631 1252 670 dere?
1267 632 1322 659 Nec
1332 632 1410 670 igitur
1422 633 1556 670 diabolum
1568 631 1655 668 puniri
1668 634 1760 662 dicere
1770 639 1857 670 potes.
1877 634 1962 661 Disce-

1171 666 1360 704 ditcnamqne,
1380 669 1475 704 inquit,
1497 669 1524 696 in
1542 666 1780 704 igitematernum,’
1792 670 1835 704 qui
1855 675 1959 703 paratus

1171 678 1360 707 «recitauitque,
1380 678 1475 702 linquit,
1497 678 1524 696 ιη
1542 678 1771 704 ιρηεηιωιενηκηι,
1791 678 1834 732 ἔξω
1855 678 1959 703 paratus

1171 707 1208 740 est
1219 702 1319 729 dta‘bolo
1330 708 1354 729 et
1366 703 1464 738 angelis
1473 704 1528 739 ejus
1542 705 1647 740 (Matth.
1660 705 1705 732 25.
1719 705 1775 740 41).
1811 705 1816 711 ”
1833 706 1903 732 enim
1916 713 1963 739 ge-

1172 737 1259 764 henna
1274 746 1327 765 non
1340 743 1392 771 est,
1407 747 1456 766 nec
1469 737 1514 766 ille
1527 737 1635 774 punitur
1651 749 1658 767 :
1672 741 1696 767 si
1711 737 1774 767 vero
1788 740 1833 767 ille
1843 737 1959 774 punitur.

1171 780 1221 799 nos
1235 781 1340 808 quoque
1353 774 1440 808 puniri
1457 775 1548 809 liquet,
1563 777 1607 810 qui
1622 775 1775 810 perﬁcimus
1789 783 1871 810 opera
1883 776 1941 810 ejus
1953 785 1960 802 :

1171 816 1232 845 nam
1246 813 1273 845 et
1286 810 1453 845 nos-minime
1466 810 1717 845 obtemperavimus,
1729 811 1835 838 tametsi
1847 819 1899 838 non
1909 812 1962 838 eis-

1170 843 1231 880 dem
1248 844 1273 871 in
1292 843 1379 872 factis.
1393 845 1442 879 Qui
1457 845 1485 872 ﬁt
1498 843 1585 873 antem
1602 850 1632 873 ut
1644 854 1697 873 non
1711 843 1823 878 timeas,
1839 855 1855 873 ο
1870 846 1961 880 homn,

1170 879 1232 906 dum
1246 880 1285 906 sic
1295 880 1421 917 audacter
1434 881 1562 917 loqueris,
1583 889 1643 909 cum
1656 881 1723 908 dicis
1740 891 1746 908 :
1762 882 1897 917 Benignus
1908 888 1961 914 est,

1170 919 1197 941 et
1211 922 1263 951 non
1285 916 1375 949 punit?
1387 916 1463 950 Quod
1477 917 1499 944 si
1514 917 1616 951 puniat,
1632 917 1779 945 secundum
1797 923 1823 944 te
1835 916 1892 944 'nou
1906 918 1962 951 jam

1170 950 1430 988 amplinsbenignus
1445 959 1505 980 esse
1515 950 1659 986 reperitur.
1683 952 1765 980 Vides
1783 953 1817 979 ad
1838 950 1960 988 quamam

1171 986 1250 1022 verba
1266 985 1388 1022 diabolus
1401 995 1449 1014 vos
1462 985 1600 1022 impellat?

1205 1020 1391 1048 Monac/torum
1404 1020 1687 1057 aspera‘vitam—Quid
1699 1031 1762 1051 vero
1777 1023 1898 1050 monachi
1910 1024 1961 1053 illi.

1170 1056 1214 1094 qui
1231 1061 1336 1094 montes
1351 1056 1526 1092 occuparunt,
1543 1059 1587 1094 qni
1604 1056 1701 1086 millies
1714 1067 1745 1087 se
1757 1059 1888 1094 religiosa:
1902 1060 1962 1086 vita:

1171 1091 1308 1120 laboribus
1321 1091 1499 1121 exercuerunt
1516 1095 1541 1121 in
1553 1091 1698 1121 'montibus
1711 1115 1718 1128 ,
1742 1095 1768 1122 in
1789 1091 1924 1129 speluncis
1936 1102 1963 1122 et

1170 1129 1291 1154 cavernis
1307 1133 1395 1162 terrm,
1408 1137 1470 1156 nttm
1481 1137 1580 1157 corona
1591 1137 1643 1157 nun
1652 1130 1744 1157 donati
1755 1130 1886 1157 abibunt?
1896 1129 1961 1157 Nam

1170 1162 1195 1200 si
1209 1163 1271 1189 ntali
1285 1171 1337 1190 non
1352 1164 1508 1200 puniuntur,
1521 1173 1606 1200 neque
1617 1166 1654 1192 rei
1666 1166 1747 1192 ullius
1759 1170 1799 1192 est
1811 1165 1961 1198 retributio,

1170 1197 1241 1225 dicet
1255 1197 1457 1236 rursusfaliquis
1467 1221 1473 1233 ,
1489 1197 1576 1235 neque
1592 1201 1655 1228 boni
1667 1206 1840 1228 coronantur.
1856 1197 1963 1236 Nequa;

1170 1241 1250 1268 quam
1261 1255 1268 1266 ,
1284 1235 1370 1269 inquit
1384 1244 1391 1261 :
1408 1235 1454 1262 sed
1471 1235 1522 1263 ltoc
1536 1236 1590 1263 Deo
1604 1237 1771 1264 conveniens
1784 1241 1836 1268 est,
1850 1241 1878 1262 ut
1891 1235 1964 1270 apud

1169 1276 1230 1307 eum
1245 1270 1279 1296 sit
1293 1277 1402 1307 regnum
1417 1271 1502 1298 salum
1514 1292 1522 1304 ,
1538 1276 1564 1298 et
1578 1279 1631 1299 non
1647 1272 1779 1307 gehenna.
1796 1271 1888 1306 Itaque
1908 1273 1964 1298 tor-

1171 1305 1273 1342 nicator
1287 1310 1316 1342 et
1335 1306 1440 1333 adulter
1454 1311 1481 1333 et
1499 1307 1544 1342 qui
1566 1305 1691 1335 sexcenta
1712 1307 1814 1334 scelera
1838 1305 1962 1341 patravit,

1171 1339 1264 1377 iisdem
1281 1341 1360 1368 rebus
1376 1339 1526 1376 perfruetur
1538 1347 1618 1377 atque
1633 1343 1656 1370 is
1672 1342 1716 1377 qui
1739 1339 1964 1377 temperantiam,

1170 1376 1350 1408 sanctitatem,
1364 1376 1609 1409 continentiamfet
1619 1386 1724 1405 omnem
1738 1376 1885 1412 angelicam
1897 1385 1963 1406 con-

1171 1412 1350 1438 versationem
1364 1413 1503 1439 exhibuit?
1517 1413 1593 1447 Quod
1611 1414 1632 1441 si
1648 1421 1702 1440 non
1715 1414 1749 1440 sit
1763 1413 1887 1448 gehcnna
1897 1434 1905 1444 ν
1921 1421 1963 1441 re-

1171 1448 1302 1484 surrectio
1317 1455 1380 1484 vero
1404 1449 1482 1483 plane
1496 1447 1584 1475 futura
1606 1453 1665 1481 est;
1683 1449 1744 1476 mali
1767 1447 1876 1484 quoque
1896 1449 1964 1476 bona

1170 1481 1264 1519 eadem
1275 1489 1334 1516 qua:
1343 1481 1410 1518 justi
1420 1490 1627 1519 consequentur.
1637 1484 1700 1517 Quis
1711 1485 1761 1511 hoc
1769 1481 1860 1511 dicere
1871 1485 1965 1512 audeat

1170 1517 1215 1554 vel
1229 1518 1309 1544 etimit
1320 1525 1354 1544 ex
1371 1519 1413 1550 iis,
1428 1517 1524 1553 quibus
1540 1528 1615 1546 tuens
1629 1524 1670 1547 est
1684 1520 1788 1554 penitus
1804 1519 1965 1553 desatiitate

1170 1552 1327 1590 (lc-turbata?
1339 1555 1391 1580 imo
1401 1552 1463 1581 vero
1474 1555 1532 1589 quis
1541 1563 1666 1590 umquam
1676 1552 1782 1585 dtu-mon
1795 1555 1846 1581 hoc
1856 1555 1966 1582 dixerit?

1170 1588 1248 1625 _C_erte
1258 1588 1306 1623 ipsi
1317 1590 1398 1616 etiam
1406 1588 1540 1617 dmmones
1550 1588 1699 1625 gehennam
1715 1598 1775 1618 esse
1787 1589 1964 1623 conﬁtentur;

1171 1622 1232 1651 ideo
1247 1622 1416 1660 clamabant,
1435 1622 1564 1652 dicentcs'
1572 1635 1579 1653 :
1602 1625 1697 1652 Venisti
1716 1626 1765 1652 huc
1787 1630 1847 1652 ante
1869 1622 1965 1660 tempus

1171 1663 1285 1693 torquere
1307 1668 1353 1687 nos
1372 1659 1464 1722 (Ibid.
1488 1661 1515 1688 8.
1538 1661 1616 1697 29)?
1639 1661 1779 1695 Quomodo
1805 1661 1888 1696 igitur
1915 1659 1964 1688 non

1171 1695 1310 1722 vereriset
1325 1704 1370 1722 uer
1393 1697 1516 1722 orrcscis.
1529 1703 1546 1722 ο
1557 1697 1647 1722 homo.
1663 1704 1770 1722 tranare.
1786 1696 1851 1722 dum
1865 1697 1964 1722 dromo-

1170 1695 1310 1732 vereriset
1325 1695 1516 1732 perhorrescis,
1529 1703 1546 1724 ο
1557 1695 1647 1729 homo,
1663 1704 1770 1732 negare.
1786 1696 1851 1723 dum
1865 1697 1964 1724 dromo-

1173 1738 1222 1757 nes
1237 1731 1419 1758 confitentur?
1433 1732 1568 1767 quotnodo
1587 1731 1730 1767 pravorum
1752 1732 1906 1766 hujusmodi
1921 1731 1965 1759 do-

1171 1770 1290 1800 gmatum
1316 1767 1471 1801 magistrum
1496 1775 1548 1794 non
1568 1767 1798 1795 animadvertis?
1821 1767 1873 1801 Qui
1896 1768 1963 1795 enim

1171 1801 1318 1836 principem
1332 1803 1440 1837 generis
1454 1803 1537 1830 nostri
1553 1802 1689 1831 hominem
1704 1803 1820 1837 decepit,
1835 1807 1864 1830 et
1875 1803 1964 1838 majori

1171 1844 1218 1873 spe
1229 1838 1364 1872 proposita
1377 1838 1454 1865 bonis
1464 1846 1524 1866 eum
1537 1838 1626 1873 ejecit,
1638 1846 1697 1872 qua:
1707 1839 1734 1866 in
1747 1839 1870 1865 manibus
1881 1844 1963 1870 erant,

1171 1871 1219 1910 hic
1229 1871 1337 1910 est,’qni
1352 1881 1423 1901 nunc
1437 1874 1487 1901 ista
1497 1871 1616 1910 suggerit
1630 1871 1742 1902 dicenda
1756 1874 1799 1910 vel
1813 1874 1963 1908 cogitanda;

1171 1913 1198 1935 et
1214 1908 1313 1935 idcirco
1328 1910 1478 1943 persuadet,
1495 1914 1523 1936 ut
1534 1908 1707 1944 suspicentur
1721 1909 1828 1944 quidam
1842 1918 1895 1936 non
1910 1917 1963 1936 esse

1171 1944 1330 1980 gehennam,
1346 1949 1374 1971 ut
1385 1945 1484 1979 injiciat
1495 1944 1520 1972 in
1533 1945 1695 1980 gehennam.
1710 1945 1781 1973 Dens
1792 1945 1864 1972 enim
1877 1952 1910 1972 ex
1922 1944 1963 1970 ad-

1172 1987 1249 2007 verso
1265 1979 1414 2016 gehennam
1437 1979 1552 2008 minatur
1565 2001 1572 2012 .
1587 1986 1614 2008 et
1627 1980 1778 2016 gehennam
1795 1981 1898 2015 pararit
1910 2001 1918 2012 ,
1939 1984 1963 2006 ut

1171 2022 1232 2042 cum
1249 2022 1297 2042 nos
1312 2015 1336 2042 id
1351 2017 1503 2044 not-erimus
1515 2037 1521 2048 ,
1539 2017 1573 2043 ita
1585 2015 1773 2052 pie’vivamns,
1789 2021 1816 2042 ut
1831 2015 1857 2042 in
1871 2017 1963 2050 gehen-

1172 2059 1233 2079 nam
1251 2059 1302 2078 non
1317 2052 1474 2078 incidamus.
1491 2051 1656 2086 Quamquam
1671 2052 1691 2078 si
1705 2059 1765 2078 cum
1780 2053 1814 2078 sit
1825 2051 1942 2086 gehenna
1954 2071 1960 2081 .

1173 2088 1231 2115 hinc
1246 2087 1367 2115 diabolus
1381 2087 1427 2114 tibi
1442 2088 1595 2121 persuadet,
1607 2088 1743 2122 quomodo
1756 2087 1895 2114 dtemones
1909 2093 1961 2113 eam

1171 2122 1288 2150 confessi
1302 2128 1392 2150 essent
1405 2143 1411 2153 .
1429 2123 1451 2149 si
1466 2131 1517 2149 non
1534 2127 1624 2154 esset,
1641 2123 1738 2157 quibus
1758 2123 1783 2149 id
1797 2127 1838 2149 est
1853 2123 1962 2148 maxime

1173 2166 1245 2186 cura!
1257 2179 1264 2190 ,
1282 2162 1310 2184 ut
1323 2167 1372 2186 nos
1386 2158 1452 2185 nihil
1476 2159 1529 2185 tale
1550 2159 1735 2193 suspicemur.
1750 2165 1804 2191 quo
1824 2157 1962 2184 securitate

1172 2193 1379 2228 negligentiorcs
1393 2194 1480 2221 cifccti
1496 2201 1555 2221 cum
1572 2192 1637 2228 ipsis
1652 2193 1677 2220 in
1693 2193 1780 2227 ignem
1803 2193 1878 2220 illum
1900 2192 1961 2218 inci-

1172 2228 1286 2256 damus?
1300 2229 1349 2262 Qui
1363 2230 1460 2257 factum
1474 2234 1516 2256 est
1528 2235 1632 2261 autem.
1648 2229 1718 2255 dicet
1739 2228 1838 2263 aliquis
1849 2249 1857 2260 ,
1873 2233 1900 2255 ut
1912 2233 1960 2254 tum

1172 2265 1307 2292 daemones
1316 2265 1477 2293 faterentur?
1488 2265 1590 2299 Quippe
1600 2265 1644 2299 qui
1654 2265 1843 2291 necessitatem
1857 2265 1918 2298 ipsis
1928 2263 1961 2289 in-

1172 2301 1340 2328 cumbentem
1350 2300 1458 2328 minime
1468 2300 1578 2328 ferrent.
1588 2300 1652 2334 Quae
1661 2300 1768 2334 quidem
1780 2299 1871 2326 omnia
1882 2303 1962 2325 mente

1172 2341 1311 2363 versantes
1326 2337 1448 2364 desinant
1463 2341 1490 2364 et
1503 2336 1607 2370 scipscs
1617 2340 1644 2363 et
1656 2336 1723 2363 alios
1737 2335 1840 2367 fallere,
1854 2335 1899 2369 qni
1913 2334 1963 2360 hac

1172 2371 1274 2398 dicunt.
1289 2371 1359 2399 Deus
1371 2372 1454 2404 enim,
1470 2371 1557 2404 inquit
1571 2371 1716 2406 propheta,
1733 2371 1868 2406 manifesta
1878 2370 1962 2400 ueniet,

1171 2406 1242 2434 Deus
1255 2413 1347 2440 noster,
1363 2412 1385 2434 et
1400 2415 1451 2434 non
1461 2406 1542 2433 silebit
1557 2405 1649 2441 (Psal.
1663 2406 1708 2433 49.
1722 2407 1739 2434 5
1751 2407 1771 2441 ).
1784 2405 1859 2441 Ignis
1869 2406 1895 2432 in
1910 2413 1965 2430 con-

1172 2447 1259 2476 spectu
1281 2444 1336 2477 ejus
1359 2442 1525 2470 exardestet:
1538 2448 1560 2468 et
1584 2442 1610 2468 in
1632 2442 1740 2469 circuitu
1752 2442 1809 2477 ejus
1835 2445 1965 2477 tempestas

1172 2475 1267 2504 valida.
1284 2475 1356 2514 Ignis
1377 2484 1436 2504 ante
1453 2477 1697 2514 ipsttturprwcietieti,
1712 2481 1735 2514 et
1752 2475 1923 2514 iit/lammabit
1944 2475 1966 2500 in

1171 2514 1276 2541 circuitu
1299 2511 1413 2540 inimicos
1426 2511 1481 2548 ejus
1497 2513 1507 2547 (
1522 2511 1592 2540 Ibid.
1618 2512 1663 2540 96.
1684 2513 1700 2539 5
1714 2512 1737 2547 ).
1754 2512 1870 2548 Quinam
1890 2518 1966 2548 porro

1171 2554 1235 2576 sunt
1249 2549 1421 2586 inimiciDei,
1436 2546 1488 2576 nisi
1501 2546 1689 2586 fornicatores,
1700 2547 1825 2586 adulteri,
1836 2546 1967 2586 masculo-

1172 2592 1231 2612 rnm
1245 2585 1444 2617 concubitores,
1457 2585 1562 2616 molles,
1579 2584 1739 2614 idulolatrae,
1751 2584 1837 2615 avari,
1848 2582 1948 2608 ebriosi
1958 2600 1965 2611 ,

1172 2620 1271 2655 perjuri
1285 2641 1292 2652 ,
1307 2625 1532 2650 murmuratores,
1549 2619 1689 2651 iracundi,
1709 2626 1844 2655 memores
1857 2617 1967 2655 injuria-

1173 2653 1230 2682 rutn
1242 2656 1391 2692 ,rsuperbir,
1401 2655 1480 2692 elati,
1499 2655 1653 2692 parentibus
1668 2662 1721 2680 non
1734 2654 1905 2692 obedientes,
1921 2653 1968 2692 im-

1171 2691 1384 2718 misericordes?
1399 2691 1447 2718 liis
1464 2690 1592 2727 omnibus
1614 2690 1639 2716 in
1655 2689 1793 2727 tremenda
1819 2689 1970 2727 communis

1171 2726 1378 2763 resurrectionis
1395 2726 1440 2763 die
1460 2725 1544 2753 Judcx
1560 2725 1674 2760 imperat
1685 2745 1692 2757 ,
1707 2724 1802 2763 dicens
1819 2733 1827 2751 :
1843 2724 1970 2763 Discedite

1171 2761 1418 2793 amc,maledicti,in
1428 2761 1512 2796 ignem
1523 2759 1657 2793 mentum,
1669 2760 1713 2795 qui
1732 2765 1841 2795 parqu
1858 2764 1897 2786 est
1917 2759 1970 2785 dia-

1170 2797 1228 2824 bolo
1241 2802 1267 2824 et
1278 2797 1376 2832 angelis
1389 2797 1443 2824 suis
1455 2796 1571 2832 (Matth.
1585 2796 1631 2823 25.
1647 2796 1678 2823 41
1694 2796 1716 2830 ).

1206 2833 1232 2859 4.
1254 2828 1331 2866 Quod
1341 2832 1368 2869 _si
1383 2828 1493 2869 propter
1505 2839 1611 2869 eaqu
1624 2828 1697 2869 dicta"
1710 2835 1774 2858 sunt
1785 2851 1794 2864 ,
1809 2837 1906 2869 pgnas
1922 2828 1970 2869 da-

1170 2868 1258 2895 bimus
1271 2888 1278 2900 ,
1294 2866 1475 2902 multomagis
1494 2866 1529 2894 ob
1543 2867 1592 2894 iSta
1606 2867 1686 2894 verba
1704 2873 1797 2893 curam
1815 2866 1862 2894 illo
1878 2866 1971 2902 formi-

1170 2903 1252 2930 dabili
1262 2903 1385 2930 tribunali
1398 2901 1555 2937 plectentur,
1565 2902 1610 2936 qui
1619 2902 1756 2930 tremenda
1765 2901 1971 2935 venerandaque

1172 2939 1272 2966 Christi
1293 2939 1416 2966 mandata
1430 2938 1571 2972 derident,
1594 2945 1626 2966 ac
1641 2937 1788 2965 multorum
1803 2937 1923 2965 studium
1945 2939 1971 2961 ει
