2067 3119
209 105 240 132 31
914 98 1047 127 εριιῐιη.

193 161 290 188 laetitia:
303 158 407 187 addicta
424 162 475 185 est.
492 157 551 184 Dies
567 156 637 184 enim
651 165 775 183 annorum
799 161 939 184 nostrorum
952 157 979 183 in

191 197 264 230 ipsis,
279 194 436 230 septuaginta
449 193 519 230 anni,
535 197 558 219 et
568 192 676 226 amplius
686 200 782 230 eorum,
797 192 867 218 labor
876 191 980 230 ctdolor

193 227 286 266 (ιιεάι.
306 227 351 258 89.
367 227 441 263 ⁷10).
465 228 574 254 Demum
599 227 708 266 pcnpria
733 228 819 266 i_|_)sun_i
840 227 977 266 erudivit,

192 261 318 293 a‘rnmnm
332 261 628 298 ipsum'eonverterunt.
641 261 709 298 Nam
731 261 837 289 Erudiet
851 267 884 298 rte
894 263 974 298 rdefe-

192 302 242 328 ctio
254 306 305 331 tua,
321 296 347 326 et
358 299 467 332 nequitia
482 303 525 324 tua
538 302 625 332 arguet
639 302 662 323 te
676 296 749 332 (Jer.
764 298 791 324 2.
809 297 870 332 l9).
888 297 920 324 lu
940 305 980 324 se-

193 337 276 370 ipsum
290 340 498 370 autemiret-ersus
513 332 588 368 (Luc.
604 333 715 366 15.17).
733 333 844 360 Pulchre
858 333 954 359 dicitur
969 351 978 365 ,

193 373 226 397 lu
236 371 357 403 seipsum.
370 369 434 396 Nam
448 376 507 396 cum
523 375 662 402 peccamus
677 388 684 396 .
698 373 772 394 extra
794 375 842 395 nos
862 375 953 394 sumus
969 387 977 399 ,

192 405 359 436 insanimus.
379 409 451 431 extra
478 403 600 438 proprias
619 404 793 437 cogitationes
816 403 976 430 deferimur:

191 449 252 467 cum
268 448 330 466 vero
340 440 413 474 justo
428 438 606 474 procedimus.
619 438 644 465 in
660 446 709 464 nos
725 439 796 474 ipsos
809 438 977 474 revertimur.

192 475 225 502 In
239 472 349 509 seipsuui
359 472 480 506 reversus,
497 474 575 500 dixit.
590 473 638 501 Hic
652 473 842 505 animadverte,
856 480 935 507 quam
952 472 977 509 id

191 518 255 537 vere
268 508 380 537 dicatur.
395 509 488 536 Medici
501 509 572 536 enim
586 509 704 535 remedia
720 509 847 535 adhibent
859 508 977 542 peregri-

191 554 224 572 ua
239 550 266 572 et
276 546 360 572 aliena
374 565 381 576 ,
397 545 538 579 pharmaca
562 548 650 570 autem
666 544 725 579 vitre
741 548 839 579 nostra:
854 551 886 570 ex
901 543 978 570 nobis

192 580 257 615 ipsis
271 578 408 607 habemus.
432 579 465 606 In
482 588 509 606 se
523 587 646 606 reversus.
671 578 729 604 Non
748 578 835 605 alieno
857 586 922 615 usus
937 582 978 604 est

191 613 346 650 pharmaco,
359 615 406 642 sed
416 621 476 647 suo,
491 621 586 650 nempe
599 621 632 640 ex
645 618 844 650 nalurtcpeuu;
857 613 902 639 illo
916 620 979 650 usus

191 649 232 677 est
246 650 278 677 ad
294 651 417 682 salutem,
426 654 453 676 et
466 650 502 676 ait
515 658 523 676 :
540 649 607 681 Quot
620 649 767 675 mercenarii
778 649 803 675 in
814 650 888 675 domo
899 649 978 682 putris

191 687 239 712 mei
254 686 383 712 abundant
399 685 504 720 panibus
518 705 525 717 ,
542 692 588 719 ego
601 689 684 710 autem
699 685 766 718 {ante
784 692 857 718 pereo
871 683 979 720 {Filios

191 726 268 748 vocat
290 721 377 747 divina
398 719 534 754 Scriptura
552 727 598 746 eos
612 739 618 751 ,
640 720 683 753 qui
708 727 815 753 prorsus
827 719 936 752 justitiae
952 723 979 745 et

192 756 281 791 pietati
295 755 377 783 dediti
391 760 453 782 sunt
467 763 474 786 ;
490 755 668 791 mercenaries
681 759 769 791 autem
781 762 828 781 eos
839 774 846 786 ,
864 754 907 788 qui
925 762 976 791 non

192 789 373 818 omnimodum
394 791 517 817 aﬂ'ectum
539 797 602 824 erga
623 789 694 816 illam
709 789 806 817 habent
822 810 829 822 ,
847 797 932 823 neque
952 789 977 815 in

191 826 324 853 exercitiis
335 826 396 852 vita:
411 825 525 860 penitus,
538 832 569 852 ea
583 832 641 859 qua:
657 824 702 851 Dei
716 829 788 856 sunt,
800 829 894 851 curant
908 833 915 854 ς
931 824 978 851 sed

192 861 290 888 bonum
306 860 412 895 quidem
427 860 574 894 intelligunt
589 879 597 891 ,
608 864 635 887 et
649 860 757 887 verbum
771 864 861 887 amant
875 880 881 891 ,
897 864 924 886 at
941 864 980 895 tu:

193 902 247 923 tum
262 894 380 923 animum
397 896 444 930 ipsi
462 902 516 922 non
529 895 672 929 applicant.
689 895 720 921 Et
737 895 778 922 his
791 895 898 930 quidem
912 915 919 924 .
934 894 978 928 qui

192 931 302 958 omnino
317 930 421 958 fervent
432 938 523 957 amore
540 951 546 961 ,
561 930 660 965 quique
676 929 773 964 pietate
787 930 879 956 imbuti
893 935 956 956 sunt
968 949 976 962 ,

192 966 336 993 secundum
353 965 480 1000 propositi
494 966 622 993 rationem
634 965 702 992 Deus
715 965 865 992 mercedem
877 965 977 992 tribuit.

196 1001 262 1029 Jnre
283 1009 347 1035 ergo
371 1001 477 1028 dicebat
498 1000 541 1027 ille
557 1009 563 1026 :
581 1000 646 1032 Quot
669 1001 817 1026 mercenarii
839 1000 918 1035 patris
931 1000 980 1027 mei

192 1036 321 1063 abundant
337 1036 444 1070 panibus
458 1037 469 1063 .'
481 1043 528 1070 ego
540 1040 623 1061 autem
641 1036 709 1070 fame
731 1042 816 1069 pereo.
847 1035 977 1062 Revertar

191 1071 224 1098 ad
238 1069 341 1105 patrem
353 1077 460 1097 meum:
476 1069 611 1102 rdvertar,
627 1071 697 1097 sicut
717 1070 783 1105 dixit
797 1071 840 1097 ille
851 1080 857 1097 :
870 1069 980 1097 Conver-

191 1104 250 1138 tere,
267 1106 353 1132 anima
367 1113 433 1138 mea,
446 1105 473 1131 in
487 1105 595 1139 requiem
606 1109 676 1131 luant
690 1105 699 1140 (
715 1104 788 1131 Psal.
801 1106 862 1132 ιιι.
879 1106 894 1132 7
909 1106 928 1139 ).
947 1105 980 1132 Et

193 1142 276 1168 dicam
285 1161 294 1173 ,
310 1140 389 1167 Pater
401 1161 409 1172 ,
423 1140 523 1175 peccavi
535 1140 561 1166 in
576 1140 664 1166 caelum
675 1145 698 1166 et
711 1148 796 1167 coram
808 1145 830 1167 te
844 1140 919 1175 (Luc.
934 1141 977 1168 lii.

192 1176 235 1204 18.
252 1176 307 1210 l9),
323 1180 346 1202 et
353 1176 410 1210 jam
424 1183 474 1202 non
488 1183 543 1202 sum
553 1175 645 1210 dignus
658 1177 741 1202 vocari
754 1176 822 1209 ﬁlius
837 1181 894 1202 tuus
914 1184 923 1203 :
939 1178 980 1211 [ac

192 1220 230 1238 me
237 1213 299 1238 sicut
307 1220 384 1238 unum
393 1219 423 1237 ea:
433 1211 593 1238 mercenariis
602 1211 660 1237 tuis.
670 1211 727 1237 Alia
736 1215 799 1238 sunt
807 1211 884 1238 verba
897 1212 982 1246 patui-

193 1247 282 1278 tcntis,
294 1251 319 1273 et
327 1246 377 1273 alia
386 1245 454 1273 dona
466 1246 645 1280 ptenitentiam
657 1246 818 1280 recipientis.
827 1246 876 1280 Qui
887 1253 981 1280 pecca-

193 1288 235 1309 tor
242 1282 275 1308 ad
285 1281 467 1315 ptenitcntiam
475 1281 556 1313 venit,
567 1289 620 1308 non
630 1288 740 1315 regnum
750 1281 873 1308 czclorum
882 1282 908 1308 in
919 1281 981 1308 ima-

192 1317 327 1351 ginatione
347 1321 445 1348 versat,
456 1323 507 1343 non
519 1316 572 1343 vita
592 1321 690 1343 interna
708 1323 737 1343 se
747 1316 854 1350 dignum
868 1316 979 1351 judicat,

193 1352 238 1379 sed
253 1352 336 1379 solum
353 1357 476 1385 precatur
487 1372 494 1383 ,
513 1351 668 1385 utgehenna
679 1351 815 1378 liberetur.
836 1352 882 1378 Ille
901 1352 981 1386 igitur

193 1387 295 1413 modica
308 1391 453 1420 exspectat,
468 1387 537 1413 Deus
546 1394 609 1413 vero
616 1394 709 1421 magna
720 1386 870 1413 divitiarum
882 1386 982 1414 beneﬁ-

193 1423 231 1449 cia
239 1423 287 1457 ipsi
298 1422 417 1456 largitur.
428 1421 491 1453 Sed,
502 1429 518 1449 o
526 1422 693 1449 miraculum!
706 1422 749 1448 ille
755 1421 842 1449 solum
850 1422 981 1456 pteniten-

193 1459 255 1484 tiam
264 1458 404 1492 cogitabat;
413 1462 439 1484 et
451 1461 525 1491 pater
533 1458 621 1484 statim
630 1457 790 1491 benignitate
799 1464 845 1484 sua
853 1458 981 1491 prtevenit

192 1500 253 1519 cum
268 1504 275 1518 :
292 1499 344 1520 niui
358 1492 520 1526 exspectavit
530 1492 615 1519 donec
629 1492 803 1519 confessionis
815 1492 895 1519 verba
909 1493 982 1520 exci-

194 1533 269 1561 peret
284 1535 291 1560 ;
306 1527 353 1554 sed
369 1527 522 1561 petitionem
544 1527 679 1561 prmvertit
690 1547 698 1560 ,
715 1527 861 1554 secundum
878 1527 980 1554 dictum

193 1563 255 1590 illud
271 1571 278 1588 :
294 1563 449 1596 Priusquam
464 1562 629 1589 invocaveris
644 1570 686 1589 me
702 1582 710 1594 ,
721 1562 808 1589 dicam
823 1582 830 1595 ,
854 1561 920 1590 Ecce
931 1564 981 1589 ad.

192 1606 248 1624 sum
263 1597 337 1633 (Isai.
350 1597 490 1633 587).7Vidit
505 1598 591 1633 iiliumj
602 1597 693 1630 procul
707 1598 858 1624 venientem
871 1617 878 1630 ,
893 1602 920 1625 et
933 1606 980 1625 oc-

193 1635 277 1660 currit
291 1633 359 1668 ipsi.
370 1632 463 1668 Yiden’
478 1632 611 1668 quomodo
635 1633 775 1668 clementia
797 1633 979 1666 pcenitentiam

193 1667 337 1702 prmveniat
350 1667 362 1693 ?
375 1667 436 1694 ideo
451 1667 533 1694 David
554 1675 614 1694 cum
636 1667 759 1694 morbum
779 1668 880 1702 peccati
897 1669 982 1702 posui-

194 1704 285 1730 tcntize
299 1703 443 1737 pharmaeo
457 1702 603 1737 depulisset
617 1722 625 1734 ,
647 1703 734 1729 sciens
750 1703 819 1737 quod
838 1703 907 1730 Deus
918 1711 980 1737 pee-

193 1744 309 1765 catorem
325 1738 468 1772 przcveniat
480 1757 488 1769 ,
507 1737 594 1773 ipsum
606 1743 690 1772 rogat.
703 1738 794 1764 dicens
809 1747 815 1764 :
830 1737 946 1773 Exsurge
956 1739 981 1765 in

193 1781 326 1800 occursum
339 1781 420 1799 meum
433 1792 440 1804 ,
454 1777 477 1799 et
492 1772 547 1799 vide
558 1772 642 1807 (Psal.
654 1773 698 1800 58.
725 1773 759 1807 6),
769 1792 776 1804 ,
791 1773 861 1807 quod
875 1772 981 1801 sincere

193 1809 225 1834 ad
239 1813 264 1835 te
279 1808 382 1834 veniam
395 1827 404 1841 ,
417 1815 481 1834 vere
496 1806 679 1842 ptenilentiam
693 1806 849 1842 amplectar.
871 1808 992 1842 Excepit,

198 1848 273 1877 pater
288 1843 371 1869 ﬁliuni
388 1852 394 1869 :
412 1843 456 1870 ille
473 1851 535 1870 vero
549 1843 616 1877 patri
630 1843 697 1869 dixit
713 1851 719 1869 :
739 1843 1003 1876 Pcecavi;ia:nnon"

193 1886 250 1904 sum
272 1877 363 1913 dignus
381 1879 463 1904 vocari
479 1878 548 1912 ﬁlius
564 1883 622 1905 tuus
637 1880 700 1913 :fat.
714 1886 754 1904 me
773 1878 836 1904 sicut
854 1887 931 1905 unum
952 1887 983 1905 ea:

194 1913 353 1940 mercenariis
368 1914 426 1940 tuis.
444 1913 492 1940 llic
506 1913 578 1940 illum
592 1918 667 1947 pater
679 1921 730 1939 non
746 1913 889 1947 alloquitur
904 1934 910 1944 ,
934 1921 983 1941 nec

195 1949 337 1982 respondet
357 1948 406 1982 ipsi
420 1969 427 1980 ,
444 1949 490 1975 sed
512 1948 598 1975 servis
622 1948 678 1975 suis
690 1948 754 1975 dicit
770 1956 777 1974 τ
795 1948 923 1982 ΡνοῘ‹·ν1ε’
935 1949 983 1983 ipsi

193 1985 285 2009 stolam
299 1984 406 2019 primam
428 1984 437 2019 (
454 1983 517 2010 Luc.
533 1983 577 2010 l7.
592 1983 628 2010 22
642 1983 671 2019 ).r
681 1983 748 2017 Quid
772 1983 822 2010 sibi
846 1983 902 2010 vult
918 1984 982 2011 illud

194 2019 304 2053 a-nigma
321 2018 332 2044 ‘l
352 2018 440 2045 Multis
454 2023 578 2053 precatur
603 2018 735 2052 pmuitcns
748 2039 755 2049 ,
781 2019 982 2052 responsionem

196 2061 248 2080 non
264 2054 366 2081 obtinet
378 2075 385 2086 ,
401 2053 447 2081 sed
464 2061 544 2088 opere
558 2053 726 2081 clementiam
743 2054 823 2080 videt.
840 2054 906 2081 Hinc
921 2062 983 2088 per-

194 2089 331 2123 spicimus,
349 2089 532 2123 pmnitcntiam
549 2094 667 2124 nostram
684 2089 780 2120 verbis,
798 2089 843 2115 Dei
860 2089 982 2124 benigni-

195 2129 276 2151 tatem
290 2125 415 2159 operibus
426 2124 549 2158 exprimi.
567 2123 683 2158 Profer-te
696 2125 733 2150 illi
749 2124 840 2150 stolam
853 2123 960 2159 primum
973 2145 981 2157 ,

193 2167 272 2193 quam
300 2167 346 2193 per
370 2160 610 2194 transgressionem
637 2159 751 2194 perdidit
775 2168 781 2185 ε
802 2159 868 2185 Date
886 2168 983 2194 quoque

195 2195 243 2229 ipsi
256 2195 434 2222 calceanwnla.
450 2194 560 2230 Quare?
575 2195 641 2230 Quia
657 2202 766 2230 serpens
781 2199 921 2227 peccantes
936 2203 983 2230 op-

196 2235 303 2264 pugnat,
318 2229 463 2256 secundum
480 2229 543 2256 illud
561 2238 567 2255 :
582 2229 643 2264 Ipse
653 2229 790 2256 obseruabit
804 2234 879 2263 caput
890 2229 982 2263 meum,

194 2263 218 2291 et
232 2263 258 2291 tu
272 2265 429 2291 insidiaberis
452 2265 569 2291 calcanco
590 2265 644 2298 ejus
661 2263 736 2299 (Gen.
752 2264 852 2299 5.715).
867 2264 905 2291 Ne
921 2272 981 2298 pcr-

196 2300 312 2327 niciosus
327 2307 438 2334 serpens
446 2299 479 2326 ad
492 2300 589 2326 nudum
604 2299 698 2334 pedem
711 2298 829 2330 accedat,
847 2307 912 2326 neve
926 2307 984 2326 rur-

196 2343 254 2362 sum
269 2343 400 2361 venenum
418 2335 518 2369 peccati
533 2334 652 2360 cﬂ’nndat
674 2334 801 2360 adversus
816 2341 876 2360 cum
889 2355 896 2366 ,
912 2336 954 2369 qui
969 2343 983 2362 a

197 2376 305 2405 peccato
320 2370 445 2397 liberatus
459 2374 508 2400 est,
521 2369 699 2396 calceamenta
713 2369 882 2405 ipsirttpponil.
895 2369 926 2396 ad
944 2375 984 2397 tn-

197 2404 287 2433 ti-lam.
303 2405 357 2432 Nisi
373 2405 445 2432 enim
460 2405 638 2431 calceamenta
651 2404 784 2438 acceperit
800 2425 808 2435 ,
832 2412 883 2431 non
898 2409 985 2438 potest

197 2441 300 2468 calcare
315 2448 393 2474 supra
416 2443 594 2474 scrpcntesrct
607 2439 762 2472 scorpiones
772 2460 779 2470 ,
795 2443 821 2466 et
834 2447 912 2474 supra
927 2448 986 2467 om-

200 2484 259 2503 nem
277 2473 399 2503 \irtutem
416 2473 515 2501 inimici
528 2475 536 2507 (
551 2473 614 2500 Luc.
631 2475 673 2501 l0.
691 2474 723 2502 l9
738 2474 757 2508 ).
770 2475 831 2501 ideo
856 2473 984 2503 adversus

198 2511 331 2546 serpentis
344 2518 449 2537 morsus
462 2509 585 2546 municps
600 2509 698 2546 Paulus
713 2530 720 2542 ,
738 2510 816 2536 modo
828 2510 959 2538 clamabat
974 2519 982 2538 :

199 2545 284 2573 Tinico
298 2554 337 2577 ne,
353 2546 416 2572 sicut
428 2553 529 2579 serpens
545 2545 623 2571 Euam
638 2545 736 2572 seduxit
748 2566 755 2577 ,
768 2546 802 2571 ita
816 2553 980 2577 corrumpan-

198 2588 239 2619 (ειν
257 2574 431 2619 διξῃειιὲΔυεξ-ινί
445 2588 460 2606 a
469 2574 630 2619 simplicitate
644 2601 654 2619 ,_
671 2587 727 2615 qua
740 2574 774 2607 est
786 2581 812 2607 in
826 2574 941 2619 Clitisto(
954 2581 984 2609 2.
999 2574 1035 2619 >

197 2616 258 2644 Cur.
274 2617 317 2643 Η.
331 2615 368 2651 5).
382 2615 479 2643 Verum
494 2615 536 2642 hic
550 2617 668 2650 exsurgit
679 2623 728 2642 ceu
740 2623 837 2643 n0vum
851 2615 982 2651 quoddam

199 2651 379 2686 spectaculum
396 2672 403 2684 ,
419 2651 531 2686 quaestio
559 2659 655 2685 nempe
686 2651 729 2678 illa
758 2651 872 2678 celebris
887 2660 894 2678 :
909 2652 984 2679 multi

198 2689 268 2714 cnim
284 2687 445 2714 creationem
462 2686 633 2722 redarguunt.
647 2686 711 2719 Cur,
725 2687 856 2722 inquiunt,
873 2694 984 2721 serpens

200 2723 225 2748 in
243 2722 364 2756 paradiso
380 2721 390 2749 ?
405 2729 452 2749 cur
466 2722 564 2756 lignum
582 2726 681 2748 tantam
700 2721 830 2748 malorum
846 2723 983 2749 materiam

199 2758 259 2784 tnlit
272 2758 283 2783 ἲ
296 2764 344 2784 cur
364 2758 475 2785 Creator
495 2757 593 2791 lignum
611 2757 664 2784 tale
686 2757 832 2791 plantavit?
850 2758 984 2791 quomodo

199 2801 252 2819 non
267 2793 409 2820 absurdum
426 2793 523 2823 fuerit.
537 2800 597 2819 cum
623 2791 783 2819 hortulanus
806 2792 885 2819 homo
909 2797 985 2820 curet

197 2829 329 2857 contraria
342 2829 443 2857 semina
459 2833 485 2856 ct
496 2827 596 2856 alienas
610 2827 705 2856 herbas
716 2835 730 2853 a
743 2827 857 2863 propriis
871 2828 981 2855 semini-

1772 96 1833 124 633’

1034 155 1084 182 bus
1098 154 1237 182 eliminare
1252 174 1258 186 ,
1275 158 1301 181 et
1315 160 1329 180 a
1343 153 1430 182 noxiis
1456 158 1554 182 terram
1567 160 1641 181 suam
1664 154 1797 181 custodire
1815 163 1823 187 ς

1035 190 1116 217 Deum
1131 190 1174 224 qui
1190 189 1268 216 talem
1284 193 1311 216 et
1324 193 1424 216 tantum
1440 190 1578 217 constituit
1592 189 1743 224 paradisum
1755 211 1762 223 ,
1778 197 1824 217 ar:

1032 225 1125 252 borem
1142 225 1279 259 paravisse
1293 224 1365 252 unde
1380 228 1452 252 tanta
1473 225 1606 252 malorum
1622 226 1732 253 materia
1749 234 1833 254 omn--

1033 265 1125 287 natura
1145 265 1203 287 erat
1218 260 1229 286 '!
1243 259 1283 287 Ad
1299 259 1351 287 hoc
1363 267 1412 287 nos
1430 266 1616 294 argumentum
1631 261 1704 288 ducit
1716 261 1825 289 divinus

1032 295 1141 328 Paulus,
1157 303 1217 322 cum
1228 295 1266 322 ait
1281 304 1288 321 :
1303 294 1391 322 Timeo
1404 303 1444 326 ne,
1458 296 1522 322 sicut
1536 304 1639 331 serpens
1651 295 1733 323 Evam
1746 297 1824 324 scdu-

1030 331 1067 366 xit
1083 350 1090 361 ,
1109 331 1146 356 ita
1166 334 1364 366 corrumpantur
1384 338 1472 357 sensus
1487 331 1562 358 vestri
1580 339 1596 357 a
1616 331 1777 366 simplicitate
1797 333 1823 359 in

1032 365 1141 392 Clm'sta.
1156 365 1223 398 Quid
1235 364 1312 401 ergo,
1328 364 1444 401 fratres?
1455 366 1497 392 Ex
1507 366 1540 392 iis
1553 373 1614 400 quae
1628 364 1763 401 sigillatim
1777 375 1825 395 ex.

1031 400 1269 437 cutiuntur‘multa
1285 406 1312 437 et
1325 400 1458 437 superﬂua
1475 401 1611 437 mittentes
1625 421 1633 433 ,
1649 400 1682 428 ad
1697 409 1825 437 compen-

1031 435 1271 472 dium_veniamus.
1287 435 1359 472 Deus
1370 435 1459 472 omnia
1473 435 1537 472 fecit
1548 435 1619 472 bona
1634 456 1642 468 ,
1658 445 1707 464 nec
1718 435 1824 472 simpli-

1031 471 1098 497 citer
1112 470 1191 503 bona,
1206 471 1294 506 sedet
1313 470 1392 497 Valde
1403 470 1552 505 bona(Gen-.
1568 471 1596 499 ει
1612 471 1670 506 51).
1683 472 1739 500 Hoc
1751 470 1833 501 eninr‘

1031 506 1238 533 additamentum
1259 505 1403 534 bonitatem
1423 513 1555 533 summam
1576 507 1741 540 opiﬁciorum
1763 516 1824 536 om-

1031 541 1102 568 nium
1115 541 1243 569 declarat.
1255 541 1305 568 Dat
1318 541 1397 577 igitur
1409 541 1479 568 Deus
1489 541 1705 577 Adamocopiam
1719 551 1820 576 rerum.

1032 583 1120 609 usum,
1138 580 1308 610 potestatem,
1323 580 1351 603 ut
1362 576 1465 603 fruatur
1479 576 1603 610 paradiso
1616 597 1624 610 ,
1636 576 1663 604 et
1673 578 1830 606 visibilibus'

1032 611 1163 648 imperet.
1172 610 1310 638 Faciamus
1320 632 1328 644 ,
1343 611 1450 648 inquit,
1464 612 1591 648 hominem
1605 612 1640 638 ad
1651 612 1787 648 imaginem
1799 619 1824 640 et

1030 647 1221 674 similitudinem
1235 651 1347 674 nostram
1359 655 1366 673 :
1381 652 1405 673 et
1418 646 1580 674 dominentur
1592 646 1711 680 piscibus
1721 649 1799 675 maris
1813 670 1821 681 ,

1031 686 1054 708 et
1067 682 1210 709 volatilibus
1222 682 1278 708 cozli
1288 702 1294 714 ,
1311 687 1334 709 et
1349 682 1433 708 bestiis
1452 686 1476 709 et
1490 682 1627 716 jumentis,
1647 688 1672 709 et
1701 684 1826 711 universe:

1031 721 1104 743 terra:
1117 716 1199 752 (Ibid.
1215 725 1239 744 υ.
1254 717 1313 750 26).
1340 717 1388 744 llic
1400 717 1474 744 dedit
1493 717 1608 752 paradisi
1634 723 1795 752 potestatein
1813 741 1821 750 .

1031 752 1103 779 dedit
1116 751 1224 780 delicias
1234 757 1261 780 et
1270 759 1345 779 usum
1359 752 1502 780 fructuum.
1511 751 1575 779 Erat
1587 751 1651 788 ergo
1666 761 1711 780 rex
1724 755 1827 781 onusti-

1033 792 1103 813 tutus
1119 808 1127 820 ,
1152 788 1253 815 habens
1279 788 1421 814 visibilium
1448 792 1632 822 potestatem,
1656 793 1684 815 et
1706 790 1833 823 paradis'h

1031 830 1118 849 usum.
1132 823 1203 856 Opus
1219 830 1282 857 ergo
1295 827 1362 854 erat,
1373 827 1401 850 ut
1413 827 1574 857 przcceptum
1585 823 1694 850 daretur
1707 824 1833 857 Adamn,

1031 858 1101 891 quod
1115 858 1229 885 animam
1244 858 1302 892 ejus
1325 858 1358 884 ad
1382 858 1560 885 obedientiam
1582 863 1733 887 exerceret.
1749 860 1823 887 Multi

1031 901 1095 920 vero
1123 893 1214 920 dicunt
1231 902 1237 920 :
1255 896 1294 920 An
1330 893 1468 920 nesciebat
1498 893 1568 920 Deus
1596 893 1728 922 Adatnum
1761 902 1823 922 esse

1033 933 1258 962 transgressurum
1273 929 1284 955 ’Ξ
1298 936 1352 964 cur
1365 935 1428 962 ergo
1443 928 1528 962 legem
1542 928 1617 956 dedit
1628 929 1717 964 ei,qui
1733 935 1821 957 trans-

1031 971 1171 997 gressurus
1191 964 1271 991 erat?
1294 963 1369 998 Rogo
1392 963 1528 991 caritatem
1542 968 1658 991 vestram
1675 963 1703 991 ut
1716 973 1822 992 mecum

1035 1004 1188 1029 concertet.
1201 1006 1260 1026 cum
1275 999 1308 1026 ad
1322 999 1371 1025 hoc
1383 998 1573 1026 confutandam
1587 1000 1670 1027 multo
1685 1000 1719 1027 sit
1730 1001 1822 1028 labore

1032 1041 1100 1070 opus
1116 1034 1180 1070 {hic
1195 1034 1265 1062 enim
1278 1034 1394 1070 divinam
1407 1033 1592 1070 formationem
1605 1036 1822 1070 creationemque

1033 1068 1210 1096 defendimus.
1224 1070 1298 1097 Fecit
1313 1069 1448 1096 hominem
1465 1077 1470 1095 :
1483 1069 1602 1096 omnium
1619 1070 1663 1096 dat
1678 1070 1715 1098 illi
1730 1068 1819 1102 usuin,

1033 1105 1152 1138 praecipit
1175 1104 1214 1132 illi
1240 1110 1269 1131 ut
1288 1105 1322 1132 ab
1345 1105 1468 1132 ommbus
1490 1105 1623 1132 comedat.
1637 1105 1663 1132 Si
1678 1110 1828 1140 angustumi

1032 1144 1194 1174 praeceptum
1217 1144 1309 1172 esset,
1325 1140 1347 1167 si
1374 1147 1458 1174 pauca
1484 1140 1626 1168 comedere
1655 1142 1823 1174 permitteret

1032 1180 1080 1201 eta
1091 1174 1210 1209 pluribus
1221 1175 1354 1202 abstinere
1365 1175 1480 1209 juberet,
1495 1183 1615 1202 excusari
1630 1180 1719 1210 posset
1733 1181 1820 1204 tran5<

1031 1210 1134 1244 gressio
1147 1230 1153 1241 ,
1171 1210 1240 1244 quod
1258 1214 1312 1237 tam
1331 1215 1458 1244 angustus
1473 1217 1561 1237 rerum
1576 1218 1640 1237 usus
1653 1212 1820 1239 occasionem

1033 1245 1162 1272 voluntati
1178 1246 1255 1272 daret
1264 1245 1465 1280 prmVaricandi.
1479 1246 1524 1272 Sin
1537 1253 1632 1281 magna
1642 1254 1731 1274 rerum
1744 1247 1820 1280 copia

1032 1285 1090 1307 erat
1101 1301 1110 1314 ,
1124 1284 1151 1307 et
1167 1281 1324 1315 paucissima
1342 1280 1472 1315 prohibita
1493 1281 1566 1308 fuere
1579 1302 1587 1312 ,
1604 1289 1652 1308 cur
1666 1281 1822 1309 benefacto-

1032 1322 1088 1342 rcm
1114 1323 1162 1350 per
1185 1315 1363 1343 obedientiam
1387 1323 1439 1343 non
1455 1316 1613 1343 honoravit?
1627 1316 1724 1344 Verum
1740 1317 1821 1350 objici

1032 1355 1134 1385 posset,
1151 1358 1240 1377 rerum
1253 1351 1361 1386 quidem
1377 1351 1480 1385 copiam
1492 1351 1616 1384 dedisse,
1631 1351 1677 1378 Sed
1694 1360 1746 1379 non
1760 1357 1820 1379 tan-

1034 1391 1088 1412 tam
1113 1385 1226 1412 aliarum
1248 1387 1374 1413 arborum
1394 1386 1477 1414 fuisse
1498 1386 1734 1421 pulchritudinem.
1757 1388 1824 1414 Erat

1032 1421 1103 1457 enim
1119 1420 1257 1457 Pulchrum
1268 1426 1372 1456 aspectu
1384 1442 1393 1455 ,
1407 1426 1429 1448 et
1450 1420 1524 1456 gustu
1535 1421 1626 1448 bonum
1639 1422 1648 1457 (
1663 1422 1707 1449 Id.
1723 1423 1750 1450 5.
1766 1424 1782 1450 6
1798 1423 1822 1457 ).

1039 1455 1073 1483 L't
1098 1456 1178 1492 igitur
1201 1455 1269 1483 hanc
1299 1455 1410 1492 quoque
1434 1455 1590 1492 speciosam
1622 1455 1823 1485 excusationem

1032 1491 1223 1527 prmscinderct
1237 1491 1318 1527 Deus;
1332 1499 1410 1525 quam
1424 1491 1498 1519 dedit
1509 1491 1573 1519 huic
1589 1492 1661 1527 ligno
1676 1492 1827 1527 pulchritu-

1033 1526 1141 1558 dinem,
1167 1526 1288 1554 eamdem
1308 1534 1413 1561 quoque
1441 1527 1545 1554 ctrtcris
1567 1526 1691 1555 omnibus
1715 1528 1822 1555 indidit.

1034 1561 1104 1598 Dicit
1122 1562 1193 1589 enim
1213 1561 1322 1598 Moyses
1333 1571 1340 1589 :
1352 1561 1528 1598 Producitquc
1548 1561 1618 1598 Deus
1632 1571 1706 1590 omne
1724 1563 1820 1598 lignum

1034 1596 1168 1631 pulchrum
1182 1597 1245 1629 visu,
1256 1603 1278 1623 et
1290 1597 1323 1623 ad
1333 1597 1480 1624 vescendum
1492 1605 1567 1633 suave
1582 1597 1591 1632 (
1606 1597 1649 1624 Id.
1659 1598 1687 1625 2,
1703 1598 1719 1625 9
1735 1596 1756 1633 )’.
1770 1598 1829 1625 Cur

1034 1637 1275 1668 ergorpra‘ceptum
1296 1632 1386 1659 datum
1401 1637 1442 1668 est
1455 1633 1466 1659 ‘l
1482 1632 1515 1668 Ut
1527 1632 1643 1659 disceret
1657 1641 1685 1661 se
1696 1637 1723 1660 ct
1736 1634 1784 1668 legi
1794 1638 1823 1660 et

1035 1667 1148 1702 Domino
1172 1667 1307 1694 subditum
1328 1675 1398 1695 esse.
1421 1667 1474 1694 Cur
1494 1667 1544 1694 hoc
1571 1673 1732 1702 praeceptum
1745 1689 1753 1701 ,
1766 1667 1826 1695 non.

1034 1701 1106 1728 aliud
1119 1701 1192 1729 dedit
1206 1703 1216 1729 '.’
1229 1702 1288 1730 Non
1312 1707 1369 1730 erat
1392 1702 1463 1729 aliud
1485 1702 1642 1730 obedientia:
1656 1701 1824 1731 exercitium.

1034 1737 1101 1770 Quid
1115 1738 1185 1764 cnim
1199 1737 1317 1772 oportuit
1327 1737 1431 1764 Adamo
1445 1737 1535 1764 dicere
1546 1738 1630 1764 Deum
1648 1739 1659 1765 ?
1672 1746 1705 1765 an
1720 1747 1772 1766 non
1781 1738 1824 1766 fu-

1035 1772 1136 1799 rabcris
1148 1773 1159 1799 ?
1171 1772 1314 1807 Cujusnam
1333 1773 1401 1800 bona
1414 1773 1515 1800 furatus
1530 1774 1625 1800 esset?
1638 1773 1722 1807 Quam
1737 1774 1827 1807 legent

1035 1807 1100 1834 dare
1114 1809 1229 1841 oportuit
1243 1808 1255 1834 'I
1270 1815 1322 1835 non
1338 1807 1468 1835 occides?
1487 1808 1572 1840 Quem
1588 1809 1753 1836 occidisset?
1767 1809 1825 1836 Non

1036 1842 1212 1869 mmchaberis
1225 1843 1236 1869 ‘I
1256 1842 1321 1870 Cum
1344 1843 1420 1877 cujus
1435 1843 1540 1870 uxore?
1554 1843 1612 1870 Non
1629 1844 1802 1878 concupisces
1812 1843 1827 1871 Τ

1035 1877 1118 1911 Cujus
1131 1878 1271 1905 facultates
1286 1879 1298 1905 ‘I
1311 1878 1387 1905 Nulla
1397 1883 1455 1905 crat
1468 1879 1594 1913 praecepti
1608 1877 1740 1912 materia;
1757 1886 1826 1906 non-

1036 1912 1098 1939 dum
1109 1913 1301 1943 eratiunndus.
1317 1913 1434 1940 nondum
1451 1914 1505 1946 illa,
1521 1912 1580 1946 qua:
1593 1922 1664 1940 nunc
1679 1919 1729 1944 est,
1745 1923 1826 1941 inuu-

1036 1947 1061 1974 di
1074 1948 1204 1974 conlusio.
1217 1949 1259 1975 An
1279 1948 1422 1976 dicendum
1438 1953 1506 1980 erat,
1524 1948 1582 1976 Non
1594 1949 1826 1976 calumniabcris?

1035 1983 1111 2019 Quod
1137 1987 1199 2010 tunc
1222 1983 1307 2019 forum
1324 1984 1451 2017 iudiciale
1465 1988 1523 2010 erat
1537 1984 1549 2010 ?
1562 1984 1606 2019 qui
1630 1990 1800 2012 accusatores
1817 2005 1825 2017 ,

1035 2017 1080 2052 qui
1094 2019 1208 2044 accusati
1223 2018 1234 2044 ?
1249 2019 1297 2046 Dat
1306 2027 1370 2053 ergo
1384 2024 1543 2053 przeccptum
1559 2017 1662 2046 ratione
1687 2020 1827 2053 przesentis

1037 2060 1100 2080 usus
1115 2053 1217 2090 fruetus
1230 2059 1283 2090 :rut
1299 2062 1387 2090 rerum
1400 2054 1519 2081 omnium
1529 2055 1632 2090 copiam
1650 2054 1730 2081 homo
1745 2055 1829 2082 habe-

1036 2093 1086 2120 ret,
1105 2089 1137 2115 ab
1152 2089 1202 2116 hac
1215 2089 1300 2116 solum
1314 2089 1478 2119 abstineret;
1494 2094 1522 2116 ut
1537 2089 1599 2116 dum
1615 2090 1738 2117 omnibus
1752 2090 1828 2117 frue-

1036 2128 1120 2159 retur,
1139 2124 1301 2158 propositam
1317 2124 1367 2151 sibi
1382 2123 1490 2151 haberet
1503 2129 1661 2158 potestatem
1674 2133 1750 2152 usuin
1761 2125 1827 2159 ligni

1037 2158 1107 2185 illius
1123 2159 1309 2192 prohibentem
1326 2167 1332 2191 ;
1349 2167 1400 2186 non
1414 2159 1486 2193 quod
1501 2160 1583 2186 arbor
1598 2160 1641 2186 illa
1657 2161 1727 2187 mala
1743 2158 1827 2191 esset.

1036 2193 1083 2221 sed
1097 2195 1273 2228 transgressio
1288 2195 1406 2228 improba
1423 2200 1489 2221 erat.
1511 2195 1740 2227 Quemadmodum
1755 2196 1827 2222 enim

1039 2229 1083 2256 lex
1097 2234 1199 2256 natura:
1215 2229 1345 2264 virginem
1367 2229 1423 2256 vult
1445 2230 1579 2257 commbio
1595 2230 1712 2263 legitimo
1725 2231 1800 2265 jungi
1819 2238 1828 2262 ς

1037 2264 1058 2290 si
1091 2272 1143 2298 qua
1169 2269 1258 2291 autem
1281 2265 1374 2299 virgo.
1395 2270 1439 2291 aut
1462 2265 1543 2299 patris
1566 2264 1751 2296 voluntatem,
1780 2264 1830 2292 aut

1036 2299 1161 2326 connubii
1181 2304 1286 2333 tempus
1302 2300 1468 2334 pratveniens
1483 2320 1490 2327 .
1507 2300 1618 2327 luxuria
1639 2308 1668 2326 se
1692 2301 1801 2327 dederit
1819 2321 1828 2333 ,

1038 2335 1181 2362 inevitabili
1205 2335 1329 2369 plectitur
1352 2343 1449 2369 pinna;
1467 2343 1517 2361 non
1530 2334 1600 2369 quod
1620 2335 1691 2361 aliud
1711 2335 1805 2362 feci-rit
1821 2357 1830 2367 ,

1037 2377 1116 2403 quam
1128 2375 1233 2396 cauerat
1244 2370 1359 2403 virgines
1370 2370 1480 2403 faciunt,
1495 2370 1541 2396 sed
1555 2370 1625 2404 quod
1637 2375 1730 2397 contra
1744 2371 1830 2404 legem

1038 2409 1066 2433 et
1082 2406 1164 2439 patris
1179 2406 1306 2440 placitum
1321 2413 1350 2432 se
1359 2406 1392 2431 ad
1410 2409 1546 2439 peccatum
1565 2405 1698 2432 dediderit
1712 2414 1719 2437 ;
1736 2407 1830 2439 plecti-

1038 2445 1133 2474 turque
1147 2448 1199 2467 non
1213 2441 1247 2467 ob
1269 2440 1307 2467 rei
1323 2444 1444 2467 naturam
1458 2460 1466 2471 ,
1482 2440 1529 2466 sed
1547 2440 1581 2467 0b
1605 2441 1828 2475 transgressionis

1039 2475 1147 2502 modum
1163 2484 1170 2501 :
1185 2477 1224 2503 sic
1245 2479 1272 2503 ct
1294 2475 1379 2502 Adam
1402 2475 1431 2501 ﬁt
1445 2475 1577 2509 supplicio
1602 2475 1734 2502 obnoxius
1752 2497 1759 2507 ,
1777 2484 1830 2501 non

1038 2510 1108 2545 quod
1123 2511 1259 2545 quidpiam
1273 2519 1306 2537 ex
1320 2515 1413 2537 natura
1429 2518 1476 2537 sua
1491 2510 1603 2537 vetitum
1619 2511 1764 2545 acceperit,
1781 2511 1832 2537 Sed

1038 2546 1109 2581 quod
1124 2553 1180 2581 rem
1195 2551 1328 2581 prmcepto
1341 2545 1500 2580 prohibitam
1514 2546 1672 2581 sumpserit.

1076 2553 1109 2572 ou
1124 2553 1180 2572 rem
1195 2553 1328 2581 prmcepto
1341 2553 1500 2580 promouam
1516 2553 1672 2579 sumpserit.

1058 2553 1100 2642 Ἤ
1125 2580 1195 2615 Lege
1215 2581 1417 2608 commentaria.
1432 2581 1485 2607 Cur
1505 2580 1538 2607 de
1560 2580 1640 2607 rebus
1664 2581 1710 2607 tibi
1734 2580 1832 2615 ignotis

1058 2623 1087 2642 on
1101 2616 1196 2642 endis?
1210 2616 1321 2642 Ouando
1341 2616 1381 2642 vis
1396 2620 1515 2642 veterum
1531 2623 1621 2642 rerum
1636 2615 1772 2642 historiam
1786 2621 1832 2641 aut

1038 2615 1196 2643 condendis?
1210 2616 1321 2649 Quando
1341 2616 1381 2642 vis
1396 2620 1515 2642 veterum
1531 2623 1621 2642 rerum
1636 2615 1772 2642 historiam
1786 2621 1834 2641 aut

1035 2651 1095 2686 jura
1110 2651 1239 2685 scrutari,
1253 2659 1341 2678 annon
1357 2651 1549 2677 commentaria
1563 2655 1654 2678 vetera
1669 2651 1769 2685 accipis
1780 2671 1788 2683 ,
1805 2655 1834 2686 ct

1038 2685 1118 2713 verba
1132 2686 1223 2719 discis,
1236 2691 1290 2713 tum
1306 2694 1365 2721 qua:
1380 2686 1413 2713 ad
1426 2686 1635 2717 accusationem,
1650 2689 1705 2712 tum
1721 2693 1780 2720 qua:
1799 2685 1837 2712 ad

1038 2721 1220 2749 defensionem
1237 2721 1488 2756 excusatiynemque
1508 2721 1660 2756 pertinent,
1681 2728 1803 2755 quaenam
1819 2729 1836 2749 θ

1035 2757 1125 2791 judice
1145 2761 1172 2784 et
1193 2757 1324 2784 calculum
1344 2750 1453 2784 ferente.
1467 2750 1608 2788 dicantur;
1626 2750 1708 2783 et'si'c
1725 2763 1756 2782 ea
1772 2764 1835 2790 quze

1038 2792 1171 2819 oblivione
1185 2793 1272 2820 deleta
1286 2797 1362 2819 erant
1374 2813 1380 2822 ,
1403 2792 1428 2818 in
1453 2791 1582 2818 memoria
1598 2797 1720 2825 repetere
1734 2791 1836 2818 curas?

1042 2827 1110 2863 Lege
1124 2827 1211 2863 itaque
1224 2827 1412 2855 commentaria
1427 2827 1522 2854 veteris
1537 2825 1663 2853 historitn.
1676 2825 1740 2854 Ciun
1755 2826 1834 2854 sede-
