2067 3119
142 174 196 201 “33

141 237 183 258 ret
203 230 287 258 Iudex
310 229 446 265 veritatis;
463 229 517 256 imo
528 227 619 265 potius
628 227 866 265 cumdelictorum
885 234 936 265 no-

138 272 259 294 strorum
269 265 388 293 medicus
397 264 431 292 ad
440 263 543 292 sontem
557 271 617 291 cum
629 264 705 291 amici
712 263 804 290 habitu
813 263 937 294 accessit,

141 302 206 334 quiti
223 302 260 328 ait
274 301 333 328 illi?
348 301 446 332 Adam,
469 300 511 326 ubi
531 300 577 327 es?
589 299 657 332 Quid
677 299 816 333 respondit
837 298 938 326 Adam?

142 337 238 363 Vocem
254 341 323 363 luant
337 335 432 368 audiui,
447 339 469 361 et
489 343 528 361 me
545 335 669 361 occultavi
679 355 688 367 ,
703 335 763 368 quia
781 334 865 361 nudus
884 342 938 360 sum

140 372 250 407 (Gen.5.
258 371 284 399 θ.
292 377 316 398 et
323 372 377 405 ω).
385 371 452 407 Quid
460 377 523 407 ergo
531 370 624 407 illequi
633 369 940 407 omnianovitngnoran-

143 405 207 434 liam
220 407 329 434 simulat
351 410 378 433 et
392 406 455 433 dicit
473 413 480 431 :
494 405 529 432 Iit
543 406 599 439 quis
618 405 739 431 indicavit
753 405 797 431 tibi
806 405 877 436 quod
889 412 939 431 nu-

140 444 191 469 dus
206 451 272 470 esses
283 463 289 473 .
301 442 355 469 nisi
367 440 435 476 quod
447 449 478 468 ea:
488 441 559 476 ligno
569 461 582 476 ,ν
591 440 629 476 1ιιι
640 448 690 475 quo
703 441 757 467 solo
770 447 940 476 praceperam

137 478 186 504 tibi
202 486 233 505 ne
245 475 397 509 comedens,
413 475 543 503 comedisti
559 475 637 509 (Ibid.
651 484 675 502 υ.
694 475 755 511 ll)?
768 475 889 502 Ostendit
906 475 938 501 il-

143 513 198 540 lmn
212 513 331 540 omnium
343 511 398 539 lere
404 512 512 546 copiam
523 511 668 544 accepisse,
681 510 769 545 neque
777 518 810 537 ex
818 510 938 546 angustia

142 555 233 576 rerum
249 547 419 575 fruendarum
434 545 466 573 ad
483 546 728 581 pnuvaricationem
740 545 856 573 venisse.
869 545 938 578 Quid

141 583 176 610 ad
190 583 247 610 hrec
262 583 344 610 reus?
362 581 456 609 Mulier
467 590 543 617 quam
557 581 650 608 dedisti
662 581 734 614 mihi,
750 582 806 616 ipsa
821 581 883 608 mihi
893 580 939 617 de-

142 618 181 645 dit
196 617 277 653 (Ibid.
291 626 314 645 υ.
331 617 388 651 12).
404 617 488 644 Adam
501 617 612 653 rmulieri
635 622 771 653 peccatum
791 616 937 653 adscribit,

141 657 172 680 et.
185 651 213 680 tu
228 653 316 681 arbori
329 652 479 681 adscribis?
492 652 543 686 Qui
556 651 730 679 accusabatur
741 672 748 683 ,
761 652 870 679 mentiri
884 658 938 678 non

143 689 248 724 potuit;
263 688 431 716 non.invenit
445 688 516 724 aliud
528 687 676 724 perfugium
692 692 767 714 extra
781 687 919 724 veritatem
929 707 937 720 ,

138 722 196 751 non
207 723 326 751 Creatori
335 731 446 751 causam
455 723 602 756 imputavit,
615 722 661 749 sed
673 729 783 749 uxorem
793 722 937 754 accusavit;

142 764 170 786 et
185 764 212 786 tu
225 766 267 786 res
280 764 401 791 accusas,
417 767 530 792 quarutn
550 758 602 784 vim
619 757 744 792 ignoras?
758 756 859 792 Ecquid
877 757 939 784 Eva:

141 794 211 821 dixit
224 794 310 822 Deus?
324 793 376 821 Cur
388 794 435 821 hoc
447 794 528 828 fecisti
546 793 626 828 (Ibid.
638 801 662 819 υ.
678 793 746 827 t5)?
760 792 806 819 llla
820 793 940 828 vet-oin-

137 834 277 864 !errogata
299 836 406 856 causam
427 826 504 856 allert
519 837 528 857 ι
544 826 655 864 Serpens
679 826 845 864 decepitrme.
871 826 938 864 Num

136 863 306 892 creationem
331 864 506 892 perstrinxit?
524 872 588 891 num
609 863 763 891 Creatorem
787 863 939 890 incusavit?

140 908 207 927 num
222 899 308 933 dixit,
324 898 559 928 Cur'nosfecisti?
573 907 622 927 cur
635 899 699 934 ligni
717 899 830 926 fructum
847 898 938 932 prohi-

142 935 244 963 buisti?
263 935 329 969 Quae
351 935 566 962 accusationibus
588 935 743 968 impetitur,
763 942 816 961 tton
836 934 939 961 invenit

140 978 196 1006 quo
210 976 288 1006 pacto
306 971 459 998 mentiatur.
480 970 573 998 Solent
593 970 798 1006 enitnraccusati
823 977 853 997 ea
878 978 939 1004 qtnn

141 1004 196 1033 non
212 1004 278 1034 sunt
291 1006 474 1039 comminisci,
489 1011 517 1033 ut
531 1006 634 1033 crimen
649 1004 785 1040 eﬂ‘ugiant.
808 1005 938 1032 Accusata

142 1049 206 1076 ergo
217 1042 260 1069 illa
281 1049 335 1069 non
351 1042 452 1068 invenit
465 1041 537 1069 aliud
551 1040 698 1076 perfugium
711 1047 719 1072 ;
735 1045 762 1068 et
776 1044 804 1067 tu
815 1048 845 1067 ea
857 1060 864 1072 ,
879 1048 939 1075 qua:

142 1077 180 1104 illi
195 1077 280 1111 culpa:
294 1077 401 1104 obnoxii
415 1084 468 1104 non
484 1075 648 1107 attulerunt.
665 1075 698 1103 ad
712 1076 795 1102 Deum
807 1083 939 1102 accusan-

141 1113 207 1139 dum
232 1112 422 1148 profers‘lsed
446 1119 539 1139 rursus
563 1112 595 1139 ad
616 1112 780 1148 propositum
801 1115 937 1148 revertar.

141 1147 225 1175 Adam
234 1146 245 1179 ⁷,
261 1148 306 1174 ubi
318 1147 365 1174 es?
378 1147 445 1174 Cum
460 1148 527 1175 vidit
540 1154 586 1174 ora
601 1146 767 1181 peccantium
782 1146 917 1173 obstructa
927 1165 938 1180 ,

122 1182 193 1211 ’nec
203 1183 282 1210 ullam
298 1183 416 1218 peccanti
434 1183 520 1210 inesse
533 1182 665 1214 ﬁduciam,
681 1182 869 1218 interrogantis
883 1189 941 1208 mo-

141 1226 173 1246 re
196 1219 265 1245 viam
288 1217 338 1253 ipsi
363 1218 545 1246 excusationis
563 1218 660 1252 aperit.
686 1217 877 1253 Praavaricatus
898 1224 940 1245 nze

136 1252 384 1286 vorcultavi;audita
394 1258 448 1284 tua,
462 1253 584 1285 Domine,
601 1253 773 1287 benignitate,
788 1252 820 1279 ad
834 1260 876 1279 me
890 1259 939 1280 ex-

134 1289 289 1317 .cusandum
303 1289 415 1318 accessi.
435 1289 467 1316 Et
482 1289 541 1316 vide
553 1289 654 1322 justum
667 1287 798 1315 Iudicem.
815 1287 873 1314 Non
886 1292 941 1315 sta-

137 1325 192 1352 tim
200 1325 334 1352 examinat
345 1332 402 1351 eam
415 1332 474 1359 qum
483 1328 615 1358 peccarat,
625 1323 671 1350 sed
684 1331 745 1350 eum
757 1323 801 1359 qui
812 1323 939 1359 deceptus

142 1361 231 1387 fuerat
246 1368 253 1386 :
270 1365 298 1387 et
311 1361 406 1387 merito
417 1358 546 1394 quidem;
561 1366 622 1386 nam
635 1359 743 1393 gravius
756 1358 849 1394 fuisset
866 1358 938 1392 judi-

134 1396 224 1427 tcium,
236 1395 258 1422 si
272 1403 287 1423 a
298 1395 376 1422 noxio
386 1393 495 1422 muliere
506 1395 642 1430 cepisset.
651 1393 849 1430 Vernmincipit
861 1394 894 1420 ab
905 1401 940 1421 eo

143 1432 188 1466 qui
205 1435 308 1465 poterat
329 1438 437 1465 parvam
461 1429 555 1457 salleni
578 1430 696 1466 invenire
717 1429 916 1466 excusationem
931 1449 938 1461 ,

143 1464 250 1501 qttia’ab
268 1464 452 1501 alia’persona
473 1466 601 1499 deceptus
624 1465 720 1501 fuerat.
733 1466 754 1492 Α
773 1465 830 1501 viro
845 1464 940 1501 itaque

143 1499 177 1528 ad
194 1502 332 1528 mulierem
341 1499 479 1536 procedit,
495 1505 523 1528 et
537 1501 601 1528 dicit
615 1508 621 1527 ε
636 1499 687 1527 Cur
708 1500 755 1527 hoc
766 1499 871 1536 fecisti!
886 1499 939 1536 ἢθη

140 1537 312 1572 spondebilla
326 1535 437 1564 Detnino
451 1543 459 1564 :
473 1535 584 1570 Serpens
597 1536 751 1572 decepitme.
762 1535 880 1572 Serpens
893 1535 939 1572 def

144 1570 234 1606 cepit?
249 1571 365 1599 Fallacia
380 1572 406 1598 in
420 1571 618 1598 excusationem
633 1571 746 1598 adntissa
763 1570 873 1603 fuisset,
883 1570 939 1598 nisi

144 1608 273 1643 prmviutn
298 1613 459 1643 prazceptum
483 1606 588 1633 errandi
612 1606 862 1643 riant__clattsisset:
888 1606 939 1632 nisi

139 1641 283 1674 dixissem,
293 1641 326 1669 In
339 1650 495 1677 quacumque
507 1642 548 1668 die
561 1641 718 1677 camederitis
728 1641 759 1668 de
767 1641 846 1676 ligno,
861 1647 941 1677 morte

145 1678 297 1710 moriemini,
314 1676 400 1705 locum
413 1676 514 1704 fallacia
530 1677 676 1704 habuisset.
689 1676 742 1703 Cur
754 1684 806 1703 non
824 1676 868 1703 Dei
880 1684 941 1703 ver—

145 1713 220 1745 bum,
232 1713 278 1740 sed
293 1712 394 1740 fallacia
406 1712 521 1739 admissa
535 1712 602 1739 fuit?
615 1712 660 1740 Sic
668 1711 940 1747 Creatorinculpatus

145 1748 205 1781 fuit,
218 1749 405 1784 praevaricator
418 1753 507 1784 autem
520 1747 605 1784 culpa:
614 1747 757 1784 obnoxius.
771 1746 824 1774 Sed
837 1746 871 1784 ad
880 1754 940 1782 pro—

146 1782 262 1819 positum
284 1788 460 1811 revertamur.
481 1782 640 1818 Perquisilio
654 1782 774 1819 criminis
793 1789 809 1809 a
827 1782 940 1819 decepto

145 1817 180 1846 ad
196 1819 372 1854 dccipientetn
395 1817 602 1854 progressae“,
616 1818 747 1854 sententia
757 1825 826 1854 vero
840 1817 867 1854 in
878 1825 940 1854 ina-

146 1855 235 1882 lorum
259 1853 397 1881 auctorem
419 1854 521 1888 prolata
551 1853 608 1881 fuit.
637 1853 727 1880 Primo
755 1853 801 1881 Dei
824 1853 939 1880 vindicta

146 1895 242 1917 contra
269 1890 342 1916 illum
369 1889 420 1916 fert
443 1889 596 1922 calculum,
626 1896 714 1923 neque
736 1889 825 1915 statim
846 1893 939 1916 contra

147 1926 236 1952 virutn
252 1925 293 1952 vel
314 1931 407 1952 contra
426 1925 564 1952 mulierem
584 1924 756 1959 pronuntiat,
785 1923 831 1951 sed
845 1929 939 1951 contra

145 1964 311 1995 serpentem.
336 1960 369 1987 Et
395 1960 455 1987 vide
471 1959 574 1995 Iudicis
603 1959 798 1995 consideratam
831 1959 941 1986 tardita-

146 1993 214 2024 tem.
241 1995 300 2022 Non
321 2000 473 2030 serpentem
496 1994 530 2022 ad
545 2002 657 2023 examen
681 1998 758 2021 vocat
773 1993 860 2030 Deus;
886 2001 939 2021 non

145 2032 219 2058 enim
234 2031 261 2058 in
274 2031 354 2058 alium
368 2029 425 2057 vult
436 2031 541 2065 culpam
557 2030 658 2058 referre
668 2050 675 2062 ,
691 2036 776 2065 neque
784 2029 862 2065 aliud
878 2037 940 2064 per-

147 2066 247 2101 fugium
263 2067 390 2101 reperire.
404 2065 472 2100 Quid
488 2066 567 2101 igitur
580 2066 616 2092 ait
630 2065 686 2092 illi?
698 2064 852 2101 Maledicta:
865 2073 891 2092 es
902 2064 942 2091 in-

146 2100 189 2128 m’
194 2102 279 2128 omnia
289 2100 429 2128 animantia
442 2105 515 2128 teme
530 2101 539 2137 (
550 2100 618 2137 Ibid.
626 2100 707 2137 Αυηη
718 2101 738 2134 ).
753 2100 870 2134 Serpens
879 2134 885 2137 _
898 2100 941 2137 in-

146 2141 328 2165 strumentum
350 2144 482 2171 apparens
496 2134 542 2164 esi
554 2157 562 2167 .
580 2135 701 2163 diabolus
713 2142 777 2163 vero
787 2139 829 2163 est
840 2134 886 2170 qui
901 2135 943 2161 iu—

147 2173 289 2200 visibiliter
303 2179 351 2207 per
361 2177 512 2207 serpentem
527 2171 635 2207 decipit.
656 2171 710 2198 Cur
730 2176 824 2207 contra
844 2172 942 2207 instru-

145 2213 266 2235 ntentum
280 2206 357 2242 pinna
375 2208 519 2242 profertur,
533 2212 561 2235 et
570 2206 623 2234 non
638 2210 730 2234 contra
744 2206 868 2233 facinoris
891 2213 940 2233 au~

143 2249 248 2271 ctoretn
259 2243 348 2270 divina
362 2243 477 2270 vindicta
491 2243 649 2270 exercetur?
662 2242 694 2270 Et
702 2247 794 2269 contra
804 2246 941 2276 peccatum

148 2279 292 2313 profertur,
303 2282 330 2306 et
339 2282 431 2306 contra
447 2278 650 2306 instrumentum
658 2277 772 2313 peccati.
787 2277 862 2304 Nosti
871 2277 942 2311 quod

144 2321 225 2343 tauro
240 2316 343 2342 ratione
354 2313 482 2341 destituto
493 2334 501 2347 ,
518 2314 540 2340 si
554 2313 682 2341 cornibus
697 2313 822 2348 impetat,
836 2320 942 2348 ptenam

145 2350 243 2378 mortis
257 2349 327 2377 Deus
339 2353 448 2381 statuat,
460 2353 487 2376 et
498 2349 574 2376 illum
589 2350 715 2383 impetum
729 2346 827 2383 puniat.
840 2346 885 2375 Sic
896 2347 943 2383 igi-

144 2392 192 2414 tur
208 2385 251 2412 hic
260 2390 352 2413 contra
368 2389 519 2419 serpentem
535 2384 586 2411 fert
599 2384 770 2419 sententiam,
784 2383 941 2419 ostendens,

145 2423 170 2450 si
197 2420 402 2447 instrumentum
416 2418 517 2454 peccati
536 2420 572 2447 ita
593 2419 723 2454 supplicio
743 2418 844 2450 afficit,
859 2418 943 2454 multo

146 2456 233 2490 magis
245 2459 380 2483 auctorem
395 2452 425 2482 se
439 2454 579 2490 plexurum
591 2452 660 2482 esse.
677 2454 739 2482 Ideo
753 2454 847 2490 beatus
861 2452 943 2480 Isaias

146 2489 384 2522 commutationem
396 2489 468 2517 illam
482 2495 574 2517 contra
588 2494 739 2525 serpentem
752 2489 863 2525 pulchre
873 2496 943 2525 acet-

144 2533 159 2558 p
168 2525 226 2552 iens
237 2526 275 2553 ait
288 2534 296 2553 :
314 2526 347 2553 Et
361 2526 413 2553 erit
424 2526 450 2552 in
468 2526 622 2553 novissimis
634 2523 738 2558 diebus,
752 2523 860 2551 Inducet
877 2523 942 2550 Deus

144 2560 264 2595 gladium
277 2566 391 2588 sanctum
401 2582 408 2594 ,
424 2562 545 2596 grandem
557 2566 581 2596 et
596 2561 687 2595 fortem
699 2568 778 2594 super
787 2559 921 2586 draconem
934 2579 941 2590 ,

152 2600 288 2631 serpentem
297 2595 433 2631 fugientem
442 2616 450 2629 ,
458 2603 534 2631 super
544 2595 838 2631 draconem,serpentem
849 2599 943 2631 tortuo-

150 2639 218 2662 sum,
231 2636 254 2658 et
268 2630 363 2659 occidet
375 2630 510 2658 draconem
519 2631 546 2658 in
557 2631 598 2658 die
609 2631 655 2658 illa
667 2630 744 2665 (lsai.
758 2630 803 2657 27.
823 2631 859 2664 l).
877 2630 943 2656 Draa

149 2673 244 2693 cortem
265 2671 344 2694 vocat
365 2666 519 2698 diabolum,
545 2671 572 2694 et
594 2670 744 2701 serpentem
771 2670 942 2701 tortuosum,

151 2702 238 2735 ipsum
250 2702 400 2730 da-monum
415 2702 567 2736 principem
584 2701 628 2729 Sic
640 2699 674 2728 'et
684 2701 806 2729 Salvator
817 2701 855 2727 ait
871 2709 875 2715 -
892 2699 942 2726 Ec-

151 2744 179 2763 ce
201 2737 260 2763 dedi
282 2737 350 2765 vobis
369 2741 516 2771 potestatem
540 2737 659 2764 calcandi
679 2745 758 2771 supra
775 2740 900 2770 serpentes
920 2739 943 2761 et

151 2772 296 2806 scorpiones
305 2772 378 2807 (Luc.
395 2772 437 2800 t0.
454 2772 508 2807 l9).
523 2773 555 2799 Et
568 2780 602 2800 ne
612 2777 689 2807 putes
701 2772 743 2807 agi
756 2771 790 2799 de
799 2771 880 2799 rebus
892 2771 943 2797 sub

151 2814 260 2834 sensum
273 2807 429 2836 cadentibus
440 2827 449 2840 ,
465 2807 552 2841 addit,
570 2807 603 2834 Et
620 2815 700 2842 supra
714 2815 812 2834 onmem
827 2807 942 2834 virtutem

153 2843 259 2869 inimici.
271 2843 323 2871 Sed
338 2851 397 2871 cum
410 2843 526 2871 audieris
537 2843 681 2871 draconem
692 2846 719 2870 et
732 2846 895 2877 serpentem,
908 2849 942 2869 ne

153 2878 270 2913 radicem
286 2878 393 2905 malitia!
410 2879 554 2913 suspiceris
565 2886 625 2906 esse
635 2898 642 2911 ,
661 2883 690 2904 ut
704 2878 779 2904 aiunt
790 2876 940 2904 Manicha-i.

154 2912 211 2939 Non
226 2913 296 2940 enim
317 2913 365 2940 fuit
381 2912 554 2947 tnnlix'tnali,
572 2921 656 2950 neque
677 2919 770 2940 natura
796 2912 938 2948 nequitite,

790 170 834 198 DE
854 170 943 199 FlLlO
961 169 1119 200 PRODICO.

1732 174 1784 203 63S

993 228 1244 266 s_ed_propensioad
1260 229 1436 263 inanitatem.
1453 229 1543 264 Vides,
1560 231 1654 266 inquit,
1673 239 1786 266 quomo.

991 263 1026 291 do
1037 262 1184 302 scriptura
1195 270 1272 292 vocet
1286 262 1360 293 illum
1376 262 1570 302 serpentem‘et
1579 262 1724 294 draconem
1736 288 1742 294 .
1759 271 1787 294 et

991 300 1067 332 quasi
1087 299 1229 332 quamdam
1250 305 1404 328 extraneam
1423 299 1534 329 natura:
1554 303 1681 329 malitiam
1707 302 1786 329 indu-

991 334 1082 361 ctam?
1098 334 1194 371 Verum
1207 334 1267 362 'ha-c
1281 340 1343 362 sunt
1357 337 1498 371 impiorum
1513 338 1593 364 verba
1609 346 1686 369 vana,
1699 338 1786 365 inania

991 374 1019 396 et
1031 371 1133 397 ratione
1146 369 1283 397 destituta.
1308 370 1373 398 Nam
1389 369 1448 398 cum
1464 372 1592 400 Dominus
1614 373 1679 400 dicit
1701 373 1787 400 homi-

993 406 1086 450 inlitis:
1095 406 1535 450 Serpentes,‘qenintinarviperarum
1551 407 1716 450 (Ilatth.n‘2_3.
1729 409 1786 443 53),

992 448 1045 467 non
1074 444 1196 477 naturam
1223 446 1355 477 accusat,
1384 442 1431 469 sed
1457 442 1632 477 propositum.
1659 443 1705 472 Sic
1735 452 1788 470 non

993 480 1099 518 oportet
1121 476 1288 504 dictionibus
1315 477 1440 511 lucrere,
1458 476 1513 505 sed
1537 486 1552 505 a
1576 479 1716 507 sententiis
1743 480 1787 506 iu-

992 517 1077 538 Sllllll.

973 547 1004 584 1f
1020 546 1055 584 _§.
1069 546 1122 574 Sed
1130 553 1226 584 rursus
1237 546 1424 584 digladiantur,
1436 552 1464 574 et
1478 548 1557 575 aliam
1567 549 1701 583 proferunt
1716 557 1789 584 qna!-

992 581 1178 610 stitinenLCur
1188 582 1287 617 lignum
1297 583 1401 609 vocavit
1411 583 1527 610 Scienlite
1540 581 1600 611 boni
1613 590 1639 611 et
1653 581 1787 617 mali,‘nisi

993 617 1130 652 Scriptura
1145 625 1220 644 sacra
1237 618 1315 644 vellet
1339 618 1400 652 ligni
1416 618 1531 652 aliquam
1546 619 1696 652 hnjnsutodi
1713 625 1788 646 natu-

992 660 1050 680 ram
1066 653 1185 679 iud'care
1197 653 1209 680 ?
1224 653 1262 679 Ne
1276 653 1415 680 veritatem
1431 658 1531 680 temere
1545 654 1716 682 calumnieris
1729 676 1737 687 ,
1753 658 1787 685 Μ

993 687 1083 725 homo.
1097 687 1212 725 Lignltm
1220 688 1298 725 enim
1311 708 1319 719 ,
1334 688 1395 725 boni
1411 693 1438 715 et
1453 689 1513 716 tnali
1528 697 1580 716 non
1596 695 1716 716 naturam
1740 698 1788 725 ge—

990 723 1060 753 nuit.
1077 723 1125 751 sed
1139 723 1306 750 occasionem
1322 724 1382 750 tulit
1399 732 1406 751 :
1419 729 1498 758 atque
1512 725 1547 751 ita
1562 726 1717 753 vocabatur.
1735 723 1788 754 non

992 758 1062 793 quod
1085 759 1165 786 talem
1188 762 1308 785 naturam
1326 758 1455 791 habt-ret,
1479 760 1524 786 sed
1546 760 1616 793 quod
1641 761 1787 787 secundum

993 794 1123 828 prolatam
1145 794 1305 820 sententiam
1323 794 1347 821 id
1363 794 1491 822 officeret.
1508 795 1574 828 Quid
1597 796 1725 822 Adamutn
1739 796 1791 823 do-

991 830 1047 857 cuit
1059 828 1196 865 gustatio?
1219 829 1321 865 Bonum
1345 837 1406 856 esse
1422 829 1615 862 Deoobt-dire,
1640 831 1737 858 malum
1763 831 1788 857 ei

991 873 1045 892 non
1063 863 1210 895 ‘ohsequi:
1233 868 1258 891 et
1285 863 1342 891 hare
1366 869 1408 891 ost
1434 865 1544 892 scientia
1574 866 1634 892 boni
1661 871 1688 892 et
1715 866 1788 898 mali,

994 901 1114 934 nihilque
1141 899 1214 928 aliud
1229 899 1350 926 omnino.
1365 899 1449 932 Quam
1478 901 1548 927 enim
1576 901 1666 927 statim
1693 900 1791 927 habue-

992 937 1028 964 rit
1040 937 1179 964 scientiam
1202 934 1333 962 bonorum
1346 955 1353 966 .
1383 935 1428 962 ubi
1443 937 1527 969 aperti
1550 941 1612 963 sunt
1626 937 1683 971 ejus
1696 936 1765 963 oculi
1777 936 1790 962 ?

992 972 1063 1007 quod
1093 972 1164 999 aliud
1195 971 1293 1007 bonum
1330 971 1462 1007 vidisset?
1488 972 1709 1007 eli-emosynam?
1736 971 1788 998 Sed

992 1005 1035 1042 qui
1052 1014 1181 1042 pauperes
1195 1006 1249 1034 illic
1264 1006 1361 1033 erant?
1373 1005 1439 1040 Quid
1452 1006 1534 1033 \‘idil?
1550 1005 1645 1033 bonam
1661 1014 1721 1034 esse
1738 1007 1789 1033 hn—

989 1043 1166 1070 tnanilatetn‘!
1187 1042 1239 1069 Sed
1259 1049 1338 1077 qttam
1362 1042 1461 1069 invenit
1481 1042 1652 1069 humanitatis
1666 1043 1790 1069 occasio-

993 1079 1076 1106 nem?
1089 1078 1156 1112 Quid
1175 1085 1238 1112 ergo
1251 1078 1334 1105 vidit?
1350 1077 1452 1105 Bonum
1471 1084 1530 1104 esse
1549 1077 1667 1108 obedire,
1688 1078 1786 1105 malum

993 1121 1047 1141 non
1056 1113 1164 1148 obsequi
1176 1112 1352 1140 lienefactori.
1364 1113 1429 1147 Quis
1441 1112 1497 1141 lucc
1509 1112 1643 1148 declarat?
1653 1113 1788 1146 Scriptura

992 1157 1052 1185 quae
1065 1147 1150 1185 dicit;
1166 1148 1195 1175 Si
1208 1149 1363 1176 renuntietur
1377 1149 1431 1182 tibi,
1447 1158 1461 1176 ο
1475 1148 1560 1180 homo.
1572 1147 1633 1183 quid
1642 1149 1673 1175 sit
1683 1148 1786 1181 bonum,

993 1183 1037 1211 aut
1051 1184 1113 1217 quid
1127 1183 1253 1211 Dominus
1272 1185 1381 1218 requirat
1400 1193 1416 1211 (ι
1434 1189 1467 1215 te.
1483 1185 1531 1212 nisi
1553 1189 1581 1211 ut
1596 1185 1683 1212 timeas
1702 1184 1790 1212 Domi-

991 1228 1054 1257 num
1065 1219 1145 1246 Deum
1161 1224 1230 1257 tuum
1244 1218 1377 1257 (Mich._6.
1391 1220 1418 1257 8.
1430 1224 1454 1257 et
1471 1219 1546 1247 Deut.
1560 1220 1604 1257 lli.
1622 1220 1677 1257 η).
1696 1219 1789 1247 Vidcn'

993 1255 1090 1282 bonum
1115 1262 1174 1282 esse
1195 1256 1318 1281 timorem
1339 1255 1463 1288 Domini,
1486 1259 1513 1282 et
1533 1256 1631 1282 malum
1657 1255 1716 1282 esse
1737 1264 1789 1282 uolt

993 1290 1102 1324 obsequi
1116 1290 1192 1325 Deo?
1208 1289 1349 1322 lnhnrruit,
1367 1291 1459 1323 inquit.
1478 1291 1583 1323 ca-lum,
1595 1296 1621 1318 et
1641 1290 1790 1325 stupefacta

990 1331 1033 1354 est
1047 1330 1117 1353 terra
1134 1333 1140 1351 :
1158 1324 1214 1361 Duo
1232 1325 1298 1352 enim
1316 1325 1382 1352 mala
1395 1326 1455 1361 fecit
1468 1327 1576 1361 populus
1592 1334 1679 1358 meus;
1689 1324 1731 1353 Viue
1743 1326 1790 1352 de-

992 1361 1147 1396 reliquerunt
1162 1360 1256 1395 [antem
1270 1368 1341 1396 aqua:
1351 1361 1412 1388 view
1429 1360 1494 1396 (Jer.
1508 1360 1535 1387 Ξ.
1550 1361 1591 1388 ⁸12.
1606 1361 1662 1396 15).
1674 1366 1725 1388 etc.
1735 1361 1790 1388 Cur

993 1395 1056 1431 ergo
1074 1396 1150 1428 dixit,
1173 1395 1297 1430 inquies:
1313 1395 1352 1423 Ne
1372 1395 1490 1431 tetigeris
1506 1396 1606 1431 lignutn
1617 1417 1625 1430 ,
1641 1395 1679 1424 de
1698 1404 1751 1430 quo
1767 1396 1790 1424 si

993 1431 1118 1459 comedas
1128 1452 1136 1463 ,
1157 1438 1204 1464 per
1219 1431 1458 1466 transgressionem
1473 1432 1628 1466 cogniturus
1643 1439 1671 1458 es
1689 1431 1789 1459 bonum

992 1472 1020 1494 et
1040 1466 1159 1502 malum?
1179 1466 1286 1502 quare!
1299 1466 1353 1501 Ego
1370 1466 1414 1493 tibi
1435 1467 1525 1502 paucis
1542 1466 1694 1494 declarabo.
1716 1467 1791 1494 Solet

992 1502 1080 1529 divina
1102 1501 1237 1536 Scriptura
1253 1501 1313 1528 talia
1329 1502 1409 1529 rebus
1430 1503 1536 1529 nomina
1556 1502 1630 1532 dare.
1646 1502 1735 1536 qualia
1755 1509 1790 1529 ex

992 1538 1134 1565 occasione
1159 1537 1281 1572 quapiam
1301 1537 1448 1564 sortiuntur
1467 1546 1473 1564 :
1493 1538 1566 1564 verbi
1591 1538 1673 1572 gratia
1686 1558 1693 1569 ,
1717 1537 1791 1564 Isaac

993 1578 1100 1608 puletun
1117 1572 1191 1602 fodit,
1206 1577 1232 1599 ct
1247 1572 1374 1608 Philistmi
1386 1573 1522 1599 venientes
1536 1573 1570 1600 de
1584 1578 1664 1608 puteo
1674 1580 1788 1600 concer-

993 1607 1094 1640 labant,
1111 1613 1136 1634 et
1152 1608 1201 1634 sibi
1217 1607 1289 1634 illum
1303 1607 1489 1639 attribuerunt,
1504 1607 1599 1635 alienis
1615 1607 1733 1635 fruentes
1750 1608 1789 1634 la-

991 1644 1111 1671 boribus.
1126 1643 1194 1676 Quid
1208 1650 1273 1677 ergo
1289 1641 1379 1669 Isaac?
1393 1642 1502 1670 Vocavit
1518 1651 1614 1670 nomen
1636 1643 1718 1677 putei,
1734 1642 1784 1670 liti-

992 1679 1129 1706 micitiam.
1146 1677 1203 1705 Non
1226 1682 1321 1712 puteus
1339 1678 1504 1705 inimicitiam
1526 1678 1598 1710 fecit,
1615 1679 1661 1706 sed
1683 1680 1791 1707 occasio

995 1715 1033 1741 rei
1061 1714 1131 1741 circa
1159 1714 1245 1746 ipsunt
1268 1718 1356 1745 actm;
1381 1713 1493 1748 ideoque
1519 1713 1617 1741 Puteus
1646 1713 1791 1741 inimicitia:

994 1749 1079 1776 factus
1094 1753 1144 1776 est.
1160 1748 1234 1776 Fecit
1248 1753 1276 1775 et
1295 1748 1376 1775 alium
1398 1753 1515 1783 putetnn,
1536 1749 1580 1783 qui
1600 1749 1719 1776 sublatus
1740 1749 1790 1783 ipsi

993 1784 1041 1811 fttit
1058 1793 1065 1811 :
1082 1789 1108 1812 et
1121 1784 1225 1811 vocarit
1240 1784 1325 1816 illum,
1346 1783 1455 1811 Pnteum
1476 1784 1628 1817 injustitiar;
1650 1791 1702 1811 non
1718 1784 1789 1819 quod

993 1820 1051 1854 ipse
1072 1823 1168 1854 puteus
1189 1819 1325 1853 injustitia:
1342 1824 1422 1851 esset,
1441 1819 1487 1846 sed
1509 1820 1569 1854 quia
1586 1819 1657 1846 circa
1682 1825 1789 1851 putettnt

992 1856 1103 1882 materia
1119 1855 1254 1889 iniustitiae
1268 1854 1327 1882 fuit.
1343 1854 1523 1888 Similiterque
1538 1855 1651 1881 ministri
1672 1854 1747 1882 Joabi
1763 1859 1791 1881 et

993 1890 1129 1918 Abenncri
1143 1891 1214 1917 circa
1226 1890 1337 1922 fontem,
1347 1894 1376 1917 ut
1387 1890 1474 1916 scittnt
1483 1890 1626 1923 Scriptura:
1638 1890 1726 1924 periti.
1739 1890 1790 1916 sibi

993 1930 1086 1953 mutuo
1106 1925 1311 1956 insidiabantur,
1325 1929 1352 1952 et
1365 1929 1474 1952 vocatus
1488 1930 1529 1952 est
1544 1925 1627 1956 locus.
1646 1925 1736 1951 Portio
1749 1925 1789 1951 in-

993 1961 1149 1988 sidialortutt
1163 1961 1202 1994 (2.
1217 1960 1281 1996 Reg.
1297 1960 1379 1988 2.15.
1395 1960 1451 1994 l6).
1465 1960 1580 1987 Rursum
1596 1960 1638 1987 hic
1651 1968 1704 1988 non
1716 1961 1790 1987 locus

993 1996 1104 2023 insidias
1122 1996 1235 2030 peperit,
1253 1995 1300 2023 sed
1315 1996 1422 2024 occasio
1437 2002 1534 2022 nomen
1551 1996 1609 2022 loco
1630 1995 1734 2022 indidit.
1753 1996 1788 2022 Ita

992 2036 1020 2058 et
1034 2031 1058 2058 in
1075 2030 1180 2058 Adamo
1193 2030 1291 2058 factum
1306 2035 1360 2058 est.
1376 2030 1442 2064 Quia
1455 2030 1490 2056 ab
1503 2035 1562 2057 ortu
1578 2031 1789 2064 experimentum

994 2066 1134 2093 habiturus
1148 2070 1214 2098 erat,
1231 2066 1328 2093 bonum
1350 2073 1410 2093 esse
1425 2065 1543 2096 obedire,
1557 2065 1655 2092 malum
1671 2073 1724 2092 non
1739 2066 1789 2092 ob-

994 2102 1084 2136 sequi;
1100 2101 1160 2129 ideo
1171 2101 1251 2128 arbor
1261 2108 1293 2128 ex
1304 2102 1444 2128 occasione
1458 2107 1555 2128 nomen
1566 2101 1677 2136 accepit.
1693 2101 1789 2130 Verum

995 2138 1052 2164 haec
1065 2136 1203 2163 hactenus.
1220 2136 1324 2164 Utinam
1339 2144 1403 2163 vero
1417 2145 1465 2162 nos
1476 2144 1491 2163 a
1505 2137 1576 2171 ligno
1592 2137 1636 2164 illo
1648 2137 1788 2172 fugiamus,

994 2176 1021 2199 et
1033 2172 1066 2199 ad
1080 2172 1180 2206 lignum
1192 2171 1252 2198 vita;
1262 2178 1442 2207 securi-amns.
1454 2171 1487 2198 ad
1502 2172 1600 2206 lignum
1611 2173 1709 2204 crucis,
1719 2173 1789 2207 quod

993 2207 1097 2235 fructus
1112 2207 1223 2241 justitia‘.
1239 2207 1307 2238 tulit,
1329 2206 1399 2243 quod
1420 2207 1597 2241 virginitatem
1615 2206 1787 2243 germinavit,

995 2248 1023 2270 et
1035 2242 1236 2270 sanctimoniam
1251 2242 1370 2277 protulit,
1385 2243 1538 2277 fructusque
1551 2242 1639 2270 vari-is
1651 2244 1788 2277 persolvit,

994 2278 1086 2306 multis
1093 2278 1258 2310 diversisque
1267 2277 1422 2304 muneribus
1431 2282 1567 2305 comantes
1576 2286 1584 2310 ;
1595 2285 1656 2305 cum
1666 2278 1789 2306 videlicet

995 2314 1023 2341 in
1037 2314 1092 2348 ipsa
1106 2313 1225 2341 sensibili
1239 2312 1371 2349 delixione
1385 2313 1472 2349 crucis
1486 2321 1579 2348 magna
1594 2314 1790 2349 singularisque

994 2347 1066 2386 saltis
1081 2353 1153 2386 parta
1173 2352 1233 2386 est;
1254 2348 1394 2386 n0u_il_l_am
1410 2347 1480 2380 dico,
1496 2347 1575 2386 quam
1591 2347 1718 2386 Servatur
1731 2347 1791 2386 my.

994 2384 1060 2411 stice
1074 2384 1254 2418 dispensavit,
1272 2383 1319 2410 scd
1341 2383 1422 2419 illam,
1444 2392 1522 2419 qttattt
1545 2385 1613 2411 latro
1637 2385 1681 2411 ille
1702 2383 1789 2418 palam

995 2419 1120 2453 abripuit.
1141 2419 1215 2455 Quia_
1228 2419 1299 2446 enim
1323 2418 1406 2455 Adam
1427 2422 1474 2454 per
1488 2419 1589 2454 lignum
1611 2428 1642 2446 ex
1667 2420 1790 2455 paradisi.

994 2452 1158 2490 ejicctusrest
1178 2453 1285 2490 (Justus
1304 2462 1340 2485 es,
1363 2452 1481 2486 Domine,
1502 2452 1525 2481 et
1546 2459 1613 2482 recta
1629 2452 1730 2490 judicia
1745 2461 1789 2481 tua

995 2488 1080 2525 [PsaL
1096 2489 1158 2517 H8.
1175 2489 1276 2525 l57]);
1290 2490 1350 2524 quia
1373 2497 1420 2524 per
1439 2495 1576 2524 peccatum
1596 2488 1677 2517 unum
1703 2491 1788 2518 Adam

996 2524 1112 2558 ejicitur,
1127 2532 1173 2558 per
1187 2524 1265 2551 unam
1283 2525 1385 2552 lidelctn
1404 2524 1599 2552 confessionem
1622 2525 1690 2552 latro
1703 2526 1788 2552 intro-

994 2559 1100 2587 ducitur
1113 2560 1138 2586 itt
1154 2561 1314 2594 paradisum.
1325 2559 1492 2594 Cruciligcris
1507 2568 1566 2587 cum
1580 2561 1685 2594 iniquis,
1701 2567 1727 2587 et
1739 2560 1790 2587 tni—

995 2596 1054 2629 quis
1070 2595 1182 2622 salutem
1200 2596 1279 2629 paris.
1295 2595 1362 2622 Dicit
1379 2595 1403 2621 ei
1422 2595 1489 2622 latro
1503 2603 1510 2621 :
1526 2595 1642 2626 Domine,
1665 2601 1788 2622 memento

994 2631 1053 2663 mei,
1065 2639 1122 2657 cum
1137 2631 1233 2657 veneris
1247 2631 1273 2657 in
1286 2638 1389 2664 regnum
1405 2635 1474 2656 tuum
1487 2630 1562 2665 (Luc.
1573 2630 1618 2658 25.
1636 2630 1692 2665 si).
1708 2630 1790 2658 Latro

994 2671 1066 2693 certe
1079 2666 1128 2693 iste
1141 2674 1193 2692 non
1207 2666 1286 2692 linem
1297 2665 1357 2692 fecit
1369 2665 1552 2696 latrocinandi,
1564 2665 1650 2693 donec
1661 2673 1720 2692 cum
1731 2667 1791 2693 aliis

996 2701 1076 2728 etiam
1088 2708 1198 2735 regnum
1212 2701 1339 2735 caalortun
1353 2700 1476 2734 abripuit.
1492 2700 1569 2727 Alius
1582 2709 1645 2728 vero
1658 2701 1725 2727 latro
1739 2701 1791 2728 Do—

995 2738 1067 2763 mino
1081 2734 1246 2763 conviciatur
1260 2744 1266 2762 :
1282 2735 1312 2762 Si
1329 2734 1410 2761 Filius
1424 2735 1470 2762 Dei
1490 2743 1526 2768 es,
1548 2737 1618 2762 saltm
1632 2737 1790 2770 temetipsum

995 2776 1018 2798 et
1031 2779 1075 2797 nos
1090 2770 1170 2806 (Ibid.
1183 2779 1205 2797 υ.
1219 2771 1274 2806 59).
1293 2769 1382 2806 Verba,
1395 2771 1505 2797 latronis
1519 2771 1607 2806 affinis
1623 2777 1683 2798 sunt
1700 2769 1789 2806 verbis

993 2806 1147 2834 Judmorum
1165 2815 1172 2834 :
1188 2813 1248 2833 nam
1269 2809 1297 2832 et
1317 2805 1352 2832 illi
1368 2805 1491 2832 dicebant
1507 2814 1514 2832 :
1531 2806 1561 2834 Si
1585 2805 1668 2833 Filius
1690 2805 1737 2833 Dei
1753 2815 1790 2840 es,

994 2841 1117 2868 descende
1135 2841 1166 2868 de
1181 2849 1254 2868 cruce
1275 2840 1378 2876 (Matth.
1396 2840 1441 2867 ‘27.
1456 2841 1514 2874 £0).
1536 2846 1562 2869 et
1576 2841 1715 2869 credemus
1729 2843 1789 2869 tibi.

997 2876 1091 2903 Viden‘
1104 2884 1182 2911 quam
1198 2876 1358 2912 concordem
1373 2875 1487 2903 habeant
1497 2877 1543 2903 lilii
1556 2877 1655 2904 diaboli
1667 2878 1791 2912 impieta-

998 2913 1031 2939 tis
1045 2911 1231 2948 disciplinam‘l
1246 2911 1351 2938 Salvum
1363 2913 1414 2946 fac,
1427 2912 1522 2946 inquit,
1539 2913 1696 2947 lentelipsttut
1707 2917 1729 2939 et
1746 2920 1792 2939 nos
1834 2928 1839 2932 ι
