2067 3119
312 133 363 161 6εὸ

313 191 408 224 (.llarc.
427 191 468 219 l5.
492 189 546 225 52).
572 189 640 224 Quid
662 196 726 223 ergo
741 187 834 216 beatus
852 187 937 225 latro?
960 187 1100 225 puluinum

310 225 448 258 defendit;
462 230 488 252 ct
500 223 542 260 qui
556 223 695 252 damnatus
706 228 756 255 est.
769 231 909 260 personam
920 223 1017 257 judicis
1027 230 1102 260 assu-

312 261 371 292 mit.
388 266 414 288 et
436 257 527 294 incipit
543 260 661 293 judicare
681 260 706 286 in
730 257 860 286 veritate:
877 257 965 294 Neque
985 263 1011 284 tu
1030 259 1101 294 times

312 295 404 327 Deum,
421 296 479 330 quia
490 293 515 322 in
528 295 614 322 eadem
624 294 784 321 damnatione
794 302 891 321 sumus.
905 293 937 320 Et
948 301 993 320 nos
1000 293 1102 330 quidem

311 331 395 365 jus/e;
410 327 466 357 nam
480 331 556 366 digna
573 330 645 365 factis
658 330 808 366 recipimus;
821 330 860 356 Itic
874 334 955 356 autem
968 328 1030 363 quid
1043 327 1102 362 [ρο]

312 366 387 397 (an.
398 366 442 393 '25.
459 366 503 394 10.
516 366 562 400 tl)
575 366 585 392 ?
600 366 646 392 Dic
660 365 734 396 mihi.
751 372 768 391 o
785 365 863 397 latro,
880 372 927 400 cur
941 371 993 390 non
1011 370 1101 390 coram

313 402 397 428 Pilato
412 402 527 429 breviter
537 399 673 427 confessus
684 400 731 427 es?
744 407 791 426 cur
802 404 861 434 post
874 399 946 426 mille
957 403 1100 431 tormenta,

314 445 366 463 non
382 442 443 464 tunc
457 436 556 468 dixisti,
577 435 639 470 quid
656 435 772 462 feceras?
788 434 866 462 Aliud
879 439 943 470 emt?
959 435 1039 470 homo
1056 434 1100 469 ju-

310 471 373 503 dex,
387 472 458 498 aliud
480 472 548 498 Deus
560 469 650 504 judex.
668 470 707 497 llli
729 470 862 497 occultare
884 469 1034 500 studebam,
1056 471 1100 504 qui

312 514 365 533 non
382 512 491 534 noverat
510 514 568 540 qua:
590 506 615 532 in
628 505 710 532 corde
724 510 817 536 erant;
835 504 969 540 huicruon
983 504 1099 540 occulto,

311 545 355 576 qui
371 542 396 568 in
410 542 490 569 corda
509 537 640 575 penetrat.
655 541 708 567 Cur
722 540 806 567 Pilato
826 548 878 566 non
899 537 1013 576 breviter
1033 538 1100 567 80n-

313 574 398 604 l‘essus
410 577 458 605 es?
471 574 536 610 Quia
553 577 586 603 ibi
607 576 802 602 confessionem
820 574 980 609 sequebatur
1001 576 1101 610 suppli-

310 612 382 638 cium
400 622 406 639 :
423 612 466 639 hic
487 619 550 638 vero
566 610 759 638 confessionem
780 610 899 644 sequitur
920 610 990 636 salus
1007 618 1013 636 :
1029 618 1100 641 nam,

313 645 361 673 Dic
382 652 409 682 tu
425 647 569 682 iniquitates
586 651 642 673 tuas
659 647 738 682 prior,
760 650 786 671 ut
800 645 949 682 justi/iceris
964 644 1039 682 (imi.
1055 647 1100 673 45.

311 682 369 717 26).
388 680 486 710 Videre
508 682 586 716 igitur
607 687 664 709 erat
682 681 852 717 Servum-em
875 681 900 706 in
919 680 1102 717 mediolatro-

313 715 385 746 num.
399 717 489 751 jugum
500 715 609 752 justitizc
624 726 630 744 :
646 716 735 752 videre
748 720 804 752 erat
819 715 959 752 libriuttem
980 715 1058 752 lidem
1074 721 1102 743 et

310 749 508 784 infidelitatem;
516 752 644 786 justitiam
659 756 686 778 et
697 751 860 786 injustitiam.
874 749 969 786 Traxit
984 751 1099 778 medium

309 788 418 821 justitiu:
434 785 546 814 tribunal
558 796 564 819 ;
576 791 602 814 et
616 787 660 821 qui
680 785 841 812 infidelitatis
860 785 978 819 pondere
994 793 1101 820 pressus

309 827 378 853 erat,
391 823 553 854 trahebatur,
572 822 616 857 qui
627 820 694 848 vero
708 821 759 847 fide
777 820 897 848 sublimis
911 826 979 851 erat,
995 821 1100 849 attolle-

313 858 396 884 batur.
414 856 469 896 Nos
476 857 593 896 quidem,
609 857 703 896 inquit,
721 857 799 896 digne
810 856 883 896 factis
895 856 1047 896 recipimus;
1061 857 1101 883 hic

310 899 392 919 autem
406 892 486 926 quid?
498 893 529 919 Et
542 900 612 919 nunc
626 892 712 923 video,
729 891 776 924 ait,
794 891 947 924 iujustitiam
963 891 1101 926 ipsamque

310 928 466 961 stupendum
480 928 595 960 :justum
609 935 669 955 cum
685 927 790 959 injustis
801 926 967 958 crucifixum,
980 931 1006 953 et
1019 927 1101 961 arqui—

309 967 390 989 tatmu
404 971 463 989 cutn
477 963 614 997 iniquitate
629 962 743 996 plexam.
758 961 813 988 Nos
823 961 924 996 quidem
938 962 1015 996 digna
1028 963 1101 996 factis

309 998 461 1033 recipimus;
475 998 514 1024 hic
535 1003 617 1024 autem
632 997 693 1032 quid
709 997 789 1032 fecit?
807 997 860 1023 Nos
871 997 968 1033 (ctcdes
985 998 1100 1031 patravi—

310 1031 379 1064 ntus,
395 1033 468 1060 vivos
481 1033 626 1060 occidimus
638 1031 647 1059 7:
665 1031 836 1059 liic'mortuos
845 1031 877 1058 ad
892 1033 971 1058 vitam
984 1033 1098 1064 reduxit,

309 1072 336 1094 et
351 1068 441 1094 tltnrlls
456 1068 509 1095 vim
529 1067 629 1096 solvit:
646 1075 694 1094 nos
714 1068 799 1094 aliena
819 1068 970 1100 rapuimus;
992 1067 1034 1094 hic
1053 1075 1099 1094 sua

307 1110 442 1136 quemque
452 1103 617 1137 darejuhet:
633 1111 681 1129 nos
694 1110 751 1133 eos,
765 1103 808 1136 qui
821 1102 886 1129 nillil
902 1110 950 1129 nos
965 1103 1098 1134 lit-serant.

307 1137 454 1165 occidimus
467 1147 474 1169 ;
491 1138 535 1165 hic
548 1138 668 1166 inimicos
680 1137 790 1172 diligere
804 1137 904 1164 docuit.
919 1137 1046 1171 lujustum
1060 1143 1101 1164 est

308 1173 445 1206 judicium.
465 1173 532 1201 Num
555 1173 632 1207 hujus
647 1181 727 1207 opera
743 1173 882 1207 supplicio,
900 1177 989 1200 nostra
1007 1173 1101 1200 remis-

308 1209 384 1235 sione
411 1209 488 1240 digna
516 1209 604 1236 sunt?
629 1207 749 1235 .ludicate
775 1207 922 1235 secundent
950 1208 1098 1235 veritatem.

310 1243 429 1277 Nequitia
443 1244 533 1278 fugiat,
548 1243 648 1278 justitia
663 1244 815 1270 houoretur.
831 1243 927 1270 Verum
939 1243 995 1270 haec
1005 1250 1037 1270 ex
1052 1243 1100 1270 .lu-

309 1278 427 1305 timorum
445 1279 560 1313 nequitia
577 1279 645 1306 facta
660 1283 730 1306 sunt.
749 1279 938 1313 impletumque
951 1283 991 1305 cst
1002 1283 1100 1313 myste-

309 1314 377 1340 rium
390 1312 584 1348 propheticum,
597 1314 668 1341 clare
680 1314 713 1340 de
723 1312 860 1340 Salvatore
870 1312 962 1340 dicens
976 1322 984 1339 ι
997 1312 1035 1339 Et
1043 1322 1100 1340 cum

308 1349 401 1383 iniquis
423 1355 552 1383 reputalus
575 1355 612 1376 est
635 1348 688 1384 (Id.
703 1349 747 1376 55.
764 1349 807 1375 1⁸2.
825 1348 907 1375 Marc.
924 1349 967 1376 15.
982 1348 1029 1383 28)
1054 1348 1099 1383 ju-

308 1388 377 1410 stus.
388 1384 439 1411 Sed
451 1384 543 1411 beatus
553 1384 658 1417 quidem
672 1385 739 1410 latro
752 1384 785 1411 ita
798 1384 1049 1418 pliilosophabatur;
1062 1384 1099 1418 sic

309 1423 454 1454 pra-sentes
480 1420 637 1454 erudiebat,
663 1420 725 1446 dum
752 1416 828 1446 alteri
856 1416 1040 1454 exprobraret.
1066 1416 1101 1446 Ut

338 1803 364 1805 η

1080 130 1143 160 Sl‘U
1149 130 1216 159 RIA.

1889 132 1950 160 838

1154 193 1242 215 autem
1262 191 1395 215 mortuum
1410 188 1474 216 vidit
1493 189 1663 223 prmsentium
1684 188 1813 219 auditum,
1834 189 1952 215 \'t'l‘lilul'

1155 223 1261 250 demum
1277 224 1308 250 ad
1329 231 1400 256 eum,
1422 225 1466 258 qui
1489 225 1562 251 novit
1584 224 1708 251 interiora
1725 224 1826 256 cordis,
1841 229 1868 250 et
1881 224 1951 251 dicit

1157 257 1270 284 Domino
1284 267 1290 285 :
1308 258 1423 289 Domine.
1432 257 1558 286 memento
1572 260 1621 286 mei
1634 260 1661 286 in
1675 267 1751 293 regno
1765 264 1818 286 tuo.
1832 259 1950 286 Crucili-

1156 301 1217 320 xum
1235 293 1317 321 rides.
1333 298 1360 320 et
1373 294 1511 320 Dominum
1526 295 1661 322 confiteris
1675 304 1684 321 7:
1699 294 1817 321 damnati
1834 296 1949 321 formam

1157 328 1240 360 vides,
1261 333 1288 355 et
1310 328 1389 363 Regis
1402 329 1556 364 dignitatem
1579 329 1726 363 prrcdicas?
1740 328 1844 364 Ecquid
1866 331 1952 357 mira-

1157 371 1225 400 mur.
1243 364 1345 395 fratres,
1367 364 1388 390 si
1403 364 1500 391 Paulus
1515 369 1574 398 post
1589 369 1687 392 tantam
1705 365 1892 400 mysteriorum
1908 364 1953 391 di-

1156 398 1314 434 sciplinam,
1338 403 1398 432 post
1419 404 1517 426 tantam
1543 398 1741 427 miraculorum'
1753 400 1951 434 experientiam

1156 433 1226 460 dicat
1241 443 1247 461 :
1265 434 1295 461 Si
1309 435 1375 460 enim
1389 435 1572 469 cognovissent,
1586 443 1722 469 numquam
1737 433 1875 461 Dominum
1889 435 1952 469 glo-

1155 469 1201 495 ria:
1209 469 1391 503 cruciﬁxissent
1404 471 1443 504 (1.
1455 469 1513 497 Cor.
1529 470 1557 497 Ξ.
1570 470 1599 504 8)
1610 471 1622 496 ‘l
1634 469 1690 497 lloc
1709 470 1806 496 Paulus
1821 470 1954 504 prmdieat

1156 509 1216 537 post
1229 509 1301 531 tanta
1313 504 1417 539 cognita
1435 506 1571 540 mysteria,
1594 510 1652 539 post
1672 505 1798 532 miracula
1812 510 1839 532 et
1859 505 1951 539 sigm,

1155 543 1213 572 post
1236 539 1309 567 mille
1330 539 1515 574 operationes,
1541 544 1602 574 post
1627 541 1861 571 resurrectionem,
1888 543 1953 575 post

1154 575 1372 608 assumptionetn.
1397 575 1479 602 Latro
1499 579 1598 606 autem.
1614 575 1669 602 visa
1686 579 1756 602 tanta
1771 575 1952 606 contumelia,

1153 616 1234 636 cruce
1243 609 1340 642 defixa,
1356 610 1496 637 Dominum
1511 615 1587 637 vocat
1598 617 1668 642 eum,
1681 610 1726 645 qui
1740 610 1886 637 crucifixus
1895 614 1951 641 est,

1155 648 1181 671 ct
1195 645 1259 671 dicit
1271 646 1296 672 ei
1313 654 1319 672 :
1337 645 1453 678 Domine,
1469 651 1591 672 metuente
1603 645 1662 676 mei,
1677 654 1734 672 cum
1755 646 1850 672 ueneris
1865 645 1894 671 in
1908 653 1952 671 re-

1153 687 1230 714 gnum
1244 685 1325 706 tuum.
1340 681 1407 714 Quid
1426 681 1533 715 dignum
1550 681 1677 707 memoria
1693 680 1798 707 fecisti?
1812 679 1878 714 quid
1894 687 1953 715 non

1153 715 1262 749 dignum
1276 715 1405 750 supplicio
1425 714 1531 743 fecisti?
1543 723 1631 742 annon
1645 715 1787 742 occidisti?
1800 723 1893 742 annon
1910 714 1952 741 fu-

1155 755 1226 776 ratus
1242 750 1291 777 cs?
1304 758 1394 777 annon
1417 751 1587 778 latrocinatus
1608 751 1658 778 es?
1671 750 1808 777 Sexcentis
1831 750 1953 777 fmdatus

1154 785 1231 812 malis
1244 793 1321 820 rogas
1335 785 1408 812 illum
1427 786 1537 820 justiti:e
1558 785 1668 817 fontem,
1685 790 1714 812 ut
1728 785 1876 820 iniquitatis
1897 789 1953 813 tua:

1154 820 1328 856 meminerit?
1343 821 1441 851 Etiam.
1458 820 1575 853 Domine,
1584 822 1669 856 justus
1683 829 1719 853 es,
1733 826 1755 847 et
1769 826 1837 847 recta
1845 820 1952 855 judicia

1154 860 1196 881 tua
1210 854 1296 890 (Psul.
1315 856 1373 883 118.
1389 856 1463 891 157).
1478 856 1568 884 Redde
1579 854 1644 883 mihi
1658 856 1804 883 secundum
1816 854 1950 889 justitiam

1154 895 1236 917 tuam.
1254 891 1310 926 Ego
1324 892 1376 918 vidi
1390 896 1510 925 apertam
1525 891 1713 918 contumeliam
1727 896 1810 923 tuam,
1825 897 1950 926 crucem,

1153 930 1181 952 et.
1203 925 1375 960 opprdbrium
1401 927 1434 953 ab
1459 927 1554 960 iniquis
1576 926 1677 953 illatum
1693 934 1699 952 :
1714 933 1764 953 nec
1787 927 1843 960 jam
1870 925 1952 952 video

1154 966 1273 995 apertam
1295 961 1366 988 illam
1388 962 1589 994 contumeliam,
1605 961 1652 988 sed
1666 962 1798 988 occultum
1822 968 1950 995 regnum.

1154 994 1210 1029 Ego
1223 1004 1282 1030 qute
1294 996 1381 1027 video,
1394 997 1526 1029 despicio;
1541 1002 1568 1023 tu
1584 1004 1636 1023 non
1652 996 1766 1029 despicis
1777 994 1872 1030 aperta
1890 1003 1951 1022 mea

1153 1030 1258 1062 delicta,
1280 1036 1306 1058 et
1321 1032 1418 1059 mentis
1433 1032 1510 1058 fidem
1525 1032 1665 1058 admittis?
1682 1032 1808 1058 Memento
1823 1032 1884 1061 mei,
1899 1030 1952 1056 Do-

1154 1067 1228 1093 mine.
1245 1067 1267 1093 0
1277 1066 1376 1100 justum
1386 1066 1513 1101 judicium
1525 1067 1531 1092 l
1546 1067 1677 1094 Memento
1691 1067 1741 1092 mei
1756 1067 1781 1092 in
1793 1074 1880 1100 regno
1893 1070 1950 1092 tuo.

1153 1101 1209 1128 Non
1231 1106 1303 1129 esset
1313 1102 1425 1135 justum,
1443 1102 1566 1133 Domine,
1587 1102 1649 1129 dum
1673 1101 1795 1128 diabolus
1810 1108 1894 1135 unum
1918 1108 1951 1127 ex

1153 1137 1290 1171 discipulis
1304 1137 1466 1171 proditorem
1481 1137 1552 1169 facit,
1567 1141 1592 1164 te
1605 1144 1685 1164 unttm
1699 1144 1730 1163 ex
1742 1136 1883 1171 discipulis
1895 1136 1952 1162 dia-

1155 1172 1207 1199 boli
1224 1181 1276 1199 non
1291 1178 1394 1199 mutare
1408 1173 1434 1199 in
1449 1172 1653 1206 evangelistam.
1670 1171 1835 1204 Discipulum
1849 1172 1951 1199 verita-

1154 1208 1187 1234 tis
1203 1208 1289 1242 rapuit
1303 1207 1439 1241 injustitia,
1451 1212 1478 1234 et
1490 1207 1647 1241 discipulum
1667 1207 1802 1241 injustitize
1818 1215 1873 1234 nou
1889 1215 1950 1233 mu-

1154 1243 1219 1270 tabit
1244 1243 1365 1270 veritas?
1389 1242 1484 1270 Nonne
1509 1246 1536 1269 tu
1561 1250 1610 1275 es,
1636 1242 1757 1273 Domine,
1787 1243 1833 1276 qui
1861 1246 1950 1268 mutas

1155 1278 1278 1305 tenebras
1291 1278 1317 1304 iu
1332 1277 1428 1308 lucem,
1443 1283 1471 1304 et
1485 1281 1602 1305 tortuosa
1617 1278 1643 1304 in
1657 1282 1756 1304 rectam
1769 1277 1863 1304 viam?
1878 1277 1949 1304 Muta

1153 1320 1259 1348 quoqtte
1274 1312 1404 1340 latronem
1419 1313 1445 1339 in
1458 1313 1659 1347 evangelistam,
1676 1313 1751 1339 vince
1766 1311 1890 1339 bonitate
1905 1321 1950 1338 uc-

1153 1348 1275 1382 quitiam,
1291 1348 1431 1382 exstingue
1445 1348 1544 1383 iustitia
1560 1348 1776 1383 iniquitatem.ret
1792 1348 1825 1373 da
1837 1348 1948 1381 glul’iuttl

1153 1383 1307 1418 benignitati
1322 1387 1384 1415 tuae,
1397 1382 1476 1417 quam
1491 1383 1567 1411 decet
1578 1383 1663 1417 gloria
1678 1388 1704 1410 et
1716 1382 1837 1410 adoratio
1852 1383 1879 1409 in
1898 1390 1951 1409 s;c-

1154 1417 1213 1445 cula
1222 1417 1397 1446 saeculorum.
1411 1419 1508 1446 Arnen.

903 1888 1092 1920 MONITUM
1114 1889 1155 1919 ΙΝ
1175 1889 1382 1920 HOMILIAM

365 1969 401 1996 De
419 1970 469 1997 hac
484 1978 532 1997 seu
549 1969 657 1997 homilia
672 1976 718 1997 seu
735 1969 925 1997 dissertatione
948 1969 999 1998 hoc
1020 1970 1081 1997 tulit
1093 1970 1224 2005 judicium
1246 1970 1371 2002 Savilius,
1390 1974 1454 1997 tom.
1470 1969 1538 2001 Vill,
1553 1970 1604 1998 col.
1623 1969 1674 1997 756
1691 1978 1698 1996 :
1717 1968 1834 1996 Humilia
1860 1968 1956 1995 erudite

329 2016 433 2051 quidem
451 2016 497 2042 illa
516 2020 540 2042 et
564 2021 639 2042 acute
657 2021 786 2047 conterui,
806 2016 851 2042 sed
872 2016 944 2042 nullo
962 2017 1036 2043 modo
1050 2016 1162 2043 Joannis
1181 2017 1272 2048 nostri,
1296 2020 1342 2042 aut
1363 2016 1390 2042 in
1409 2015 1495 2042 dubiis
1511 2016 1614 2047 saltem,
1636 2020 1683 2042 aut
1705 2016 1733 2041 in
1749 2013 1956 2049 ἀμφιϐαλλομέ-

328 2070 394 2093 νοις,
417 2062 598 2096 relinquenda.
625 2062 696 2088 Adde
709 2062 777 2097 quod
791 2062 947 2097 quibusdam
963 2063 989 2088 in
1007 2062 1069 2089 locis
1085 2063 1133 2089 sibi
1145 2063 1201 2096 ipsa
1217 2070 1335 2097 pugnare
1348 2062 1459 2093 videtur,
1479 2062 1507 2088 in
1527 2061 1587 2088 aliis
1601 2062 1717 2088 ueritati.
1741 2061 1842 2088 Secum
1859 2063 1956 2094 pugnat

329 2106 448 2134 houlilim
461 2112 564 2140 auctor,
581 2115 642 2135 cum
659 2113 720 2142 post
732 2108 842 2134 allatum
856 2107 969 2135 Joannis
983 2108 1070 2135 loetttn
1088 2107 1133 2142 (Et
1150 2109 1213 2134 vidit
1228 2113 1252 2134 et
1269 2108 1390 2134 credidit.
1414 2107 1537 2134 Nondum
1553 2108 1622 2134 enim
1643 2107 1758 2133 sciebant
1775 2105 1953 2141 Scripturam,

328 2153 390 2187 quia
405 2154 539 2188 oportebat
555 2162 613 2180 eum
630 2162 646 2180 η
662 2154 770 2180 mortuis
788 2162 932 2188 resurgere.
952 2153 1076 2180 Abierant
1094 2162 1153 2189 ergo
1165 2154 1261 2180 iterum
1275 2153 1396 2187 discipuli
1409 2154 1444 2180 ad
1460 2152 1622 2187 semetipsos)
1639 2152 1730 2187 adjicit
1747 2151 1816 2186 ipse,
1839 2152 1916 2179 Nihil
1928 2153 1956 2180 de

329 2200 516 2226 resurrectione
531 2200 679 2231 credentes;
699 2207 759 2226 cum
776 2199 833 2234 ipse
847 2199 967 2227 Joannes
980 2200 1013 2226 de
1027 2207 1055 2227 se
1070 2200 1182 2234 loquens
1197 2199 1279 2232 dicat,
1294 2199 1353 2234 ipso
1369 2199 1513 2230 referente,
1530 2199 1565 2226 Et
1579 2198 1643 2224 vidit
1657 2202 1681 2224 et
1695 2197 1826 2229 credidit;
1846 2205 1953 2233 nempe,

331 2248 361 2271 ut
375 2244 441 2272 vidit
456 2249 662 2272 monumentum
678 2252 803 2277 vacuum,
819 2245 1043 2272 resurrectionem
1058 2246 1182 2273 credidit.
1196 2245 1263 2273 Nam
1278 2245 1350 2280 quod
1367 2245 1471 2281 adjicit,
1488 2244 1610 2274 Nondum
1626 2245 1696 2272 enim
1706 2244 1823 2271 sciebant
1837 2243 1955 2280 Scriptu-

332 2297 401 2322 ram,
416 2294 481 2323 etc.,
499 2291 533 2318 ad
547 2295 654 2325 tempus
669 2291 836 2325 praecedens,
853 2295 883 2318 ttt
895 2291 988 2326 liquet,
1001 2292 1172 2320 referendum
1185 2296 1237 2320 est.

332 2417 365 2440 IN
387 2417 544 2440 MUIJERES
566 2417 637 2443 ουλε
659 2416 826 2438 UNGUENTA
849 2417 1059 2440 ATTULERUNT
1082 2419 1089 2440 1

1114 2421 1153 2442 ET
1174 2421 1259 2447 QUOD
1281 2421 1380 2441 NULLA
1405 2420 1589 2441 DIVERSITAS
1613 2419 1671 2440 νει.
1693 2419 1795 2441 PUGNA
1820 2418 1960 2440 REPRIM-

465 2468 528 2489 TUR
544 2468 639 2488 INTER
657 2467 888 2489 EVANGELISTAS
911 2468 1003 2489 CIRCA
1026 2469 1313 2492 IESURRECTIONEM
1336 2470 1448 2491 DOMIN'I
1473 2470 1583 2491 NOSTIU
1605 2470 1678 2491 JESU
1700 2470 1840 2491 εηιιιετι.

974 2541 1102 2551 Ἅ-
1113 2534 1191 2562 Εἶθὶῇ

367 2597 394 2624 1.
418 2597 473 2631 Age
493 2595 526 2622 de
548 2595 768 2630 evangelistarum
789 2596 898 2623 historia
918 2597 987 2624 circa
1002 2601 1121 2624 sanctam

330 2632 428 2659 Christi
445 2632 667 2659 resurrectionem
683 2639 763 2665 pauca
780 2636 874 2659 vestrm
890 2632 992 2659 caritati
1007 2632 1122 2659 dissera-

331 2674 401 2700 mus,
415 2667 639 2701 ostendamusque
659 2667 756 2693 nullam
771 2675 801 2693 ea
816 2667 850 2693 de
865 2674 893 2694 re
905 2667 975 2699 apud
986 2667 1122 2701 evangeli-

331 2708 386 2729 stas
400 2701 559 2730 discordiam
572 2702 612 2729 vel
621 2709 733 2736 pugnam
749 2702 943 2735 reperiri.0uia
950 2703 1021 2729 enirn
1032 2703 1080 2728 hac
1088 2703 1122 2729 de

331 2745 360 2764 re
382 2738 454 2764 vario
477 2736 556 2764 modo
580 2738 680 2772 loquuti
696 2742 758 2764 sunt
779 2743 892 2771 quatuor
906 2737 954 2769 illi,
976 2738 1061 2764 visum
1081 2742 1123 2764 est

330 2773 488 2806 quibusdam
505 2772 698 2807 insipientibus,
713 2772 739 2799 in
759 2772 808 2799 hac
822 2773 977 2800 recensione
995 2780 1120 2807 pugnam,

331 2807 385 2837 imo
397 2807 564 2836 mendaciqu
581 2807 755 2843 deprehendi.
771 2807 860 2834 Sancti
878 2815 943 2834 vero
963 2807 1055 2834 Patres
1075 2816 1122 2834 no-

329 2844 379 2872 stri
401 2843 493 2879 paucis
515 2842 623 2871 illorum
640 2843 778 2871 stultitiam
801 2842 970 2870 confuturum
990 2843 1119 2877 dicentes,

1198 2545 1358 2555 —————_

1175 2598 1292 2632 singulos
1307 2599 1484 2633 evangelistas
1499 2599 1616 2634 singulas
1637 2599 1818 2634 profectiones
1832 2601 1963 2628 mulierum

1174 2637 1202 2660 et
1223 2635 1406 2668 apostolorum
1428 2635 1460 2661 ad
1486 2634 1604 2662 divinum
1628 2636 1781 2670 sepulcrum
1804 2637 1961 2663 narravisse.

1174 2675 1234 2702 qum
1248 2670 1371 2706 diversis
1396 2671 1468 2696 fuere
1491 2670 1675 2706 Iretuporibus;
1699 2671 1855 2706 nullumque
1879 2675 1961 2698 eorum

1175 2704 1328 2731 meminisse
1346 2713 1405 2739 quae
1432 2706 1457 2732 in
1480 2705 1590 2737 alterius
1614 2706 1769 2733 narratione
1797 2704 1956 2734 ferebantur.

1174 2739 1343 2766 sanctissimo
1357 2740 1467 2773 Spiritu,
1482 2741 1525 2775 qui
1541 2748 1588 2774 per
1601 2740 1673 2775 ipsos
1686 2740 1856 2775 loquebatur,
1872 2741 1905 2768 ita
1918 2739 1956 2766 dis

1175 2779 1313 2808 pensante,
1340 2780 1368 2801 ut
1382 2775 1447 2802 nihil
1467 2779 1530 2802 tunc
1550 2780 1686 2810 gestorum
1708 2778 1955 2810 praetermitteretur.

1175 2813 1201 2835 et
1217 2817 1276 2836 cum
1293 2817 1387 2836 omnes
1407 2810 1504 2837 diversi
1520 2809 1649 2844 temporis
1669 2809 1809 2838 historiam
1833 2816 1954 2846 perseque-

1175 2850 1277 2876 rentur.
1295 2846 1382 2872 munis
1397 2845 1557 2882 suspicionis
1577 2846 1717 2872 numerium
1739 2845 1897 2882 emiserunt.
1919 2845 1955 2872 Ve
