2067 3119
589 113 623 139 IN
643 110 867 140 CIIANANEA)!
886 111 929 140 ΕΤ
949 112 983 140 ΙΝ
1003 111 1226 144 PIlAIIAONEM,
1247 109 1323 138 ETC.

1749 184 1771 202 ,ς

689 264 728 295 IN
750 258 987 301 SEQUENTEM
1006 260 1239 295 SERMONEM.

146 332 251 383 horret,
269 349 304 376 ita
320 353 349 376 ut
361 355 411 375 nec
423 347 492 374 inter
503 346 728 382 ἀμφιϐαλλόμενα
742 346 881 374 accenscri
894 349 1039 377 mereatur,
1053 348 1083 371 nt
1097 340 1262 372 existimabit.
1274 345 1345 373 haud
1357 341 1438 373 dubie
1452 346 1574 381 quisquis
1589 344 1773 381 Chrysostomi

147 397 283 426 arationes
296 396 338 424 vel
352 396 516 431 primoribus
534 395 616 422 labris
632 394 748 430 attigerit
766 403 773 421 :
789 402 821 421 ae
835 393 877 421 vel
891 401 924 421 ex
938 393 997 428 ipso
1011 393 1134 420 ordiendi
1153 393 1232 420 modo
1246 393 1328 420 alium
1345 394 1530 428 deprehendet.
1546 399 1690 422 oratorem.
1711 394 1771 421 Ca3-

148 449 236 471 tcrum
255 451 308 470 non
330 442 455 470 indoctus
469 446 511 469 est
527 441 642 476 scriptor
656 441 717 473 iste,
742 445 770 467 et
792 439 1524 484 EWW,
1543 445 1616 468 recte
1629 441 1725 475 probat
1741 448 1773 468 ex

149 491 193 518 his
208 490 327 525 Apostoli
342 490 431 518 verbis
447 498 453 516 :
470 488 531 516 Non
546 494 583 516 est
594 488 702 516 volenti:
714 480 799 523 neque
807 480 944 519 currentis,
956 480 1161 514 sed‘rnisereittis
1175 491 1211 514 est
1221 480 1286 519 Dei,
1302 494 1356 514 non
1369 487 1444 522 sequi
1460 480 1596 515 hominem
1609 489 1655 523 qui
1670 492 1774 523 peccat,

148 537 227 571 culpa
245 536 359 564 liberum
378 543 455 569 esse;
479 535 527 563 sed
541 543 575 563 ex
591 534 738 562 voluntatis
755 541 811 562 sua
834 533 983 569 proposito,
1001 533 1053 561 sibi
1074 533 1222 569 perniciem
1238 537 1266 560 et
1287 532 1426 561 interitum
1451 541 1555 568 parere,
1580 534 1653 569 quod
1669 539 1702 562 ex
1717 532 1775 563 aliis

151 584 299 620 Scriptura
311 581 391 612 dictis
404 585 432 611 et
446 581 575 619 exemplis
587 582 738 616 conﬁrmat,
761 587 792 611 ac
808 582 972 619 syllogistico
985 588 1060 610 more
1077 582 1237 617 plerumque
1255 581 1386 617 procedit.

144 925 176 948 tv
199 924 401 948 causam”
425 925 465 946 ετ
486 919 516 946 in
540 920 746 948 rnanaoxsn,
762 915 801 942 ET
823 913 908 948 quon
929 921 991 942 nos
1008 913 1159 943 vouzs'l‘ts
1181 921 1284 948 NEQUE
1307 914 1494 951 cunnns'ns,
1512 915 1571 944 suo
1594 919 1780 944 MISERENTIS

646 971 695 995 su-
716 969 770 994 DEI
793 963 922 1004 (Matth.
938 963 987 993 15.
1003 963 1091 993 Rom.
1114 963 1146 997 9,
1173 964 1234 1003 16).

783 1034 1142 1054 mmmam

990 1095 1140 1132 patefaciat.
1155 1089 1182 1125 Si
1197 1104 1248 1124 non
1262 1095 1315 1124 alio
1329 1097 1426 1125 missus
1439 1105 1478 1129 es,
1493 1092 1540 1124 sed
1554 1100 1655 1124 tantum
1668 1097 1701 1125 ad
1715 1100 1780 1125 oves

181 1097 207 1126 l.
220 1098 327 1126 Etiamsi
337 1103 385 1125 nos
394 1097 561 1132 vespertinus
569 1095 613 1123 ille
623 1095 750 1132 tumultus
759 1095 934 1130 perturbavit,

989 1133 1086 1160 domus
1101 1132 1200 1164 Israel,
1216 1140 1264 1158 cur
1278 1132 1414 1166 apostolos
1437 1132 1470 1159 ad
1493 1133 1559 1160 lines
1580 1133 1652 1161 orbis
1674 1134 1758 1160 mittis
1771 1153 1778 1164 ,

145 1138 172 1161 at
188 1134 347 1162 exhilaravit
368 1130 553 1159 universorum
576 1131 703 1158 studium.
717 1130 776 1158 Non
792 1131 862 1159 enim
879 1136 936 1159 tur-

144 1169 238 1197 harnm
253 1168 437 1197 confusionem
449 1187 456 1198 ,
472 1167 518 1194 sed
532 1167 683 1193 auditorum
699 1166 832 1194 fervorem
849 1168 934 1201 respi-

143 1205 246 1232 ciuham
265 1208 468 1239 :spectatorqne
482 1209 556 1229 eram
574 1202 685 1239 forensis
705 1202 934 1239 etpopularisutu-

144 1240 252 1272 nttllltts,
268 1237 484 1274 simulquedivini
494 1243 572 1272 atque
580 1237 751 1274 probistudii,
764 1237 799 1264 ita
816 1242 844 1265 ut
864 1237 936 1266 diee-

144 1282 201 1302 rcnt
213 1284 219 1302 :
233 1271 324 1302 Manus
332 1271 432 1309 quidem
441 1279 497 1301 sum
509 1271 597 1309 manus
607 1271 686 1305 Emi,
695 1280 744 1299 nos:
751 1277 834 1309 autem
842 1281 891 1309 vos:
898 1277 935 1300 est

142 1310 233 1337 Jacobi
246 1310 326 1345 (Gen.
338 1307 384 1337 ΞΤ.
399 1310 434 1337 22
442 1311 460 1344 ).
472 1308 608 1342 Popularis
616 1312 672 1336 erat
684 1307 821 1345 tumultus,
836 1308 884 1336 sed
892 1308 935 1345 di-

143 1346 235 1373 vinum
250 1343 386 1373 'studium.
400 1345 511 1380 Oportet
523 1348 616 1381 autem
632 1351 685 1370 non
700 1343 812 1381 distrahi
827 1351 860 1372 ex
870 1343 933 1381 cla-

144 1386 220 1409 more
241 1379 469 1413 tumultuantium,
485 1379 531 1407 sed
547 1379 682 1412 respicere
696 1379 813 1406 studium
826 1379 933 1408 audito-

145 1424 214 1444 rum.
239 1415 304 1443 Nam
330 1415 478 1443 Cltananzra
507 1419 567 1449 post
591 1414 760 1441 Servatorcm
783 1415 931 1448 clamabat;

144 1457 236 1479 verum
252 1450 297 1479 ille
313 1457 364 1478 non
380 1451 412 1478 ad
426 1451 570 1479 clamorem
590 1449 720 1481 attendit.
737 1449 783 1477 sed
797 1449 831 1476 ad
851 1451 933 1478 animi

143 1484 278 1514 allectum.
290 1486 428 1514 Clamabat
442 1493 506 1521 ergo
516 1505 523 1516 .
536 1489 565 1521 ut
577 1484 656 1521 modo
666 1484 933 1521 audistislpominit-a

143 1527 259 1557 sequens
271 1522 380 1556 vestigia
393 1531 400 1557 ς
417 1521 470 1548 Fili
478 1520 572 1557 Dauid,
582 1520 699 1557 miserere
710 1521 757 1547 mei
769 1520 875 1557 (Matth.
887 1521 932 1549 l5.

143 1555 202 1590 22).
209 1557 231 1585 0
239 1555 356 1592 gentium
366 1556 460 1585 ﬁdem!
471 1564 487 1583 ο
494 1556 647 1592 Iudaeorum
657 1555 788 1592 ingratum
794 1555 912 1583 animum
923 1557 930 1584 ε

144 1593 186 1620 Ab
200 1590 345 1620 Israelitico
357 1599 455 1627 genere
467 1592 562 1621 aliena.
575 1598 625 1618 nec
639 1590 665 1617 in
677 1590 736 1627 lege
748 1591 871 1627 educata,
883 1599 933 1620 nec

144 1628 171 1663 Ip
193 1628 330 1663 prophetis
351 1626 475 1660 versata,
499 1627 638 1663 veritatem
660 1626 803 1663 prmdieat.
819 1626 930 1663 dicens,

145 1661 200 1690 Fili
219 1661 318 1694 David,
338 1663 455 1690 miserere
474 1661 540 1694 mel;
561 1662 605 1696 qui
626 1665 690 1688 vero
713 1661 738 1688 in
753 1662 810 1696 lege
825 1661 931 1690 educati

145 1698 266 1734 merant,
277 1699 322 1734 qui
336 1698 491 1734 prophetas
505 1696 659 1728 audierant.
671 1696 839 1734 mendacium
855 1701 932 1725 tuen-

145 1737 189 1762 tur
200 1731 409 1766 dicent'es,'Niin
431 1732 554 1759 novimus
576 1739 657 1763 eum;
673 1731 856 1759 Samaritanus
869 1737 911 1760 est
923 1753 930 1766 ,

143 1774 171 1797 et
181 1769 341 1796 dtemoninm
353 1769 440 1796 habet.
451 1767 473 1795 Ο
485 1767 563 1795 tidem
575 1767 693 1801 gentium
703 1766 710 1793 l
722 1774 739 1794 ο
750 1766 930 1795 Israelitarum

144 1804 276 1838 ingratum
285 1804 414 1831 animum!
424 1803 488 1830 Vide
498 1804 580 1830 Deum
589 1802 788 1838 etSenatorem
799 1803 929 1836 omnium,

143 1837 270 1875 quantum
286 1844 370 1874 genus
381 1838 444 1866 illud
456 1838 579 1875 honoret.
597 1837 658 1875 Non
667 1837 807 1875 estlbpnum
816 1838 931 1875 accipere

143 1872 235 1909 panem
255 1872 381 1909 ﬁliorum,
398 1879 421 1900 et
443 1874 564 1909 projicere
584 1873 687 1909 cantibus
705 1872 793 1908 (Ibid.
810 1880 834 1899 υ.
854 1873 888 1901 Ωϐ
908 1873 929 1909 ),

142 1908 243 1937 Gentes
253 1915 328 1937 vocat
339 1914 418 1936 canes
428 1930 435 1942 ,
444 1908 476 1936 et
486 1908 619 1936 Israclitas
633 1908 702 1935 lilios
714 1916 721 1934 :
738 1913 930 1936 transmittatur

143 1944 231 1972 honor
243 1953 257 1971 a
274 1945 389 1979 populo;
416 1949 442 1971 et
456 1945 501 1978 qui
515 1943 679 1971 honorantur
689 1963 696 1975 ,
711 1943 796 1979 ipsum
811 1943 930 1972 dehone-

142 1984 229 2012 stant;
241 1981 284 2013 qui
298 1978 500 2014 despiciuntur,
515 1979 628 2006 adorant
641 1986 647 2004 :
663 1978 708 2013 qui
722 1978 768 2005 lilii
784 1983 927 2014 vocantur,

141 2015 301 2042 beneﬁcium
316 2013 367 2042 non
383 2014 530 2050 rccipiunt;
547 2014 698 2050 Chanana-a
713 2021 776 2040 vero
790 2013 928 2050 canisrap-

143 2051 237 2084 pellata
249 2069 257 2083 ,
271 2058 286 2077 a
306 2051 426 2077 bcnellco
440 2048 499 2077 'non
523 2050 632 2077 recedit.
647 2048 708 2076 Ideo
731 2056 844 2083 namque
866 2049 929 2078 Ser-

141 2090 218 2112 vator
240 2088 333 2112 c‘anem
355 2085 460 2112 vocavit
482 2085 620 2112 mulierem
631 2103 638 2115 ,
654 2092 706 2111 non
721 2088 750 2110 ut
767 2085 927 2112 contumelia

141 2120 271 2152 afﬁceret,
282 2123 329 2148 sed
341 2126 369 2147 ut
378 2121 434 2154 ejus
447 2120 569 2147 allectum
582 2119 752 2153 patefaceret.
761 2115 928 2148 ostenderet-

139 2159 193 2190 Que
209 2160 301 2190 gentes
314 2156 412 2190 probro
424 2156 531 2183 aﬂ‘ectas
544 2163 558 2182 a
574 2154 694 2182 beneﬁco
710 2161 762 2180 non
773 2154 902 2183 absistere
917 2176 924 2188 ,

139 2190 268 2218 Israelem
284 2197 346 2218 vero
362 2191 490 2218 benelicio
500 2191 623 2217 allectum
634 2190 804 2225 Servatoretn
816 2197 925 2225 negare.

140 2225 195 2253 Fili
210 2226 301 2258 David,
316 2226 431 2253 miserere
443 2227 501 2253 ntei.
515 2226 549 2253 Et
561 2225 605 2259 qui
616 2232 709 2253 omnes
718 2224 834 2257 exaudit,
846 2229 926 2260 tacet,

139 2268 192 2289 non
209 2266 236 2288 ut
250 2266 401 2295 precantem
414 2265 532 2296 respuat,
542 2260 587 2287 sed
602 2264 630 2287 ut
643 2261 701 2296 ejus
715 2260 792 2296 lidem
806 2260 926 2294 splendi-

137 2296 241 2324 diorein
255 2297 346 2325 reddat
358 2306 364 2323 :
375 2295 524 2324 Chananaza
537 2303 644 2330 genere,
654 2295 849 2323 Abraltamiticn
864 2296 924 2324 fide.

140 2330 193 2358 Fili
208 2331 291 2359 David
303 2353 310 2365 ,
325 2332 440 2359 miserere
455 2333 511 2358 mei.
525 2331 558 2358 Et
570 2331 615 2366 qui
631 2331 672 2357 vel
686 2335 747 2357 ante
760 2331 815 2358 oris
825 2331 926 2358 clamo-

139 2374 197 2394 rem
220 2368 300 2395 animi
325 2367 531 2402 supplicationes
557 2365 762 2397 eiaudit,tacet
778 2365 922 2402 etdill‘ert;

139 2402 264 2442 vispsque
277 2408 318 2430 est
337 2401 463 2437 apostolis
475 2401 635 2442 inhumanus
647 2408 706 2442 esse
717 2421 725 2434 ,
739 2401 809 2442 quod
824 2402 926 2442 suppli-

136 2436 270 2465 cationem
285 2443 384 2466 tantam
400 2441 548 2472 respueret.
574 2437 721 2471 Dicuntque
730 2436 758 2472 ei
780 2436 902 2470 discipuli
917 2447 924 2465 :

137 2472 243 2500 Dimitte
259 2474 330 2500 illam
348 2473 408 2507 quia
431 2474 523 2500 clamat
548 2477 603 2507 post
629 2480 674 2498 nos
695 2473 703 2506 (
724 2471 793 2498 Ibid.
806 2479 830 2498 υ.
846 2472 882 2499 25
902 2472 920 2507 ).

137 2507 205 2535 Num
217 2513 254 2540 tu,
267 2509 344 2536 Petre
356 2528 363 2540 ,
379 2516 442 2535 num
465 2513 501 2540 tn,
519 2507 624 2534 Andrea
635 2528 642 2538 ,
657 2507 698 2534 vel
713 2507 832 2542 Philippe
843 2528 849 2539 ,
861 2507 924 2535 Ser-

136 2548 229 2570 vatore
243 2544 414 2571 humaniores
427 2544 512 2571 estis?
527 2551 590 2570 num
606 2550 652 2569 vos
666 2541 739 2569 ﬂexit
752 2543 881 2577 precatio,
895 2547 923 2569 et

136 2578 305 2606 Servatorcm
321 2587 372 2607 non
387 2578 474 2605 all‘ecit
486 2577 660 2613 supplicatio?
675 2577 754 2613 Certe
765 2585 814 2604 vos
825 2585 923 2613 secun-

135 2613 200 2641 dum
212 2615 250 2642 rei
266 2615 359 2642 l'acicm
373 2614 498 2647 judicatis
508 2612 580 2648 ,ego
593 2612 739 2640 secundum
760 2612 840 2639 animi
856 2612 921 2648 alie-

135 2654 207 2676 ctum
223 2650 381 2678 sententiam
395 2648 469 2681 l‘ero;
480 2647 591 2684 gratiam
602 2648 705 2680 dilI'ero,
718 2652 745 2684 ut
755 2647 920 2684 splendidam

135 2684 214 2711 Iidem
235 2693 400 2720 expromam.
419 2683 553 2720 an'smn
573 2683 664 2720 missus
681 2683 729 2720 nisi
745 2683 778 2709 ad
792 2691 848 2710 om
867 2691 922 2717 quia

134 2717 366 2752 perierunt-domus
388 2719 469 2746 Israel
483 2719 563 2754 (Ibid.
579 2726 603 2744 υ.
623 2718 680 2754 24).
695 2717 762 2745 Num
779 2722 869 2753 pastor
880 2723 922 2745 est

136 2754 315 2782 lsraelilarum
327 2756 338 2782 ‘l
351 2763 438 2782 annon
462 2755 543 2781 totius
564 2754 636 2788 orbis
651 2753 776 2780 Dominus
789 2774 795 2786 ,
811 2759 918 2788 pastor,

134 2790 335 2818 administrator
344 2795 370 2817 et
382 2790 518 2823 provisor?
532 2789 588 2816 Non
601 2787 677 2821 dixit,
690 2788 746 2816 Non
761 2787 818 2815 sttui
831 2794 920 2823 pastor

133 2824 248 2853 aliorum
261 2834 269 2859 ;
285 2826 331 2853 sed
344 2846 351 2857 ,
365 2824 422 2852 Non
437 2832 496 2852 sum
512 2825 544 2852 ad
558 2824 609 2851 hoe
623 2825 737 2855 missus;
754 2832 807 2851 non
821 2832 918 2852 secun-

134 2862 199 2890 dum
212 2860 254 2890 rei
269 2861 407 2888 veritatem
429 2860 540 2895 loquens
551 2880 558 2892 .
573 2859 620 2886 sed
635 2859 762 2887 simulans
775 2882 782 2898 ,
797 2866 827 2890 nt
840 2863 918 2891 tidem

286 2905 420 2935 PATROL.
444 2906 501 2936 Gn.
527 2906 605 2937 LIX.

988 1168 1081 1195 dicens
1091 1177 1098 1195 :
1109 1167 1205 1194 Eunles
1214 1167 1301 1203 docete
1310 1175 1395 1194 omnes
1405 1171 1499 1203 gentes,
1509 1168 1663 1202 baptizantes
1672 1168 1777 1203 (Matth.

988 1203 1033 1231 28.
1045 1202 1114 1237 l9)?
1128 1203 1156 1230 Si
1171 1210 1222 1230 non
1235 1202 1269 1230 ad
1283 1203 1359 1236 alias,
1374 1210 1453 1237 quam
1467 1202 1588 1236 Israelis,
1603 1210 1667 1231 oves
1676 1202 1777 1231 missus

988 1245 1018 1265 es
1030 1259 1038 1270 ,
1051 1246 1099 1265 cur
1111 1238 1220 1266 dicebas
1233 1237 1360 1272 apostolis
1399 1238 1431 1264 Et
1451 1236 1515 1265 alius
1532 1246 1589 1266 oves
1609 1239 1687 1266 habeo
1699 1260 1707 1272 ,
1722 1243 1779 1274 quia

988 1282 1039 1300 non
1051 1278 1109 1301 sunt
1119 1282 1150 1301 ea:
1164 1273 1211 1300 hoc
1224 1273 1284 1300 ovili
1292 1293 1300 1306 ,
1312 1278 1335 1300 et
1346 1273 1405 1300 illas
1415 1278 1512 1308 oportet
1524 1282 1562 1300 me
1575 1273 1738 1308 congregare,
1751 1277 1778 1300 nl

989 1309 1035 1343 ﬁat
1046 1317 1125 1336 unum
1135 1309 1216 1343 ovile,
1229 1313 1251 1335 et
1264 1317 1330 1344 unus
1342 1313 1427 1343 pastor
1437 1309 1446 1344 (
1455 1308 1535 1336 Joan.
1549 1309 1594 1337 l0.
1609 1309 1642 1337 I6
1651 1308 1679 1344 )?
1690 1310 1779 1343 Quare

988 1351 1041 1371 non
1054 1349 1177 1371 accurate
1189 1347 1215 1377 et
1229 1343 1375 1377 secundum
1388 1347 1509 1371 exactam
1525 1345 1563 1371 rei
1579 1345 1720 1372 veritatem
1737 1345 1778 1371 ln-

988 1380 1078 1414 quitur
1088 1399 1095 1412 ,
1106 1379 1154 1407 sed
1164 1374 1197 1406 ad
1208 1379 1303 1413 anima:
1315 1374 1498 1414 probatidne‘m
1510 1400 1517 1411 ,
1535 1378 1595 1406 Non
1609 1388 1664 1407 sum
1675 1381 1776 1408 missus.

987 1411 1054 1443 Rem
1063 1411 1142 1450 negat
1153 1419 1197 1451 ,et
1208 1411 1303 1451 mulier
1316 1411 1463 1451 deprecans
1476 1417 1529 1442 non
1544 1416 1609 1450 insit
1621 1424 1627 1442 ε
1643 1416 1701 1451 ejus
1711 1423 1777 1449 sup-

987 1448 1157 1483 plicationem
1181 1449 1292 1485 depellit
1310 1469 1318 1483 ,
1337 1448 1365 1476 et
1385 1448 1639 1478 adorationemVnOn
1657 1448 1778 1484 respuit.

987 1485 1057 1522 Vere
1079 1485 1206 1514 Ecclesia:
1222 1487 1308 1522 imago
1322 1489 1364 1512 est
1383 1485 1534 1513 Chanantca
1545 1506 1553 1519 ,
1570 1493 1630 1520 quae
1652 1485 1778 1522 periculis

977 1521 1128 1556 probatur.
1144 1525 1172 1548 et
1197 1521 1336 1548 Dominum
1361 1528 1413 1556 non
1438 1525 1537 1556 negat;
1553 1529 1613 1556 qua!
1635 1521 1778 1549 sescentas

986 1552 1110 1592 sustinet
1116 1556 1250 1592 procellas
1263 1575 1271 1588 ,
1287 1561 1313 1583 et
1322 1556 1359 1592 ad
1375 1552 1435 1583 fidei
1449 1552 1655 1592 porttim'oc‘ulis
1669 1556 1754 1584 tendit
1769 1562 1777 1583 ξ

985 1599 1045 1653 gnat;
1068 1591 1141 1632 mille
1164 1591 1290 1619 ﬂuctibus
1304 1590 1338 1618 ab
1361 1590 1494 1632 hmreticis
1517 1592 1685 1627 exagitatur,
1699 1596 1728 1632 _et
1742 1593 1777 1632 oh

1005 1626 1047 1653 det
1061 1626 1213 1653 ﬁrmitatem
1227 1634 1279 1653 non
1296 1631 1380 1653 nutat.
1395 1627 1493 1653 Confer
1507 1626 1585 1653 ﬁdem
1607 1628 1776 1653 ecclesnasti-

1005 1626 1047 1654 dei
1061 1626 1213 1654 ﬁrmitatem
1227 1634 1279 1654 non
1296 1631 1380 1654 nutat.
1395 1627 1493 1654 Confer
1507 1626 1585 1654 ﬁdem
1607 1627 1776 1655 ecclesiasti-

985 1669 1043 1689 cam
1063 1669 1124 1689 cum
1148 1662 1251 1697 ingrato
1272 1655 1424 1690 ludmorum
1447 1663 1546 1689 animo.
1571 1658 1653 1690 Judtei
1678 1669 1775 1690 manna

983 1697 1156 1733 comedentes
1171 1696 1355 1733 murmurant;
1374 1696 1492 1733 Ecclesia
1514 1697 1638 1733 jejunans
1662 1698 1776 1733 Domino

983 1732 1083 1767 gratias
1095 1732 1168 1767 agit:
1184 1733 1221 1760 illi
1238 1732 1339 1759 houore
1349 1729 1439 1761 allecti
1453 1753 1461 1765 ,
1485 1729 1581 1767 ingrati
1593 1737 1677 1767 sunt;
1695 1732 1775 1759 (Ihri-

983 1765 1062 1795 stiani
1074 1768 1100 1794 in
1112 1765 1363 1802 persequutioitibns
1373 1768 1473 1802 gratias
1485 1765 1575 1802 agunt.
1589 1765 1674 1802 Quem
1686 1768 1775 1802 diligis

982 1809 1091 1830 servum
1113 1820 1121 1836 ,
1137 1803 1159 1830 si
1183 1803 1309 1830 dominus
1330 1803 1432 1830 sides
1459 1803 1563 1830 duobus
1585 1803 1671 1830 servis
1695 1811 1775 1838 quem

982 1838 1099 1873 accipis?
1109 1845 1206 1866 eumne
1216 1839 1260 1874 qui
1276 1839 1334 1874 post
1348 1838 1476 1874 benelieia
1487 1838 1605 1873 ingratus
1611 1842 1662 1872 est,
1674 1845 1707 1866 an
1714 1846 1776 1865 eum

981 1874 1026 1909 qui
1037 1868 1180 1908 castigatus
1186 1868 1297 1909 gnitiam
1307 1872 1399 1901 habet?
1408 1868 1534 1901 Ecclesia:
1545 1874 1624 1909 igitur
1635 1868 1722 1907 imago
1734 1877 1777 1901 est

981 1909 1209 1944 Chananaza,qu:e
1218 1909 1551 1944 depulsaDominuminon
1567 1913 1655 1944 negat.
1675 1909 1777 1936 Aderat

981 1943 1168 1980 ii_lu_m_dicens,
1179 1944 1295 1977 Domine,
1305 1943 1398 1980 adjupa
1416 1952 1466 1971 me.
1477 1943 1542 1971 Cum
1555 1943 1627 1979 prius
1641 1945 1753 1972 dixisset
1766 1961 1774 1975 ,

981 1978 1035 2006 Fili
1049 1978 1142 2012 David,
1154 1980 1271 2006 miserere
1281 1980 1327 2006 mei
1336 1978 1443 2013 (Matth.
1457 1978 1565 2013 15.25),
1579 1983 1674 2014 pntans
1683 1988 1712 2007 se
1725 1980 1775 2006 Ini-

981 2021 1166 2048 norem,quam
1175 2022 1222 2049 par
1229 2015 1421 2047 crat,emisisse
1429 2014 1773 2049 deprecationem,priorcm

980 2053 1089 2077 revocat
1099 2057 1204 2082 vocem,
1216 2049 1370 2077 etsecunda
1385 2048 1552 2084 probi'animi
1566 2050 1771 2084 signiﬁcatione,

980 2085 1097 2119 priorem
1114 2085 1187 2119 tegit.
1202 2085 1261 2112 Non
1274 2085 1346 2112 enim
1360 2085 1428 2119 ultra
1442 2089 1519 2112 vocat
1533 2085 1607 2112 illum
1623 2085 1705 2112 ﬁlium
1721 2085 1773 2112 Da-

980 2118 1023 2147 vid
1037 2138 1044 2152 ,
1058 2119 1105 2147 sed
1122 2118 1263 2156 Dominum
1278 2120 1370 2147 dicens
1385 2129 1391 2146 ι
1407 2118 1536 2156 Domine,
1552 2120 1645 2156 ndjnba
1658 2126 1705 2147 me.
1721 2119 1773 2148 Ne-

979 2163 1031 2189 que
1045 2160 1134 2182 tamen
1149 2155 1193 2188 ille
1207 2155 1351 2190 respondet
1364 2176 1371 2190 ,
1388 2155 1434 2182 sed
1449 2155 1538 2187 audita
1551 2155 1617 2183 voce
1637 2156 1773 2183 concitant

979 2190 1054 2217 illiilli
1068 2189 1181 2225 apostoli
1195 2189 1315 2218 dicentes
1327 2198 1334 2217 τ
1349 2189 1448 2217 Clamat
1463 2195 1518 2224 post
1532 2197 1587 2218 nos.
1601 2191 1669 2217 Dens
1681 2195 1770 2217 tamen

978 2225 1067 2254 ditl'ert
1078 2239 1088 2259 ,-
1099 2226 1177 2254 tidem
1193 2226 1265 2253 illam
1277 2227 1412 2259 spectans,
1427 2230 1454 2253 et
1464 2225 1528 2253 dicit
1542 2227 1586 2253 ei:
1604 2226 1664 2253 Non
1677 2232 1713 2253 est
1727 2225 1773 2252 bo-

978 2269 1039 2297 num
1053 2261 1167 2295 accipere
1181 2270 1271 2297 partem
1290 2261 1411 2295 ﬁliorum.
1421 2266 1444 2288 et
1460 2261 1581 2297 projicere
1594 2261 1709 2288 canibus.
1726 2261 1772 2288 Fi-

978 2295 1327 2332 liosvocatlsraelitas.,non
1338 2300 1391 2332 tam
1401 2295 1547 2332 honerans,
1565 2304 1643 2330 quam
1657 2303 1772 2332 arguens

978 2332 1109 2367 ingratum
1117 2332 1223 2359 illorum
1231 2330 1360 2359 animum.
1370 2331 1434 2359 Nam
1444 2339 1522 2367 quam
1531 2331 1610 2360 hodie
1620 2330 1773 2359 ﬁliosvocat

979 2366 1120 2403 Israelitas,
1131 2367 1201 2394 lilius
1212 2372 1252 2394 est
1260 2367 1317 2401 ejus
1325 2368 1368 2402 qui
1379 2366 1462 2403 (liciti
1478 2366 1561 2403 Filios
1575 2368 1651 2403 genui
1663 2372 1686 2394 et
1698 2368 1770 2394 exala-

977 2402 1037 2434 tavi,
1048 2403 1095 2436 ipsi
1105 2406 1188 2429 autem
1195 2408 1341 2437 spreverunt
1351 2411 1389 2438 me
1399 2402 1473 2437 (Isai.
1484 2403 1509 2429 ‘I.
1517 2402 1557 2438 Ξ).
1567 2404 1714 2431 Chananma
1724 2409 1771 2429 cn-

977 2437 1017 2464 nis
1029 2443 1154 2470 vocatur,
1163 2443 1257 2472 etcum
1269 2438 1351 2472 gratia
1365 2437 1415 2465 fert
1426 2437 1624 2465 contumeliam.
1636 2437 1769 2465 Cteterum

977 2476 1040 2506 puto
1050 2477 1076 2500 et
1084 2473 1174 2506 credo,
1184 2471 1317 2500 Christum
1330 2473 1355 2500 in
1369 2474 1418 2501 hac
1432 2473 1590 2501 contumelia
1606 2472 1770 2500 benevolen-

977 2507 1018 2534 tiae
1030 2508 1172 2543 imaginem
1180 2509 1314 2542 'posuisse,
1326 2515 1422 2542 nempe
1434 2508 1665 2541 cauem,animalis
1674 2507 1768 2541 hujus-

975 2550 1005 2570 re
1020 2540 1232 2570 benevolentiam
1260 2540 1427 2578 exprimens.
1451 2540 1535 2570 Canis
1554 2543 1635 2570 millia
1650 2540 1745 2578 passus
1759 2559 1767 2575 ,

975 2578 1008 2604 ab
1023 2578 1079 2605 heri
1094 2578 1135 2605 sui
1161 2577 1263 2606 aedibus
1279 2577 1330 2605 non
1353 2578 1489 2609 abscedit;
1506 2579 1580 2605 canis
1594 2585 1655 2605 eum
1672 2577 1766 2605 herunt

973 2613 1140 2647 gradientem
1157 2613 1244 2646 videt,
1261 2617 1351 2645 tacet,
1368 2621 1427 2640 cum
1444 2613 1606 2640 domesticos
1620 2619 1713 2640 servos
1729 2613 1767 2639 vi-

974 2648 1018 2675 det
1031 2669 1040 2682 ,
1055 2649 1182 2682 quiescit;
1205 2656 1267 2675 cum
1282 2653 1425 2675 extraneos
1446 2648 1528 2680 videt,
1543 2649 1693 2682 exagitatur
1705 2667 1713 2680 ,
1730 2647 1766 2674 la-

975 2687 1024 2710 trat
1036 2703 1043 2714 .
1060 2691 1112 2710 non
1127 2683 1255 2718 quiescit,
1279 2683 1382 2710 nullum
1405 2683 1522 2710 alienum
1543 2683 1665 2717 respicit.
1679 2683 1764 2709 Judzci

973 2726 1037 2745 vero
1047 2717 1182 2753 quonmdo
1193 2724 1334 2746 sexcentas
1344 2723 1436 2746 centra
1450 2719 1532 2745 Deum
1543 2718 1629 2745 emitti
1640 2717 1763 2752 blasphe~

972 2753 1040 2781 mias
1052 2754 1151 2786 vident,
1162 2760 1211 2780 nec
1222 2753 1378 2781 moventur?
1392 2753 1455 2781 Vide
1465 2753 1646 2780 Christianum
1655 2753 1765 2780 audien-

973 2793 1025 2816 tem
1038 2788 1190 2815 haereticam
1201 2788 1394 2824 blasphemiam
1409 2794 1456 2817 aut
1471 2789 1551 2816 alium
1562 2795 1693 2820 errarent,
1710 2794 1764 2814 stas

973 2824 1074 2858 timque
1101 2824 1255 2855 turbatum,
1283 2823 1444 2856 latrantem,
1475 2829 1568 2851 contra
1594 2824 1764 2850 adversarios

971 2860 1141 2887 clamantem.
1155 2858 1212 2887 Non
1233 2859 1283 2887 [ει-ι
1302 2859 1466 2887 Christianus
1486 2861 1601 2887 alienam
1618 2858 1709 2887 videre
1723 2860 1761 2886 te!

1529 2904 1567 2936 Ιιι
