2067 3119
201 167 249 196 ﬂii

200 231 247 249 nos
260 230 276 248 α
287 221 464 250 ιοιιιιῖιιιιίοηε
475 223 562 250 mundi
572 223 659 257 (Rom.
672 223 698 251 8.
708 222 753 250 ‘29.
767 227 789 249 et
800 221 895 257 Epiros.
910 222 921 249 Ι
947 221 992 257 ιιι

199 258 342 289 Jcremiam
356 259 390 284 ab
405 263 481 285 utero
494 258 576 290 novit,
592 259 726 293 apostolos
733 263 795 284 ante
809 257 900 284 mundi
913 265 989 284 crea-

199 293 300 321 tionem
328 293 470 326 prmscivit,
494 301 543 321 nec
566 292 646 321 modo
671 293 813 328 pra-scivit,
837 292 883 319 sed
909 293 988 319 etiam

200 328 346 363 praeelegit.
364 327 505 356 Videamus
518 336 582 363 ergo
596 336 629 356 an
642 329 805 363 pra-scientia
820 334 940 355 naturam
952 328 989 355 le-

199 364 274 390 cerit.
285 363 311 390 Si
321 364 415 390 electio
426 364 606 398 apostolorum
615 369 676 391 ante
685 363 901 390 constitutionem
913 371 989 390 mun-

199 399 235 430 di,
250 399 360 433 justitia:
375 403 494 429 naturam
510 399 606 430 eﬂ'ecit,
623 407 676 426 non
690 404 779 426 autem
795 399 922 433 propositi
936 399 989 425 vir-

199 439 256 464 tus:
271 442 321 461 cur
334 434 361 464 ii,
377 435 420 467 qui
435 434 568 467 publicani
580 435 658 462 futuri
670 434 886 468 prmsciebantur,
901 434 987 461 vocali

197 470 277 496 sunt?
289 477 336 496 cur
355 469 452 496 Paulus
469 470 654 503 persequitur?
666 477 714 496 cur
727 470 882 496 meretrices
896 468 929 495 ad
943 477 987 496 re-

197 512 279 538 gnum
299 504 440 533 festinant?
452 503 479 531 Si
495 505 565 531 cnitn
587 505 735 538 praescitum
750 504 799 531 fuit
818 505 985 531 meretricem

197 547 280 574 regno
293 539 399 571 dignam
424 538 489 572 fore,
505 547 553 567 cur
575 540 701 567 meretrix
723 539 788 566 fuit?
810 539 831 566 si
856 539 987 572 prmsrivit

197 574 307 604 Paulum
324 574 404 606 Deus,
420 581 468 601 cur
482 576 647 609 prmscientia
668 580 790 602 naturam
809 582 860 601 non
877 581 984 608 operata

195 611 253 639 est?
267 618 315 636 cur
329 609 362 639 is.
374 609 418 643 qui
434 611 570 644 pra-scitus
581 611 666 638 fuerat
679 615 741 637 aute
754 609 844 636 mttndi
858 610 986 636 constitit-

196 645 484 679 tioncm,blasphemus
496 645 554 677 fuit,
571 645 985 680 persequutor,contumeliosus?

196 680 289 708 Viden'
304 680 496 714 prmscientiatn
512 688 564 707 non
579 685 700 708 naturam
716 682 812 711 facere,
828 681 874 707 sed
891 680 986 707 volun-

195 716 256 742 tatis
276 715 410 750 proposita
427 716 588 749 pra-videre?
610 717 636 743 Si
662 716 826 749 praescientia
844 716 903 742 fecit
917 723 984 749 apo-

194 751 301 783 stolum,
318 759 365 777 cur
378 751 516 778 Mattlimus
543 751 709 785 publicanum
724 751 797 785 agit?
812 751 982 778 Publicanmn

194 794 283 818 agerc,
297 791 337 812 est
351 786 515 814 idololatrom
527 793 586 813 c35e
597 795 603 814 :
616 786 679 813 tlicit
692 787 762 813 enim
774 786 916 812 Servator:
929 786 983 813 Erit

194 822 238 848 tibi
253 827 279 848 ut
295 821 452 855 publicanus,
471 826 514 848 aut
528 826 555 848 ut
567 822 679 848 ethnicus
693 821 799 856 (Matth.
813 821 854 848 i8.
870 821 923 855 Π).
939 821 983 848 Sic

193 864 284 890 parem
296 856 453 885 idololatria:
465 856 597 891 publicani
609 865 717 890 operam
733 857 860 883 delinivit.
875 856 902 883 Si
918 864 982 891 ergo

193 892 331 925 ιπωεοῑιιιε
351 891 399 918 fuit
423 892 573 923 Matthaaus.
600 900 649 919 cur
671 892 835 926 prarscientia
852 900 905 918 non
919 891 982 919 fecit.

193 926 265 955 illutn
281 927 441 960 apostolum,
456 927 503 954 scd
523 927 646 954 voluntas
665 928 697 954 ad
710 927 888 955 obedientiam
905 927 981 954 incli-

193 961 280 988 navit?
295 962 385 988 llahab
394 965 497 991 servata
508 967 534 989 et
544 970 606 990 cum
616 963 737 989 lidclibus
748 967 920 990 aunumerata
929 967 980 990 est.

191 998 256 1024 Sine
270 997 351 1024 dubio
366 998 436 1024 illam
460 1005 565 1032 quoque
588 998 745 1032 prteseiebat
757 998 837 1025 Dens.
851 997 906 1024 Cur
919 1005 980 1025 cum

191 1032 368 1070 pr:rsc_iretur,
391 1038 478 1070 tamen
503 1033 630 1070 fornicata
652 1033 779 1070 cs_t?ﬁcur
793 1041 823 1070 ea
839 1041 897 1068 qua:
912 1041 981 1070 prae-

190 1067 256 1094 scita
272 1067 318 1094 fuit
339 1068 491 1101 margarita,
509 1068 534 1095 in
550 1069 605 1095 luto
618 1068 691 1096 erat?
705 1069 768 1096 Haec
783 1067 880 1102 ubique
895 1068 979 1101 vides,

191 1103 306 1138 inediam
320 1108 452 1135 naturam,
464 1104 626 1131 voluntatem
638 1105 706 1131 'vero
718 1105 772 1131 Deo
784 1104 943 1138 prtescitam,
953 1108 981 1131 et

190 1137 217 1165 in
232 1138 292 1165 vita:
306 1138 418 1165 decursu
432 1143 615 1173 apparentem.
633 1139 758 1166 Przevidit
771 1140 840 1166 Dens
854 1139 924 1174 quod
936 1139 979 1166 fu-

191 1177 278 1200 turtnn
290 1177 357 1205 erat,
369 1178 396 1201 et
409 1174 510 1200 fructus
519 1175 579 1201 vitze
592 1175 703 1201 instituti
719 1179 797 1202 notus
811 1174 868 1201 fuit.
882 1176 903 1201 A
915 1182 979 1202 voce

190 1207 263 1244 Pauli
277 1208 437 1236 solutionem
452 1209 559 1244 accipe:
573 1210 641 1242 Quae
657 1210 791 1244 prmeirit,
812 1215 834 1236 et
848 1211 980 1244 prodesti-

189 1242 275 1280 navit;
291 1251 354 1280 qnos
377 1242 583 1280 prmdestinavit,
598 1242 672 1271 etiam
687 1246 802 1276 vocavit;
820 1242 883 1280 quos
898 1251 980 1272 autent

190 1279 294 1310 vocavit,
309 1279 355 1306 Ito;
368 1280 549 1316 etrjuuiﬁcavit
560 1279 652 1316 (Itoni.
664 1280 690 1307 8.
704 1280 749 1308 29.
762 1280 816 1314 50).
828 1280 882 1307 Cur
894 1280 980 1309 Judas

188 1319 309 1346 vocatus,
324 1322 377 1341 non
388 1315 548 1348 justifieatus
562 1315 620 1342 est?
636 1315 706 1348 Quae
728 1315 852 1350 praesciuit
873 1320 896 1342 et
911 1324 979 1350 prte-

189 1349 331 1382 dentinavit,
348 1350 394 1377 hos
407 1351 482 1377 etiam
494 1352 600 1378 vocavit.
623 1351 681 1378 Non
701 1349 742 1378 est
763 1358 828 1385 ergo
842 1349 980 1385 propheta:

189 1385 375 1419 pra-rogativa,
389 1386 459 1420 quod
474 1386 507 1412 ab
519 1391 594 1413 utero
609 1391 687 1413 notus
701 1386 790 1419 fuerit,
804 1386 911 1420 quando
921 1394 977 1419 eos,

188 1420 233 1454 qni
246 1426 308 1447 ante
322 1421 419 1447 smcula
440 1421 517 1448 electi
530 1425 602 1453 sunt,
618 1429 670 1448 non
687 1427 781 1452 natura
802 1426 912 1455 sequuta
927 1427 976 1454 est,

188 1455 235 1482 sed
255 1455 376 1483 voluntas
395 1456 591 1490 praescientinm
611 1457 749 1484 testiﬁcata
771 1461 821 1484 est.
837 1456 978 1484 Ostensum

188 1491 268 1525 igitur
290 1495 340 1523 est,
365 1499 418 1518 non
445 1497 567 1518 naturam
595 1492 788 1526 prwscientiam
810 1492 911 1523 facere;
929 1493 979 1520 nisi

187 1527 248 1561 quis
262 1526 373 1554 omnino
385 1527 568 1554 contentiosus
582 1528 627 1559 sit,
640 1532 665 1554 et
676 1533 768 1555 contra
779 1528 916 1554 veritatem
927 1529 977 1554 im-

188 1562 318 1596 pudenter
333 1562 462 1596 insurgat.
479 1563 533 1589 Cur
547 1568 635 1590 autem
657 1563 682 1589 in
697 1563 863 1590 Pharaonem
876 1570 979 1589 sermo-

189 1605 250 1635 nem
265 1598 414 1635 convertit?
424 1598 490 1635 Quia
504 1598 602 1635 dictum
618 1598 704 1626 fuerat
715 1598 863 1635 Pharaoni;
878 1597 911 1624 In
931 1599 978 1626 hoc

187 1632 270 1666 ipsum
281 1633 398 1668 suscitari
412 1632 445 1666 te,
459 1638 486 1659 ut
499 1634 654 1660 ostenderem
667 1634 692 1660 in
709 1638 732 1660 te
751 1634 865 1660 virtutem
885 1641 976 1667 meam,

187 1673 210 1694 et
222 1669 415 1695 umtunliarelur
425 1677 516 1696 nomen
529 1676 610 1696 meum
626 1669 651 1695 in
671 1669 786 1695 universa
806 1674 872 1695 terra
887 1669 975 1703 (Itoni.

187 1703 214 1730 9.
230 1703 284 1738 i'i).
300 1703 334 1731 Ut
354 1708 425 1730 tuam
451 1703 575 1731 ostendas
598 1705 732 1736 virtutem,
750 1704 884 1731 hominem
899 1705 979 1731 casti-

187 1739 250 1772 gas?
266 1743 292 1764 nt
308 1739 434 1766 exhibeas
450 1739 592 1772 potentiam
605 1744 687 1771 tuam,
700 1739 829 1766 insontem
844 1738 878 1766 de
891 1740 978 1766 medio

188 1774 275 1801 tollis?
289 1774 315 1801 Si
333 1775 426 1801 noxius
441 1775 485 1807 sit,
502 1774 667 1808 reprehendo
681 1775 767 1807 illum;
780 1776 820 1801 sin
834 1775 934 1806 insons,
945 1783 979 1802 ne

186 1815 307 1836 accuses.
324 1809 391 1841 Quid
408 1810 457 1836 sibi
472 1809 527 1836 vult
539 1809 614 1842 illttd,
632 1810 665 1837 Ut
678 1810 808 1836 ostendant
821 1810 847 1836 in
862 1815 885 1836 te
895 1810 977 1840 virtu-

186 1849 235 1875 tem
251 1846 350 1871 meam?
365 1844 426 1871 Mihi
441 1845 556 1871 animum
569 1845 664 1872 adhibe
675 1853 681 1872 :
694 1850 752 1871 utar
764 1845 887 1878 exmnplo
897 1850 922 1872 et
934 1854 978 1873 vc-

188 1880 236 1911 tcri
250 1884 276 1907 ct
290 1887 362 1907 vero.
380 1881 430 1907 Ars
444 1880 545 1907 medica
558 1888 617 1907 cttm
635 1881 668 1908 ab
680 1881 754 1907 initio
770 1881 846 1907 vellet
858 1884 885 1907 et
900 1886 977 1907 natu-

186 1923 243 1946 ram
255 1919 282 1942 et
293 1915 392 1942 viscera
406 1915 519 1942 hominis
530 1916 681 1949 explorare,
696 1916 858 1942 sectionibus
867 1920 906 1942 est
919 1924 976 1948 usa,

186 1956 213 1977 et
223 1950 340 1979 virentes
350 1950 469 1977 homines
477 1950 614 1981 dissecuit,
625 1957 652 1977 ut
664 1951 724 1978 aliis
738 1951 895 1977 medicinam
909 1959 977 1984 pra:-

186 1985 271 2016 bcret.
287 1986 321 2014 At
335 1985 398 2016 illud
412 1991 485 2013 certe
499 1986 616 2019 iniquum
633 1991 699 2018 erat,
714 1986 746 2012 ad
769 1986 880 2012 aliorum
905 1986 977 2012 salu-

187 2025 241 2047 tent
256 2021 322 2050 alios
337 2021 454 2049 viventes
469 2027 595 2048 mactare.
608 2021 675 2054 Quid
691 2029 754 2056 ergo
769 2021 890 2048 fecerUnt
903 2025 977 2048 vete-

186 2056 247 2087 res?
262 2056 337 2083 Morti
360 2056 520 2087 destinatum
543 2057 577 2083 ob
601 2057 709 2088 furtum,
736 2061 781 2083 aut
804 2056 975 2089 adulterium,

186 2096 232 2117 ant
256 2091 423 2123 veneﬁcium,
435 2093 524 2121 vivum
540 2091 734 2122 disseeucrtmt.
751 2096 776 2118 ct
790 2091 848 2118 sine
871 2091 976 2124 injusti-

188 2126 223 2154 tia
244 2134 307 2161 erga
333 2135 404 2159 cum,
431 2127 475 2161 qui
501 2127 630 2161 supplicio
654 2127 828 2158 alliciebatur,
856 2126 978 2153 humana:

186 2165 287 2193 natura:
302 2170 379 2196 opem
396 2162 526 2193 ferebant,
540 2162 607 2189 Eum
622 2162 704 2195 enim,
716 2163 759 2196 qui
773 2161 903 2189 seclcrum
914 2169 976 2189 cau-

187 2204 214 2223 sa
231 2197 360 2231 supplicio
375 2197 551 2230 afﬁciebatur,
575 2198 664 2226 vivum
686 2197 854 2224 diaserabant
870 2206 876 2223 :
895 2202 922 2224 ut
937 2197 976 2224 vi-

186 2232 306 2259 sceribus
319 2233 464 2259 etiamnum
484 2233 590 2267 agitatis
611 2240 704 2260 eorum
729 2237 849 2259 naturain
873 2233 976 2260 edisce-

186 2272 256 2294 rent.
271 2267 341 2294 Deus
355 2267 442 2301 itaque
463 2273 492 2294 ιιι
515 2268 728 2301 sapientissimus
746 2268 863 2294 medicus
883 2267 978 2300 (medi-

186 2310 235 2333 cus
248 2310 361 2336 namque
380 2307 421 2329 est
434 2303 456 2330 is
476 2303 518 2337 qui
535 2303 613 2330 dicit:
627 2303 687 2329 Non
706 2302 760 2333 veni
779 2311 866 2330 vocare
880 2303 976 2337 justas,

185 2337 231 2373 sed
246 2342 385 2372 peccatores
400 2338 434 2364 ad
449 2339 639 2372 pceuitentiam;
662 2343 698 2372 ct,
723 2338 782 2366 Non
805 2343 840 2366 est
855 2346 918 2373 apns
933 2346 977 2364 oa-

187 2372 293 2409 ientibns
307 2374 430 2409 medicus,
446 2375 489 2400 sed
503 2374 570 2400 male
584 2374 730 2400 habentibus
756 2372 912 2409 [Matt/L9.
932 2374 976 2402 15.

187 2407 250 2443 12])
266 2408 362 2441 aet-ipit
376 2409 552 2439 Pharaonem,
565 2409 620 2442 jam
635 2409 705 2436 mille
721 2407 977 2444 suppliciisdignum

186 2444 222 2469 ob
245 2444 346 2470 scelera
362 2452 408 2473 sua
422 2452 429 2470 :
446 2444 536 2472 tnultis
552 2444 622 2474 enim
637 2443 841 2471 obnoxius’crat
859 2443 976 2478 ﬂagitiis.

187 2478 305 2505 Primum
319 2479 406 2507 scelus
419 2484 476 2505 erat
497 2479 659 2512 blasphemia
673 2499 681 2511 ,
697 2479 766 2513 quod
778 2479 903 2511 dixisset,
918 2478 979 2508 Non

187 2514 243 2550 νισι-ἱ
259 2513 404 2550 Dominum.
419 2513 584 2550 Blasphemia
596 2519 652 2541 erat
664 2514 821 2549 principium
835 2514 977 2550 malorum.

186 2549 338 2577 Secundum
352 2569 358 2580 ,
374 2549 523 2576 immanitas
539 2557 600 2583 erga
618 2550 760 2583 populum,
780 2550 849 2584 quod
866 2549 978 2584 liberum

186 2591 271 2620 genus
283 2585 403 2620 servituti
425 2589 451 2612 et
472 2585 586 2620 lateritio
606 2585 679 2619 operi
703 2583 855 2612 tradidisset
880 2583 976 2620 (Exod.

187 2619 213 2646 5.
230 2619 271 2655 ‘2).
287 2619 428 2652 Tertium,
451 2619 523 2654 quod
540 2619 696 2646 innocentes
713 2627 810 2653 pueros
829 2620 854 2646 in
869 2619 978 2646 illnnine

187 2654 344 2682 sull'ocaret.
371 2655 517 2688 Quartum,
545 2655 615 2688 quod
642 2655 812 2688 praedicatum
835 2655 977 2682 Domimnu

187 2697 242 2716 non
257 2686 435 2717 revereretur.
456 2686 582 2723 Quintum
596 2710 603 2721 ,
618 2686 688 2724 quod
713 2686 839 2717 miracula
861 2691 954 2717 videns
968 2711 977 2723 ,

187 2730 280 2751 Contra
295 2726 418 2759 pietatem
435 2725 601 2759 impttdenter
613 2730 712 2759 ageret.
731 2725 818 2752 Multis
833 2726 977 2752 obnoxium

188 2760 295 2794 ﬂagitiis
311 2768 450 2787 assumens
464 2761 534 2787 Deus
545 2780 551 2792 ,
566 2765 594 2786 ιιι
613 2761 728 2795 optimus
744 2761 861 2787 medicus
872 2782 879 2793 ,
896 2761 971 2788 mira-

189 2795 257 2822 culis
270 2795 414 2825 dissecuit:
437 2804 489 2822 non
505 2796 590 2822 semel
615 2796 752 2829 plectens,
773 2801 801 2822 ut
823 2796 976 2828 occideret;

189 2838 242 2857 non
260 2831 330 2857 enim
345 2832 389 2865 qui
404 2831 538 2858 dissecant
552 2831 692 2858 confestim
706 2831 839 2864 occidunt,
856 2832 902 2858 sed
915 2832 977 2858 dmn

189 2866 308 2894 membra
321 2872 428 2899 secant,
446 2867 517 2894 lente
530 2872 621 2900 agunt,
640 2871 667 2893 ut
681 2866 798 2901 undique
811 2867 862 2893 vim
877 2872 978 2893 natura:

189 2901 354 2937 exploratam
367 2902 492 2930 habeant.
504 2902 616 2938 Subjicit
630 2902 704 2934 illum
717 2903 800 2936 ranis,
819 2907 902 2930 armat
914 2911 978 2930 con-

631 166 663 194 ΙΝ
683 165 903 194 (ΣΙΙΛΝᾹΜΕΑΜ
925 166 968 193 ΕΤ
986 165 1019 193 IN
1039 166 1259 203 PHARAONEM,
1280 168 1357 197 ETC.

1779 172 1831 202 063

1047 225 1086 249 tra
1101 221 1174 250 illum
1188 227 1330 260 extraneas
1343 224 1462 260 legiones
1473 245 1481 257 ,
1495 225 1612 259 legiones
1630 233 1773 259 ranarum,
1788 227 1830 255 Io-

1043 262 1196 294 citatarum,
1220 264 1247 286 ut
1272 259 1406 294 ingentem
1428 261 1574 294 potentiam
1598 269 1673 289 suam
1695 263 1829 290 ostendat.

1042 291 1099 318 Non
1120 293 1190 320 misit
1212 291 1334 328 angeltim
1350 295 1384 322 de
1395 291 1476 328 caelo,
1494 303 1546 323 non
1566 297 1674 324 ordines
1699 297 1831 325 Cherubi-

1041 334 1136 366 norum
1147 349 1154 361 ,
1172 336 1224 355 non
1243 329 1323 366 mittit
1344 330 1505 366 Seraphinos
1520 336 1612 359 contra
1634 332 1764 365 rebelles;
1780 333 1828 361 sed

1041 363 1185 401 ostendens
1196 365 1341 401 potentiam
1350 363 1434 398 suam,
1443 367 1676 401 apparatlegioncs
1684 363 1807 396 ranarum
1819 378 1826 396 :

1040 398 1151 437 aderant
1166 400 1299 437 exercitus
1323 398 1500 437 locustarum,
1518 398 1598 437 nullo“
1604 402 1691 435 duce;
1708 403 1754 430 scd
1780 403 1827 431 Dei

1037 433 1114 465 jussu
1135 433 1310 462 ducebantur.
1328 435 1443 463 Exibant
1456 445 1488 464 ex
1513 436 1625 464 flumine
1647 433 1718 465 rana:
1733 443 1826 466 Contra

1040 467 1084 507 Dei
1094 468 1277 507 adversarium
1292 475 1446 507 pugnatum
1458 480 1464 497 :
1481 473 1621 499 veniebant
1635 473 1744 499 locustae
1755 494 1762 505 ,
1779 482 1824 500 ra-

1040 503 1138 530 tiocinii
1150 504 1252 538 judicio
1273 503 1476 533 non’instructa:
1489 527 1496 538 ,
1519 507 1565 534 sed
1588 503 1760 535 [)ominicunt
1773 509 1825 535 im-

1039 537 1141 579 plentes
1154 537 1334 581 praeceptum.
1363 537 1533 581 Insurgit-bant
1548 542 1682 581 sciniphes
1696 549 1731 581 et_
1743 551 1826 581 cyno-

1038 575 1116 611 niyize
1139 582 1199 611 :rac
1214 575 1295 601 multa
1312 583 1378 602 nova
1394 581 1486 603 contra
1511 577 1596 611 ipsum
1618 575 1674 605 edit
1697 575 1823 607 mira'cula

1038 607 1125 641 Deus,
1139 610 1197 643 ejus
1208 611 1323 637 animam
1336 611 1472 638 dissecatis
1487 617 1512 638 et
1522 607 1642 646 probans
1655 621 1661 640 :
1677 614 1736 646 ejus
1750 622 1824 641 men-

1038 648 1089 681 t_rm
1101 646 1178 681 variis
1189 645 1273 672 modis
1286 646 1365 680 impie
1375 645 1594 680 ageiitcm,variis
1607 645 1716 681 puniens
1727 649 1822 677 nimiis.

1036 677 1070 706 Et
1081 684 1108 705 ut
1119 680 1207 717 discas
1217 681 1287 717 quod
1301 677 1370 708 Deus
1381 677 1440 708 ideo
1456 677 1528 708 illum
1541 690 1587 716 per
1600 677 1686 717 partes
1697 684 1821 716 dlssecet.

1035 718 1062 740 et
1077 721 1128 752 non
1141 715 1281 752 confestim
1293 717 1393 750 puniat,
1406 722 1433 743 ut
1449 725 1495 751 per
1511 715 1733 752 ipsum‘virtutem
1747 715 1821 746 suam

1035 750 1174 787 ostendat;
1190 751 1257 787 dicit
1266 752 1338 778 omni
1353 752 1450 779 virtute
1466 750 1558 786 pictius
1570 753 1713 787 Sapientia:
1729 754 1795 781 liber
1813 763 1820 780 :

1036 783 1097 811 Non
1110 785 1175 811 enim
1190 786 1289 812 carebat
1305 788 1415 820 potentia
1435 783 1591 821 omnipotens
1609 783 1703 815 ιιιαιιιιι
1725 794 1767 814 tua
1778 809 1784 818 .
1799 793 1822 816 et

1034 828 1090 860 ante
1103 821 1222 860 mundnm
1238 827 1380 860 creaverat,
1407 827 1486 860 atque
1508 824 1696 856 iuvestigabilis
1717 824 1823 858 sapien-

1036 856 1070 881 tia
1079 877 1086 888 ,
1102 860 1129 881 ut
1143 856 1255 891 injiceret
1268 857 1294 883 in
1305 865 1346 883 eos
1359 859 1453 891 feroces
1473 859 1556 884 leones
1567 878 1575 890 ,
1590 864 1632 884 aut
1646 866 1731 884 recens
1749 856 1822 885 erea-

1034 894 1072 916 tus
1092 892 1186 928 furore
1198 891 1285 925 plenas
1299 893 1397 927 ignotas
1413 895 1479 927 feras
1493 893 1570 927 (Sap.
1587 894 1630 920 Μ.
1642 893 1683 920 18.
1699 894 1755 928 19).
1769 894 1821 921 Sed

1033 927 1122 962 omnia
1139 926 1201 962 fecit
1222 926 1366 954 ostendens
1388 926 1549 962 patientiam
1565 935 1652 955 suam.
1679 926 1740 956 Ideo
1755 929 1820 956 dicit

1034 961 1122 998 Deus;
1142 961 1174 988 Ut
1186 962 1308 998 enarratis
1321 961 1511 997 ﬁliis’ﬁtiorunt
1524 968 1678 996 vestrorum,
1694 972 1819 998 quascum-

1032 1003 1081 1031 que
1094 995 1164 1023 illusi
1188 996 1317 1032 Egyptiia
1332 995 1429 1032 (Exod.
1445 998 1486 1025 iO.
1508 998 1549 1032 2).
1573 995 1736 1026 Pharaonem
1754 1007 1822 1032 ergo

1033 1032 1106 1068 mille
1122 1032 1258 1066 suppliciis
1275 1033 1382 1067 dignum
1404 1034 1478 1068 punit
1493 1034 1561 1061 Deus
1573 1053 1581 1066 ,
1596 1039 1622 1061 et
1634 1034 1697 1061 dicit
1711 1035 1746 1062 illi
1763 1043 1769 1060 :
1787 1032 1820 1062 in

1033 1066 1079 1093 Itoc
1099 1067 1181 1102 ipsum
1205 1066 1322 1094 suscitari
1334 1074 1370 1100 te,
1385 1066 1412 1094 ut
1431 1068 1584 1096 ostenderent
1598 1069 1624 1095 in
1645 1074 1667 1096 te
1685 1070 1821 1103 potentium

1032 1110 1131 1135 nteant,
1147 1108 1170 1129 et
1183 1104 1375 1129 annnntiaretur
1387 1112 1477 1130 nomen
1491 1112 1573 1130 meum
1583 1105 1609 1130 in
1620 1105 1736 1131 universa
1751 1110 1819 1132 terra

1033 1136 1121 1175 (_I_lom.
1137 1137 1164 1175 ιι.
1181 1138 1227 1172 1⁵1)
1241 1147 1249 1164 :
1266 1143 1293 1164 ut
1314 1146 1361 1172 per
1375 1145 1399 1166 te
1413 1139 1478 1166 alios
1492 1139 1653 1166 lucrifaciam
1667 1159 1674 1172 ,
1690 1144 1718 1166 ut
1732 1148 1778 1175 per
1795 1145 1820 1168 te

1031 1172 1098 1200 alios
1121 1173 1154 1199 ad
1179 1181 1269 1199 sanam
1294 1179 1409 1200 mentem
1426 1182 1548 1202 revocem
1561 1194 1568 1207 ,
1586 1180 1614 1201 ut
1628 1182 1675 1208 per
1701 1172 1738 1202 tc'
1750 1175 1818 1203 alios

1031 1208 1170 1245 castigem.
1192 1209 1224 1235 Et
1237 1213 1265 1235 ut
1278 1208 1364 1235 discas
1376 1229 1382 1238 .
1398 1214 1527 1243 quantum
1543 1210 1603 1236 aliis
1619 1209 1746 1243 profuerit
1760 1211 1820 1245 eius

1031 1241 1175 1280 dissectio,
1198 1245 1250 1270 vim
1273 1241 1418 1280 Scriptura:
1441 1245 1541 1279 accipe.
1568 1241 1653 1279 Rapta
1676 1241 1819 1280 aliqttatitlo

1031 1279 1080 1306 fuit
1097 1278 1143 1305 Dei
1158 1286 1219 1305 arca
1231 1279 1265 1306 ab
1276 1279 1444 1313 alienigenis.
1457 1284 1484 1306 et
1496 1278 1624 1307 venerunt
1639 1286 1712 1308 vates
1722 1278 1819 1309 omnes

1031 1321 1062 1340 ac
1077 1314 1135 1340 falsi
1152 1313 1288 1348 propheta:
1301 1335 1308 1347 ,
1325 1314 1503 1349 dicebantque
1528 1323 1556 1342 rc
1577 1316 1635 1342 ibus
1657 1316 1820 1350 alienigena-

1032 1357 1090 1375 rum
1109 1357 1115 1375 :
1131 1348 1284 1376 Emittamus
1305 1358 1390 1376 arcam
1414 1350 1459 1376 Dei
1483 1323 1592 1376 lsraefa
1611 1350 1699 1376 nobis.
1713 1359 1769 1376 ante
1782 1357 1819 1376 ut

1032 1357 1090 1375 rttm
1109 1357 1115 1375 :
1131 1348 1284 1376 Emittamus
1305 1358 1390 1377 aream
1414 1348 1465 1376 Dei
1483 1348 1569 1377 Israel
1577 1359 1592 1376 a
1611 1350 1699 1383 nobis,
1713 1348 1769 1385 qn'ie
1782 1357 1819 1378 eu

1031 1393 1119 1424 manus
1133 1385 1271 1446 cjns|fortis
1292 1385 1328 1446 (l.
1343 1385 1403 1426 Heg.
1462 1385 1487 1412 7.
1502 1387 1566 1426 etii.
1582 1391 1606 1413 et
1619 1385 1646 1412 6.
1662 1386 1709 1427 β).
1724 1386 1818 1414 Nesci~

1031 1424 1064 1446 Its
1081 1424 1177 1446 quanta
1199 1425 1282 1446 eccrit
1307 1423 1422 1446 )omtntts
1433 1419 1582 1446 Ainvntns?
1595 1421 1649 1446 Cur
1663 1421 1818 1446 tndnramns

1031 1419 1064 1446 tis
1081 1424 1177 1457 quanta
1190 1419 1282 1447 fecerit
1296 1419 1422 1457 Dominus
1433 1419 1649 1457 digyptiis?‘Cur
1663 1419 1818 1450 induramus

1030 1455 1112 1492 corda
1127 1460 1217 1481 nostra
1229 1475 1236 1486 ,
1253 1460 1286 1492 ut
1296 1455 1428 1482 induravit
1445 1455 1567 1483 Pharao?
1582 1455 1604 1483 0
1621 1457 1731 1490 probam
1750 1465 1817 1492 gen-

1031 1490 1114 1517 tilium
1130 1491 1262 1517 mentem!
1277 1490 1408 1527 itevercre
1423 1496 1450 1518 tu
1461 1511 1468 1523 ,
1481 1491 1528 1527 qui
1536 1491 1710 1522 eontradicis,
1724 1490 1819 1519 alieni-

1029 1533 1158 1562 genarum
1172 1533 1262 1553 voces.
1278 1525 1315 1553 Ne
1328 1525 1498 1562 induremns;
1514 1526 1638 1554 dicebant
1651 1527 1817 1562 alienigente,

1030 1560 1110 1597 corda
1126 1565 1215 1587 nostra
1227 1581 1234 1593 ,
1251 1567 1278 1587 ut
1292 1561 1424 1588 induravit
1445 1562 1516 1588 Dcus
1531 1569 1577 1588 cor
1590 1560 1747 1590 Pharaonis.
1765 1562 1817 1597 Ipsi

1031 1596 1162 1624 Pharaoni
1176 1597 1357 1631 stupiditatem
1371 1605 1446 1625 suam
1461 1597 1658 1624 adscrihehant.
1673 1598 1727 1625 Cur
1741 1598 1818 1626 indu-

1030 1639 1120 1658 remus
1132 1631 1213 1658 corda
1230 1636 1318 1659 nostra
1331 1652 1338 1665 ,
1361 1633 1430 1660 sicut
1444 1632 1576 1659 induravit
1591 1632 1714 1660 Pharao?
1727 1641 1817 1660 annon

1030 1674 1090 1693 cum
1116 1667 1259 1694 illudebant
1284 1667 1342 1699 eis,
1360 1672 1421 1694 tunc
1448 1668 1572 1702 populum
1588 1667 1769 1696 dimiserunt?
1786 1669 1819 1696 Et

1030 1710 1101 1730 nunc
1115 1703 1197 1729 Deum
1212 1702 1288 1729 nobis
1309 1703 1455 1737 propitiutn
1470 1703 1623 1730 reddamus.
1644 1702 1672 1731 In
1686 1704 1735 1730 alia
1748 1712 1817 1738 quo-

1030 1745 1082 1799 auc
1095 1738 1338 1770 castrametatione,
1353 1738 1396 1765 ubi
1408 1738 1531 1765 viderunt
1545 1745 1634 1765 arcam
1648 1738 1816 1774 alienigena),

1051 1774 1156 1799 ixcrunt
1169 1781 1176 1799 :
1198 1772 1241 1799 Va:
1252 1774 1322 1799 nobis
1334 1773 1344 1799 .'
1361 1773 1403 1799 hic
1417 1778 1457 1799 est
1472 1774 1542 1799 Detts
1564 1773 1609 1799 ille
1629 1774 1742 1799 acerbus
1752 1794 1758 1799 .
1772 1775 1816 1799 ηιιί

1051 1774 1176 1800 ixcrunt:
1195 1772 1241 1809 [re
1252 1774 1322 1799 nobis
1334 1773 1344 1801 .¹
1361 1773 1403 1809 hic
1417 1778 1457 1800 est
1472 1774 1542 1801 Deus
1564 1773 1609 1801 ille
1629 1772 1758 1809 acerbus,
1772 1775 1817 1809 qui

1030 1809 1161 1845 percussit
1183 1808 1327 1845 Egyptum
1349 1808 1435 1845 (Ibid.
1455 1809 1615 1845 4.8)._Va:
1635 1808 1728 1835 nobis!
1753 1808 1818 1837 erue

1029 1852 1094 1875 nos,
1112 1844 1233 1870 Domine.
1251 1843 1358 1876 Videte,
1373 1843 1506 1878 quomodo
1523 1843 1635 1872 velante
1649 1845 1817 1878 experimen-

1031 1883 1085 1905 tnm
1102 1879 1204 1906 Pharao
1217 1899 1224 1912 ,
1241 1884 1268 1905 ut
1282 1883 1406 1913 saperent
1419 1879 1517 1907 ell'ecit.
1536 1879 1598 1906 llmc
1614 1879 1731 1906 clamant
1753 1880 1818 1906 alie-

1031 1915 1143 1948 nigcnm.
1160 1915 1216 1941 Alia
1229 1922 1336 1948 quoque
1353 1915 1448 1941 mulier
1459 1914 1608 1949 alienigena
1620 1935 1626 1945 ,
1649 1914 1742 1943 Itahab
1755 1916 1818 1942 olint

1030 1950 1167 1981 meretrix,
1180 1957 1250 1977 nunc
1266 1955 1417 1983 temperans
1428 1970 1435 1982 ,
1451 1949 1494 1976 illa
1507 1950 1621 1977 celebris
1640 1951 1818 1984 exploratori-

1030 1985 1079 2011 bus
1091 1985 1156 2020 dicit
1170 1993 1176 2011 :
1192 1985 1296 2011 Scimus
1309 1993 1368 2018 qua:
1388 1985 1481 2011 fecerit
1507 1985 1633 2011 Dominus
1649 1987 1718 2011 Deus
1733 1984 1818 2020 Egy-

1031 2020 1090 2054 ptiis
1102 2040 1109 2050 ,
1127 2019 1158 2046 Et
1179 2019 1321 2046 audiuimus
1332 2040 1339 2052 ,
1353 2025 1377 2046 et
1400 2019 1561 2047 [inmiti/unm
1574 2024 1611 2046 est
1626 2028 1669 2046 cor
1685 2019 1798 2046 nostrum
1809 2039 1817 2049 .

1029 2060 1052 2080 et
1066 2063 1115 2081 non
1136 2055 1239 2081 relictus
1254 2059 1289 2080 est
1304 2055 1329 2080 in
1344 2055 1415 2081 nobis
1436 2055 1556 2089 spiritus,
1570 2054 1629 2089 quia
1650 2054 1719 2081 Deus
1740 2059 1818 2081 vester

1029 2098 1135 2125 magnus
1147 2089 1202 2123 ipse
1214 2090 1241 2125 in
1256 2090 1318 2125 ca'lo
1337 2097 1450 2120 sui-sunt,
1466 2095 1489 2116 et
1502 2090 1528 2116 in
1541 2095 1607 2116 terra
1620 2090 1737 2116 deorsum
1748 2089 1817 2123 (Jus.

1028 2125 1055 2151 2.
1073 2124 1116 2153 to.
1135 2125 1189 2160 li).
1212 2124 1304 2152 Vidcn‘
1320 2133 1371 2150 non
1396 2125 1501 2151 mentiri
1526 2125 1609 2152 Deum
1621 2146 1629 2158 ,
1645 2133 1706 2152 cum
1729 2125 1793 2151 dicit
1810 2133 1816 2152 :

1029 2160 1061 2187 In
1073 2161 1119 2188 ltoc
1132 2160 1247 2187 sttscituvi
1260 2165 1293 2192 te,
1306 2164 1332 2186 ut
1343 2160 1498 2186 ostenderent
1508 2160 1534 2186 in
1546 2165 1568 2186 te
1577 2161 1712 2194 polentimn
1725 2167 1817 2192 meum,

1029 2201 1051 2223 et
1065 2196 1256 2222 annnntiarctur
1270 2202 1362 2222 nomen
1375 2203 1457 2221 meum
1470 2195 1495 2221 in
1510 2195 1625 2221 universa
1640 2201 1706 2222 terra
1719 2195 1731 2222 7
1745 2195 1820 2222 Finis

1028 2237 1117 2258 autem
1141 2231 1294 2266 apostolica:
1313 2230 1459 2261 doctrinm,
1477 2230 1535 2266 linis
1548 2231 1582 2257 sit
1595 2238 1749 2257 sermonum
1772 2237 1820 2257 no-

1029 2265 1238 2294 strorum.'Dicit
1250 2266 1348 2293 Paulus
1360 2274 1367 2292 :
1381 2265 1454 2298 Quod
1470 2266 1491 2292 si
1513 2265 1581 2293 Deus
1598 2266 1682 2293 volens
1691 2267 1820 2293 ostendere

1029 2302 1110 2334 iram,
1125 2307 1147 2328 et
1165 2306 1250 2328 notam
1264 2301 1349 2336 facere
1369 2301 1504 2336 potentiam
1519 2309 1594 2327 suam
1604 2322 1610 2330 ,
1624 2302 1742 2327 siutinuit
1754 2301 1820 2327 iram

1028 2338 1055 2364 in
1069 2345 1128 2364 uasa
1139 2337 1219 2365 irwin
1233 2335 1314 2364 mitlta
1329 2336 1448 2370 patientia
1461 2335 1547 2372 (Itoni.
1565 2337 1592 2364 9.
1608 2336 1666 2371 ‘22).
1683 2336 1739 2363 Non
1753 2336 1819 2372 sim-

1030 2373 1135 2407 pliciter
1154 2373 1238 2404 dixil,
1259 2372 1364 2400 Iuduxit
1386 2372 1470 2402 iram.
1492 2371 1538 2407 sed
1551 2391 1558 2403 ,
1576 2372 1602 2398 In
1625 2372 1698 2398 illum
1717 2373 1761 2406 qui
1781 2371 1819 2398 ira

1030 2406 1125 2442 dignus
1138 2413 1204 2435 erat.
1219 2408 1288 2441 Quid
1302 2408 1372 2435 enitn
1389 2407 1474 2434 dixit?
1497 2406 1624 2433 Sustinuit
1638 2407 1665 2433 in
1682 2408 1762 2434 multa
1775 2415 1820 2440 pa-

1030 2443 1116 2470 tientia
1127 2443 1190 2469 iram
1203 2444 1229 2469 in
1242 2451 1301 2470 vasa
1319 2443 1374 2470 iraa.
1399 2442 1465 2469 Nam
1486 2447 1514 2469 ut
1528 2447 1554 2469 tu
1575 2442 1661 2473 nosti,
1682 2450 1744 2471 vere
1757 2442 1821 2468 dicit

1021 2476 1167 2512 Apostolus
1179 2487 1185 2504 :
1199 2478 1239 2505 De
1251 2484 1355 2508 cetera,
1366 2478 1460 2513 fratres
1472 2498 1479 2508 η
1493 2477 1683 2513 confortantini,
1702 2477 1822 2513 corrobof

1029 2511 1131 2546 rainini,
1142 2515 1242 2548 perfecti
1254 2518 1330 2553 estote
1338 2512 1477 2553 (λήψεις-6.
1488 2512 1530 2540 10.
1538 2511 1740 2553 ἐιβκϐοντιιιόκὶί
1748 2512 1782 2553 1)¹Δ

1029 2554 1117 2575 autem
1127 2556 1158 2576 ex
1168 2546 1259 2576 natura
1272 2546 1380 2583 perfecti
1390 2555 1542 2579 sumus,cur
1552 2548 1617 2575 dicis
1624 2547 1700 2579 mihi,
1712 2546 1821 2582 Per/ceti

1028 2589 1106 2612 estote
1116 2584 1128 2611 ?
1140 2583 1217 2611 Certe
1230 2582 1373 2619 perfectum
1383 2590 1453 2616 esse,
1467 2584 1490 2609 id
1500 2587 1551 2614 est,
1563 2591 1595 2610 cx
1607 2582 1725 2610 moribus
1736 2590 1765 2609 se
1779 2583 1820 2609 di-

1029 2627 1108 2654 gnum
1121 2618 1242 2646 reddere.
1264 2619 1349 2654 Ipsam
1357 2625 1450 2654 rerum,
1464 2623 1584 2644 naturam
1608 2622 1704 2654 testem
1719 2618 1821 2652 accipe.

1031 2653 1128 2682 Lanam
1139 2655 1189 2681 fert
1198 2659 1301 2686 natura,
1311 2654 1437 2681 mulieres
1446 2653 1516 2680 illam
1525 2653 1674 2687 perliciunt.
1685 2653 1755 2680 Sane
1767 2661 1822 2687 per-

1030 2691 1169 2717 fectionem
1188 2694 1284 2716 vocant
1298 2690 1381 2724 ipsam
1397 2694 1539 2720 texturam,
1549 2689 1635 2722 ipsum
1652 2696 1730 2723 opus.
1747 2689 1822 2716 Sient

1030 2733 1093 2759 ergo
1107 2730 1199 2752 natura
1213 2723 1442 2759 lanam’producit
1453 2744 1461 2757 ,
1477 2731 1520 2750 ars
1534 2731 1598 2750 vero
1614 2731 1669 2750 rem
1693 2731 1707 2752 a
1728 2729 1822 2750 natuia

1031 2761 1183 2795 productam
1198 2760 1321 2794 perfecit:
1332 2760 1367 2786 ita
1382 2759 1451 2795 Deus
1462 2759 1506 2793 qui
1523 2763 1643 2785 naturain
1657 2759 1822 2790 cll'urmavit,

1030 2794 1101 2823 illam
1115 2795 1241 2822 voluntati
1259 2795 1376 2822 tradidit.
1395 2794 1467 2821 Lana
1483 2798 1524 2821 est
1535 2799 1627 2820 natura
1640 2798 1746 2821 nostra:
1761 2795 1786 2821 in
1797 2800 1824 2821 te

1031 2837 1070 2858 est
1082 2839 1115 2857 ex
1128 2838 1158 2857 ea
1172 2830 1279 2857 cfticcre
1289 2836 1334 2857 aut
1346 2837 1391 2856 vas
1402 2830 1522 2862 honoris,
1532 2834 1578 2856 aut
1588 2837 1634 2856 vas
1642 2830 1824 2857 contumeliae.

1031 2866 1139 2893 Tinctor
1165 2873 1209 2898 es,
1234 2866 1359 2900 acet-pisti
1383 2872 1397 2890 a
1427 2870 1520 2892 natura
1553 2864 1641 2891 lanam
1658 2885 1666 2897 ,
1696 2865 1823 2900 accepisti

1034 2903 1198 2938 propositum
1220 2902 1295 2937 quasi
1311 2902 1456 2928 tincturam
1478 2900 1633 2936 quamdam.
1650 2900 1697 2928 \lis
1718 2901 1823 2936 tingue
