2067 3119
305 142 352 170 671

306 201 371 227 cnim
385 198 453 233 quod
467 197 521 223 vnio
537 196 601 228 {acia
614 195 742 233 (ηοω-7.
757 194 854 233 15).λιιι
867 193 948 220 semel
962 192 1094 233 venditus,

309 228 396 269 neque
409 233 486 269 quod
490 232 552 269 volo
571 238 678 265 operor.
695 231 761 269 ll_:i-c_
770 231 850 269 verba
873 236 977 269 servum
991 228 1096 269 decent.

306 263 381 297 Sicut
393 263 464 295 enim
481 267 525 294 ille
541 263 596 293 non
607 274 666 300 qua:
680 266 735 293 vult
750 265 822 295 facit,
836 264 883 291 sed
898 272 957 300 quze
967 263 1076 298 jubetttr
1089 272 1096 290 :

307 307 346 332 sic
361 307 440 330 homo
461 310 512 328 non
537 299 650 328 habebat
674 306 832 336 potestatem
853 299 966 326 faciendi
990 306 1020 326 ea
1037 307 1096 336 qua:

307 340 397 369 vellet.
414 338 460 366 sed
476 345 490 364 a
505 341 613 371 peccato
635 334 786 370 jubebatur.
803 335 861 363 Jam
876 335 947 362 enini
970 334 1098 371 regnabat

308 380 445 409 peccatum
461 383 467 399 :
485 369 549 409 Regi
563 369 793 409 vero’euntradici
815 379 867 398 non
887 369 1098 409 poterat._Vt-n-

308 404 379 437 ilitus
394 417 457 443 ergo
471 404 634 438 et'at'hntno,
650 407 829 443 nouﬂl’aulus.
847 406 893 443 sed
908 406 994 443 imago
1009 404 1094 431 homi-

308 446 359 476 liis,
377 441 530 478 ﬁgmentum
545 443 687 480 libertatis.
704 442 737 470 Ut
759 441 999 480 p:i_ucis_al_tso_lvat_n
1011 447 1095 480 ξἰτυιιι

307 475 444 507 servitutis
460 487 507 513 per
527 479 579 505 vim
603 478 717 504 inducite
739 477 821 504 mttlta
848 476 947 513 iudicia
968 475 1098 506 dedisset,

308 515 446 550 sultjttnxit
461 511 466 540 Ξ
484 514 619 550 ΔΙὶέιρσννρῃο
630 514 716 550 Itonia,
729 513 784 550 quis
797 521 836 550 me
846 511 957 550 liberabit
968 519 983 537 a
993 518 1099 550 corpora

310 545 397 577 mor'tis
410 550 487 583 liuius
503 545 630 584 (lbidfv.
644 548 710 582 24)?
729 547 820 573 Viden'
839 546 976 584 quutllt)d_0_
998 545 1100 584 induxit

309 581 455 616 hominem,
471 581 545 619 quasi
563 584 658 611 acerba
671 583 799 610 servitute
812 587 840 609 et
855 581 994 619 tyrannide
1008 581 1099 614 exagi-

309 626 392 648 tatutn
405 641 413 653 ,
435 616 486 655 qni
495 620 649 655 servitutem
665 623 790 655 excutere
809 621 913 655 op_ta_r_e_t
925 637 932 648 ,
950 616 1099 655 libertatein

308 651 452 691 qttmreret:
468 660 493 682 et
509 654 667 691 beneﬁcium
685 652 942 691 postularetibliser
956 651 1097 691 ego/tanto,

326 692 364 718 uis
378 700 417 718 me
429 690 561 718 liberabit?
576 689 640 722 Quis
655 686 763 715 veniet?
788 687 892 715 Gratias
914 695 962 721 ago
987 686 1040 722 Deo
1055 695 1100 722 per

335 728 447 753 ominum
457 731 569 753 nostrum
586 721 673 751 desum
688 723 815 751 Christum
831 723 841 758 (
856 722 923 750 Ibid.
939 730 962 748 υ.
982 721 1017 748 25
1030 722 1050 756 ).
1068 721 1101 758 Ut

308 762 432 790 ostendat
447 761 503 793 libi,
520 760 590 794 quod
606 759 742 786 venditum
759 764 869 794 peccato
883 758 955 786 dicat
968 765 1045 794 eum,
1055 757 1100 791 qui

308 797 452 832 aliquando
465 792 515 823 sub
529 792 589 830 lege
604 795 681 832 erat?
696 792 794 832 liberos
809 798 898 832 autem
913 801 928 820 a
944 792 1100 832 venditione

310 828 369 865 cos',
382 833 428 867 qtti
445 839 492 866 per
507 828 688 865 evangelicum
699 830 814 867 gratiam
827 828 960 867 redempti
981 828 1099 867 fuerant,

308 862 374 895 dicit
387 862 398 894 ε’
410 862 488 902 Miser
497 875 542 902 ego
563 862 647 898 homo,
662 862 770 902 quiante
783 865 896 902 liberabit
907 863 919 890 ?
932 862 1034 902 Grgtias
1052 871 1100 902 ago

310 903 363 929 Deo
378 911 422 937 per
436 898 571 928 Domiimm
584 898 801 937 nostrumdesuin
810 899 950 937 ‘Chrt’stum.
959 898 1102 937 liberavit

309 946 352 964 me
375 933 388 964 ξι
407 938 463 971 lege
477 937 586 970 peccati.
603 935 656 963 Leo:
666 935 730 962 enim
744 935 857 971 Spiritus
880 935 936 961 uiue
956 933 982 971 in
1002 933 1101 971 Christo

309 972 371 1000 Jesu
385 968 499 1000 liberavit
514 980 553 998 me
563 971 644 1004 (Ibid.
661 971 686 998 ὖ.
705 971 743 1003 l).
758 970 851 997 Viden’
863 968 997 1005 quomodo
1012 969 1099 1005 homi-

310 1017 371 1036 nem
385 1013 411 1036 ct
425 1003 604 1034 liberatum'et
618 1006 777 1034 servientem
792 1003 912 1040 induxit?
923 1004 1013 1039 Neque
1027 1003 1102 1040 dese

310 1047 412 1070 tantum
427 1042 552 1077 loquitur.
569 1041 615 1068 srd
636 1041 756 1077 deomni
773 1039 888 1077 humana
901 1044 995 1077 natura
1005 1039 1099 1077 _simul.

309 1078 363 1105 Lex
381 1079 447 1105 enim
463 1075 579 1112 Spiritus
600 1077 658 1104 ritw
670 1076 696 1103 in
715 1075 887 1112 Citristoiesu
908 1075 1021 1112 liberavit
1037 1083 1075 1112 me
1086 1083 1102 1101 a

309 1114 362 1149 lege
371 1114 472 1153 peccati
483 1109 513 1153 et.
523 1113 625 1153 ninrlis.
641 1112 673 1153 ιεξι
686 1111 820 1153 quomodo
833 1110 1016 1153 liberattts'es?
1031 1109 1102 1136 Nam

309 1146 381 1184 quod
399 1148 553 1184 impossibile
572 1152 625 1184 erat
651 1146 710 1184 legi,
732 1147 757 1173 in
783 1154 840 1184 quo
855 1146 1031 1184 i_nﬁr_mabatur
1057 1153 1102 1180 per

309 1181 410 1211 carnem
421 1181 539 1219 (lbidrv.
550 1183 592 1219 3).,
603 1183 669 1216 Quia
677 1181 723 1209 lex
735 1181 905 1216 praecipiebat
913 1181 1024 1219 bonum,
1037 1187 1102 1207 caro

309 1224 400 1246 autem
414 1216 467 1246 non
489 1216 642 1249 obedii-hat,
657 1222 748 1252 utpote
772 1221 882 1252 peccato
904 1216 1027 1248 vendita;
1043 1223 1103 1252 qua:

310 1262 363 1295 non
377 1255 464 1295 potuit
484 1254 525 1294 lex
544 1253 651 1280 efﬁcere
665 1258 780 1295 propter.
797 1251 989 1295 inﬁrmitatem.
1001 1251 1101 1291 carnis,

311 1287 398 1317 ell‘ecii
411 1296 460 1325 per
475 1289 600 1325 virtutem
619 1288 707 1325 carnis
719 1287 828 1325 Christi.
843 1287 909 1314 Nam
922 1287 989 1325 quod
1000 1287 1102 1325 impos-

311 1324 382 1352 sibile
401 1321 453 1351 erat
468 1324 526 1359 legi,
539 1324 565 1350 in
585 1331 633 1358 quo
648 1323 838 1356 inﬁrmabatur,
853 1321 954 1359 propter
964 1321 1102 1359 infirmita-

312 1365 360 1387 tem
372 1360 455 1387 carnis
469 1356 532 1394 (ιῖυιι
553 1356 623 1394 cuitu
641 1365 687 1393 per
705 1359 820 1394 seipsatn
840 1358 881 1385 lex
897 1356 1101 1394 iulirmabaiutj,

310 1395 357 1422 sed
370 1403 416 1430 per
430 1391 565 1430 carnem);
583 1391 652 1420 Deus
667 1391 767 1430 mitteris
781 1392 805 1419 F
806 1393 876 1430 ilium
888 1400 961 1420 suum
976 1393 1001 1430 in
1012 1391 1103 1418 simili—

311 1428 423 1457 tudinem
437 1429 520 1457 carnis
533 1428 637 1464 peccati,
649 1428 822 1456 condemnavit
833 1433 962 1461 peccatum
976 1428 1002 1454 in
1015 1435 1102 1459 carne,

313 1471 340 1492 ut
349 1465 500 1501 justi/ientio
509 1464 574 1501 legis
596 1463 741 1501 impleretur
759 1464 885 1501 intrabis,
902 1471 954 1501 non
966 1463 1104 1501 secundum

312 1497 622 1531 carnemambulantibus,
633 1497 681 1526 sed
696 1499 833 1526 secundum
846 1498 963 1533 spiritum
982 1497 1062 1534 (Ibid.
1078 1506 1102 1524 υ.

312 1537 354 1574 υτ
368 1536 413 1574 ι)ςὶ
435 1537 514 1574 igitur
524 1535 617 1569 gratia:
639 1534 762 1574 tribuitur
780 1534 957 1574 quaestionum
985 1533 1083 1560 solutio
1095 1551 1104 1566 ,

311 1569 371 1607 quia
386 1569 552 1607 Pauhtsltrec
569 1577 620 1597 non
635 1570 668 1597 de
683 1577 712 1597 se
725 1569 853 1607 loquitur,
865 1576 951 1607 neque
965 1575 1040 1595 suam
1056 1575 1102 1595 ea-

313 1604 457 1634 liuuniaiur
483 1606 644 1637 libertatem,
671 1612 725 1632 non
747 1605 864 1639 seipsutn
891 1604 942 1631 sub
965 1609 1102 1637 peccatum

312 1643 396 1677 ponit,
409 1649 495 1676 neque
508 1650 537 1669 se
551 1640 715 1677 spiritualeut
729 1644 756 1667 et
768 1639 903 1677 carnalem
923 1639 1040 1677 inducit;
1056 1639 1103 1666 sed

311 1674 395 1705 verbo
408 1674 528 1704 exhibuit
541 1674 588 1704 ceu
600 1676 625 1703 in
638 1675 753 1710 imagine
768 1675 900 1702 hominem
915 1674 1103 1708 utantelegem

311 1717 380 1746 erat,
393 1717 421 1739 ιιι
435 1713 459 1739 in
475 1713 532 1747 lege
543 1732 549 1743 ,
567 1717 594 1738 ιιι
609 1717 668 1745 post.
681 1711 803 1747 gratiam.
823 1710 921 1737 Deinde
941 1710 967 1747 in
982 1710 1103 1747 notitiam

311 1748 425 1780 induxit,
442 1745 586 1782 quisi-sset
608 1745 691 1782 homo
707 1751 769 1773 ante
784 1746 886 1780 legem,
909 1745 969 1782 quis
978 1746 1016 1782 _in
1035 1745 1102 1782 lege.

311 1783 371 1819 quis
383 1787 443 1817 post
450 1779 650 1819 wlibertatemin
658 1781 771 1819 Christo
784 1779 940 1819 acquisitam
950 1779 1041 1819 ’ἔρξαι
1055 1779 1103 1806 Fi-

312 1816 460 1845 liuinsuum
475 1818 543 1843 misit
553 1817 580 1843 in
594 1816 784 1843 similitudinem
797 1817 881 1842 carnis
896 1816 1001 1849 pecca’ti.

347 1853 376 1880 5.
405 1852 453 1880 llic
474 1852 586 1878 solvitur
609 1852 661 1878 alia
684 1851 806 1886 questio.
832 1851 929 1878 Dicunt
953 1850 1028 1886 enini
1051 1857 1104 1878 non

311 1887 510 1922 Apollinaristte
535 1891 648 1919 tantum,
668 1887 715 1914 sed
740 1886 820 1912 ctiam
843 1886 935 1913 Ariani
961 1891 988 1922 et
1010 1885 1102 1912 Euno-

312 1921 404 1955 miani,
421 1922 591 1949 Servaiorem
607 1929 714 1949 carnem
727 1925 828 1948 tantum
842 1921 1035 1955 assumpsisse,
1051 1929 1104 1948 non

312 1959 428 1985 animam
444 1957 492 1993 (ιι).
508 1958 538 1984 Et
549 1957 593 1993 alii
605 1957 712 1992 quidem
726 1957 845 1993 argutius
853 1955 989 1989 dixerunt,
1002 1963 1105 1983 assum-

312 1994 398 2028 psisse
412 1992 530 2019 animum
543 1992 601 2019 sine
616 1997 716 2024 mente,
730 1992 774 2028 alii
788 1999 895 2028 carnem
909 1996 1032 2028 tantum.
1056 1992 1105 2018 De-

313 2026 491 2056 inunstrattun
514 2032 603 2055 autem
626 2035 641 2054 ιι
661 2027 739 2054 nobis
762 2026 809 2053 iuit
831 2026 856 2054 in
876 2027 957 2061 priori
976 2027 1106 2054 concione

312 2064 401 2092 solere
423 2063 588 2098 Scripturam
611 2062 747 2090 hominem
769 2062 804 2089 ita
825 2069 1051 2098 commemorare,
1077 2067 1106 2090 ut

312 2099 448 2126 hominem
475 2102 551 2126 vocet
575 2098 646 2125 illitis
667 2103 778 2132 parietn.
801 2097 952 2132 Aliquando
976 2097 1048 2124 enim
1071 2105 1105 2125 ex

312 2142 394 2162 carne
409 2139 492 2161 totum
514 2133 650 2161 hominem
665 2137 763 2160 vocat:
779 2132 819 2159 Ad
838 2138 862 2159 te
882 2133 963 2159 omnis
981 2141 1040 2159 cara
1062 2140 1106 2160 ve-

313 2171 363 2196 niet
376 2169 460 2206 (Psal.
477 2169 522 2196 64.
539 2169 580 2206 5)ν;
598 2169 624 2196 id
638 2172 689 2206 est,
705 2168 792 2196 omnis
808 2168 902 2206 homo;
918 2168 1060 2206 aliquando
1073 2176 1106 2195 ex

313 2203 400 2232 anima
413 2226 421 2237 ,
439 2209 467 2231 ut
481 2212 540 2231 emn
556 2204 620 2230 dicit
637 2212 642 2230 :
656 2203 689 2238 In
708 2204 867 2237 septuaginta
882 2204 991 2238 quinque
1005 2204 1105 2230 anima-

314 2241 358 2266 bus
369 2240 494 2267 descendit
506 2239 586 2266 Iacob
601 2241 626 2265 in
641 2237 784 2273 Egyptian
807 2240 815 2272 (
830 2238 887 2264 Act.
915 2239 942 2264 7.
961 2239 1004 2265 Η.
1029 2239 1062 2266 15
1075 2239 1084 2273 )
1097 2246 1104 2271 ;

314 2275 457 2308 aliquando
470 2282 485 2301 a
500 2275 595 2306 Spiritu
611 2282 617 2300 2
630 2275 678 2303 sic.
695 2273 786 2299 Unmis
799 2273 904 2307 spiritus
917 2273 1002 2300 laudet
1020 2273 1106 2300 Denti-

314 2307 376 2335 num
389 2309 478 2344 (Psal.
493 2309 553 2336 150.
569 2309 607 2343 6).
623 2307 741 2344 Ostende
761 2308 855 2344 igitur,
870 2308 977 2335 ubinam
997 2316 1105 2336 carnem

315 2349 392 2370 vocet
412 2344 549 2378 Scriptura
565 2351 624 2371 eam
635 2363 642 2374 ,
661 2350 720 2377 qua:
737 2343 880 2370 inanitnaia
893 2348 934 2371 est
949 2352 956 2370 :
972 2352 1031 2370 nam
1046 2352 1106 2372 cuin

315 2379 382 2407 obiit
396 2377 484 2410 homo,
512 2387 563 2405 non
585 2379 639 2412 jam
657 2385 720 2405 caro
731 2377 828 2405 dicitur
839 2399 846 2411 ,
864 2378 910 2405 sed
923 2386 1020 2414 corpus
1033 2387 1106 2406 mor-

316 2420 400 2441 tuum.
416 2415 499 2441 Nemo
513 2421 637 2447 umquam
657 2418 790 2440 mortuum
804 2422 911 2440 carnem
926 2416 1044 2447 voravit,
1059 2414 1106 2442 sed

315 2456 413 2483 corpus
426 2453 572 2476 mortuum.
585 2448 714 2482 Quamdiu
730 2449 800 2475 enim
813 2450 944 2477 vivilicani
960 2450 1011 2476 vitii
1027 2450 1107 2477 habet

315 2489 343 2512 et
357 2485 431 2516 vivit,
444 2491 506 2510 caro
524 2489 651 2514 vocatur;
668 2489 770 2510 mortua
793 2489 892 2517 autent,
908 2492 970 2512 Caro
984 2493 1036 2512 non
1057 2493 1106 2519 ap-

315 2519 439 2554 pellaiur,
452 2519 499 2546 sed
513 2526 610 2553 Corpus
624 2519 730 2545 dicitur.
752 2519 854 2554 Corpus
866 2525 956 2547 autem
972 2525 1013 2547 est
1024 2541 1031 2553 ,
1049 2521 1106 2547 ina-

316 2556 444 2582 nimatam
458 2561 537 2581 omne
550 2563 555 2580 ε
571 2554 638 2588 lapis
649 2561 745 2588 corpus
757 2560 808 2588 est,
823 2555 939 2589 itemque
950 2555 1050 2590 lignum
1061 2564 1068 2588 ;
1081 2560 1108 2583 et

315 2589 426 2624 spiritus
439 2589 525 2616 anima
540 2597 644 2622 carens,
661 2597 758 2624 corpus
772 2590 878 2617 dicitur.
895 2590 939 2618 Dic
953 2589 1017 2618 vero
1030 2591 1105 2624 milii,

315 2631 363 2652 cur
376 2632 430 2652 non
452 2626 586 2660 acceperit
607 2625 844 2659 auimatu?Venit,
869 2626 967 2660 inquis,
992 2627 1047 2661 ipse
1058 2634 1108 2662 per

347 2724 384 2754 (a)
395 2721 571 2754 Apollinaristz:
583 2723 682 2754 quidem
700 2723 814 2748 dicebant
832 2723 940 2748 Verbum
949 2725 1109 2755 assumpsisse

317 2761 415 2779 carnem
428 2758 519 2778 tantum
531 2755 665 2781 humanum.
682 2761 729 2778 non
742 2759 824 2778 autem
837 2755 948 2778 animam.
966 2758 1030 2784 Quod
1051 2762 1109 2779 vero

315 2785 396 2810 Ariani
410 2789 435 2809 et
446 2784 588 2809 Euuouiiani
607 2785 708 2816 idipsunt
718 2785 836 2816 dixerint,
850 2791 898 2809 non
911 2787 1007 2809 memmi
1021 2793 1060 2809 me
1075 2787 1109 2810 le-

316 2822 386 2846 gere.
402 2816 448 2840 sed
467 2816 574 2840 fortassis
594 2815 656 2840 inter
677 2815 765 2840 multos
776 2816 878 2840 Arianos
899 2820 924 2840 et
936 2816 1108 2847 liunontia'sos,

315 2847 411 2878 quidam
429 2851 499 2879 erant
520 2848 561 2877 qui
583 2846 645 2870 illam
663 2847 737 2871 etiam
754 2846 868 2872 bteresim
889 2846 1105 2879 amplecterentur,

315 2884 378 2907 quos
389 2879 464 2909 carpit
476 2878 515 2902 hic
526 2879 673 2909 Annuynms.

1065 136 1198 164 Sl‘UlllA.

1889 137 1937 165 672

1152 191 1328 226 semetipsum
1351 196 1380 219 ut
1404 191 1516 219 salutem
1535 192 1629 227 pariat,
1650 199 1735 226 neque
1748 191 1836 219 anima
1854 199 1938 221 nostra

1151 235 1219 262 opus
1234 227 1336 254 habuit.
1353 227 1408 254 Cur
1422 235 1486 262 ergo
1498 235 1605 254 carnem
1625 228 1792 262 assumpsit?
1807 229 1874 262 Qui:
1890 237 1938 256 non

1152 267 1256 297 poterat
1284 267 1313 290 ut
1341 262 1411 290 Deus
1438 269 1576 297 apparere.
1601 270 1709 290 carnem
1735 264 1893 297 assumpsit,
1915 270 1940 292 ut

1151 299 1289 325 nobiscum
1308 303 1469 324 versaretur.
1495 297 1566 332 Ergo
1586 305 1649 325 caro
1671 305 1723 325 non
1750 298 1865 326 habebat
1888 301 1940 327 aui-

1151 333 1240 360 mam?
1254 333 1394 366 Quomodo
1416 333 1496 368 igitur
1518 333 1628 360 esurivit
1649 333 1798 368 etrsiiivii?
1812 335 1941 368 quomodo

1151 369 1258 403 fatigata
1269 369 1327 395 est?
1341 368 1406 395 Nam
1422 367 1444 395 si
1458 368 1561 402 abjecta
1574 368 1661 395 anima
1681 367 1764 395 Deum
1781 367 1901 401 inducis,
1916 377 1942 398 et

1152 404 1247 431 {autem
1265 408 1292 430 ct
1312 404 1383 430 sitim
1407 403 1444 430 illi
1466 403 1571 430 tribuis.
1588 404 1728 438 Alioquin,
1756 403 1854 431 fratres
1867 425 1875 437 ,
1892 406 1940 433 nisi

1151 444 1222 466 esset
1238 444 1263 466 ct
1276 439 1346 466 Deus
1363 439 1478 466 Verbum
1492 444 1517 466 ei
1531 439 1664 465 animatus
1676 439 1755 465 homo
1765 447 1811 466 vas
1829 441 1943 468 humaui-

1153 475 1213 501 tatis
1230 475 1277 508 ipsi
1301 475 1421 505 unitum,
1437 474 1483 501 sed
1499 474 1554 500 sola
1572 479 1644 500 esset
1665 474 1791 501 divinitas
1807 475 1833 502 in
1853 483 1942 509 carne,

1151 510 1184 536 de
1198 517 1248 544 qua
1262 511 1349 536 anima
1363 509 1489 536 Servatur
1502 509 1633 536 dixisset:
1650 509 1735 542 Pater,
1746 510 1772 536 in
1787 519 1877 537 manus
1889 517 1943 538 titus

1150 545 1297 571 commendo
1305 545 1419 579 spiritum
1430 553 1510 571 meum
1525 544 1601 580 (Luc.
1613 545 1657 572 25.
1670 544 1715 580 46)
1727 545 1738 572 ?
1752 545 1778 572 Si
1791 546 1849 573 sola
1860 546 1944 573 deitas

1151 585 1220 611 crat,
1248 588 1300 607 nun
1327 584 1416 608 autem
1441 580 1547 616 anima,
1568 580 1628 613 quis
1648 581 1854 614 commendans,
1883 582 1944 616 quid

1152 615 1367 642 commendatum
1384 615 1453 642 fuit?
1470 615 1556 647 Pater,
1578 616 1605 642 in
1618 624 1707 642 manus
1729 621 1785 642 tuas
1799 615 1944 644 commilitio

1151 651 1269 685 spiritum
1292 659 1384 682 metu",
1414 651 1438 678 id
1463 655 1513 683 est,
1539 651 1666 678 animam.
1694 651 1720 678 Si
1743 652 1827 678 solam
1844 651 1944 679 inducis

1152 686 1278 712 dcitatetn
1295 686 1320 713 in
1335 693 1455 718 carnem,
1473 692 1498 712 et
1515 687 1630 713 animum
1653 686 1745 720 al-jicis
1756 707 1763 717 ,
1788 687 1850 721 quis
1865 696 1941 714 cotti-

1152 721 1300 753 mendaus,
1325 721 1388 756 quid
1410 721 1625 748 connuendatum
1648 722 1716 748 erit?
1739 721 1836 749 Verum
1862 723 1946 749 maui-

1153 755 1238 783 fesius
1252 761 1293 783 t-st
1307 757 1494 784 luereticorum
1510 764 1616 791 scopus.
1634 756 1694 784 Ideo
1715 765 1829 792 namque
1842 758 1944 792 dicunt,

1153 792 1294 819 Dominutn
1309 799 1362 819 non
1374 792 1549 826 assumpsisse
1563 793 1690 824 animant,
1710 796 1737 819 ut
1752 793 1842 819 omnia
1855 794 1941 819 humi-

1153 827 1187 854 lia
1204 828 1283 854 verba
1307 828 1332 854 in
1354 828 1480 854 deitatem
1507 828 1671 861 pet-trahant,
1695 832 1723 854 ιιι
1745 835 1805 854 cum
1822 829 1942 861 legi-rint,

1154 862 1209 897 Ego
1220 870 1235 888 a
1246 870 1285 888 me
1302 863 1356 897 ipso
1372 871 1421 889 non
1439 862 1536 897 loquor,
1554 863 1613 895 quia
1625 863 1700 890 I’aler
1711 871 1781 889 meus
1795 864 1944 890 ntandalum

1153 898 1214 924 milii
1221 897 1300 938 dedit,
1314 898 1377 938 quid
1386 898 1480 938 dicant,
1491 903 1537 938 aut
1549 898 1610 938 quid
1620 898 1709 938 loquar
1720 898 1809 938 (iam.
1882 900 1945 938 illi?

1154 941 1207 960 nou
1221 933 1389 965 humanitati,
1412 933 1458 960 sed
1481 933 1572 960 deitati
1588 933 1820 960 luceatlscribant.
1841 934 1943 966 Viden‘,

1153 968 1180 995 in
1194 974 1323 1003 quantum
1339 968 1483 1003 impietatis
1505 968 1663 1002 profundum
1690 968 1818 996 veniant?
1833 970 1945 1002 Quinam

1153 1004 1188 1031 sit
1199 1004 1309 1038 spiritus
1323 1004 1368 1038 qui
1384 1004 1457 1035 dicit,
1476 1003 1507 1030 In
1518 1012 1608 1030 manus
1619 1009 1675 1030 tuas
1690 1006 1849 1037 commendo,
1863 1013 1945 1040 quan-

1154 1044 1327 1073 tumcumque
1349 1044 1479 1073 qumraut,
1498 1046 1550 1066 non
1573 1040 1720 1066 inveniunt.
1734 1040 1772 1067 Ex
1786 1041 1847 1067 aliis
1875 1041 1946 1067 etin

1153 1074 1219 1101 locis
1231 1082 1275 1101 res
1289 1075 1400 1101 solvitur
1427 1078 1454 1102 et
1477 1074 1614 1108 probatur,
1637 1074 1801 1109 Seripturam
1823 1076 1946 1109 spiritum

1153 1110 1270 1136 animant
1286 1110 1435 1137 vocavisse.
1450 1109 1519 1137 Audi
1533 1110 1699 1144 Stephanum
1724 1110 1872 1142 dicentem,
1887 1118 1947 1137 cunt

1153 1145 1310 1181 martyrium
1335 1145 1424 1181 robiret
1443 1154 1449 1172 :
1467 1144 1577 1181 Domine
1596 1145 1658 1172 Jesu
1675 1165 1683 1177 ,
1709 1147 1796 1181 accipe
1827 1146 1948 1180 spiritum

1154 1189 1236 1207 meum
1250 1180 1318 1216 (Aet.
1332 1180 1358 1207 7.
1376 1180 1432 1214 59).
1448 1180 1524 1214 Quod
1537 1181 1646 1215 spiritus
1659 1182 1695 1208 sit
1709 1180 1809 1213 anima,
1827 1181 1945 1216 Stepha-

1154 1223 1205 1243 nus
1217 1215 1385 1244 testiﬁcatur.
1394 1216 1459 1249 Quis
1472 1223 1537 1250 ergo
1558 1220 1610 1246 est,
1624 1217 1668 1250 qui
1680 1217 1853 1244 commendat
1868 1217 1950 1251 spiri-

1155 1256 1221 1283 tum,
1235 1256 1262 1278 et
1276 1251 1318 1278 cui
1340 1251 1544 1287 commendatur
1566 1251 1693 1286 spiritus?
1707 1251 1740 1278 de
1755 1259 1807 1287 qua
1831 1252 1950 1286 loquitur

1154 1286 1325 1314 Substautia?
1341 1286 1378 1322 De
1394 1286 1450 1319 illa,
1478 1286 1510 1313 ad
1537 1294 1618 1321 quam
1641 1286 1949 1322 apostoli’propbetiaut

1156 1321 1313 1356 pertrahunt
1329 1331 1335 1349 :
1351 1321 1476 1354 Quoniam
1495 1329 1545 1348 non
1565 1321 1721 1354 derelinques
1735 1321 1847 1350 animum
1868 1331 1950 1349 meum

1154 1357 1181 1384 in
1192 1357 1302 1392 inferno,
1328 1365 1373 1384 nec
1395 1357 1466 1384 dabis
1491 1362 1605 1383 sanciunt
1625 1362 1696 1384 tuum
1709 1358 1791 1385 videre
1801 1359 1950 1392 corruptio-

1154 1391 1225 1429 nemé
1236 1391 1468 1429 Nait_dei'elittqttes
1486 1393 1597 1419 animum
1612 1401 1694 1429 meam
1709 1393 1734 1420 in
1749 1394 1850 1429 inferno
1861 1393 1949 1427 (l’sal.

1155 1427 1199 1456 ίϋ.
1215 1427 1269 1463 10).
1290 1427 1357 1455 Num
1373 1427 1407 1455 de
1422 1428 1476 1454 Deo
1487 1435 1576 1455 sermo
1586 1429 1662 1455 erat?
1680 1428 1749 1455 Deus
1760 1427 1813 1456 non
1831 1428 1950 1455 derelin-

1154 1463 1245 1497 quitur
1270 1464 1295 1490 in
1322 1462 1437 1491 inferno.
1467 1463 1535 1490 Num
1558 1463 1679 1490 infernus
1705 1463 1787 1491 Deum
1816 1464 1950 1490 detinui?

1156 1506 1219 1525 num
1232 1499 1365 1525 vivil‘team
1380 1498 1507 1525 virtutem
1531 1499 1668 1532 corruptio
1682 1498 1817 1526 detinuit?
1833 1507 1888 1525 non
1904 1507 1950 1525 au-

1155 1533 1216 1560 disti
1242 1534 1354 1561 Paulum
1370 1533 1515 1567 dicentem,
1531 1541 1584 1561 non
1604 1534 1722 1568 potuisse
1745 1536 1829 1562 vitam
1851 1542 1867 1561 a
1887 1540 1949 1563 cor-

1155 1569 1279 1605 ruptione
1291 1569 1425 1596 detineri?
1439 1569 1525 1596 Vitam
1544 1569 1609 1596 dicit
1622 1577 1731 1605 corpus.
1746 1570 1773 1597 Si
1797 1577 1898 1605 corpus
1911 1575 1950 1596 cst

1156 1604 1220 1633 vita.
1241 1604 1346 1632 detenta
1360 1609 1422 1631 esta
1438 1609 1524 1640 morte
1538 1605 1600 1631 vita.
1626 1603 1870 1640 Noniderelinques
1893 1606 1949 1631 ani-

1155 1647 1223 1666 niani
1236 1647 1316 1666 meum
1328 1640 1354 1666 in
1364 1640 1463 1673 inferno
1478 1639 1566 1672 (llam.
1582 1641 1608 1666 7.
1625 1639 1665 1675 6).
1681 1639 1776 1667 Totam
1796 1640 1949 1674 collapsam

1155 1674 1346 1702 humanitatem
1363 1675 1509 1705 suscitavit,
1531 1680 1614 1702 totum
1639 1674 1789 1710 collapsum
1813 1676 1950 1702 hominem

1156 1710 1304 1746 renovavit.
1314 1710 1367 1737 Sed
1380 1710 1402 1737 si
1418 1710 1530 1741 dixeris,
1546 1710 1677 1746 inquiunt,
1701 1711 1770 1742 quod
1784 1711 1843 1745 ipse
1865 1711 1951 1746 perie—

1155 1750 1227 1772 ctuin
1242 1745 1376 1773 hominem
1390 1746 1568 1778 renovaverit,
1583 1754 1662 1780 quant
1678 1745 1952 1781 dill'erent-ant’ponis

1157 1781 1227 1807 inter
1243 1781 1317 1807 illum
1341 1785 1369 1808 et
1388 1781 1546 1815 apostolos?
1565 1781 1631 1808 Nam
1646 1782 1673 1808 in
1687 1781 1750 1816 ipsis
1770 1790 1879 1816 quoque
1904 1782 1954 1808 fuit

1157 1816 1237 1844 Deus.
1258 1815 1355 1843 Verum
1367 1816 1439 1842 aliud
1454 1821 1495 1843 est
1509 1816 1670 1848 inhabitare,
1683 1817 1753 1843 :uind
1769 1815 1911 1844 assumere
1925 1823 1952 1844 et

1157 1851 1236 1878 uniri.
1265 1851 1303 1878 De
1328 1851 1405 1878 nobis
1427 1851 1528 1878 dictum
1551 1856 1602 1883 est,
1627 1851 1779 1879 lit/tubitabo
1802 1852 1828 1878 in
1850 1853 1914 1882 illis,
1930 1858 1952 1878 ει

1157 1886 1316 1923 inambulaba
1334 1885 1459 1923 (Ἆρον.
1480 1887 1507 1914 6.
1537 1887 1580 1914 l6.
1603 1886 1684 1914 Levii.
1706 1887 1750 1914 ‘26.
1769 1887 1834 1923 η).
1850 1888 1954 1915 Anime

1157 1922 1354 1956 simplicitatem
1383 1921 1448 1949 dicit
1463 1930 1469 1948 :
1484 1923 1579 1949 animae
1604 1923 1731 1950 virtutem
1752 1921 1897 1957 supponit,
1928 1924 1952 1949 iu

1156 1964 1219 2001 g‘l'la.
1236 1957 1380 1997 requiescit
1402 1957 1472 1984 Deus
1491 1961 1519 1984 et
1538 1958 1696 2001 inambulat._
1709 1958 1954 2001 Quia_\-ertLipsttvtt

1156 1991 1255 2020 Christi
1262 2000 1359 2026 corpus
1367 1998 1400 2019 ex
1411 1997 1487 2028 utero
1500 1993 1602 2020 unitum
1617 1994 1743 2028 templum
1759 1993 1819 2028 ejus
1828 1991 1891 2022 elici
1900 1998 1917 2020 ιι
1928 2001 1955 2021 ui

1159 2032 1278 2064 est,tion
1300 2035 1348 2062 per
1371 2027 1519 2064 proiectum
1540 2029 1566 2055 in
1585 2027 1682 2064 virtute
1703 2027 1786 2056 Deum
1797 2030 1900 2064 accepit
1916 2031 1955 2055 in-

1158 2063 1333 2096 habitantein;
1357 2063 1404 2090 sed
1426 2063 1504 2090 simul
1525 2063 1654 2097 templum
1668 2070 1790 2098 paratum
1805 2068 1858 2096 est,
1875 2065 1953 2091 simul

1159 2099 1229 2126 Deus
1242 2099 1269 2125 iu
1285 2098 1330 2125 illo
1341 2098 1480 2126 habitavit.
1500 2098 1647 2134 Templum
1668 2106 1732 2134 ergo
1755 2099 1857 2127 Christi
1889 2099 1956 2127 uniti

1158 2137 1216 2161 erat
1228 2141 1336 2168 corpus.
1349 2134 1410 2161 Ideo
1423 2134 1461 2161 ait
1475 2142 1482 2161 :
1498 2133 1597 2169 Solvite
1615 2133 1735 2169 templum
1756 2135 1815 2167 hoc,
1827 2141 1852 2162 et
1866 2135 1892 2162 in
1909 2137 1955 2161 tri-

1158 2170 1203 2196 lms
1217 2169 1304 2196 diebus
1319 2169 1432 2196 excitabo
1455 2169 1520 2196 illud
1543 2168 1633 2204 (Ιοὰιι.
1647 2169 1675 2196 2.
1692 2169 1749 2203 tu).
1763 2170 1786 2197 0
1799 2170 1954 2197 absurd-ta-

1159 2209 1211 2232 tem
1228 2212 1330 2235 eorum,
1343 2205 1487 2240 quiomnia
1497 2204 1555 2232 sine
1566 2210 1637 2232 metu
1653 2205 1769 2232 audent!
1788 2205 1886 2232 Verum
1896 2206 1954 2233 lucc

1157 2241 1191 2267 ad
1205 2240 1356 2271 hmreticos,
1373 2240 1418 2274 qiti
1431 2241 1546 2266 animam
1561 2245 1587 2267 ei
1602 2247 1701 2275 corpus
1715 2247 1741 2268 et
1757 2240 1882 2275 spiritum
1897 2250 1955 2268 tne-

1159 2279 1275 2306 morant,
1292 2280 1319 2302 et
1333 2277 1384 2302 vim
1414 2275 1530 2302 inierunt
1556 2276 1704 2309 apostolico
1722 2278 1807 2303 verbo
1830 2276 1933 2303 dicenti
1948 2284 1954 2302 :

1160 2311 1230 2338 Deus
1244 2310 1377 2345 custodiet
1390 2318 1488 2344 corpus
1499 2314 1629 2343 vestrum,
1646 2316 1673 2338 et
1686 2313 1815 2342 animam,
1831 2317 1861 2338 et
1875 2312 1955 2345 spiriv

1160 2350 1215 2372 tum
1229 2345 1268 2380 (l.
1285 2344 1374 2373 Thess.
1389 2346 1416 2373 5.
1426 2345 1483 2381 25).
1496 2345 1562 2373 lllud
1576 2353 1657 2381 porro
1673 2355 1782 2374 necesse
1799 2351 1840 2373 est
1853 2344 1955 2379 dicere,

1159 2381 1282 2415 Spiritum
1301 2386 1396 2415 putant
1408 2388 1469 2408 esse
1491 2387 1617 2408 meutetn.
1633 2381 1662 2409 Si
1675 2390 1738 2415 ergo
1755 2382 1866 2416 spiritus
1881 2389 1956 2409 incus

1159 2421 1209 2448 est,
1224 2417 1418 2452 cnrApostolus
1432 2416 1497 2443 dicit
1510 2425 1516 2442 :
1534 2416 1648 2444 Psallam
1659 2417 1750 2451 spiritu
1766 2425 1832 2448 meo,
1847 2418 1957 2452 psallam

1159 2457 1182 2478 et
1195 2456 1274 2478 mente
1284 2452 1320 2485 (l.
1333 2450 1392 2479 Cor.
1401 2452 1412 2478 l
1422 2451 1512 2486 ME)?
1527 2452 1555 2479 Si
1570 2450 1678 2486 spiritus
1694 2460 1770 2479 meus
1781 2456 1833 2485 est,
1845 2450 1893 2479 cur
1904 2453 1958 2479 dis-

1161 2488 1257 2522 tinguit
1282 2487 1379 2513 Paulus
1404 2487 1508 2519 diccns,
1531 2487 1647 2514 Psallam
1672 2488 1776 2522 spiritu,
1795 2488 1909 2522 psallam
1935 2492 1958 2513 ct

1160 2523 1264 2549 mente?
1279 2522 1306 2550 Si
1319 2523 1431 2556 spiritus
1439 2528 1482 2549 est
1494 2530 1580 2555 mens,
1593 2531 1641 2549 cur
1655 2524 1780 2557 spiritum
1797 2523 1878 2549 alium
1892 2524 1958 2549 dicit

1160 2565 1174 2584 a
1189 2557 1295 2584 mente?
1318 2557 1369 2584 Sed
1397 2558 1471 2592 quia,
1487 2558 1619 2592 inquiunt,
1635 2558 1686 2584 huc
1701 2566 1754 2585 non
1765 2558 1897 2590 admittis,
1911 2566 1959 2584 ex-

1160 2592 1228 2628 plica
1241 2593 1303 2627 quid
1318 2593 1427 2619 sentias.
1443 2593 1511 2626 Quid
1525 2598 1566 2620 cst
1592 2593 1655 2620 illud
1670 2594 1740 2628 quod
1754 2594 1819 2620 dicit
1834 2593 1936 2620 Paulus
1950 2602 1957 2619 :

1161 2629 1233 2655 Deus
1249 2628 1382 2654 custodiet
1404 2629 1520 2655 anituam
1546 2633 1661 2655 vestram
1677 2634 1702 2655 et
1726 2629 1859 2663 spiritum.
1874 2628 1956 2662 Spiri-

1162 2668 1217 2690 tum
1233 2663 1302 2690 solet
1316 2671 1412 2690 vocare
1432 2664 1568 2697 Scriptura
1592 2665 1703 2698 gratiam
1731 2664 1816 2691 saluti
1830 2663 1959 2698 Spit-itus.

1162 2698 1248 2733 ltogo,
1259 2706 1365 2726 mecum
1380 2704 1481 2726 certate
1494 2704 1520 2726 et
1535 2699 1666 2726 laborate.
1689 2699 1746 2726 Non
1760 2700 1832 2726 enim
1849 2699 1957 2726 modica

1162 2741 1206 2761 res
1228 2739 1269 2761 est
1285 2754 1291 2765 ,
1325 2734 1475 2761 ham'eticani
1501 2735 1605 2768 spinam
1637 2735 1806 2762 exscindere.
1835 2735 1892 2762 Mos
1919 2739 1959 2761 est

1163 2769 1306 2806 scriptione
1323 2769 1447 2806 spiritum
1463 2777 1559 2796 vocare
1579 2771 1690 2804 gratiam
1709 2770 1824 2804 Spiritus
1839 2778 1846 2802 ;
1866 2776 1957 2806 exem-

1164 2805 1198 2839 pli
1210 2811 1301 2835 causa,
1317 2804 1340 2830 si
1355 2806 1414 2839 quis
1430 2805 1542 2839 accipiat
1552 2805 1674 2839 spiritum
1689 2806 1826 2840 sapientim
1838 2810 1867 2832 et
1879 2804 1956 2835 Spiri-

1164 2845 1218 2866 tnui
1233 2839 1352 2866 scientia:
1366 2847 1372 2871 ;
1385 2840 1470 2874 ipsum
1481 2840 1596 2875 Spiritus
1605 2840 1704 2867 donum
1715 2839 1827 2875 venatur
1837 2839 1955 2875 spiriUIS-

1166 2875 1235 2902 Dicit
1261 2874 1358 2902 Paulus
1380 2884 1386 2901 :
1411 2874 1537 2910 Quoniam
1549 2875 1714 2904 (ctttltlﬂwl't’s
1735 2874 1797 2902 estis
1815 2874 1955 2908 spirituum
