2076 3118
223 174 272 202 681

224 231 257 259 iis
268 239 390 264 annomr,
406 235 433 258 et
449 231 612 258 rationabilia
626 230 721 257 horrea
737 230 832 258 divinis
844 231 960 258 cmlestis
972 238 1016 257 sa-

224 267 331 301 pientiae
345 267 474 294 fructibus
487 267 613 300 replevit;
630 266 770 293 credentes
784 266 893 300 spiritus
915 267 1015 292 sancti-

224 307 277 329 tate
289 302 443 333 cumulavit,
459 306 486 328 ct
499 302 593 336 singuli
608 301 669 328 lacti
685 306 747 328 sunt
758 302 853 328 divimc
868 302 1015 328 sanctitatis

222 338 434 372 receptaculum,
449 337 585 371 divinique
598 336 703 364 decoris
714 336 822 364 llttmen.
843 336 942 363 Horum
955 344 1014 363 ont-

224 373 296 399 uiunt
319 373 513 407 possessionem
537 380 601 400 crux
625 372 852 404 subministravit,
883 372 1015 406 tantisque

223 407 301 435 bonis
315 416 363 442 per
375 415 481 435 crucem
499 407 610 434 fruimur
625 417 631 434 :
647 407 742 434 ltorum
758 408 877 434 omnium
893 407 1013 434 notitiattt

223 451 270 476 per
282 450 387 471 crucem
401 442 552 475 accepimus
562 463 569 476 ,
586 443 643 470 bam
655 443 743 469 omnia
759 450 806 477 per
822 443 904 477 ipsam
920 442 1015 469 didici-

222 485 291 505 mus.
310 478 342 506 Ut
352 484 441 506 autem
455 478 543 506 discas
555 479 643 505 crucis
658 479 803 512 potentiam
815 483 839 504 et
856 477 1012 510 efﬁcaciam,

222 513 376 541 consideres
391 514 473 541 vrlim
486 521 516 541 ea
526 534 533 545 ,
550 521 609 548 quae
624 522 688 540 crux
703 518 810 548 operata
826 518 866 539 est
876 533 883 544 ,
899 516 927 539 et
941 513 1014 540 iuve-

222 549 280 584 nies
294 549 391 576 divinae
414 549 552 583 potestatis
573 554 646 582 gesta
663 557 710 584 per
733 549 810 584 illam
819 553 1011 575 consummata.

221 583 291 611 Crux
305 589 396 611 contra
412 585 492 611 vitam
509 584 607 618 ligitur,
623 589 650 611 et
664 583 716 611 vita
731 583 830 610 tnuudo
847 591 892 618 per
904 591 1014 610 crucem

221 619 316 646 datur:
332 628 395 646 crux
410 619 442 646 ad
459 624 572 646 ntorteut
593 620 767 654 cxcogitatur,
782 623 808 645 et
823 626 895 645 ntors
914 626 963 654 per
982 618 1013 645 il-

222 654 273 680 laut
288 661 391 681 mortua
406 655 567 681 exhibetur:
584 662 647 681 crux
662 660 753 681 contra
769 654 907 680 veritatem
931 655 1011 688 erigi-

221 694 272 722 tur,
293 695 320 716 et
338 697 386 724 per
405 697 510 717 crucetn
534 690 647 717 tuuttdus
662 691 712 716 vita
728 689 863 723 repletur:
880 696 943 716 crux
963 697 1011 716 ex-

221 729 294 752 tensa
317 725 364 752 fuit
385 730 476 752 contra
500 725 656 757 Dominum,
681 730 709 752 et
734 725 861 751 Dominus
885 731 932 758 per
952 732 1010 752 eam

219 760 344 794 expansis
359 761 480 787 manibus
499 760 588 786 omnia
605 760 760 795 complexus
774 764 824 787 est.
847 759 970 786 Christus
985 760 1010 787 itt

219 802 298 823 cruce
312 795 418 829 pendet,
431 801 457 822 et
467 796 587 823 diabolus
600 796 747 823 occiditur:
763 795 884 822 Christus
896 795 920 821 iit
932 802 1011 822 cruce

217 832 383 861 extenditur,
397 835 424 858 et
436 832 540 865 signum
553 831 647 858 salutis
662 830 761 858 mundo
776 830 873 857 datur:
889 830 1010 858 Christus

217 865 244 892 in
257 873 336 893 cruce
349 866 431 893 clavis
442 866 567 900 afligitur,
584 870 611 893 et
623 867 711 893 ontnis
722 866 808 893 anitna
820 873 834 892 a
847 866 957 892 vinculis
969 874 1011 892 re-

218 901 345 929 dimitur:
360 901 481 928 Christus
493 902 564 928 cruci
581 901 707 936 afﬁgitur,
721 905 749 928 et
759 901 846 928 omnis
859 906 980 928 creatura
994 908 1009 928 a

218 936 353 963 servitutis
375 936 547 970 corruptione
569 936 718 964 liberatur:
739 937 861 963 Christus
884 937 909 962 iu
931 944 1010 964 cruce

217 972 339 1005 quiescit,
350 976 378 999 et
389 972 537 1006 prodigium
549 979 644 998 novum
658 971 756 999 ntundo
768 971 917 998 ostenditur
929 980 935 998 :
949 980 1009 999 nam

217 1006 263 1033 lux
285 1008 353 1034 solis
370 1007 581 1034 obtenebratur:
602 1007 672 1042 quod
695 1007 837 1034 incredulis
860 1007 1009 1042 symbolum

216 1045 267 1073 est,
284 1042 344 1070 fore
355 1047 384 1069 ut
403 1043 430 1069 in
449 1043 492 1069 die
505 1043 596 1077 judirii
612 1043 727 1069 tenebrat
744 1042 807 1077 ipsis
822 1048 1008 1074 reserventur;

215 1077 385 1104 credentibus
399 1085 461 1105 vero
483 1078 525 1104 lux
549 1077 602 1105 diei
624 1085 657 1105 ex
675 1078 793 1105 tenebris
805 1082 933 1112 emergat.
954 1077 1010 1105 Hoc

215 1117 303 1139 autem
319 1113 416 1139 clamat
436 1113 620 1147 propheticum
636 1113 768 1147 eloquium
790 1113 830 1139 bis
849 1113 957 1140 verbis:
976 1113 1009 1141 Ει

215 1148 261 1173 erit
273 1147 299 1174 in
312 1148 356 1175 illa
369 1148 420 1181 die,
437 1148 496 1174 dicit
509 1147 644 1178 Dominus.
657 1149 752 1175 occidet
762 1148 802 1176 sol
815 1149 840 1174 in
852 1148 969 1180 meridie,
985 1153 1009 1175 et

213 1183 413 1209 obtcnebrabitur
429 1184 456 1210 in
475 1184 514 1210 die
528 1185 572 1210 lux
584 1191 592 1210 :
605 1189 629 1210 et
642 1190 785 1210 convertam
800 1184 945 1219 festivitates
966 1191 1009 1210 ve-

213 1223 279 1253 stras
300 1219 327 1244 in
346 1218 460 1251 luctum,
477 1223 500 1245 et
520 1219 604 1246 omnia
617 1220 714 1245 cantica
734 1224 814 1246 vestra
832 1219 857 1245 in
879 1219 1008 1253 planctum

214 1251 302 1288 (Amas
314 1253 341 1281 8.
354 1253 380 1280 9.
396 1253 450 1288 10).
469 1253 571 1286 Vidcn‘,
588 1254 694 1286 dilecte,
708 1260 834 1288 qttautunt
852 1251 1007 1288 mysterium

213 1289 406 1323 complectatur
419 1289 536 1316 divinum
551 1290 705 1317 oraculum?
720 1290 768 1317 llic
781 1291 853 1317 enim
867 1290 1006 1316 amborum
1020 1303 1024 1314 λ

733 173 766 201 ΙΝ
787 173 945 201 SANCTUM
965 173 1167 202 APOSTOLUM
1187 174 1342 203 TllOt‘IMl.

1807 174 1859 202 65“!

1067 238 1146 264 opera
1161 231 1378 262 subindicantur;
1394 229 1544 258 Iudaeorum
1558 237 1663 265 nempe,
1680 230 1724 265 qtti
1737 230 1787 259 sub
1802 231 1858 263 lcgc

1067 270 1153 296 erant,
1169 271 1195 293 et
1206 267 1333 300 gentium,
1347 274 1406 301 qua:
1420 271 1495 292 extra
1509 266 1593 301 legem
1608 266 1771 301 iniquitatem
1783 275 1861 295 exer-

1066 302 1170 328 cubant.
1184 302 1249 328 Nam
1264 302 1308 336 qui
1321 300 1464 328 secundum
1480 301 1562 335 legem
1579 300 1733 329 festivitates
1745 303 1859 329 celebra-

1066 335 1147 369 bant,
1163 337 1215 363 illis
1234 335 1362 364 absolutis
1384 336 1524 371 lugebant,
1547 340 1575 363 et
1597 336 1656 364 loco
1674 337 1838 365 canticorum
1850 360 1857 372 ,

1068 372 1201 405 planctum
1216 371 1295 399 edent
1310 379 1390 406 super
1404 372 1607 406 Jerusalymam.
1629 372 1686 404 Non
1702 373 1772 399 enim
1791 374 1859 401 ttltra

1066 407 1214 434 Jerusalem
1231 408 1329 434 cultum
1344 414 1419 434 Suum
1433 407 1584 439 cxercehit,
1600 415 1686 442 neque
1701 408 1753 434 ulla
1769 408 1803 434 ibi
1821 408 1862 435 fe-

1067 443 1170 470 stivitas
1190 443 1384 474 celebrabitur;
1410 442 1470 476 quia
1491 448 1548 476 post
1572 442 1671 470 Christi
1694 443 1856 475 adventum,

1085 479 1218 504 assioneut
1233 484 1260 504 et
1279 477 1454 505 meonomiam
1478 478 1565 504 omnia
1587 479 1664 504 linem
1686 484 1860 512 acceperunt.

1066 485 1218 539 passtoneut
1233 485 1260 504 et
1279 485 1454 505 meonomtam
1478 485 1565 504 omina
1587 485 1664 504 ttttent
1686 485 1859 512 acceperunt.

1078 513 1129 540 deo
1145 514 1225 548 igitur
1237 513 1337 548 inquit,
1352 513 1500 540 Convertnm
1514 513 1658 545 festivitates
1671 519 1763 541 vestras
1777 515 1803 542 in
1816 514 1840 540 lu
1853 529 1859 534 -

1066 554 1150 580 ctum,
1167 554 1188 575 et
1204 550 1288 575 omnia
1308 550 1404 575 cantica
1424 553 1506 574 vestra
1520 548 1544 574 in
1566 549 1713 583 planctum;
1735 557 1767 576 eo
1787 549 1859 584 quod

1066 584 1115 616 ipsi
1129 585 1256 618 legalibus
1270 584 1320 610 illis
1333 584 1437 618 privati,
1453 584 1478 610 in
1490 584 1645 611 servitutem
1659 585 1781 612 omnibus
1791 593 1857 619 geu-

1066 619 1136 646 tibus
1151 620 1236 646 traditi
1253 620 1316 651 sint,
1331 620 1392 654 quia
1408 627 1460 645 non
1472 619 1642 646 crediderunt
1656 619 1753 646 divina:
1763 625 1790 647 et
1799 626 1856 647 stu-

1065 655 1160 689 penda:
1174 655 1261 681 crucis
1273 654 1616 690 pra-dicationi.rLugehunt
1629 655 1709 682 etiam
1721 660 1813 690 gentes
1823 657 1856 682 ob

1084 696 1173 717 eccata
1187 698 1250 721 sua,
1265 691 1336 716 luctu
1349 690 1393 725 qui
1409 689 1596 716 beatitudinem
1609 691 1693 724 pariat
1706 703 1710 718 :
1724 689 1789 717 lnam
1802 692 1835 717 ait
1849 701 1856 718 :

1084 698 1173 717 eccata
1187 698 1250 721 sua,
1265 698 1336 716 luctu
1349 698 1393 725 qut
1409 698 1596 716 ncautuuutem
1609 698 1710 724 pariat;
1729 698 1789 717 nam
1802 698 1835 717 ait
1849 701 1856 718 :

1064 698 1136 752 Pleati
1153 727 1195 759 qui
1213 725 1314 760 lugent,
1329 726 1448 760 quoniam
1468 725 1516 758 ipsi
1531 726 1726 752 consolabuntur
1741 726 1856 758 (ﬂat/lt.

1064 760 1090 788 5.
1107 761 1146 795 Δ).
1160 760 1299 795 Lngebuut
1315 761 1404 795 itaque
1416 761 1450 787 ob
1465 768 1545 787 vanas
1560 769 1622 787 suas
1642 761 1816 794 festivitates,
1830 767 1857 788 et

1063 795 1164 822 nefaria
1179 796 1298 826 cantica,
1323 804 1381 830 qua:
1402 796 1512 830 impuris
1535 795 1701 823 dmmonibus
1723 797 1857 831 persolvo-

1064 831 1136 857 baut.
1152 831 1290 865 Perpende
1308 837 1395 858 autent
1409 831 1487 858 hodie
1501 831 1636 866 quomodo
1650 832 1755 864 gentilis
1771 832 1855 866 pmni—

1063 867 1173 894 tentiam
1188 874 1286 900 agens,
1303 867 1347 900 qui
1364 866 1436 900 prius
1455 866 1532 893 idolis
1548 866 1613 894 festa
1634 866 1800 898 celebrabat,
1816 868 1854 894 fe-

1062 906 1132 928 stunt
1149 902 1173 929 itt
1191 901 1291 929 luctuttt
1306 906 1461 934 convertat,
1477 902 1546 928 male
1561 901 1690 928 factorum
1708 903 1854 936 paenitens,

1062 941 1163 964 etcum
1186 937 1256 964 luctu
1282 937 1464 971 propheticum
1486 936 1548 964 illud
1570 937 1669 964 dictum
1693 938 1829 971 proferens
1847 948 1853 965 :

1065 971 1211 999 Erravimus
1223 973 1250 998 in
1262 972 1417 1007 turpitudine
1428 978 1514 998 nostra
1523 993 1530 1005 ,
1545 977 1569 999 et
1579 978 1729 1006 operuerunt
1740 981 1785 999 nos
1799 981 1856 1008 per“

1062 1013 1118 1034 cata
1136 1013 1239 1040 nostra,
1260 1008 1320 1042 quia
1333 1008 1422 1042 repleti
1439 1016 1526 1034 sumus
1542 1008 1669 1042 impietate
1684 1013 1769 1035 nostra
1788 1008 1854 1037 tler.

1062 1043 1088 1070 3.
1102 1043 1147 1079 25)
1161 1053 1167 1069 :
1188 1042 1312 1079 Nouimus
1331 1043 1473 1079 iniquitates
1488 1048 1586 1077 patrum
1609 1049 1750 1079 nostrorum
1766 1042 1854 1079 (Ibid.

1062 1079 1104 1106 M.
1118 1078 1174 1113 20).
1186 1077 1230 1105 Sic
1240 1083 1266 1105 et
1276 1086 1325 1105 nos
1336 1078 1417 1112 probe
1426 1078 1544 1113 lugentes
1555 1083 1580 1105 et
1591 1078 1727 1112 plorantes
1736 1077 1856 1106 dc'tttztlis

1061 1121 1140 1147 Supra
1164 1113 1320 1147 descriptis.
1346 1121 1451 1140 crucent
1477 1114 1696 1147 complectamur,
1723 1115 1748 1140 itt
1775 1122 1854 1141 cruce

1061 1156 1135 1183 Spem
1146 1148 1284 1181 habentes,
1297 1153 1324 1175 ut
1334 1156 1379 1182 per
1390 1156 1495 1175 crttcem
1506 1149 1612 1181 eruditi,
1626 1149 1650 1176 iu
1663 1149 1756 1176 cmlum
1766 1151 1854 1176 animo

1062 1184 1218 1214 tendentes,
1239 1189 1266 1211 et
1279 1184 1312 1211 ad
1333 1184 1468 1218 Christum
1484 1184 1653 1211 Servatorcm
1674 1185 1832 1212 accedentes
1845 1205 1852 1216 .

1059 1220 1134 1253 juxta
1158 1220 1238 1246 Deum
1260 1220 1286 1246 in
1306 1219 1525 1254 regnat-telorum
1547 1219 1627 1246 locari
1650 1227 1811 1252 mereantur,
1828 1222 1853 1247 in

1060 1254 1118 1290 ipso
1137 1254 1243 1282 Christo
1259 1255 1370 1281 Domino
1391 1258 1494 1287 nostro,
1509 1256 1551 1281 cui
1566 1255 1650 1290 gloria
1671 1260 1698 1282 et
1711 1255 1853 1290 imperium

1061 1289 1088 1316 in
1102 1290 1199 1317 saecula
1214 1290 1383 1317 saeculorum.
1398 1291 1494 1317 Amen.

221 1363 1843 1384 MM.
267 1363 339 1383 ﬁ;
347 1363 359 1383 ⁷,
370 1363 639 1384 ⁷“,ῗ,-”
648 1363 782 1365 v’ii
791 1363 796 1364 ⁷
808 1363 813 1364 ⁷
1014 1379 1019 1383 ,
1062 1378 1290 1383 _____.______
1299 1378 1606 1384 ______—__
1650 1363 1685 1384 ,ί
1700 1363 1708 1364 ί
1720 1363 1759 1364 7
1772 1363 1841 1383 '7’."

823 1427 1258 1482 MONITUM

679 1523 720 1553 IN
743 1522 964 1553 SERMONEM
983 1523 1035 1553 DE
1057 1521 1213 1553 SANCTO
1229 1521 1385 1553 THOMA.

246 1595 295 1623 llic
310 1595 398 1624 nimia!
413 1595 582 1630 loquacitatis
597 1594 736 1623 Grzeculus
752 1595 840 1621 statim
861 1602 890 1621 se
913 1594 1003 1629 prodit

212 1639 226 1657 a
248 1631 433 1667 Cltrysostouti
455 1631 584 1666 elegantia
597 1651 603 1662 ,
620 1631 773 1657 inventione
784 1652 791 1661 ,
808 1630 909 1657 salibus
926 1631 1004 1664 longe

210 1666 337 1694 alienum.
354 1666 480 1701 lliiusquc
492 1674 643 1693 sermonem
661 1666 730 1701 typis
744 1666 808 1693 dare
831 1673 863 1693 ne
889 1666 1005 1700 cogitas-

210 1702 429 1736 setttusquidem,
445 1702 494 1728 nisi
509 1702 564 1735 jam
579 1702 648 1728 inter
660 1701 749 1735 spuria
765 1701 928 1736 publicasset
939 1701 1005 1728 llcn-

211 1738 280 1764 ricus
293 1737 418 1764 Savilius.
429 1737 491 1764 Hanc
505 1744 585 1771 porro
596 1736 682 1764 oratio
703 1737 817 1764 subinde
839 1743 854 1763 a
876 1735 1005 1763 Grieculis

1057 1595 1203 1630 nugacibus
1218 1600 1298 1632 aucta
1310 1599 1337 1622 et
1351 1598 1492 1632 retractata
1506 1594 1566 1632 fuit.
1583 1595 1700 1632 Indeque
1712 1597 1808 1625 accidit
1824 1603 1851 1626 ιιι

1057 1631 1230 1664 ntauuscripti
1245 1630 1357 1657 Codices
1370 1630 1440 1657 inter
1454 1638 1484 1657 se
1494 1631 1618 1659 dill‘erant
1628 1652 1635 1664 ,
1657 1630 1718 1660 aliis
1742 1633 1846 1661 brevio.

1057 1674 1125 1697 rent,
1139 1666 1198 1692 aliis
1214 1666 1360 1700 longiorem
1375 1665 1512 1693 bomiliam
1529 1666 1716 1694 referentibus.
1732 1667 1805 1695 Illam
1823 1675 1851 1696 ut

1056 1700 1170 1728 Sarilius
1182 1701 1254 1727 dedit
1268 1701 1372 1728 edimus
1385 1721 1391 1731 ,
1406 1701 1509 1736 aliquot
1522 1701 1547 1728 in
1562 1702 1627 1730 locis
1645 1703 1679 1730 ad
1698 1702 1778 1731 ﬁdem
1798 1703 1847 1731 Ma-

1057 1736 1185 1771 nuscripti
1204 1736 1278 1770 Regii
1291 1736 1460 1771 castigatam.

750 1850 782 1871 IN
805 1849 952 1871 SANCTUM
974 1847 1159 1870 APOSTOLUM
1181 1847 1330 1869 THOMAM.

955 1904 1107 1935 {Qu

247 1977 273 2014 l.
288 1976 371 2004 Venio
384 1978 392 1992 ι
406 1976 524 2014 debitum
550 1977 627 2014 vobis
649 1976 821 2014 redditurus,
842 1974 995 2014 carissimi:

211 2011 328 2039 debiluttt
344 2012 414 2046 quod
439 2017 467 2039 et
490 2019 533 2040 me
559 2013 714 2039 reddentem
735 2011 845 2043 ditabit,
870 2015 897 2037 et
923 2010 999 2046 vobis

212 2044 401 2081 recipientibus
414 2048 476 2074 utile'
490 2048 550 2074 erit.
567 2048 664 2074 Adsunt
676 2055 767 2074 rursus
779 2046 909 2073 Thomam
925 2044 998 2072 cclc-

211 2083 351 2120 braturus,
368 2083 559 2120 initio_quidem
583 2091 635 2110 non
658 2081 999 2120 credentem-Christire-

210 2119 420 2150 surrectionem;
435 2118 532 2145 deinde
542 2124 614 2152 vero,
627 2122 765 2153 postquant
781 2117 845 2144 vidit
857 2121 886 2153 et
899 2117 997 2150 tetigit,

209 2153 317 2180 Christo
327 2153 479 2180 credentem
491 2174 498 2183 ,
514 2161 546 2180 ac
560 2154 701 2180 Dominum
715 2153 799 2186 ipsum
814 2157 840 2179 et
856 2152 938 2178 Deum
953 2158 999 2177 vo-

209 2193 324 2214 cantem.
340 2189 464 2215 Aniutum
477 2196 540 2222 ergo
553 2188 678 2216 adhibete
700 2188 781 2219 mihi,
802 2195 876 2221 rogo.
900 2186 999 2213 Preca-

210 2223 274 2249 ntini
288 2222 428 2256 Thomam,
446 2228 474 2250 tit
485 2229 602 2250 sanctam
618 2224 757 2251 dexterum
772 2230 847 2249 suam
859 2230 917 2256 qu:e
932 2222 999 2247 latus

165 2267 169 2274 ι
211 2257 313 2284 Domini
336 2258 436 2293 tetigit,
463 2259 538 2285 labiis
562 2259 628 2286 meis
651 2260 806 2293 imponens,
828 2259 880 2285 vim
903 2258 1000 2290 lingua:

209 2300 276 2320 meae
290 2292 409 2320 conferat
423 2293 456 2320 ad
468 2294 512 2320 illa
527 2294 673 2321 enarranda
690 2292 748 2327 quae
763 2301 810 2321 vos
823 2292 998 2320 desideratis:

209 2328 327 2368 viliaque
338 2328 419 2368 verba
436 2337 492 2356 mea
507 2329 647 2368 tranquillo
661 2329 751 2368 animo
767 2329 834 2356 ferte
846 2349 854 2361 ,
870 2333 898 2355 ut
912 2327 998 2368 modi-

210 2370 267 2399 catn
283 2363 344 2399 inde
360 2364 499 2391 utilitatem
513 2364 673 2399 deccrpatis.
689 2363 755 2391 Cum
771 2369 891 2391 servator
910 2367 1000 2390 uoster

211 2396 307 2425 inferni
323 2403 442 2426 ventrem
458 2400 545 2426 oittnia
559 2396 730 2426 devorantem
756 2400 945 2430 dissecuisset,
969 2405 1000 2425 ac

210 2433 403 2468 primogenitus
415 2439 580 2462 mortuorum
593 2435 702 2462 οπιιοιιιε
716 2439 787 2462 εεετνι
796 2456 802 2467 ,
820 2441 918 2469 perque
932 2434 1000 2469 glau-

210 2476 252 2496 sas
261 2469 356 2503 januas
365 2470 505 2505 ingressus
519 2475 589 2497 esset
608 2470 642 2497 ad
662 2470 806 2505 discipulus
821 2468 906 2502 suos,
928 2468 1000 2505 Tito-

209 2512 264 2540 ntas
276 2525 287 2540 ,ν
298 2505 339 2538 qui
353 2503 447 2531 dicitur
460 2504 602 2540 Didymus,
618 2514 667 2532 non
680 2503 736 2532 erat
752 2514 808 2532 cum
828 2506 863 2532 eis
899 2505 908 2540 (
919 2504 998 2531 Joan.

210 2539 254 2575 ΞΟ,
276 2539 341 2575 24).
363 2540 461 2574 l'apze,
481 2539 607 2575 quantum
631 2541 802 2567 miraculum!
829 2541 1001 2568 Dcsideratus

208 2574 293 2602 adfuit
305 2595 313 2607 ,
330 2579 356 2602 et
371 2576 415 2611 qui
428 2574 597 2602 desiderabat
611 2584 662 2603 ttou
678 2576 768 2603 aderat
784 2585 789 2602 :
805 2576 889 2603 bonus
911 2580 1001 2610 pastor

209 2617 316 2645 gregem
330 2611 454 2646 adiit,7et
468 2611 525 2639 ovis
540 2616 614 2638 extra
627 2619 734 2646 gregem
745 2632 752 2643 ,
772 2611 824 2637 imo
839 2616 914 2639 extra
935 2618 1000 2638 catt-

210 2646 260 2672 taut
272 2645 380 2672 errabat
395 2654 403 2673 :
418 2645 474 2673 Rex
488 2647 613 2674 cariornm
630 2645 747 2681 prteseus
758 2647 875 2680 advenit,
887 2651 913 2674 et
925 2646 1001 2673 utiles

209 2681 302 2714 procul
318 2688 333 2707 a
347 2681 437 2707 divino
450 2683 569 2709 exercitu
583 2683 749 2709 versabatur.
767 2683 831 2709 Erat
846 2689 909 2709 vero
932 2682 1000 2709 forte

210 2714 274 2742 illud
288 2716 386 2753 divina:
397 2716 617 2753 _d_ispct.sationis
642 2718 817 2753 mysterium,
840 2717 912 2752 quod
939 2722 1001 2744 tunc

210 2751 383 2788 nonadessct
396 2751 523 2788 Thomas.
539 2753 605 2780 Nam
623 2753 645 2780 si
670 2751 789 2788 praesens
809 2751 921 2785 fuiéset,
947 2760 999 2780 non

209 2785 375 2825 dubitasset;
391 2787 413 2814 si
429 2795 481 2825 non
496 2788 659 2825 dubitasset,
671 2785 726 2816 non
742 2789 870 2824 tetigisset
879 2788 931 2825 {si
949 2796 1001 2816 non

212 2823 359 2855 tetigisset,
374 2830 426 2849 non
441 2823 475 2849 ita
490 2823 665 2857 credidisset;
686 2825 706 2851 si
722 2832 773 2852 non
785 2823 820 2852 ita
831 2823 999 2856 credidiSset,

213 2887 445 2944 ῃέωεῐξεηῗίυροιιε
458 2896 551 2916 outnes.
572 2890 642 2917 Saril.
659 2892 694 2917 sic
705 2892 798 2924 incipit,
815 2893 956 2919 Benedictus
967 2893 998 2919 sit

1054 1979 1172 2011 non_n‘os
1194 1971 1365 2011 itaAcredere
1387 1972 1645 2011 docuissetarltaque
1664 1975 1786 2011 discipuli
1809 1977 1849 2004 in-

1053 2007 1197 2034 credulitas
1207 2028 1214 2038 ,
1232 2007 1291 2034 ﬁdei
1307 2013 1404 2035 nostra!
1418 2015 1503 2036 mater
1516 2007 1609 2037 effecta
1624 2015 1673 2037 est.
1692 2007 1753 2038 lde'o
1771 2020 1847 2040 nam-

1054 2050 1105 2080 que
1119 2050 1169 2080 nos
1182 2042 1317 2080 Christum
1332 2063 1342 2080 ,_
1355 2050 1433 2080 quem
1450 2052 1501 2080 non
1524 2045 1644 2072 videmus
1654 2065 1662 2078 ,
1683 2047 1826 2074 adoramus
1837 2067 1846 2080 ,

1053 2077 1115 2112 quia
1130 2078 1173 2104 ille
1183 2077 1249 2117 vidit
1262 2081 1289 2117 e_t
1311 2077 1432 2105 adoravit
1447 2087 1454 2105 :
1468 2079 1538 2117 ideo,
1549 2080 1611 2117 licet
1628 2088 1683 2117 non
1709 2077 1846 2117 tangamus

1052 2120 1113 2151 eum
1125 2132 1132 2144 ,
1149 2112 1279 2151 qtti__langi
1294 2120 1345 2151 non
1360 2118 1456 2148 potest,
1472 2114 1580 2150 hymnis
1595 2112 1769 2148 celebramus".
1785 2119 1846 2151 quia

1053 2147 1098 2174 ille
1112 2147 1225 2182 propriis
1240 2148 1362 2175 manibus
1378 2147 1522 2176 attrectaits
1542 2151 1680 2178 Dominum
1702 2147 1846 2180 Celebravit

1053 2183 1151 2221 dicens
1159 2190 1165 2221 ξ
1184 2182 1308 2221 D_ominus
1322 2192 1411 2221 meus,
1425 2189 1448 2221 et
1463 2184 1532 2212 Deus
1549 2194 1616 2212 meus
1631 2186 1725 2221 (Joan.
1741 2187 1786 2215 20.
1799 2188 1844 2216 28.

1051 2217 1118 2252 25).
1136 2217 1263 2245 Dicebant
1276 2220 1406 2258 ergona‘lii
1429 2220 1551 2258 discipuli
1576 2217 1705 2258 Thaliae,
1731 2223 1775 2257 qui
1799 2232 1845 2258 po—

1052 2257 1152 2289 strento
1178 2258 1309 2280 venerat:
1332 2253 1445 2281 Vidimus
1469 2253 1623 2289 Dominum;
1650 2253 1764 2285 vidimus
1784 2253 1844 2285 eum

1053 2289 1097 2322 qui
1113 2288 1201 2328 dixit_:
1217 2289 1279 2315 Post
1293 2289 1548 2328 triduumfesurgam
1571 2292 1580 2326 (
1593 2292 1686 2328 Mdu/1.
1699 2292 1743 2320 27.
1769 2293 1804 2321 63
1815 2295 1823 2328 )
1836 2303 1843 2325 ς

1052 2328 1079 2350 et
1094 2331 1125 2350 ex
1137 2331 1169 2360 re
1181 2324 1237 2360 ipsa
1249 2325 1385 2360 veritatem
1397 2326 1459 2352 dicti
1472 2324 1696 2360 deprehendimus
1708 2336 1715 2360 ;
1730 2324 1845 2356 vidimus

1054 2365 1115 2396 eum
1126 2359 1280 2396 quidixitﬁ;
1287 2359 1341 2396 Ego
1353 2368 1409 2387 sum
1426 2359 1574 2389 resurrectio
1590 2367 1612 2389 et
1636 2364 1726 2390 veritas
1749 2369 1772 2390 et
1795 2365 1845 2391 ritu

1053 2393 1153 2430 (VJoan.
1170 2394 1214 2421 Η.
1229 2394 1264 2421 25
1275 2394 1285 2430 )
1298 2393 1353 2427 {ac
1368 2397 1592 2424 resurrectionem
1606 2403 1633 2425 et
1654 2399 1792 2425 veritatem
1819 2405 1844 2426 ct

1053 2429 1133 2468 vitam
1147 2437 1179 2456 ex
1194 2430 1244 2468 vita
1260 2429 1439 2468 accepimus;
1464 2431 1579 2468 vidimus
1602 2440 1662 2459 cum
1687 2433 1730 2468 qui
1755 2433 1842 2461 dixit:

1055 2465 1207 2503 l’ctestqtcm
1221 2465 1300 2492 Imbro
1314 2466 1422 2503 ponendi
1435 2467 1546 2503 animum
1556 2476 1646 2500 meam,
1659 2472 1683 2495 et
1696 2465 1844 2503 potestatem

1053 2500 1132 2539 Italico
1146 2500 1233 2539 iterum
1247 2501 1362 2539 sumendi
1376 2509 1429 2528 eant
1446 2502 1532 2539 (Ibid.
1546 2502 1590 2530 10.
1607 2503 1658 2537 i8)
1674 2511 1681 2530 :
1695 2500 1728 2539 et?
1743 2512 1772 2531 re
1795 2512 1842 2539 po-

1054 2536 1163 2573 tentiam
1178 2535 1236 2573 eius
1249 2536 1351 2573 experti
1372 2535 1473 2573 sumus.
1499 2537 1564 2565 Nam
1590 2535 1699 2573 repente
1719 2535 1845 2567 Servatur

1053 2570 1155 2596 adstitit
1168 2571 1261 2607 nobis,
1285 2571 1453 2607 domunculze
1474 2572 1570 2607 januas
1591 2570 1644 2600 non
1667 2573 1843 2603 discindcns:

1054 2612 1104 2631 n05
1118 2613 1181 2644 vero
1197 2606 1378 2644 inexspectato
1391 2606 1522 2640 adventu,
1538 2613 1566 2644 ut
1578 2616 1625 2643 par
1637 2613 1703 2641 erat,
1717 2611 1842 2644 perculsi,

1054 2647 1149 2667 novam
1166 2642 1300 2675 ingressus
1315 2643 1444 2669 rationem
1461 2643 1550 2670 mirati
1565 2642 1668 2672 sumus.
1685 2642 1844 2673 Audivimus

1053 2682 1114 2715 eum
1135 2675 1283 2715 dicentem,
1296 2676 1364 2715 _an:
1382 2678 1449 2715 robis
1465 2678 1607 2715 (lbidsZO.
1620 2679 1652 2706 2|
1667 2680 1687 2715 ),
1723 2687 1750 2709 et
1773 2691 1842 2710 mm-

1054 2711 1124 2747 roris
1137 2711 1280 2745 procellam
1295 2712 1320 2738 in
1335 2712 1434 2740 laetitia
1458 2711 1676 2747 tranquillitatem
1701 2718 1840 2743 vertimus.

1055 2745 1250 2786 Vidimus_ejus_
1258 2754 1352 2774 manus
1361 2767 1369 2780 ,
1385 2748 1410 2774 ιιι
1425 2745 1624 2786 ριιίῒιιιξὶιριιιος
1636 2749 1725 2786 clavos
1736 2759 1844 2786 recepe-

1054 2786 1111 2812 rat,
1134 2785 1162 2808 ct
1180 2781 1317 2822 hominum
1343 2781 1451 2817 peccata
1475 2783 1610 2822 deleverat
1626 2793 1633 2812 :
1649 2785 1764 2813 vidimus
1786 2781 1843 2822 (aius

1054 2823 1165 2849 manus,
1181 2818 1276 2851 quibus
1291 2823 1404 2845 mortem
1419 2819 1558 2851 contrivit,
1573 2824 1600 2847 et
1617 2818 1841 2849 resurrectiout'tm

1053 2852 1180 2890 omnibus
1195 2852 1490 2890 hominibus‘pcperit:
1517 2855 1631 2882 vidimus
1653 2856 1711 2890 cius
1738 2865 1844 2886 sacrum

1055 2886 1124 2914 latus
1138 2895 1187 2922 pro
1201 2888 1278 2927 nobis
1289 2886 1452 2927 _confossut_tt
1466 2911 1472 2922 ,
1498 2890 1568 2925 qttod
1591 2895 1618 2927 et
1639 2886 1796 2927 saitguinem
1818 2897 1843 2919 et

1053 2929 1149 2957 aquam
1163 2922 1347 2959 emisit,duos
1360 2925 1453 2953 salutis
1474 2922 1572 2954 nostrae
1597 2922 1702 2955 fontes.“
1724 2927 1838 2955 litsullla~
