2076 3118
246 178 297 208 683

246 240 342 267 tionem
356 243 460 271 qunque
473 235 588 262 divinam
603 241 636 261 cx
650 241 696 261 ore
709 233 766 271 eius
776 234 936 269 accepimus,
954 234 1033 262 insuf-

245 269 378 301 ﬂationcm
401 269 565 305 spiritualem
579 290 587 301 ,
613 277 671 304 qua:
690 269 801 304 gratiam
825 277 931 296 omnem
953 271 1032 297 iniui-

243 309 353 336 slrabat.
375 308 395 334 A
413 306 524 333 Domino
547 305 660 332 ordinati
686 312 792 336 sumus,
820 309 849 332 ut
875 310 1032 339 potestatem

245 345 390 371 habeamus
404 340 553 368 dimittendi
571 345 695 375 peccata;
717 344 742 367 et
761 339 896 374 judicandi
924 346 1031 375 peccata

243 379 395 406 facultatem
411 377 580 410 accepimus.
597 376 646 402 hoc
659 376 729 402 dicto
751 382 799 402 nos
822 375 854 402 ad
882 376 907 402 id
931 377 1031 403 consti-

242 418 333 441 tuenle
350 421 356 439 :
373 413 487 446 Quorum
499 411 642 438 remiscritis
657 416 758 442 peccata
768 432 775 442 ,
793 411 955 437 remittuntur
976 412 1010 438 eis
1021 431 1030 443 ,

242 455 265 475 et
279 457 387 485 quarunt
400 447 562 485 retinueritis,
577 451 673 485 retento
683 451 751 485 sunt.
760 446 868 485 Talibus
881 446 1031 485 Servaloris

240 481 319 512 dictis
332 491 393 511 cum
407 483 505 517 gaudio
517 482 642 516 acceptis,
658 481 718 508 talia
736 482 805 507 nacti
823 488 919 517 rsumus
937 482 1004 508 dona
1021 491 1028 510 :

242 529 293 548 non
307 520 377 547 enim
393 516 546 553 poteramus
560 524 574 543 a
592 517 634 543 tali
651 517 764 553 Domino
780 516 840 546 l'rui.
854 517 912 544 sine
923 517 1031 543 divitia-

240 563 298 581 rum
313 551 466 581 accessione
478 573 485 585 ,
498 560 511 579 ιι
529 553 573 579 tali
586 552 697 579 Domino
709 551 819 582 collata;
835 555 861 578 tu
873 559 935 579 vero
956 553 1029 580 solus

241 598 340 625 pauper
354 589 474 625 mansisti
485 588 551 625 tqui
568 595 619 625 non
631 587 736 625 aderas.
751 587 900 625 Statimque
913 587 1029 615 Thomas

240 622 378 659 respondit
402 624 474 651 illis:
492 623 544 650 Vos
569 623 618 649 soli
643 622 922 659 Dominum__vidistis;
944 630 1029 659 egone

239 657 311 688 so'us
327 660 450 694 indiguus
465 666 523 685 sum
538 659 596 692 ejus
608 657 775 694 conspectu?
789 657 882 694 Nonne
901 663 929 694 ut
942 658 1027 685 vocati

237 697 322 727 estis,
346 699 373 722 et
390 693 439 729 ego
459 699 567 721 vocatus
585 693 719 729 rsumiet
745 697 773 719 ut
795 693 916 720 ltonorati
943 694 1026 725 estis,

238 739 287 765 ego
312 732 457 757 honoratus
482 737 540 756 sum
567 728 601 755 ab
624 728 689 756 illo?
716 733 866 765 nonne‘ttl.
884 736 932 765 vos
958 729 1026 755 vidi-

237 763 285 794 stis
310 767 382 793 illum
407 765 565 792 cruciﬁxum
578 784 585 796 ,
606 771 655 798 ego
674 771 779 798 quoquc
798 763 870 790 vidi?
886 764 1026 791 Vobiscum

239 802 322 828 tristia
337 801 404 832 vidi,
419 801 481 827 volo
493 801 574 827 etiam
590 800 648 826 la-ta
663 799 776 826 discere.
792 798 825 826 Ut
839 799 891 825 vidi
913 804 1026 826 mortem

238 837 355 865 (lltristi.
381 836 442 862 volo
466 842 571 869 quoque
591 835 813 861 resurrectionem
839 835 895 867 ejus
917 835 1025 869 conspi-

237 880 308 900 cere.
327 871 386 898 Nist'
399 871 463 897 enim
477 870 561 897 uidero
573 870 600 896 in
615 870 728 895 manibus
740 870 796 902 ejus
811 870 920 903 ﬁxuram
942 870 1027 896 claro.

237 916 309 940 rum,
326 912 349 934 et
361 908 457 933 mittam
471 906 578 940 digitum
591 913 672 930 meum
695 905 721 930 in
744 904 826 930 locum
843 905 981 940 clavorum.
1001 910 1025 932 et

237 939 334 969 mittant
349 950 451 968 "tonum
466 939 546 967 meam
557 940 583 966 iu
597 940 663 966 latus
676 940 742 973 ejus,
757 948 806 966 non
816 940 918 966 Credam
933 939 1023 974 (Joan.

237 979 272 1006 ΞΟ
296 978 331 1005 25
340 979 361 1012 ).
374 976 453 1004 Certe
466 984 513 1012 vos
524 983 576 1002 non
587 974 789 1012 credidissetis,
805 975 853 1002 nisi
866 975 1000 1012 vidissetis
1015 985 1022 1003 :

236 1014 274 1040 sic
285 1018 312 1040 et
322 1009 370 1047 ego
384 1012 434 1038 ttisi
451 1011 553 1047 videro,
569 1009 757 1047 noueredam.
772 1009 916 1047 Persevera
928 1031 936 1042 ,
952 1011 1024 1038 Tho-

236 1057 277 1075 ma
288 1069 295 1081 ,
311 1045 449 1082 persevera
462 1047 488 1073 in
503 1046 551 1082 hac
565 1045 674 1080 pulchra
690 1045 873 1082 incredulitate
887 1051 930 1072 tua
944 1054 951 1078 ;
964 1050 1023 1073 stu-

235 1079 318 1110 diose'
337 1089 477 1117 persevera
496 1101 504 1114 ,
531 1080 618 1108 donec
633 1085 738 1117 gteneas
766 1079 835 1117 ﬁdei
852 1082 997 1108 anchoram
1013 1089 1021 1114 ;

235 1115 418 1145 vehementius
433 1123 576 1151 persevera
591 1116 616 1142 in
633 1115 683 1142 hoc
696 1120 741 1143 tuo
763 1116 914 1149 desiderio,
936 1117 1023 1144 donec

235 1153 326 1181 videas
340 1160 401 1180 eum
415 1160 494 1187 quem
508 1151 654 1178 desideras.
671 1151 942 1187 Amoicogitationum
962 1157 1021 1179 tua-

235 1197 293 1216 rum
307 1186 514 1219 dubitationem,
526 1194 587 1221 quae
601 1194 708 1214 omnem
730 1186 924 1214 dubitationem
945 1195 1022 1215 resc-

235 1230 299 1252 cet:
318 1224 397 1250 laudo
422 1223 529 1250 modum
554 1222 628 1249 illum
652 1222 848 1249 contentiosum
871 1227 900 1249 et
920 1222 1021 1250 Christi

233 1264 366 1286 amantem
380 1279 388 1291 ,
405 1263 434 1285 ut
444 1259 488 1292 qui
502 1264 609 1284 omnem
623 1257 808 1284 haereticorum
821 1258 1019 1285 contentionem

233 1295 347 1322 auferat.
366 1294 404 1321 Ne
417 1293 511 1320 credas
524 1313 530 1324 ,
543 1292 598 1327 jam
613 1292 697 1327 magis
710 1293 790 1319 [idem
804 1301 884 1326 neges
894 1313 902 1322 .
923 1298 952 1320 nt
970 1301 1020 1328 ego

234 1331 345 1357 lirmiter
362 1329 479 1356 credam.
495 1328 590 1361 Quaere
605 1328 745 1354 Doutinum
757 1348 765 1359 ,
781 1332 807 1354 et
822 1335 884 1355 voca
901 1336 1019 1362 pricseu-

234 1370 287 1392 tem
299 1386 306 1398 ,
325 1369 354 1392 ut
370 1369 395 1391 te
411 1369 547 1398 qumrenle
560 1370 591 1390 ac
605 1367 716 1390 vocante
729 1384 735 1394 .
750 1370 799 1398 ego
813 1363 1019 1398 Rcdcmptorem

233 1409 321 1429 meum
333 1400 489 1434 amplectar.
505 1400 647 1434 Persevera
661 1398 732 1424 illum
743 1406 863 1432 qumrere
875 1399 919 1433 qui
933 1399 998 1426 dixit
1010 1408 1017 1426 ε

234 1437 361 1469 Quaerite,
380 1433 406 1462 iet
423 1434 552 1461 invenietis
575 1433 691 1467 (Matth.
706 1434 732 1460 7.
751 1434 797 1468 7).
818 1434 857 1461 Ne
876 1439 1019 1469 prmtereas

232 1471 388 1506 simpliciter
413 1470 572 1506 ettploraus,
598 1469 620 1495 si
645 1476 704 1506 non_
719 1469 837 1506 reperias
862 1470 1017 1497 thesaurum

232 1504 310 1541 quem
339 1506 469 1541 inquiris.
490 1505 635 1541 Persevera
649 1504 771 1541 pulsans
789 1504 903 1541 jauuam
926 1506 1018 1540 cogni—

232 1539 329 1573 tionis,
342 1539 401 1576 quae
416 1540 482 1576 nulli
497 1540 533 1576 sit
545 1539 750 1576 contradictioni
771 1539 885 1566 obnoxia
897 1560 905 1572 ,
931 1539 1019 1568 donec

231 1578 302 1604 illam
325 1573 484 1612 aperiatqni
498 1575 565 1602 dixit
580 1581 588 1601 :
607 1573 712 1612 Pulsate
723 1594 730 1606 ,
757 1579 780 1601 et
793 1575 1016 1612 aperieturrvobis.

232 1609 357 1640 Libenter
383 1610 464 1638 audio
488 1615 514 1638 te
539 1618 609 1644 saepe
634 1609 765 1637 dicentem
782 1618 788 1636 :
805 1609 863 1636 Nisi
888 1611 972 1638 videro
991 1612 1018 1638 in

230 1649 344 1675 inanibus
359 1648 413 1682 ejus
425 1647 534 1680 fixuram
546 1645 681 1682 clavorum,
695 1653 743 1672 non
753 1645 862 1682 credam.
875 1645 913 1673 Te
921 1647 1018 1682 quippe

230 1692 282 1710 uon
295 1680 431 1714 credente,
448 1689 498 1716 ego
518 1680 629 1716 credere
644 1680 745 1716 rdisco:
762 1685 787 1707 te
810 1680 897 1715 ligone
922 1680 1017 1716 linguae

230 1723 282 1746 [me
297 1726 359 1745 arva
375 1717 458 1744 divini
469 1715 594 1751 corporis
609 1715 727 1751 fodieute
737 1736 744 1748 ,
761 1723 810 1751 ego
826 1718 937 1743 I'ructnm
960 1715 1018 1744 sine

229 1754 320 1781 labore
331 1753 449 1787 decerpo
464 1756 491 1779 et
515 1750 579 1778 mibi
606 1750 756 1787 accumulo.
782 1750 838 1787 Nisi
858 1751 952 1779 videro
977 1752 1018 1779 his

229 1789 297 1816 meis
308 1789 395 1816 oculis
409 1787 500 1814 sulcos
514 1787 540 1814 in
555 1786 655 1813 sanctis
667 1786 788 1813 manibus
803 1786 870 1820 ejus,
885 1794 953 1821 quos
963 1788 1017 1815 sul-

228 1829 323 1851 carunt
336 1823 421 1858 impii,
436 1829 580 1857 numquam
592 1822 688 1849 vestris
699 1822 891 1858 obtemperabo
906 1823 994 1850 verbis
1009 1832 1016 1850 ε

232 1860 279 1886 nisi
297 1860 367 1886 hunc
376 1856 466 1885 incum
480 1856 592 1892 digitum
607 1857 710 1883 mittam
726 1857 751 1883 in
776 1856 905 1884 foramina
930 1857 1017 1885 clavo-

230 1903 297 1925 rum.
307 1895 377 1922 hunc
386 1899 503 1921 vestrum
514 1895 611 1919 bonum
621 1892 742 1918 nuntium
752 1900 803 1919 non
814 1892 942 1927 accipiam
953 1894 1017 1922 :nisi

228 1935 334 1964 tangam
355 1929 404 1955 hac
425 1936 505 1956 manu
527 1935 586 1956 mea
606 1927 674 1954 latus
687 1926 772 1964 illud,
791 1935 844 1964 non
864 1935 1017 1964 suspectum

228 1961 430 1993 resurrectionis
443 1968 554 1996 tcstcm,
569 1970 620 1990 non
632 1961 738 1989 credam
753 1963 905 1990 testimonio
913 1961 1015 1992 vestro.

261 2000 289 2028 2.
304 2000 405 2028 Videbo
418 1999 502 2026 oculis
515 1999 582 2025 meis
596 2005 638 2030 ea,
651 2005 710 2034 qua;
724 2005 770 2034 vos
784 1998 933 2032 praedicatis
945 2000 1017 2034 (nam

227 2044 290 2063 sure
309 2035 439 2063 certiores
461 2037 525 2060 sunt
544 2038 625 2060 testes
648 2032 753 2068 oculi);
771 2039 798 2061 et
818 2038 881 2061 tunc
899 2032 1017 2062 vestrum

228 2072 354 2106 recipiant
369 2070 480 2106 dictum.
493 2069 579 2106 Qtnnc
595 2069 694 2106 quippe
709 2068 818 2106 verbum
831 2076 847 2096 a
862 2069 943 2097 rebus
954 2070 1018 2104 ipsis

225 2104 424 2138 conﬁrmatum,
436 2104 553 2132 validum
565 2109 593 2131 et
604 2105 709 2140 ﬁrmum
721 2107 777 2136 est;
791 2105 833 2140 sin
848 2112 937 2132 rerum
948 2106 1018 2140 ipsa-

227 2150 284 2169 rum
300 2141 502 2169 conlirmatioue
514 2140 641 2175 privetur.
654 2139 767 2175 inaniter
776 2146 791 2166 a
802 2139 879 2167 labiis
891 2140 917 2168 in
927 2139 1017 2168 aerem

228 2177 396 2204 ilitl'nnditur.
412 2174 535 2202 Doctoris
549 2175 639 2211 nostri
648 2174 774 2202 miracula
790 2175 940 2203 homittibus
950 2183 1018 2211 prte-

227 2211 365 2238 dicaturus
385 2218 444 2237 smn
458 2219 465 2238 :
478 2210 612 2245 quomodo
634 2210 713 2244 igitur
731 2217 761 2236 ea
779 2217 838 2244 qua:
860 2218 912 2237 non
933 2210 1018 2238 oeulis

228 2248 348 2281 percepi,
372 2246 460 2272 verbis
483 2244 641 2281 proferam?
664 2244 802 2281 quomodo
811 2245 965 2281 incredulis
986 2254 1018 2274 ea

227 2279 339 2308 credere
360 2281 477 2307 suadebo
485 2279 495 2311 ⁷,
509 2281 604 2315 quibus
619 2280 675 2313 ipse
697 2287 749 2305 non
765 2279 865 2315 adfui?
884 2282 1018 2314 quomodo

226 2316 327 2345 .Indzeis
349 2323 380 2343 ac
402 2314 547 2350 gentilibus
568 2315 654 2341 dicam
672 2322 679 2341 :
695 2314 854 2350 Crucilixnm
876 2315 1016 2343 Dominum

226 2359 315 2378 meum
331 2351 383 2378 vidi
396 2349 414 2383 ,ί
425 2350 612 2378 resuscitatum
635 2356 688 2375 non
702 2349 755 2375 vidi
765 2368 773 2380 ,
788 2349 834 2376 sed
852 2350 885 2376 ab
900 2350 958 2377 aliis
972 2359 1018 2378 au-

227 2387 300 2414 divi?
314 2386 413 2421 Ecquis
428 2385 485 2412 haec
498 2385 629 2421 dicentem
640 2384 859 2421 nongirridebit?
874 2386 933 2420 quis
950 2394 1017 2420 prte-

226 2419 387 2450 dicationein
411 2428 464 2447 non
485 2424 592 2455 respuet
602 2419 710 2455 YVAIiud
724 2425 765 2455 est
779 2419 929 2453 audivisse,
946 2419 1018 2449 aliud

227 2457 329 2485 vidisse
341 2465 348 2484 :
361 2456 432 2483 aliud
454 2455 535 2482 verba
558 2454 694 2489 percipere
706 2474 714 2486 ,
731 2454 802 2482 aliud
819 2456 907 2483 videre
926 2462 953 2483 et
972 2465 1018 2484 ex-

227 2493 321 2527 periri.
336 2492 398 2518 IIatc
412 2495 440 2518 et
458 2490 554 2517 similia
570 2498 630 2517 cuni
644 2491 805 2527 ctiapostolis
823 2491 924 2518 diceret
944 2492 1016 2519 Tito-

228 2525 284 2555 inas
295 2548 304 2561 ,
319 2528 453 2562 ingressus
466 2531 507 2553 est
522 2533 625 2562 rursum
640 2525 718 2562 Jesus
730 2525 763 2553 ad
777 2526 921 2561 discipulos
931 2527 1017 2562 ianuis

225 2563 336 2592 clausis.
352 2561 475 2595 ’Ingressa
490 2565 531 2588 est
544 2561 629 2588 Janua
645 2561 706 2588 vitae
721 2568 769 2596 per
780 2561 885 2589 clausas
898 2562 993 2596 januas
1009 2572 1015 2589 :

226 2605 260 2625 eo
275 2598 354 2625 modo
367 2597 502 2631 ingressus
520 2603 571 2628 εει,
590 2603 642 2631 quo
663 2597 737 2624 novit
755 2596 840 2631 ipsum
863 2596 948 2624 solum
970 2598 1017 2626 Dei

228 2633 355 2660 Verbum.
375 2632 448 2660 Sicut
461 2631 532 2659 enim
548 2639 608 2658 cum
629 2637 784 2668 natusest,
800 2632 959 2667 vitginitatis
973 2633 1016 2668 ja-

228 2675 295 2696 nuas
309 2675 361 2695 non
377 2667 461 2700 laesit,
476 2667 515 2694 sic
527 2668 606 2694 etiam
624 2668 692 2694 intra
706 2667 815 2694 domum
828 2673 950 2702 repertus
964 2667 1015 2702 est,

227 2709 253 2731 at
267 2703 381 2730 claustra
401 2711 454 2729 non
477 2702 563 2737 fregit.
580 2703 619 2730 Ac
633 2709 724 2730 rursus
734 2723 742 2736 ,
757 2707 786 2729 ut
802 2703 868 2730 exiit
880 2711 912 2730 ex
925 2704 1017 2738 sepul-

226 2745 274 2766 cro
296 2739 387 2766 clauso
412 2742 438 2765 et
463 2738 613 2772 obsignato,
638 2738 677 2765 sic
700 2739 837 2772 ingressus
862 2743 904 2765 est
926 2738 1016 2773 januis

226 2775 335 2801 clausis.
358 2774 495 2809 Ingressus
510 2781 542 2800 eo
557 2778 598 2800 est
612 2780 692 2809 carne
704 2793 712 2806 ,
729 2773 773 2799 tibi
786 2778 843 2800 erat
852 2774 995 2809 divinitate
1006 2794 1014 2807 ,

225 2815 252 2836 ct
264 2810 359 2845 jannas
374 2817 425 2836 non
441 2809 556 2845 aperuit.
576 2808 662 2835 Voluit
676 2816 764 2839 enim,
780 2813 806 2835 ct
822 2808 885 2835 nihil
901 2809 1016 2844 impedi-

225 2844 284 2871 viti:
301 2845 394 2876 voluit,
411 2848 438 2871 et
453 2844 542 2870 omnia
558 2850 751 2871 coacurrernnt
768 2853 774 2870 :
791 2845 884 2876 voluit,
900 2850 926 2871 et
942 2853 1016 2871 crea-

226 2885 283 2907 tura
306 2880 356 2913 ipsi
376 2881 521 2914 obscquuta
538 2884 578 2906 est
593 2887 598 2904 :
616 2880 741 2905 voluntati
758 2879 816 2914 ejus
837 2880 924 2906 omnia
948 2888 1014 2906 con-

225 2920 376 2949 currerunt,
403 2913 474 2949 quod
497 2922 561 2942 vere
584 2914 653 2942 Deus
667 2919 750 2941 esset.
773 2913 818 2941 Sic
837 2920 864 2942 et
879 2916 1014 2950 generatio
1034 2947 1038 2951 η

985 174 1119 202 SPURIA.

1826 179 1879 208 684

1087 234 1143 267 ejus
1158 241 1264 262 omnem
1284 241 1434 262 sermonem
1448 241 1568 271 superat,
1588 241 1615 264 et
1634 237 1721 264 exitus
1735 245 1765 265 ex
1783 246 1881 267 moun-

1086 275 1175 310 mento
1190 273 1460 310 _lllt_3.tllt.3lll_omtleﬂl
1475 272 1641 310 transcendit
1654 292 1668 304 ,.
1686 273 1878 310 ingressusque

1085 304 1196 344 ejus_ad
1212 304 1369 344 ‘tliscipulos
1394 304 1799 344 inetTabilisgiuenarrabiﬁsque
1822 304 1876 338 e'st.

1083 340 1158 380 Qnod
1175 340 1280 374 quidem
1295 341 1430 380 ingressus
1442 341 1477 380 sit
1488 342 1521 368 ad
1534 342 1690 380 discipulos.
1707 340 1876 380 hoc'qnidem

1083 375 1194 411 edoctus
1207 383 1266 402 sum
1279 384 1286 402 '.
1299 376 1434 410 quomodo
1446 377 1581 411 ingressus
1591 375 1639 409 sit,
1653 375 1874 408 nondunt'didiei.

1083 410 1158 450 Quod
1175 419 1226 436 non
1243 411 1299 445 ipse
1315 412 1435 450 percepi,
1456 410 1505 439 ucc
1524 413 1614 440 dicere
1628 414 1724 450 audeo.
1742 414 1808 442 Eum
1829 417 1876 450 qui

1084 445 1220 481 ingressus
1232 451 1271 471 est
1287 446 1393 472 celebro
1405 467 1412 479 ,
1430 448 1566 481 ingressus
1580 449 1686 475 modum
1702 458 1753 477 non
1767 445 1877 479 curiose

1083 480 1188 520 inquiro
1205 490 1211 507 :
1228 481 1347 520 prmdico
1359 480 1532 520 mysterium,
1554 492 1605 520 nec
1622 484 1726 517 cxplico
1741 486 1811 520 quod
1828 493 1877 514 ex-

1083 516 1173 555 plicari
1198 517 1284 555 nequit
1303 526 1309 544 :
1326 516 1430 551 signum
1453 517 1552 555 editum
1575 519 1712 552 admiror,
1736 516 1875 555 q'nomodo

1083 551 1178 578 factum
1195 552 1236 589 qsit
1258 559 1422 589 antiqua-ro
1439 564 1444 579 :
1461 552 1495 589 iis
1506 561 1564 586 qum
1579 555 1678 588 scripta
1694 551 1754 582 suni
1767 557 1850 583 credo
1864 578 1872 589 ,

1081 593 1129 625 nec
1143 587 1249 613 curiose
1263 587 1393 625 exploro,
1408 593 1435 614 et
1457 587 1569 625 salutem
1583 587 1743 625 consequor.
1760 587 1874 619 Auditor

1080 622 1178 656 quippe
1199 630 1258 648 sum
1278 623 1466 649 miraculorum
1482 623 1596 656 Domini,
1614 622 1774 653 ncn'sutem
1791 627 1815 653 itt
1829 627 1873 653 di-

1081 657 1149 695 vinis
1176 657 1227 684 illis
1251 658 1450 695 operationibus
1475 665 1596 695 versatus
1620 668 1689 686 Slltll.
1714 661 1746 688 Et
1767 662 1788 688 si
1811 663 1872 695 quis

1079 691 1230 719 Judmoruni
1256 693 1352 720 dixerit
1376 693 1439 719 inihi
1462 701 1468 719 :
1492 693 1545 721 lies
1568 702 1676 728 prorsus
1701 691 1871 725 incredibiles

1081 728 1208 761 prmdit-as
1223 732 1250 764 et
1273 728 1450 764 impossibilcs
1463 737 1469 759 ;
1484 730 1618 763 quomodo
1642 731 1726 764 pntttit
1750 733 1872 764 corporis

1080 764 1164 800 moles
1175 763 1263 797 januis
1276 764 1373 800 clausis
1385 763 1504 790 intrare?
1519 764 1605 791 dicam
1619 763 1646 791 rt
1658 773 1709 799 ego
1722 767 1759 792 illi
1774 763 1870 800 κρυο-

1080 799 1159 824 modo
1175 799 1259 832 potuit
1275 799 1442 825 lIabacncum
1458 800 1568 833 angelus
1582 800 1716 830 drducere
1738 802 1763 827 in
1783 799 1869 831 lacum

1079 833 1224 871 leonunt.et
1234 833 1412 871 rursutninde
1420 835 1557 871 reduci-re,
1570 840 1596 862 et
1606 836 1725 869 apposita
1735 837 1870 871 signacula

1077 869 1149 907 salva
1165 870 1301 907 etintcgra
1314 869 1463 907 relinquere
1476 869 1557 905 (Dan.
1572 871 1672 907 4.752)?
1687 869 1786 899 Servus
1798 873 1868 907 quod

1078 904 1160 942 voluit
1173 904 1269 942 ellecit,
1283 909 1310 931 et
1324 905 1453 942 Dominus
1469 906 1629 942 nonpotuit,
1648 904 1675 933 ut
1690 907 1738 933 sibi
1751 904 1870 942 placuit?

1077 939 1304 971 Quemadmodum
1326 947 1390 974 ergo
1412 940 1475 967 illud
1491 941 1596 968 volente
1619 941 1673 968 Deo
1693 939 1791 969 factum
1816 948 1867 973 est.

1077 975 1112 1000 ita
1131 980 1162 1010 et
1185 975 1235 1002 hoe
1250 975 1355 1010 volente
1369 976 1422 1002 Deo
1438 975 1525 1002 Verbo
1536 996 1542 1006 ,
1559 977 1602 1010 qui
1618 976 1698 1003 homo
1711 978 1795 1004 lactus
1806 983 1847 1005 est
1859 998 1866 1010 ,

1076 1009 1222 1047 perfectum
1239 1010 1303 1047 {tiit._
1314 1009 1452 1047 Ingressus
1469 1017 1509 1038 est
1523 1009 1586 1045 ergo
1600 1012 1633 1038 ad
1646 1012 1792 1047 discipulos
1805 1021 1869 1040 suos

1076 1045 1214 1076 Servator.
1232 1050 1261 1072 ιιι
1273 1045 1323 1072 sibi
1341 1046 1449 1079 placuit,
1465 1051 1492 1072 ct
1504 1050 1576 1073 stetit
1591 1047 1616 1073 in
1632 1045 1731 1079 medio,
1744 1053 1772 1075 ut
1782 1050 1868 1075 omni-

1074 1080 1125 1108 bus
1147 1082 1203 1115 pari
1229 1080 1308 1108 tnodo
1331 1085 1483 1115 appareret,
1505 1085 1532 1108 et
1553 1081 1621 1109 dixit
1640 1083 1702 1110 eis:
1721 1082 1778 1111 Pax
1797 1084 1867 1110 vobis

1076 1115 1164 1150 (Jonn.
1179 1116 1222 1144 20.
1238 1116 1364 1152 26).?“
1384 1116 1456 1152 enim
1476 1124 1546 1148 sum,
1569 1122 1596 1143 et
1617 1125 1709 1152 pacem
1729 1118 1764 1146 do
1779 1119 1865 1147 vobis.

1074 1152 1149 1183 Quod
1170 1158 1239 1183 sum,
1255 1152 1281 1178 id
1294 1151 1339 1178 do.
1354 1151 1407 1178 Pax
1422 1151 1478 1178 hiec
1494 1159 1588 1180 omnes
1601 1153 1723 1180 inimicos
1740 1155 1864 1187 subjiciet

1073 1187 1123 1214 sub
1146 1187 1256 1221 pedibus
1277 1187 1372 1214 vestris
1388 1195 1394 1213 :
1408 1194 1457 1221 pax
1474 1186 1531 1214 haec
1551 1196 1646 1215 omnes
1661 1186 1821 1222 principatus
1835 1194 1865 1216 ct

1073 1227 1220 1256 potestates
1246 1222 1366 1249 subditas
1389 1222 1465 1258 vobis
1486 1222 1563 1258 faciet
1586 1232 1592 1248 :
1619 1231 1669 1258 pax
1690 1223 1746 1250 ba:c
1769 1230 1862 1251 contra

1074 1262 1156 1294 totum
1168 1258 1260 1294 urbem
1272 1261 1400 1294 tropaatm
1412 1257 1508 1294 eriget.
1528 1257 1693 1286 Gavisi'sunt
1706 1266 1769 1294 ergo
1782 1259 1864 1286 disci-

1073 1293 1137 1326 puli,
1152 1300 1211 1319 cmtt
1229 1292 1332 1320 Domini
1352 1293 1393 1320 siti
1408 1292 1493 1320 forma
1506 1297 1533 1320 et
1553 1301 1617 1321 voce
1632 1294 1729 1321 iterum
1739 1292 1864 1322 I’rnereu-

1073 1333 1125 1359 tur,
1141 1334 1167 1355 et
1183 1328 1312 1355 Thomam
1325 1328 1422 1356 cubitis
1435 1329 1595 1362 pulsabant;
1610 1329 1659 1363 ipsi
1671 1330 1756 1356 oculis
1766 1337 1864 1356 annue-

1071 1363 1145 1395 bant,
1164 1370 1196 1390 ac
1213 1363 1403 1397 propemodum
1431 1364 1634 1398 superciliorum
1654 1370 1719 1391 nutu
1739 1364 1865 1392 dieehant

1072 1398 1108 1425 illi
1122 1407 1129 1425 :
1145 1399 1240 1425 Annon
1255 1399 1372 1426 diximus
1387 1399 1431 1426 tibi
1448 1406 1549 1432 nttper,
1575 1398 1689 1427 Vidimus
1706 1400 1841 1427 Domitiani
1852 1421 1861 1433 ,

1071 1439 1096 1460 et
1111 1440 1162 1469 non
1176 1433 1311 1460 credidiin
1328 1434 1423 1460 nobis?
1437 1433 1507 1461 Ecce
1521 1434 1597 1461 adest
1611 1435 1668 1469 ipse
1682 1435 1860 1468 desideratus,

1071 1469 1129 1503 ipso
1143 1468 1232 1496 fruere
1247 1473 1274 1495 ut
1287 1470 1337 1500 vis,
1352 1469 1485 1496 delectare
1501 1474 1528 1496 ut
1544 1468 1680 1497 desideras
1696 1479 1702 1496 :
1715 1471 1815 1498 accede
1827 1471 1862 1498 ad

1070 1512 1143 1536 eum,
1159 1504 1203 1539 qui
1221 1509 1329 1538 propter
1342 1505 1453 1531 salutem
1470 1509 1539 1531 tuam
1553 1505 1586 1532 ad
1594 1512 1648 1540 nos
1660 1505 1796 1540 ingressus
1808 1511 1861 1538 cst,

1069 1544 1097 1567 et
1109 1540 1199 1573 accipe
1212 1539 1388 1573 quaestionum
1404 1539 1576 1566 solutionem.
1592 1539 1650 1574 Ipse
1665 1548 1730 1567 vero
1742 1541 1860 1569 Thomas

1069 1575 1157 1602 stabat
1178 1575 1261 1602 oculis
1282 1575 1500 1608 circumspiciens
1514 1575 1600 1603 omnia
1616 1575 1764 1603 Servatnris
1777 1584 1862 1603 ntem-

1070 1610 1128 1643 bra,
1141 1615 1167 1637 et
1176 1610 1278 1644 singula
1290 1611 1395 1637 curiose
1408 1610 1560 1644 explorans,
1570 1618 1602 1637 an
1614 1618 1676 1638 vere
1685 1612 1729 1645 qui
1741 1617 1862 1638 mortuus

1069 1650 1135 1678 erat,
1150 1646 1323 1672 resuscitatus
1337 1646 1451 1672 adesset.
1463 1645 1530 1678 Quid
1542 1652 1604 1679 ergo
1612 1646 1679 1673 dixit
1693 1647 1716 1673 ei
1733 1647 1777 1673 ille
1787 1647 1862 1674 solus

1070 1681 1155 1708 bonus
1165 1702 1172 1713 ,
1189 1681 1262 1707 solus
1276 1681 1427 1707 misericors
1442 1685 1468 1707 et
1482 1681 1610 1715 benignus
1620 1702 1627 1712 ,
1645 1681 1696 1714 Qui
1710 1683 1761 1708 vult
1776 1690 1861 1708 omnes

1069 1716 1182 1751 homines
1203 1716 1286 1742 salvos
1308 1716 1373 1749 ﬁcii,
1392 1720 1415 1742 et
1433 1715 1468 1742 ad
1487 1717 1640 1751 agnitionem
1656 1717 1764 1743 veritatis
1779 1718 1863 1743 venire

1072 1751 1109 1787 (I.
1124 1750 1189 1787 Titi}.
1205 1751 1234 1778 2.
1248 1751 1294 1786 4)?
1307 1751 1380 1786 lnfer
1392 1751 1497 1786 digitum
1506 1750 1583 1778 tuum
1593 1752 1652 1784 ltuc,
1666 1757 1689 1778 et
1703 1752 1758 1778 vide
1771 1760 1861 1779 manus

1069 1795 1148 1815 meas.
1163 1786 1185 1814 0
1198 1787 1367 1821 benignitatis
1381 1788 1485 1814 culmen
1501 1787 1658 1814 immensum
1671 1787 1678 1813 ε
1693 1795 1709 1814 o
1723 1787 1861 1821 indulgen-

1070 1821 1113 1849 tia:
1137 1822 1334 1848 interminatam
1352 1821 1472 1856 pelagus!
1496 1821 1552 1848 Non
1576 1822 1740 1856 exspectavit
1760 1823 1860 1850 aditum

1070 1857 1190 1892 discipuli
1202 1877 1208 1888 .
1224 1864 1277 1884 non
1291 1858 1454 1891 exspectavit
1468 1857 1554 1884 donec
1572 1857 1684 1892 supplex
1703 1857 1860 1889 accederet,

1069 1899 1101 1920 ac
1123 1897 1227 1926 peteret
1247 1897 1275 1919 ut
1296 1898 1414 1927 optatum
1433 1898 1638 1927 assequcretur,
1660 1900 1746 1927 neque
1765 1893 1804 1920 vel
1826 1893 1860 1920 ad

1069 1927 1150 1955 breve
1166 1933 1270 1961 tempus
1292 1927 1413 1958 distulit;
1435 1927 1481 1954 sed
1506 1929 1562 1962 ipse
1582 1935 1699 1962 praesens
1713 1932 1860 1955 amatorem

1069 1963 1103 1990 ad
1122 1963 1304 1998 desideratuth
1323 1962 1347 1989 vi
1367 1963 1506 1996 compulit,
1530 1963 1588 1997 ipse
1603 1970 1667 1990 voce
1680 1970 1727 1990 sua
1749 1963 1861 1998 digitum

1069 1998 1246 2026 desiderantis
1273 1997 1306 2024 ad
1333 1998 1490 2033 sertraxit,
1519 1998 1576 2032 ipse
1608 1998 1743 2025 Dominica
1773 1997 1861 2033 lingua

1070 2034 1194 2074 servilem
1216 2041 1323 2074 martum
1343 2032 1376 2059 ad
1391 2040 1426 2074 se
1448 2034 1593 2068 pertraxit,
1608 2033 1700 2074 dicens
1714 2034 1751 2060 illi
1767 2042 1774 2060 :
1789 2032 1863 2074 Ιὴίὶττ

1070 2069 1175 2103 digitum
1188 2073 1257 2096 tuum
1268 2069 1327 2102 huc,
1337 2073 1360 2094 et
1373 2068 1429 2095 vide
1440 2076 1530 2095 manu:
1542 2076 1619 2095 meas.
1629 2068 1742 2103 Propter
1753 2073 1778 2096 te
1790 2068 1862 2096 euint

1072 2109 1097 2132 Ie
1118 2104 1182 2137 adii,
1206 2109 1315 2138 propter
1337 2107 1363 2130 te
1382 2110 1487 2130 rursum
1503 2103 1555 2131 huc
1569 2104 1680 2137 accessi,
1697 2104 1766 2131 unde
1781 2113 1860 2131 num-

1070 2147 1150 2174 quam
1171 2140 1317 2166 secundum
1341 2138 1666 2174 divinitatemrabfueram
1683 2147 1690 2165 :
1705 2143 1812 2174 propter
1837 2145 1863 2166 te

1070 2173 1165 2202 manus
1183 2174 1263 2202 hasce
1281 2174 1363 2201 clavis
1382 2173 1552 2208 conligendas
1565 2174 1686 2208 porrexi.
1701 2178 1729 2201 ut
1745 2173 1790 2202 tibi
1805 2175 1863 2201 sine

1071 2211 1190 2244 pcricalo
1203 2216 1248 2236 tuo
1259 2210 1369 2237 salutem
1379 2216 1512 2244 parerem.
1525 2208 1631 2236 Accede
1639 2210 1671 2236 ad
1684 2217 1727 2236 me
1737 2216 1862 2244 corpore.

1070 2246 1175 2280 spiritu,
1202 2245 1269 2277 lide,
1293 2249 1321 2272 et
1342 2244 1414 2271 clare
1434 2244 1507 2271 disce
1522 2252 1580 2278 qua:
1595 2244 1698 2271 discere
1715 2245 1861 2280 cupiebas:

1072 2289 1119 2315 pro
1134 2281 1216 2308 Iubito
1231 2285 1276 2307 ttto
1290 2285 1420 2312 scrutare,
1437 2280 1520 2311 disce,
1536 2285 1613 2314 tange
1629 2288 1635 2305 :
1649 2280 1722 2314 quasi
1737 2281 1824 2306 infans
1838 2282 1862 2306 iu

1071 2317 1193 2343 manibus
1207 2316 1274 2343 meis
1287 2316 1383 2348 scripta
1400 2315 1457 2348 lege
1471 2315 1626 2342 voluntaria:
1647 2315 1778 2349 passionis
1797 2323 1864 2342 mea:

1071 2351 1190 2378 vulnera.
1206 2350 1300 2378 Omnia
1322 2350 1367 2377 tibi
1381 2350 1500 2377 membra
1518 2350 1550 2377 ad
1566 2351 1737 2377 scrutandum
1756 2350 1841 2378 ol'l'ero
1856 2360 1862 2376 :

1071 2395 1123 2413 non
1146 2386 1275 2413 erubesco
1297 2386 1417 2420 corporis
1434 2386 1531 2413 livores
1542 2406 1548 2417 ,
1569 2393 1618 2412 nec
1633 2385 1720 2412 Carnis
1733 2386 1843 2413 vulnera
1856 2406 1862 2416 ,

1070 2430 1129 2456 qua:
1151 2427 1258 2456 propter
1280 2422 1388 2448 vulnera
1412 2426 1500 2448 vestra
1523 2421 1615 2456 excepi
1631 2429 1637 2448 :
1653 2428 1705 2448 non
1728 2421 1864 2448 abscondo

1070 2457 1161 2492 gloriae
1181 2456 1351 2490 victoriaeque
1376 2463 1442 2483 mete
1465 2461 1562 2491 tropa-a
1577 2465 1591 2492 :7
1594 2456 1684 2492 palam
1702 2456 1801 2490 prodeo
1813 2476 1821 2489 ,
1838 2461 1865 2482 ct

1070 2491 1142 2519 onmi
1165 2497 1293 2519 creatum
1316 2492 1358 2518 illa
1383 2492 1468 2526 palam
1485 2492 1562 2518 facio.
1580 2491 1651 2518 Vidit
1670 2492 1712 2518 illa
1733 2491 1790 2524 sul;
1805 2492 1865 2518 ideo

1070 2529 1181 2555 secessit
1192 2531 1219 2554 et
1230 2527 1300 2554 diem
1315 2527 1340 2554 in
1357 2531 1462 2554 noctem
1474 2527 1606 2554 mutavit:
1621 2526 1686 2553 vidit
1702 2531 1789 2558 terra;
1804 2526 1866 2553 ideo

1070 2562 1138 2597 fugae
1162 2563 1249 2590 locum
1273 2562 1394 2596 quaesivit
1414 2571 1421 2588 :
1438 2561 1495 2589 btec
1517 2564 1604 2589 sciunt
1626 2567 1728 2597 petrae;
1752 2561 1866 2596 ideoque

1069 2598 1159 2626 scissze
1175 2602 1247 2630 sunt,
1261 2603 1288 2624 et
1303 2598 1432 2625 scissione
1447 2597 1597 2632 passionem
1618 2604 1703 2623 meam
1720 2598 1864 2623 luxerunt:

1070 2634 1127 2661 haec
1139 2633 1227 2661 sciunt
1240 2633 1352 2666 mortui;
1367 2640 1428 2659 nam
1447 2637 1585 2667 propterea
1604 2640 1638 2660 ex
1656 2632 1784 2666 sepulcris
1804 2640 1866 2666 pro-

1069 2669 1143 2696 diere
1166 2673 1304 2695 currentes
1324 2677 1331 2695 :
1351 2669 1408 2695 haec
1422 2666 1496 2695 nevit
1517 2669 1603 2695 velum
1625 2668 1734 2702 templi;
1750 2666 1867 2701 ideoque

1069 2704 1209 2732 discissum
1232 2703 1386 2731 Iudaeorum
1410 2703 1554 2737 perniciem
1578 2703 1652 2730 luxit,
1681 2701 1751 2729 ’I’ide
1774 2710 1867 2728 manus

1069 2747 1148 2772 nicas,
1162 2744 1192 2765 ut
1206 2739 1310 2765 voluisti
1328 2747 1334 2764 :
1353 2738 1463 2773 digitum
1480 2743 1553 2765 tuum
1569 2739 1682 2765 immitte
1694 2738 1721 2764 in
1735 2737 1868 2771 profunda

1071 2775 1205 2809 plagarum
1220 2781 1352 2801 mearum.
1372 2774 1416 2800 Vis
1434 2781 1540 2809 quaque
1555 2774 1622 2800 latus
1636 2780 1724 2800 meum
1744 2772 1869 2799 conside-

1071 2781 1205 2809 ptagarum
1220 2781 1352 2801 mearum.
1374 2781 1416 2800 VIS
1430 2781 1540 2835 (qumque
1555 2781 1622 2800 tatus
1636 2781 1724 2800 meum
1744 2781 1868 2799 conside-

1069 2817 1128 2836 rare
1145 2818 1152 2836 :
1168 2816 1231 2836 ecce
1255 2809 1318 2835 illud
1342 2815 1427 2843 expan
1449 2818 1464 2835 ο
1481 2810 1538 2836 tibi.
1565 2809 1633 2835 lnl‘ct‘
1658 2816 1766 2835 manum
1794 2812 1868 2834 tuam

1069 2845 1141 2872 illam
1157 2845 1288 2871 curiosam
1300 2865 1307 2877 ,
1325 2850 1351 2870 et
1367 2844 1442 2870 mitte
1458 2844 1482 2870 iu
1503 2845 1570 2871 latus
1585 2852 1672 2871 meum
1691 2852 1697 2870 :
1713 2848 1791 2876 tange
1804 2850 1869 2870 cor-

1071 2887 1120 2914 pus
1135 2887 1222 2906 meum
1232 2900 1240 2910 ,
1256 2880 1327 2914 quod
1341 2880 1400 2907 sine
1414 2880 1516 2906 semine
1533 2880 1600 2906 virili
1614 2880 1788 2906 constitutum
1803 2883 1845 2905 est
1861 2886 1868 2905 ε

1072 2921 1149 2949 tange
1161 2922 1257 2948 corpus
1271 2922 1358 2942 meum
1373 2921 1531 2950 conceptum
1549 2923 1582 2943 ex
1601 2914 1682 2942 Maria
1700 2914 1808 2949 Virgini.-
1819 2933 1827 2948 ,
1839 2919 1867 2941 et
