2076 3118
190 129 241 157 715

189 187 373 216 intemeratum
390 186 496 214 vulvam
510 185 625 213 servavit
638 189 667 211 ut
681 184 761 211 Deus.
776 184 862 218 Opera
878 185 975 219 quippe

190 224 235 250 ltei
251 230 302 249 non
326 228 427 249 natura:
441 229 531 248 rerum
544 221 674 252 serviunt,
697 220 743 246 sed
768 220 814 247 Dei
832 219 907 247 Verbi
921 222 977 254 jus-

187 266 247 285 sum
262 263 418 293 sequuntur.
432 257 665 293 Aliquandoenim
688 255 756 282 heus
770 255 915 293 secundum
930 263 977 282 na-

189 298 275 320 turam
288 291 371 324 creat,
389 297 416 318 ut
431 296 531 319 natura:
544 291 665 318 ordinem
679 298 826 325 cognoscas
838 299 845 322 ;
858 291 978 325 aliquau-

187 329 223 356 do
233 332 433 363 autem'pra-ter
450 332 572 354 naturam
591 331 674 363 creat,
691 331 719 352 ut
741 326 829 363 discas
841 327 977 361 operantis

188 361 345 399 potentiam.
359 363 451 399 Neque
472 363 543 388 enim
570 362 659 399 omnia
682 361 827 388 secundum
855 367 975 399 naturam

190 397 267 432 iinnt,
275 406 308 426 ne
317 404 410 426 natura
424 398 493 424 Deus
505 405 564 424 esse
571 398 672 424 dicatur
687 405 693 423 :
710 404 796 431 neque
807 397 895 423 omnia
908 405 975 431 pra:-

188 439 229 461 ter
248 431 380 466 naturam,
403 441 436 460 ne
456 437 582 468 putentur
596 437 701 468 numne
718 431 903 459 confusionem
916 440 977 459 esse

186 477 229 501 ea,
244 477 304 504 quae
319 475 415 504 printer
428 472 549 495 naturam
564 468 647 504 tiunt?
659 467 788 494 Efformat
800 468 869 494 Dens
881 475 976 494 secun-

186 503 261 531 ιΙιιιιιί
275 510 412 535 naturam,
433 508 460 530 et
482 508 555 530 creat
569 503 647 530 etiam
668 507 766 537 praeter
786 506 926 534 naturam,
949 507 977 529 ttt

186 540 274 567 discas
289 545 410 567 naturam
421 539 524 565 ancilla:
540 546 625 571 more,
641 544 667 565 et
690 537 836 564 secundum
853 542 974 564 naturam

188 576 300 608 moveri,
316 580 343 603 et
359 579 455 610 praeter
471 580 590 601 naturam
611 581 729 604 currere.
746 572 791 600 Dei
809 573 912 607 jussum
928 573 977 599 im-

188 613 314 644 plentrut.

223 646 249 672 3.
264 647 309 673 Dic
330 652 393 673 vero
410 650 448 678 tu.
462 645 507 680 qui
533 642 976 680 quaestionemWmovcstqnomodo

185 681 308 709 Christus
323 690 357 709 ex
371 678 525 708 intemerata
543 678 626 706 ’vnlva
654 679 786 713 prodiens,
818 678 976 712 virginitatis

187 717 354 751 signaculum
367 724 419 743 non
435 715 542 751 delevit,
554 715 733 751 quomodoex
748 714 865 751 virgineo
873 714 976 751 Aulaxuo

187 749 261 786 virgo
275 752 327 779 Eva
342 751 456 786 prodiit?
471 750 536 777 Nam
556 750 668 784 Deipara
694 749 773 786 Maria
787 770 794 781 ,
809 756 867 786 quae
889 749 974 786 virum

187 784 373 824 nonrnm'erat,
383 788 468 813 virum
484 786 604 824 peperit,
614 786 714 819 primus
727 784 807 824 homo
820 785 914 824 Adam,
930 784 973 824 qui

187 823 324 849 mulierem
342 830 394 848 non
408 819 527 852 noverat,
543 820 679 846 mulierem
695 820 862 854 germinavit.
877 819 910 845 At
924 819 975 845 vir-

185 858 275 892 ginem
290 859 407 892 gignere,
424 857 485 883 licet
508 863 550 883 res
571 856 699 890 stupenda
714 855 757 892 sit,
773 854 871 888 aliquid
886 858 973 892 tamen

188 889 397 923 intinxtisliabet,
413 893 437 918 in
452 895 579 926 quantum
591 889 692 921 venter,
705 890 791 922 vulva,
807 895 834 926 et
849 889 975 916 naturalis

188 928 331 955 infantibus
343 929 383 954 via
395 928 449 961 jant
462 923 601 954 emirmata
617 931 673 955 est;
688 926 732 951 sed
750 926 774 951 in
789 923 891 951 Adamn
916 929 974 951 stu-

189 963 275 997 penda
285 963 377 990 omnia
391 966 462 989 sunt.
491 962 555 995 Quis
577 961 647 997 enim
671 961 736 987 vidit
750 965 871 997 exucosta
884 964 974 986 natum

188 994 340 1025 hominem?
354 994 522 1032 quandouam
536 1002 608 1023 costa
625 995 737 1032 fructum
754 995 831 1022 tulit?
845 994 974 1032 somnum

187 1034 297 1060 immisit
317 1029 387 1060 Deus
408 1033 520 1065 Adatuo,
537 1040 570 1059 ne
583 1032 616 1058 de
630 1031 733 1058 sublata
759 1035 832 1057 costa
859 1029 973 1063 doleret,

187 1077 280 1096 verum
292 1069 349 1103 ejus
364 1068 467 1095 vincula
491 1067 639 1101 consupivit
656 1075 662 1093 :
680 1067 781 1103 vincula
795 1066 895 1103 quippe
913 1071 975 1103 sunt

186 1109 288 1130 naturae
298 1100 405 1135 (nervi.
420 1103 502 1137 Cujus
517 1103 555 1129 rei
569 1100 643 1129 testis
656 1106 697 1128 est
712 1101 802 1128 Daniel
816 1101 907 1127 dicens
920 1109 926 1126 :
942 1100 975 1126 Et

185 1140 236 1166 vidi
244 1139 362 1166 visionem
375 1143 397 1165 et
407 1138 496 1168 cecidi,
505 1143 528 1164 et
541 1137 639 1164 vincula
653 1137 794 1164 luntborum
809 1144 920 1162 mearum
934 1144 975 1162 so-

185 1175 239 1201 lum
254 1179 311 1201 sunt
322 1175 331 1208 (
342 1174 408 1200 Dan.
423 1174 465 1201 l0.
478 1173 505 1200 9.
521 1179 543 1199 et
555 1173 581 1200 5.
598 1173 643 1207 6).
658 1172 764 1199 Costam
779 1178 843 1206 ergo
855 1171 913 1205 lege
926 1178 974 1208 na-

186 1214 253 1236 turze
268 1206 398 1236 firmatam
408 1230 415 1240 ,
430 1217 573 1236 nervorum
589 1208 700 1235 vinculis
714 1214 873 1238 connexam,
885 1206 972 1233 carni-

187 1245 236 1272 bus
247 1249 409 1276 contextam,
420 1245 495 1271 venis
509 1243 689 1278 coniunctam,
701 1242 834 1277 quomodo
847 1241 973 1278 abstulit?

184 1281 319 1314 qttonmdo
330 1280 446 1306 avulsit?
460 1277 594 1311 quomodo
616 1278 719 1305 sublata
738 1283 816 1314 costa
826 1277 910 1304 Adam
933 1278 973 1314 in-

184 1313 296 1342 columis
321 1315 435 1342 mansit?
458 1314 617 1348 Quomodo?
641 1313 690 1346 Qui
713 1313 792 1339 Solt‘il
812 1313 868 1346 ipse
883 1313 972 1343 novit;

184 1351 228 1384 qui
242 1350 317 1378 solvit
329 1350 385 1384 ipse
394 1350 536 1384 colligavit.
549 1349 654 1376 Etenim
664 1349 686 1376 si
698 1348 894 1384 aliusligassrt,
906 1348 974 1374 alius

184 1383 317 1418 suum,
330 1383 391 1412 hinc
402 1383 513 1420 quaistio
523 1385 638 1412 oriretur
650 1393 656 1411 :
668 1384 715 1410 sed
729 1385 751 1410 si
766 1383 798 1414 is,
810 1384 854 1417 qui
865 1384 973 1420 concin-

184 1426 303 1453 naverat,
320 1422 376 1455 ipse
403 1417 498 1452 solvit;
513 1421 535 1446 si
551 1420 583 1451 is,
596 1420 640 1454 qui
654 1423 755 1447 costam
778 1426 813 1455 ex_
834 1423 904 1445 terra
918 1417 972 1455 for<

184 1462 312 1487 maverat.
330 1453 436 1483 costam
452 1455 560 1483 abstulit
576 1464 583 1483 :
598 1453 654 1489 ipse
669 1454 742 1481 solus
754 1453 827 1480 novit
840 1453 974 1488 quomodo

184 1492 301 1524 solverit,
311 1492 356 1527 qni
366 1491 439 1518 solus
448 1492 521 1527 novit
529 1490 663 1525 quomodo
673 1490 854 1527 membrorum
868 1489 974 1527 harum»

184 1527 254 1553 niam
269 1525 457 1561 composuerit.
476 1526 509 1554 Ut
522 1534 586 1560 ergo
600 1532 659 1561 post
672 1526 917 1561 sublatamcostam
934 1525 974 1550 in-

182 1563 295 1589 columis
307 1561 404 1589 mansit
416 1562 511 1593 Adam,
525 1563 563 1588 sic
579 1565 637 1596 post
649 1560 755 1587 infantis
766 1560 870 1596 exitum
884 1560 972 1586 incor—

184 1603 260 1633 rupta
271 1598 366 1624 mansit
381 1597 467 1631 Virgo.
478 1597 569 1633 Neque
578 1595 648 1633 enim
661 1600 721 1630 post
731 1595 860 1622 sublatam
871 1599 972 1621 costam

184 1632 320 1659 harmonia
331 1632 509 1659 membrorum
519 1632 612 1659 Adami
625 1632 686 1658 hesa
697 1635 748 1663 est.
762 1638 849 1665 neque
859 1634 973 1656 exeunte

184 1667 284 1695 infante
298 1668 456 1702 virginitatis
469 1668 633 1702 signaculum
648 1670 804 1702 temeratqu
815 1670 865 1702 est.
876 1666 973 1702 Quem-

182 1703 326 1730 admodum
341 1701 417 1730 ienim
431 1701 501 1736 apud
515 1710 564 1729 nos
578 1703 601 1729 si
625 1702 684 1736 quis
698 1701 812 1728 alienum
839 1701 972 1727 vinculum

183 1738 288 1765 solvere
304 1738 383 1770 velit,
399 1735 484 1772 ipsqu
506 1738 618 1764 destruit
630 1735 657 1763 et
671 1735 851 1772 abscinditrub
864 1736 971 1772 imperi-

184 1773 264 1805 tiam;
279 1774 323 1808 qui
336 1781 400 1800 vero
409 1771 510 1807 ligavit,
524 1772 582 1800 sine
596 1773 686 1799 labore
700 1771 793 1808 solvit;
807 1771 972 1808 harmoniam

182 1806 439 1843 quippe'ligaminis
448 1809 520 1835 novit
534 1817 540 1835 :
555 1809 593 1834 sic
611 1808 680 1835 Deus
695 1807 740 1841 qui
753 1813 850 1841 corpus
865 1806 973 1843 concin-

182 1841 272 1877 navit,
288 1841 448 1872 constrinxit
465 1848 491 1870 et
511 1843 632 1877 perfecit,
653 1848 680 1869 et
702 1849 844 1869 nervorqu
868 1841 972 1868 vincula

183 1883 304 1910 noverat,
316 1884 344 1906 et
355 1879 488 1913 quomodo
500 1883 601 1905 costam
615 1886 675 1905 cum
685 1884 758 1904 coSIa
771 1877 931 1913 copul‘asset.
946 1882 973 1902 et

181 1914 321 1940 articulum
336 1911 526 1942 et'membrum
540 1934 547 1945 ,
561 1918 588 1940 et
611 1920 643 1939 ex
663 1913 694 1939 iis
718 1920 776 1946 qua:
801 1911 973 1945 colligavcrat

183 1950 248 1975 scite
261 1954 287 1976 et
301 1949 435 1982 sapienter
456 1953 557 1975 costam
581 1948 699 1978 abstulit,
714 1954 763 1974 nec
778 1947 908 1982 Mantum
924 1946 974 1972 im-

182 1985 287 2011 minuit.
311 1981 434 2018 seipsum
449 1984 597 2010 elTormavit
625 1983 775 2017 unigenitus
790 1981 932 2018 DcirFilins
947 1981 972 2007 in

184 2019 301 2054 Virgine,
319 2016 404 2053 nequc
416 2019 582 2046 ell'ormaudo
593 2016 769 2054 virginitatem
782 2016 870 2047 solvit.
887 2024 973 2050 neque

183 2052 346 2088 pcr’vulvam
362 2052 452 2081 exiens
468 2055 573 2080 vulvam
594 2053 722 2087 corrupit.
741 2052 786 2079 Dic
797 2059 879 2086 ergo,
897 2059 913 2078 0
926 2059 972 2077 so-

183 2090 269 2124 phista
285 2095 312 2117 et
327 2089 440 2120 erudite,
453 2089 522 2122 Quid
538 2088 641 2115 facilius
661 2093 712 2119 est,
724 2088 851 2124 virginem
868 2094 971 2124 parere,

181 2121 207 2152 et
221 2129 280 2159 post
291 2131 393 2159 parturn
408 2121 535 2158 virginem
547 2131 664 2156 manere,
680 2121 880 2159 autvirgatn‘ad
891 2121 971 2159 vitam

182 2157 323 2192 vocari,'et
336 2168 368 2187 ex
383 2157 494 2187 animali
506 2167 611 2187 rursum
627 2159 726 2193 virgam
741 2157 818 2185 ﬁeri?
832 2157 971 2191 Quomodo

693 127 729 155 IN.
745 127 981 156 PRODITIONEM
1002 129 1231 162 SEllVATORlS,
1253 129 1329 157 ETC.

1777 134 1825 160 7³4

1032 187 1102 226 virga
1117 186 1220 226 Moysis
1231 187 1257 214 in
1269 187 1522 226 draconem‘mutata
1538 187 1605 226 fuit?
1618 188 1825 226 quomodoﬂina~

1031 222 1159 248 nimatum
1178 223 1294 249 animam
1306 222 1428 256 accepit?
1440 223 1575 257 quomodo
1589 222 1634 250 res
1644 224 1784 250 immobilis
1799 226 1824 252 iu

1031 261 1101 284 terra
1113 258 1214 291 repsit?
1225 258 1359 292 quomodo
1367 265 1474 294 rursum
1485 266 1517 285 ex
1532 264 1656 294 serpente
1668 262 1740 294 virga
1757 259 1824 286 facta

1030 296 1161 329 cst,quae
1181 300 1254 319 suam
1267 293 1385 329 agnovit
1407 293 1546 320 naturam?
1569 293 1646 329 Modo
1669 293 1782 329 namque
1791 302 1825 322 ex

1030 328 1102 364 virga
1112 327 1205 364 draco,
1216 328 1293 354 modo
1302 336 1333 354 ex
1343 328 1457 355 dracone
1467 329 1537 363 virga
1550 328 1643 356 ell'ecta
1656 335 1706 358 est.
1719 327 1751 357 Ut
1761 338 1825 364 ergo

1030 362 1102 400 virga
1112 362 1219 398 Moysis,
1228 372 1244 400 ι)
1257 363 1346 400 homo,
1355 364 1500 400 secundum
1511 362 1630 400 naturam
1641 365 1725 400 virga,
1734 362 1824 392 secuit-

1030 397 1094 424 dnm
1104 398 1280 425 meonomiam
1300 398 1382 425 draco
1401 398 1448 425 fuit
1459 399 1516 425 :sic
1533 404 1560 426 et
1580 399 1661 426 Maria
1675 397 1821 427 secundum

1031 438 1151 460 naturam
1163 433 1247 467 virgo,
1258 434 1402 460 secundum
1411 434 1586 461 meonomiam
1596 440 1681 462 tnater
1693 436 1759 462 facta
1770 442 1823 467 est,

1032 473 1061 494 ut
1071 468 1255 496 Chaldaeorum
1267 469 1335 502 magi
1347 469 1495 500 crederent,
1506 470 1740 502 quemadmodum,
1751 476 1779 497 ut
1792 473 1825 497 tio

1032 503 1269 539 meret/Egyptns.
1284 505 1356 538 virga
1366 503 1397 531 ju
1411 504 1554 530 draconem
1567 511 1667 532 mutata
1681 511 1731 533 Bai.
1743 508 1781 532 An
1797 511 1824 533 tu

1030 539 1099 566 nolis
1111 538 1244 573 Virginem
1255 547 1383 575 apparere
1394 539 1524 575 adrmnmli
1538 540 1669 568 salutem?
1690 541 1785 575 Utique
1797 543 1823 568 iu

1031 578 1108 610 terrm
1132 575 1246 601 motibus
1271 574 1339 601 muri
1363 574 1520 610 scinduntur
1533 578 1560 601 et
1573 574 1767 610 conjunguntnr
1777 597 1783 606 .
1797 583 1822 604 et

1031 608 1137 636 Christo
1152 615 1277 636 nascente
1291 617 1342 636 non
1358 609 1492 643 aperietur
1505 610 1591 639 vulva.
1607 608 1634 637 et
1644 608 1736 638 rursus
1746 612 1806 638 clau

1030 644 1108 671 detur
1117 645 1128 664 ‘7
1143 645 1171 672 In
1184 649 1260 671 terrm
1272 646 1387 671 motibus
1398 646 1432 671 ita
1446 645 1603 671 scinduntur
1616 647 1694 678 muri,
1709 652 1737 673 nt
1750 655 1822 673 mor-

1031 679 1064 705 tis
1076 680 1221 713 perieulum
1237 680 1352 716 inferant
1363 685 1413 716 ;7et
1429 680 1462 706 ita
1476 680 1564 706 denuo
1576 681 1732 716 junguntur.
1749 688 1774 708 ut
1788 690 1822 709 ne

1029 715 1169 751 vestigium
1185 715 1291 751 quidem
1306 715 1440 751 scissiottis
1460 722 1564 742 maneat
1579 724 1586 743 :
1600 715 1669 743 et'in
1684 723 1759 751 partu
1776 718 1821 744 illo

1029 750 1183 784 incorrupto
1194 750 1277 777 nolles-
1290 750 1392 777 vulvam
1406 750 1475 777 illam
1485 751 1549 777 solvi
1562 751 1587 776 in
1600 750 1726 779 honorem
1737 753 1820 779 infan-

1031 786 1074 818 tis,
1090 791 1115 812 et
1127 786 1215 812 denuo
1227 785 1300 820 jnngi
1315 791 1341 811 et
1356 786 1484 819 copulari,
1494 793 1525 812 ac
1541 786 1697 820 virginitatis
1708 787 1819 814 formam

1029 821 1148 854 recipere
1176 828 1224 855 per
1248 821 1370 847 virtutem
1398 821 1553 854 operantis?
1568 821 1622 848 Nec
1647 821 1709 848 mihi
1735 822 1818 853 dicas.

1030 855 1106 883 Unde
1121 856 1239 883 substitit
1252 863 1315 882 caro
1329 861 1355 882 et
1373 857 1480 890 sanguis
1495 864 1548 882 non
1563 856 1682 890 subjecto
1695 858 1820 885 semine?

1028 891 1094 918 Nam
1110 899 1141 918 cx
1157 891 1199 923 iis,
1212 899 1270 925 qua:
1286 891 1354 925 apud
1378 899 1426 918 nos
1449 891 1524 922 ﬁunt,
1542 898 1682 927 possumus
1696 892 1732 923 id.
1747 893 1818 927 quod

1028 933 1107 960 supra
1122 934 1170 953 nos
1185 932 1236 958 est,
1251 926 1382 953 ediscere.
1397 927 1427 952 Et
1441 933 1524 953 evoca
1540 926 1604 953 mihi
1618 928 1650 952 ad
1666 926 1818 962 exeniplnm

1029 962 1155 996 pictores,
1181 962 1225 996 qui
1253 969 1324 995 saepe
1349 962 1463 995 plantas,
1479 961 1600 994 arbores,
1624 967 1708 996 prata,
1724 961 1818 990 ﬂuvios

1028 997 1187 1032 depingunt;
1211 1002 1238 1023 et
1262 1004 1321 1023 cmn
1347 1001 1466 1023 naturam
1495 997 1545 1023 sibi
1569 998 1741 1031 0pitulantem
1766 1007 1817 1025 non

1029 1033 1136 1064 habent,
1147 1037 1203 1059 arte
1214 1037 1344 1059 conantur
1366 1039 1411 1065 per
1430 1032 1548 1058 colorum
1568 1033 1708 1059 mixtiones
1729 1042 1818 1060 rerum

1028 1068 1156 1103 imagines
1179 1068 1284 1095 ollcrre.
1300 1067 1419 1094 Fluvium
1443 1067 1514 1093 enim
1530 1073 1731 1101 reprasentant,
1753 1069 1818 1096 nihil

1027 1110 1041 1129 a
1063 1102 1198 1130 llutttiuum
1222 1103 1297 1129 alveo
1326 1103 1434 1129 mtttuati
1452 1111 1458 1128 :
1475 1103 1609 1129 hominem
1636 1102 1750 1135 faciunt,
1772 1112 1819 1130 ua-

1028 1143 1085 1166 tura
1101 1139 1214 1165 lnnnana
1231 1139 1293 1164 nihil
1310 1137 1360 1165 sibi
1376 1137 1572 1164 comutodante.
1588 1138 1816 1170 Quemadmodum:

1027 1182 1091 1209 ergo
1102 1175 1216 1209 pictores
1229 1174 1346 1200 colormn
1363 1180 1412 1206 ope
1428 1173 1572 1209 hominem,
1583 1173 1692 1209 fontem,
1707 1173 1817 1202 fluvium

1026 1208 1182 1245 depingunt,
1198 1217 1257 1245 cum
1274 1209 1338 1235 nihil
1354 1217 1367 1234 a
1383 1209 1464 1240 t'onte,
1477 1208 1610 1245 fluviovel
1625 1209 1730 1236 homine
1740 1217 1817 1237 acce-

1028 1243 1134 1277 perint:
1149 1246 1187 1272 sic
1199 1250 1225 1271 et
1241 1244 1356 1279 Spiritus
1370 1248 1477 1270 sanctus
1492 1244 1516 1270 iu
1534 1243 1641 1277 Virgine
1656 1252 1709 1279 non
1721 1245 1818 1272 colori-

1027 1281 1085 1308 bus.
1100 1281 1146 1307 setl
1175 1278 1314 1306 voluntate
1340 1279 1482 1306 animatum
1507 1278 1655 1306 elformavit
1669 1278 1814 1312 hominem,

1027 1316 1183 1350 nullumque
1198 1319 1332 1342 mutuatus
1343 1318 1385 1341 cst
1397 1315 1430 1340 ab
1445 1313 1558 1341 humana
1572 1319 1664 1340 natura
1679 1322 1769 1350 semen
1784 1317 1816 1342 ad

1026 1353 1096 1378 alius
1107 1349 1335 1377 constitutionem.
1362 1350 1431 1376 Deus
1444 1354 1554 1383 accepto
1568 1349 1676 1383 pulvere
1691 1349 1724 1376 de
1744 1355 1814 1377 terra

1027 1394 1080 1413 non
1092 1386 1214 1413 humanis
1228 1386 1350 1412 manibus
1364 1385 1372 1418 (
1386 1385 1559 1418 incompoSita
1573 1385 1670 1419 quippe
1682 1389 1723 1411 est
1733 1385 1817 1412 deita-

1027 1423 1060 1448 tis
1075 1427 1167 1448 natura
1180 1422 1189 1456 )
1204 1421 1333 1448 Adantum
1359 1424 1388 1447 ut
1407 1420 1490 1446 voluit
1517 1419 1666 1456 cll'ormavit
1683 1429 1689 1447 :
1703 1421 1817 1454 Spiritus

1027 1465 1091 1484 vero
1103 1454 1211 1484 sanctus
1223 1464 1274 1483 non
1291 1456 1425 1490 pulverem
1440 1456 1552 1489 accepit,
1565 1463 1617 1482 non
1633 1454 1746 1482 humana
1758 1456 1817 1490 lego

1026 1499 1117 1519 semen
1134 1492 1204 1525 injici
1219 1491 1362 1523 concessit,
1375 1491 1421 1517 sed
1442 1491 1528 1517 solum
1553 1490 1648 1523 illuxit,
1664 1498 1724 1517 ossa
1740 1499 1814 1518 com-

1027 1527 1109 1562 pegit,
1120 1535 1215 1554 nervos
1233 1526 1342 1554 tetendit
1352 1547 1359 1558 ,
1372 1534 1464 1558 nares,
1475 1533 1562 1558 aures,
1575 1527 1676 1562 oculos,
1690 1526 1814 1560 linguam,

1027 1561 1130 1593 manus,
1144 1563 1240 1597 pedes,
1256 1562 1371 1589 animam
1383 1582 1389 1592 ,
1407 1566 1540 1592 mentem,
1557 1561 1755 1595 cogitationem,
1769 1570 1815 1589 ra-

1027 1599 1125 1625 tionem
1140 1599 1295 1628 constituit;
1311 1598 1361 1624 etsi
1378 1597 1402 1623 id
1419 1597 1535 1623 haeretici
1551 1597 1659 1622 minime
1676 1597 1767 1624 velint.
1784 1597 1816 1625 Ut

1026 1635 1095 1660 enim
1119 1634 1145 1665 ii,
1169 1633 1213 1667 qui
1240 1633 1265 1659 in
1288 1633 1396 1666 speculo
1421 1632 1582 1664 respiciunt,
1611 1632 1750 1667 imaginem
1775 1634 1815 1659 sui

1026 1669 1173 1703 ιιιιμυμίιιιιιι
1186 1669 1270 1695 oculis
1286 1668 1384 1698 vident,
1399 1675 1430 1694 ex
1446 1667 1551 1703 informi
1565 1667 1674 1694 materia
1685 1672 1814 1701 paratam.

1027 1704 1167 1739 imaginem
1192 1711 1264 1737 saepe
1285 1703 1431 1739 ridentem,
1446 1702 1565 1739 ﬂentem,
1580 1709 1752 1739 commotam,
1772 1711 1817 1730 va-

1027 1740 1080 1766 rios
1095 1739 1252 1766 subeuntem
1279 1738 1382 1767 modus,
1398 1745 1429 1764 ac
1454 1738 1570 1765 viventis
1594 1738 1687 1764 forum
1711 1738 1816 1765 habitus

1027 1775 1174 1800 imitmitum
1192 1783 1198 1800 :
1214 1775 1252 1800 sic
1267 1780 1295 1800 et
1316 1774 1430 1808 Spiritus
1445 1777 1553 1799 sanctus
1572 1773 1598 1799 in
1614 1780 1680 1807 puro
1694 1774 1815 1806 speculo,

1027 1809 1197 1836 iunuaenlato
1223 1817 1319 1842 nempe
1349 1808 1464 1843 Virginis
1490 1815 1602 1842 corpore
1629 1809 1724 1839 illuxit,
1755 1817 1816 1843 per-

1026 1845 1176 1878 fectumque
1196 1845 1297 1871 creavit
1318 1844 1463 1874 hominem,
1484 1851 1537 1869 non
1554 1844 1611 1877 lege
1633 1848 1749 1876 uatum,
1763 1852 1815 1870 non

1030 1885 1159 1914 tempore.
1175 1886 1227 1906 non
1242 1879 1359 1906 humano
1370 1879 1472 1905 semine
1485 1885 1556 1914 usus.
1572 1878 1618 1905 sed
1630 1879 1688 1905 solo
1697 1884 1816 1912 aspectu.

1025 1922 1056 1942 ac
1070 1913 1199 1949 spirituali
1224 1920 1368 1949 sanctaque
1388 1915 1496 1944 virtute.
1512 1913 1646 1948 Vitgiucm
1662 1914 1695 1941 ad
1710 1919 1814 1948 partum

1028 1948 1121 1982 movit,
1142 1949 1323 1984 iuell'abilique
1338 1949 1416 1976 modo
1433 1948 1561 1975 infantem
1578 1949 1603 1975 in
1620 1949 1662 1975 illa
1678 1952 1816 1975 contexuit

1030 1988 1057 2011 u‘t
1072 1985 1261 2012 vestimentum
1277 2005 1284 2014 .
1298 1985 1330 2011 ad
1344 1984 1457 2011 salutem
1473 1984 1620 2010 hominum.
1638 1984 1699 2010 Ha'c
1712 1984 1819 2018 quidem

1027 2020 1062 2046 ita
1085 2026 1114 2046 se
1138 2020 1247 2046 habent.
1277 2020 1329 2046 Nos
1344 2025 1433 2046 auteln
1455 2027 1503 2052 pro
1530 2018 1582 2045 illis
1604 2027 1663 2053 qua:
1691 2019 1817 2051 diximus,

1025 2055 1136 2089 gloriam
1153 2055 1206 2081 Deo
1219 2074 1226 2086 ,
1241 2055 1284 2088 qui
1303 2060 1410 2088 propter
1424 2061 1473 2080 nos
1489 2053 1568 2080 homo
1584 2053 1668 2080 factus
1681 2058 1732 2086 est,
1747 2054 1814 2080 refe<

1026 2098 1115 2117 ramus
1128 2098 1135 2117 :
1147 2091 1209 2124 quia
1233 2090 1281 2123 ipsi
1304 2090 1399 2123 gloria,
1414 2097 1517 2116 ttecnon
1533 2089 1604 2115 Patri
1615 2095 1641 2116 ct
1654 2095 1747 2116 sancto
1760 2090 1819 2122 Spi-

1026 2126 1086 2152 ritui
1097 2145 1105 2157 ,
1121 2125 1146 2152 in
1160 2126 1257 2152 sarcula
1271 2124 1440 2152 saeculorum.
1455 2125 1552 2151 Amen.

224 2232 461 2236 _#
478 2231 606 2235 μ
629 2228 931 2254 Ξὲρη
944 2226 1781 2251 βημέῆἓ-λ-

726 2391 780 2422 AD
795 2390 1001 2421 HOMILIAM
1022 2390 1201 2428 SEQUENT
1205 2391 1261 2420 ΕΜ
1266 2413 1273 2421 .

216 2467 274 2494 Non
293 2470 334 2493 est
354 2465 424 2500 quod
447 2465 541 2493 lectori
563 2465 717 2500 probemus,
742 2469 777 2500 et
810 2461 974 2497 argumentis

179 2499 405 2532 demonstremus,
419 2501 487 2528 hanc
499 2499 634 2527 homiliam
655 2499 765 2534 perinde
779 2503 859 2532 atque
873 2505 974 2531 ιιι-ωειδ-

179 2540 275 2565 dentes
289 2544 427 2563 sermones
442 2536 637 2571 supposititiam
656 2533 733 2571 esse.
757 2533 814 2571 Ipsa
832 2540 933 2571 re_s_per
946 2539 976 2571 _se

180 2575 287 2601 clamat.
299 2571 411 2600 Ubinam
420 2568 628 2607 Chrysostomus
638 2571 672 2597 ita
684 2569 805 2601 balbutit,
815 2574 843 2595 ut
855 2568 898 2595 hic
908 2568 976 2603 quis-

1027 2462 1088 2497 quis
1103 2462 1208 2489 tamlem
1223 2462 1256 2488 sit
1274 2462 1430 2490 Grmculus"
1454 2463 1529 2497 cujus
1551 2464 1706 2498 opusculum
1723 2473 1775 2492 non
1793 2467 1817 2492 iu

1029 2498 1162 2559 pqlillicum
1178 2498 1370 2529 cmisisscmus,
1387 2498 1436 2525 nisi
1452 2498 1567 2526 Savilius
1575 2499 1629 2534 jam
1655 2501 1723 2527 inter
1738 2501 1814 2528 dubia

1029 2541 1044 2560 θ
1065 2542 1071 2560 ι
1093 2538 1165 2560 Isset.

535 2685 566 2707 IN
588 2683 806 2706 PRODITIONEM
828 2680 1033 2707 SERVATORIS,
1058 2680 1097 2701 ΕΤ
1118 2680 1150 2702 IN
1169 2679 1330 2701 LOTIONEM
1351 2681 1471 2704 PEDUH.

905 2752 1034 2763 ————

216 2805 242 2832 l.
259 2805 361 2831 Vellem
381 2804 467 2831 crucis
480 2803 675 2838 speeulationes
690 2804 716 2830 in
730 2803 809 2830 tinem
826 2801 969 2838 deducere.

181 2849 234 2869 non
247 2839 322 2875 quasi
334 2847 413 2866 settsa
427 2836 594 2874 asseqnntus.
611 2839 657 2866 sed
672 2844 700 2865 ut
714 2846 745 2865 ea
758 2845 806 2872 pro
819 2836 969 2875 virili_lide-

186 2870 409 2907 libns'cxponam.
430 2870 582 2902 Non'dcest
595 2875 692 2910 quippe
714 2870 803 2901 sermo
824 2873 857 2899 ad
884 2870 974 2900 divina

1028 2800 1135 2836 eloquia
1150 2800 1326 2836 explicanda;
1345 2808 1437 2828 verum
1455 2800 1526 2828 dicta
1541 2801 1690 2828 cummetiri
1707 2806 1811 2836 oportet

1027 2835 1089 2863 cum
1105 2836 1222 2863 humana
1239 2835 1378 2868 facultate,
1397 2844 1450 2863 non
1470 2837 1548 2871 quasi
1569 2837 1626 2870 ipsa
1643 2837 1760 2863 sufﬁciat
1778 2838 1811 2864 ad

1027 2871 1317 2907 comprehensionem,
1342 2871 1387 2899 sed
1409 2873 1486 2906 quasi
1505 2871 1559 2898 Deo
1581 2872 1733 2908 prarbenle;
1758 2881 1811 2900 nou
