2076 3118
158 131 205 160 721

156 188 278 222 gratiam,
291 195 372 223 quam
385 185 447 215 dedi
458 185 504 223 tibi
515 195 520 212 :
530 192 576 223 vas
585 185 655 223 enim
672 184 805 223 indignum
820 191 940 223 tmguen:

160 218 212 250 ῖιιιιι
228 218 334 251 caeleste
346 222 416 250 ferre
427 222 527 256 nequit.
542 220 611 254 Quid
629 227 708 254 porro
720 218 807 247 dicam
815 218 942 256 deludat

160 259 253 285 Petrus
270 258 314 292 qui
327 258 428 285 clavem
450 254 528 292 regni
552 256 678 292 cartorum
696 255 817 292 accepit,
841 254 940 292 Regem

159 293 251 326 gloria:
265 289 359 320 videns
371 289 524 319 cruciﬁxum
535 311 543 323 ,
559 290 669 325 abjectis
683 289 917 326 clavibusaut‘ngit
927 289 940 315 ':

159 324 186 355 ct
200 327 268 355 latro
278 328 323 362 qui
337 327 472 354 hominum
484 326 555 362 iores
568 324 713 362 aperiebat,
727 325 782 359 ipse
792 324 880 362 claves
894 332 939 362 pa:

160 363 239 389 radisi
255 359 351 396 rapuit.
368 363 462 389 Petrus
476 361 520 394 qni
535 360 612 390 dixit.
629 360 659 387 Si
673 360 812 394 oportuerit
828 359 941 396 memori

157 402 248 429 tecum,
262 395 312 424 non
326 401 349 423 te
364 396 574 432 negabo(Matt/t.
585 396 629 422 26.
646 396 680 422 55
717 416 725 428 ,
753 400 793 422 ter
814 395 919 432 negavit
933 402 940 426 ;

161 437 188 459 et
202 433 269 459 latro
283 433 328 466 qui
340 440 392 459 non
404 439 470 458 voce
481 433 648 466 protttisrral,
659 431 704 466 sed
717 438 746 457 re
757 437 816 456 cum
829 431 884 462 ipsa
901 437 942 456 re-

159 465 324 494 surrectione
344 466 514 497 moriebatur,
539 466 662 493 dicebat:
680 465 794 495 Domine.
820 470 942 491 memento

159 503 217 534 mei,
230 510 286 528 cam
299 503 394 529 reneri:
407 501 432 527 in
446 509 549 536 regnum
573 506 652 526 tuum.
677 500 756 536 Latro
781 500 943 536 principatus

157 542 185 564 ct
199 541 342 570 potestates
356 545 407 563 non
422 537 531 567 metuit;
545 541 571 562 rt
580 536 674 562 Petrus
685 535 778 568 puell:e
791 535 876 570 minas
889 542 941 560 non

159 568 227 598 tulit.
239 572 320 599 Latro
332 571 474 602 clamabat,
501 571 606 597 Domine
621 579 631 602 ;
647 575 672 596 et
686 570 790 602 Petrus,
809 568 867 596 Non
884 569 942 596 novi

158 608 224 633 hunc
237 607 373 639 hominem,
388 613 466 641 quem
477 606 554 640 paulo
569 612 629 641 ante
647 605 742 632 Filium
758 604 940 641 Deirocabat.

158 641 253 668 Petrus
269 642 313 676 qui
336 638 415 676 supra
439 638 511 668 mare
524 640 678 670 ambulavit.
693 639 814 676 eumqui
832 638 942 676 pedibus

159 674 293 704 humidam
307 674 426 704 naturam
438 677 566 705 calcabat.
580 676 703 709 negavit;
719 679 746 701 et
761 675 828 700 latro
838 674 882 709 qui
897 681 942 700 su-

159 719 204 745 pra
219 712 296 738 dorsa
309 712 388 738 utaris
398 719 450 738 non
465 708 654 740 ambularerat,
675 709 720 736 sed
743 709 861 745 divitum
871 708 942 736 fores

157 743 278 778 adierat,
300 746 442 778 clamabat,
457 745 573 772 Domine.
591 745 649 772 Filii
661 744 782 771 Zebedaﬂ
796 743 919 771 dicebant
932 764 940 776 ,

160 777 297 809 Possumus
311 781 393 808 bibere
413 781 527 812 calicem,
552 788 624 815 quem
647 780 767 807 bibiturus
783 787 807 805 es
821 781 830 814 (
845 777 940 804 Matth.

158 815 202 843 20.
215 816 285 851 2‘2);
303 816 407 850 hicjam
423 816 490 842 calix
506 815 608 847 aderat,
618 820 647 851 at
663 815 699 841 illi
716 815 807 851 caligis
821 819 941 851 tempore

159 848 295 885 fugerunt:
313 848 381 877 latro
394 855 482 877 autem
492 858 524 877 ex
540 858 618 877 manu
635 850 747 876 ﬁliorum
764 848 886 885 Zebedazi
897 855 942 885 ca-

158 883 236 913 licem
250 886 373 913 salutaris
387 886 484 919 rapuit,
499 886 589 912 dicens
602 895 607 911 :
625 885 732 912 Calicem
744 884 862 911 salutaria
876 883 942 909 acci-

158 922 227 961 piant
241 940 248 953 ,
269 926 292 948 et
311 929 407 961 nomen
429 919 677 961 Dominiuinvocabo
703 919 796 961 (.l‘sal.
811 919 871 958 115ἒ
918 918 940 952 ).

158 956 274 983 Thomas
286 977 294 988 ,
310 955 583 989 incomprehensibilis
604 954 720 990 mystcrii
735 955 855 981 curiosus
865 954 941 980 iuda~

157 996 243 1024 (lator,
256 991 443 1025 condiscipulis
454 991 558 1018 dicebat
573 999 579 1016 :
596 990 691 1016 Eamus
705 995 727 1016 et
736 998 791 1020 nos,
808 995 832 1015 ut
847 990 941 1025 moria-

159 1035 216 1052 mur
229 1035 284 1053 cum
299 1025 344 1052 illo
364 1025 460 1060 (Joan.
481 1026 524 1053 11.
538 1026 572 1053 16
587 1025 612 1060 );
626 1030 653 1052 et
672 1033 731 1052 cum
746 1025 819 1060 illum
834 1024 941 1060 cruciﬁ-

159 1069 221 1087 xum
235 1061 307 1092 vidit,
318 1060 429 1095 aufugit.
444 1060 604 1088 Crucitixum
617 1061 698 1091 videt.
712 1065 738 1087 et
752 1059 831 1093 fugit;
847 1059 942 1095 suscio

160 1101 242 1122 talum
257 1096 346 1126 videt.
360 1094 513 1127 et’duhitat,
529 1095 620 1123 dicens
633 1106 639 1123 :
659 1095 718 1122 Nisi
731 1095 820 1121 misero
834 1094 942 1129 diyitum

158 1139 239 1157 meum
253 1132 278 1157 in
293 1131 403 1164 ﬁxuram
425 1130 552 1157 clavorum
563 1151 569 1161 ,
585 1135 608 1157 et
628 1138 729 1156 manant
751 1137 829 1155 meam
840 1129 867 1155 in
876 1129 942 1156 totus

158 1167 223 1199 ejus,
241 1174 290 1192 non
310 1165 411 1192 credam
426 1165 512 1201 (Ibid.
526 1166 570 1192 20.
582 1166 617 1201 25
628 1167 647 1198 ).
664 1166 699 1192 At
712 1165 842 1201 benignus
858 1165 938 1196 Deus,

158 1201 202 1235 qui
229 1205 336 1235 propter
361 1199 439 1227 unani
461 1207 535 1228 ovem
550 1199 684 1235 profectus
703 1204 753 1232 est,
779 1199 847 1226 hanc
861 1207 939 1228 unam

158 1234 235 1263 tironi
257 1234 308 1262 non
332 1236 457 1270 negligit;
487 1236 534 1263 sed
552 1234 630 1262 illam
664 1235 781 1262 humeris
810 1234 939 1268 imponit,

157 1276 185 1297 et
208 1271 245 1297 ait
260 1270 356 1306 :jnfer
371 1269 477 1297 manum
502 1275 571 1297 tuam
595 1271 660 1303 huc,
682 1275 706 1296 et
725 1270 800 1306 rmitte
819 1271 848 1297 in
874 1269 940 1296 latus

158 1313 249 1333 meum.
275 1305 405 1332 Lanceam
425 1306 516 1332 militis
538 1306 660 1336 sustinui.
675 1309 707 1332 et
717 1305 855 1332 dexteram
875 1311 941 1338 apo-

158 1342 278 1368 stolicam
300 1348 352 1368 non
365 1340 468 1368 feram?
494 1340 557 1371 Sed,
580 1348 596 1367 ο
611 1340 740 1367 honorum
753 1340 822 1367 latro
841 1345 868 1367 et
886 1346 943 1373 rap-

159 1381 201 1403 tor
216 1376 225 1411 (
241 1381 265 1403 te
276 1377 346 1403 enim
361 1376 482 1410 alloquor
496 1375 516 1410 ),
529 1375 610 1403 furari
626 1375 751 1406 didicisti,
763 1375 874 1411 credere
887 1381 939 1401 non

158 1411 273 1438 didicisti
287 1420 294 1439 :
311 1418 363 1437 non
377 1411 449 1437 fuisti
462 1411 617 1445 discipulus,
631 1415 659 1437 et
673 1410 806 1444 quomodo
828 1410 938 1437 Creato—

158 1454 214 1472 rem
227 1453 306 1473 vocas
320 1445 448 1473 dicendo:
462 1446 576 1478 Domine,
592 1450 713 1473 memento
727 1446 783 1477 mei,
797 1453 854 1474 cum
869 1452 941 1471 aenea

157 1481 191 1516 ria
201 1481 225 1507 in
234 1490 337 1516 regnum
348 1486 417 1507 tuum
428 1481 440 1507 9
455 1481 537 1516 Riecte
549 1481 672 1514 loquutus
685 1488 724 1512 es,
735 1481 776 1514 pie
791 1479 938 1507 credidisti.

157 1515 224 1542 Cum
247 1515 365 1551 periculo
385 1523 457 1550 smpe
470 1515 572 1543 furatus
583 1523 612 1542 es
623 1536 630 1547 ,
647 1515 754 1542 divitum
786 1516 940 1548 plu-umque

159 1550 298 1578 thesauros
317 1551 453 1585 aperuisti,
469 1556 495 1577 et
507 1551 585 1578 talem
601 1557 743 1584 numquam
771 1550 938 1585 margaritam

159 1586 293 1616 invenisti.
307 1583 393 1620 qualis
402 1586 524 1612 Christus
533 1591 599 1612 erat.
619 1583 761 1620 Apostolus
777 1592 828 1620 non
846 1583 917 1620 luisti
930 1604 937 1616 ,

157 1628 211 1648 non
235 1619 329 1648 audisti
344 1620 524 1656 legislatorem
538 1620 670 1649 dicentem
683 1629 690 1648 :
718 1619 844 1647 \lidebiu‘s
858 1619 940 1646 vitam

714 127 826 156 SERMO
845 125 1105 155 CATISCHE'I‘ICUS
1127 125 1156 153 IN
1179 125 1318 154 PASCHA.

1733 123 1784 152 72‘!

995 188 1108 211 vestram
1130 183 1288 217 pendentem
1303 183 1313 218 (
1331 183 1459 211 Deut.‘28.
1471 183 1505 211 66
1521 184 1547 219 );
1563 189 1587 211 ct
1604 184 1737 218 quomodo
1749 192 1782 211 cx

995 219 1068 253 ligno
1076 219 1154 246 vitam
1170 219 1343 253 cxcerpsisti?
1353 219 1408 246 Non
1424 219 1518 246 audisti
1531 219 1623 246 Isaiam
1637 219 1780 247 dicentem:

995 253 1091 280 Livore
1110 255 1241 287 passionis
1255 254 1323 287 ejus,
1340 254 1475 281 hominum
1490 255 1552 281 vitia
1565 254 1695 282 medelam
1708 257 1780 283 acci-

996 289 1071 322 piunt
1085 288 1094 323 (
1108 288 1172 314 luti.
1184 290 1228 316 55.
1250 289 1266 315 5
1282 289 1308 323 );
1325 294 1349 315 et
1366 289 1499 323 quomodo
1515 290 1586 316 vitiis
1596 290 1726 317 medelam
1739 292 1781 317 in-

995 324 1112 350 renisti?
1126 324 1222 356 Etiam,
1233 324 1316 358 inquit
1329 324 1403 355 latro,
1418 325 1510 351 urbem
1527 329 1610 351 totum
1626 325 1701 352 video
1714 333 1779 353 con-

995 366 1102 396 cussum
1128 364 1153 385 et
1176 363 1330 396 trementem
1345 379 1352 396 ξ
1370 359 1487 396 etet-bis
1511 360 1781 396 Domiunminligno

995 394 1154 428 pendentem
1164 401 1290 426 agnosco.
1300 393 1353 420 Nisi
1367 395 1438 420 enim
1453 395 1495 423 hic
1502 395 1685 422 universorum
1699 393 1782 422 Grca-

995 433 1037 456 tor
1051 433 1133 460 esset,
1143 428 1181 455 sol
1199 428 1271 455 illum
1288 429 1380 455 videns
1396 429 1506 460 nudum,
1518 437 1550 456 ex
1565 430 1712 458 reverentia
1727 439 1779 457 non

995 464 1157 491 occultasset
1170 463 1258 490 radios
1269 470 1332 490 suos
1347 471 1395 490 nec
1410 465 1453 491 Dei
1471 465 1593 492 inimicos
1607 466 1780 493 obtenebr::s-

994 503 1046 526 set.
1061 498 1117 525 Nisi
1132 504 1203 525 esset
1218 498 1260 525 hic
1269 498 1397 525 Conditor
1410 499 1466 526 ρευιί
1477 504 1502 526 et
1518 504 1594 527 teme
1606 501 1725 531 :caelum.
1736 501 1780 528 ubi

995 534 1082 566 ipsum
1097 533 1160 560 vidit
1174 534 1340 566 cruciﬁxum,
1356 533 1479 561 tenebras
1496 538 1524 560 ut
1537 542 1643 562 saccum
1667 543 1720 562 non
1738 536 1779 562 in-

1016 570 1109 596 uisset.
1124 568 1179 596 Nisi
1190 573 1262 596 esset
1275 568 1318 595 hic
1330 568 1458 595 universa:
1473 574 1548 596 terra:
1564 570 1701 602 Dominus,
1726 578 1778 597 non

995 603 1040 630 illa
1055 604 1211 638 sanguinem
1226 611 1258 630 ex
1270 603 1353 630 latcre
1365 604 1422 637 ejus
1433 604 1580 638 excipiens,
1594 612 1608 631 a
1620 605 1780 632 fundamen-

995 638 1031 665 tis
1043 643 1174 665 commota
1188 638 1289 665 fuisset.
1301 638 1354 665 Nisi
1368 643 1441 665 esset
1455 638 1498 666 hic
1512 640 1604 666 mortis
1619 645 1645 666 et
1654 640 1713 667 vita:
1727 641 1780 667 Do~

994 674 1093 705 minus,
1109 681 1180 700 mors
1193 673 1225 700 ad
1239 674 1310 699 illum
1325 673 1454 701 accedens
1467 681 1518 700 non
1532 679 1662 709 prcstrata
1672 676 1760 702 l'uisset
1772 696 1780 707 ,

994 715 1045 735 nec
1061 714 1230 735 monumenta
1239 714 1389 735 sanctorum
1399 713 1488 742 aperta
1506 709 1626 736 fuissent.
1639 709 1693 736 Nisi
1709 715 1782 737 esset

996 742 1039 770 hic
1056 743 1145 777 templi
1165 743 1301 774 Dominus,
1319 743 1456 777 templum,
1473 744 1515 770 ubi
1528 744 1592 771 vidit
1603 745 1675 771 illum
1694 746 1781 771 cruci-

997 777 1089 810 ﬁxum,
1107 786 1157 804 non
1181 778 1268 805 velum
1283 785 1360 804 suum
1375 778 1506 805 scidisset.
1524 779 1577 805 Nisi
1595 780 1636 806 hic
1651 784 1722 806 esset
1737 780 1757 805 is
1771 801 1778 812 ,

994 813 1038 847 qui
1054 820 1105 839 non
1121 813 1175 839 vult
1191 816 1303 839 mortem
1319 818 1505 847 peccatorum,
1521 821 1573 840 non
1596 822 1703 840 causam
1719 822 1780 847 [It‘tz-

994 852 1114 875 catorum
1126 847 1258 882 precando
1273 849 1371 881 egisset
1387 848 1478 875 dicens
1492 857 1498 874 :
1516 847 1603 879 Pater.
1611 849 1709 876 dimitte
1719 850 1780 881 illis;

995 891 1045 909 non
1059 884 1124 911 enim
1148 883 1229 909 sciunt
1251 883 1311 916 quid
1325 883 1421 918 faciunt
1443 883 1528 944 ginta.
1541 884 1587 911 23.
1608 885 1641 911 54
1655 887 1673 918 ).
1699 883 1781 917 Hujus

995 919 1092 944 ultione
1106 925 1177 944 mors
1188 919 1276 944 omnia
1287 919 1433 944 constituit.
1467 919 1586 944 escendit
1597 920 1667 944 enim
1682 919 1714 944 ad
1738 920 1781 944 ἰιμ

995 919 1092 953 quippe
1106 925 1177 944 mors
1188 919 1276 944 omnia
1287 919 1433 945 constituit.
1446 919 1586 946 Descendit
1597 920 1667 945 cnim
1682 919 1714 946 ad
1738 920 1781 946 ina

995 953 1076 985 heros,
1089 957 1115 979 et
1125 960 1185 979 cum
1199 952 1322 980 ontuibus
1347 953 1423 980 istinc
1434 954 1563 981 ascendit.
1578 954 1677 981 Idcirco
1691 955 1781 981 excla-

995 996 1053 1015 mo:
1072 987 1187 1019 Domine,
1205 992 1328 1014 memento
1343 989 1401 1014 mei.
1415 988 1471 1015 Non
1483 989 1557 1023 quasi
1573 997 1678 1016 servum
1697 997 1761 1023 rogo
1772 1010 1779 1021 ,

994 1023 1127 1051 Memento
1150 1023 1212 1055 mei,
1237 1030 1297 1049 cum
1309 1023 1376 1050 bene
1390 1023 1436 1050 tibi
1451 1023 1547 1054 fuerit;
1573 1024 1633 1053 sed.
1657 1024 1781 1050 Memento

995 1059 1054 1088 mei.
1081 1065 1139 1085 cum
1155 1058 1249 1085 veneris
1270 1058 1296 1085 in
1311 1066 1414 1093 regnum
1431 1063 1509 1084 tuum.
1529 1059 1560 1085 Et
1580 1059 1642 1093 quid
1655 1059 1687 1086 ad
1707 1059 1779 1086 illum

995 1092 1141 1129 Dominus?
1152 1094 1230 1120 Amen
1244 1093 1300 1120 dico
1315 1092 1368 1124 tibi,
1384 1094 1457 1121 hodie
1471 1102 1567 1121 mecum
1578 1095 1627 1121 eris
1641 1095 1667 1120 in
1680 1095 1783 1129 paradi-

993 1137 1031 1156 so.
1041 1128 1132 1156 Dicant
1144 1129 1182 1155 illi
1193 1134 1246 1154 tam
1255 1130 1369 1156 accurati
1379 1128 1545 1164 indagatores
1555 1130 1782 1162 incomprehensi-

996 1164 1058 1191 bilis
1067 1164 1260 1198 generationis.
1273 1164 1407 1198 quomodo
1420 1164 1486 1191 dixit
1502 1165 1608 1195 latroni,
1634 1164 1717 1190 Hodie
1728 1171 1782 1190 me-

995 1208 1051 1225 tum
1076 1200 1124 1226 eris
1139 1200 1164 1225 iu
1178 1200 1296 1233 paradiso
1322 1198 1330 1233 (
1347 1198 1409 1225 Luc.
1421 1199 1466 1226 ‘25.
1481 1199 1518 1226 45
1533 1200 1541 1234 )
1554 1199 1565 1224 ?
1586 1199 1641 1226 lloc
1666 1199 1780 1234 primum
1795 1227 1798 1230 ,

997 1234 1217 1268 interpretentur,
1234 1237 1261 1260 et
1281 1239 1344 1261 tunc
1365 1234 1568 1261 inenarrabilem
1592 1235 1650 1268 ejus
1678 1237 1781 1268 partum

994 1269 1191 1304 aggrediemur,
1206 1276 1284 1303 quem
1299 1270 1451 1303 prophetioe
1462 1270 1567 1303 quidem
1580 1269 1687 1300 clamat,
1703 1268 1783 1294 Getie-

994 1306 1115 1330 rationem
1144 1305 1198 1339 eius
1220 1304 1276 1339 quis
1304 1304 1428 1335 enarrabjt
1442 1304 1455 1330 Ρ
1475 1305 1534 1338 quia
1556 1304 1652 1330 tollitur
1671 1304 1702 1329 de
1717 1308 1792 1329 terra.

994 1340 1045 1366 vita
1062 1339 1118 1374 ejus
1134 1340 1142 1374 (
1157 1338 1221 1366 luti.
1238 1339 1281 1366 55.
1295 1339 1312 1366 8
1325 1338 1345 1374 ).
1361 1339 1433 1366 Hane
1450 1339 1527 1366 ﬁdem
1546 1339 1640 1366 Patres
1656 1339 1783 1365 dilatave-

995 1373 1122 1405 runl,’sic
1136 1373 1433 1407 incomprehensibilem
1447 1375 1531 1408 gloria
1543 1374 1689 1401 adeoernnt
1700 1394 1706 1405 ,
1721 1380 1782 1400 crc-

994 1409 1106 1441 dentes,
1137 1417 1189 1435 non
1204 1409 1308 1436 curiose
1337 1414 1494 1436 scrutantes.
1521 1408 1605 1439 Hodie
1626 1417 1719 1437 mecum
1736 1409 1782 1434 erit

995 1444 1021 1470 in
1037 1444 1165 1478 paradiso.
1179 1443 1293 1474 Dictum,
1305 1449 1330 1471 et
1342 1445 1439 1471 factum
1452 1444 1510 1471 fuit.
1521 1444 1629 1476 Vetmn,
1646 1451 1662 1469 ο
1671 1444 1784 1477 benigne

996 1479 1108 1507 Domine
1121 1500 1127 1510 ,
1152 1486 1246 1505 omnes
1259 1479 1322 1512 justi
1351 1484 1425 1505 extra
1437 1478 1600 1513 paradisum
1616 1484 1688 1509 Sunt,
1705 1482 1732 1504 ct
1745 1479 1781 1504 la-

999 1519 1100 1542 tronem
1114 1514 1140 1542 in
1154 1514 1303 1547 paradisum
1316 1514 1419 1540 inducis
1431 1514 1444 1540 Ἰ
1459 1514 1543 1541 Etiam
1557 1534 1564 1546 ,
1578 1514 1708 1540 latronem
1726 1513 1783 1548 pri-

998 1556 1069 1576 munt
1093 1549 1119 1576 in
1135 1548 1286 1583 paradisum
1302 1549 1407 1579 induco,
1424 1553 1452 1575 nt
1468 1548 1565 1575 mundo
1578 1548 1714 1580 suadeam,
1742 1554 1784 1574 the

995 1591 1049 1612 non
1059 1584 1164 1612 veni-=sc
1179 1591 1272 1610 vocare
1283 1583 1379 1616 justas,
1391 1583 1437 1610 sed
1448 1588 1600 1618 peceatores
1612 1583 1644 1610 ad
1653 1584 1769 1618 pceuilen
1777 1597 1784 1601 -

998 1619 1073 1646 tiam.
1084 1618 1135 1655 Ipsi
1146 1618 1253 1646 Christo
1261 1619 1345 1654 gloria
1353 1619 1380 1646 in
1391 1619 1487 1647 saecula
1499 1619 1668 1646 smculorum.
1684 1620 1779 1645 Amen.

869 1815 1059 1846 MONITUM

158 1907 297 1940 molstum,
311 1908 412 1936 Christi
427 1916 489 1936 vere
507 1909 566 1944 agni
587 1916 636 1943 pro
655 1909 742 1936 salute
756 1908 850 1935 mundi
863 1907 992 1935 immolati
1017 1908 1127 1944 figurant
1143 1908 1243 1941 fuisse;
1260 1917 1353 1936 verum
1368 1909 1412 1936 hic
1424 1909 1546 1944 quisquis
1565 1910 1601 1937 sit
1619 1918 1781 1948 anonymus.

158 1965 200 1992 vel
212 1966 322 1993 minitna
336 1974 450 2001 quaeque
463 1967 489 1993 in
504 1967 597 1994 Exodo
607 1967 755 1999 accensita,
769 1968 802 1995 ad
820 1967 960 1995 Christum
971 1973 1128 2000 mactatum,
1145 1968 1187 1995 vel
1200 1968 1233 1995 ad
1249 1969 1358 1996 Pascha:
1376 1967 1585 1996 celebrationem
1602 1969 1695 2001 refert,
1713 1977 1788 2004 quam

157 2022 193 2050 lis
202 2023 272 2058 apud
287 2023 454 2051 Christianos
469 2024 631 2058 persolvitur
645 2033 650 2051 :
664 2029 691 2052 et
707 2025 764 2052 haec
774 2025 807 2052 ad
822 2025 957 2061 φλυαρίαν
967 2033 1052 2061 usque
1067 2027 1193 2061 indagare
1203 2027 1309 2059 nititur,
1321 2028 1510 2062 smpcqucjam
1525 2027 1595 2055 dicta
1612 2028 1718 2063 repetit,
1731 2037 1789 2059 nec.

159 2082 217 2108 sine
232 2082 341 2109 fastidio
359 2082 482 2117 legentis.
498 2083 635 2117 Septimus
655 2088 745 2111 autem
762 2091 852 2111 sermo
868 2088 941 2112 totus
954 2085 1024 2112 circa
1038 2085 1109 2112 diem
1124 2085 1312 2113 celebrationis
1330 2085 1477 2118 Paschalis,
1494 2091 1522 2113 et
1541 2087 1612 2113 circa
1628 2087 1789 2121 paschalch

159 2140 263 2176 cyclum
276 2145 406 2169 versatur.
420 2142 494 2169 llanc
507 2151 563 2170 rem
576 2144 655 2170 unice
670 2147 786 2171 tractant
803 2152 848 2170 sex
862 2144 955 2178 prima:
969 2144 1114 2172 orationes.
1131 2143 1168 2171 De
1179 2145 1293 2180 septima
1308 2153 1382 2177 vero,
1396 2153 1455 2180 quzc
1467 2150 1521 2172 tota
1537 2150 1578 2172 est
1592 2145 1618 2172 in
1631 2146 1784 2174 ordinando

158 2201 234 2234 cyclo
251 2201 381 2236 paschali,
394 2210 507 2237 quaeque
521 2203 554 2230 de
566 2203 609 2230 die
623 2202 763 2231 I‘aschatis
776 2204 890 2239 singulis
905 2204 983 2232 annis
996 2204 1187 2232 constituendo
1199 2205 1322 2240 pluribus
1335 2205 1463 2240 disputat,
1479 2206 1506 2233 in
1522 2205 1611 2234 fronte
1628 2205 1699 2236 illius
1713 2205 1782 2232 inl'ra

159 2266 280 2293 agemus.

792 2352 1561 2366 —___———__———.._,_.

617 2434 722 2456 SEIIMO
743 2434 978 2457 CATEGHETICUS
995 2435 1026 2457 IN
1049 2435 1195 2458 SANCTUM
1216 2437 1345 2459 PASCIIA.

193 2493 221 2521 Si
241 2493 300 2528 quis
316 2494 373 2528 pius
387 2498 415 2521 et
435 2494 594 2529 religiosus,
619 2495 641 2522 is
662 2494 763 2522 fruatur
784 2496 833 2524 hac
855 2502 947 2525 sancta

161 2529 335 2556 celebritate:
352 2530 373 2555 si
393 2530 451 2563 quis
471 2537 565 2557 servus
586 2530 703 2564 probus.
728 2531 808 2558 intret
830 2531 905 2558 laetus
920 2533 945 2559 in

162 2565 286 2598 gaudium
303 2564 406 2591 Domini
428 2565 467 2591 sui
489 2574 495 2590 ε
518 2565 539 2591 si
555 2566 615 2598 quis
633 2565 778 2599 jejunando
797 2566 945 2599 laboravit,

162 2607 232 2626 nunc
246 2599 358 2634 accipiat
375 2599 517 2636 denarium
535 2608 548 2636 εν
558 2599 579 2636 si
595 2600 680 2636 quisa
697 2602 779 2634 prima
796 2601 859 2628 hora
882 2610 947 2636 0pc-

162 2640 235 2661 ratns
250 2639 292 2661 est
304 2633 311 2666 ς
325 2635 437 2668 accipiat
451 2633 529 2661 hodie
544 2634 568 2661 id
583 2633 652 2669 quod
664 2633 765 2668 juStum
777 2640 817 2663 est
830 2645 836 2668 ;
851 2637 873 2663 si
887 2633 946 2670 quis

162 2675 222 2702 post
237 2670 340 2696 tertiam
354 2670 440 2700 venit.
456 2670 552 2703 gratias
566 2677 647 2703 agens
660 2670 755 2697 festum
769 2671 886 2698 celebret
903 2681 908 2697 :
923 2671 945 2698 si

161 2712 221 2737 qtns
236 2709 294 2738 post
307 2709 409 2732 sextam
425 2705 515 2731 horam
530 2706 641 2731 accessit
653 2726 660 2738 ,
684 2714 718 2732 ne
731 2706 850 2738 dubitet;
878 2706 944 2734 nihil

161 2739 232 2766 enim
247 2740 339 2773 perdet
354 2749 360 2765 :
375 2741 396 2766 si
410 2740 469 2774 quis
485 2739 598 2766 tardavit
612 2747 694 2774 usque
708 2740 741 2768 ad
755 2749 850 2768 nonam
865 2763 871 2773 ,
895 2750 941 2769 ac~

159 2775 237 2810 cedat
248 2775 306 2802 sine
321 2775 372 2802 ulla
385 2775 549 2802 dubitatione
564 2783 569 2799 :
584 2775 604 2802 si
618 2777 677 2810 quis
689 2776 827 2804 undecima
842 2783 943 2804 tantunt

160 2808 226 2836 hora
239 2810 310 2838 venit
320 2831 328 2846 ,
343 2818 377 2838 uo
389 2811 424 2838 ob
438 2810 588 2838 tarditatem
603 2808 711 2839 metuat.
726 2811 791 2839 Cum
806 2814 876 2840 enim
893 2814 942 2841 Du-

1001 2498 1088 2525 minus
1111 2499 1227 2536 liberalis
1246 2500 1298 2536 sit,
1321 2500 1355 2527 ita
1365 2506 1534 2536 postremum
1555 2502 1667 2536 accipit,
1691 2507 1717 2528 nt
1734 2503 1787 2536 pri-

1001 2541 1072 2560 Inum
1089 2543 1095 2560 :
1112 2534 1152 2561 sic
1166 2535 1190 2560 in
1206 2535 1331 2571 requiem,
1339 2535 1455 2562 admittit
1468 2544 1544 2567 enin.
1568 2534 1765 2571 quivundccitha
1780 2558 1787 2568 ,

1001 2574 1027 2594 ιιι
1040 2576 1100 2595 eum
1115 2590 1122 2601 ,
1137 2571 1181 2604 qui
1197 2579 1211 2596 a
1228 2571 1310 2604 pritna
1327 2569 1390 2596 hora
1405 2575 1532 2605 operatus
1546 2569 1587 2599 est
1600 2579 1607 2601 :
1625 2576 1786 2605 postremum

1000 2605 1141 2630 miseratur
1154 2624 1162 2636 ,
1185 2609 1211 2631 et
1226 2605 1338 2641 primum
1355 2611 1451 2637 curat;
1468 2606 1503 2632 illi
1518 2606 1582 2638 dat,
1603 2607 1645 2633 hic
1658 2607 1785 2641 largitur:

997 2644 1024 2665 et
1045 2644 1179 2674 peractum
1199 2647 1266 2673 opus
1288 2640 1405 2672 honore,
1427 2645 1454 2667 et
1470 2642 1632 2674 prop0sittun
1654 2640 1729 2668 laude
1746 2642 1788 2668 af-

1000 2674 1062 2700 licit.
1080 2673 1159 2707 Igitur
1174 2675 1268 2702 intrate
1282 2683 1375 2702 (mines
1390 2676 1414 2702 in
1428 2673 1551 2709 gaudium
1567 2677 1670 2703 Domini
1692 2678 1785 2707 nostri,

997 2713 1025 2735 et
1047 2709 1124 2742 primi
1145 2715 1171 2746 et
1187 2710 1295 2746 secundi
1319 2710 1469 2737 mercedem
1494 2712 1621 2746 recipite,
1643 2711 1740 2739 divites
1761 2719 1787 2739 ct

999 2751 1128 2781 pauperes
1140 2745 1224 2781 simul
1231 2745 1345 2781 choreas
1356 2746 1440 2780 agite;
1456 2750 1634 2781 temperantes
1653 2752 1677 2774 et
1689 2754 1786 2781 segnes

997 2779 1067 2806 diem
1084 2779 1185 2816 honore
1198 2780 1308 2816 ailicite;
1325 2782 1368 2815 qui
1381 2779 1520 2815 jejunastis
1531 2803 1539 2814 ,
1556 2786 1583 2809 et
1595 2782 1639 2816 qui
1652 2790 1702 2809 non
1715 2779 1782 2816 jeju-

998 2815 1079 2842 llihll:
1093 2837 1098 2848 ,
1125 2815 1202 2843 hodie
1216 2815 1350 2843 li-tamini.
1375 2816 1464 2844 Mensa
1477 2817 1543 2844 cibis
1557 2817 1654 2845 rufum
1668 2815 1728 2850 est,
1742 2815 1787 2844 ius
