2076 3118
277 115 331 145 1'33

277 179 370 199 omnes
384 169 506 198 ﬁ-uamini
525 178 530 196 :
546 168 643 195 vitulus
656 166 764 201 grandis
780 170 819 193 est
833 187 839 196 ,
855 172 935 192 nemo
949 166 1071 193 esuriens

276 211 364 235 exeat.
390 205 518 233 Fruimini
542 211 637 230 ontnes
660 201 831 236 benignitatis
853 201 964 228 divitiis.
987 201 1071 228 Nemo

279 244 365 278 lugeat
378 241 412 269 ob
426 244 610 278 pattpertalem
624 246 631 272 ς
660 242 762 278 pcos_tat
782 237 852 264 enim
871 245 981 272 regnum
997 243 1071 278 com-

280 272 360 305 nthne
377 287 383 304 :
406 272 485 303 nemo
498 275 589 308 lapsus
602 272 667 301 suos
680 273 797 304 deﬂeat;
827 280 887 299 nam
902 280 933 299 ex
948 272 1072 306 sepulcro

278 318 334 340 orta
344 316 385 339 est
395 311 471 339 venia
486 319 492 336 :
505 310 593 337 nullus
604 314 716 336 mortctn
729 308 830 340 timeat;
843 308 964 335 liberavit
974 308 1072 342 quippe

277 356 326 375 nos
350 354 423 374 mors
443 345 612 376 Servatoris;
635 352 649 371 a
676 349 761 371 morte
781 349 873 377 captus
892 348 1003 369 mortctn
1026 351 1072 369 ex-

277 383 389 414 stinxit;
409 382 541 409 infernum
555 380 704 415 castigavit,
717 380 760 414 qui
774 380 797 405 iit
814 378 1071 415 inferuntutlesccn-

278 418 314 445 dit
328 426 336 448 ;
351 425 472 444 amarum
487 416 603 444 reddidit
617 413 678 443 eum
692 436 698 445 .
721 413 781 441 cum
797 418 930 449 gustasset
944 413 978 440 de
991 420 1073 439 carne

278 453 360 487 ipsius
373 462 380 480 :
393 453 471 486 idque
482 453 544 478 olitn
556 449 753 487 clamansidixit
764 450 843 487 Isaias
855 458 861 476 :
871 448 992 487 Inferna:
1001 457 1073 475 ωηα-

277 483 320 516 rita
331 491 412 524 factus
423 483 459 516 est
470 487 548 524 (Iani.
560 486 602 514 19.
615 486 653 521 9).
668 486 735 513 Cum
748 485 793 524 tibi
804 484 924 524 _occurrit
939 483 1005 510 inira
1025 491 1072 517 po-

279 520 350 556 sito',
377 520 485 550 amaros
505 522 590 550 factus
602 526 660 554 cst;
676 529 737 548 nam
751 520 872 547 sublatus
886 523 927 545 est
942 527 948 545 :
965 526 1073 545 amarus

1024 106 1158 136 SPURIA.

1869 111 1922 140 7‘23

1125 166 1209 205 Iactus
1222 171 1248 194 et
1261 167 1352 205 illusus
1365 171 1416 193 est.
1430 166 1534 202 Corpus
1546 168 1667 205 accepit,
1683 174 1708 197 et
1723 169 1806 197 Deum
1820 178 1920 205 apprc-

1126 202 1218 241 Itcndit
1228 211 1241 241 Δς
1257 203 1358 241 accepit
1373 207 1472 241 terram
1486 223 1502 241 ._
1514 209 1545 241 et
1559 204 1653 241 ca-Inm
1670 205 1790 241 invenit:
1815 202 1920 241 accepit

1125 237 1235 274 i_d_quod
1257 237 1380 270 videbat,
1407 242 1434 264 et
1451 238 1544 266 ittcidit
1557 240 1583 265 in
1598 239 1623 266 id
1639 240 1710 274 quod
1725 248 1778 268 non
1800 237 1918 269 videbat.

1126 270 1240 310 (Ibiest,
1254 281 1355 310 inore.
1368 274 1579 310 “intutae/nus?
1600 274 1641 301 ubi
1649 270 1660 307 ’,
1683 275 1793 310 inferne.
1814 277 1920 304 victoria

1124 308 1192 347 tua_(
1204 307 1307 347 i.__(_Ior.
1324 309 1366 335 l5.
1381 309 1415 335 55
1426 309 1457 343 )?
1472 308 1600 347 Christus
1608 307 1727 337 surrexit
1738 331 1745 343 ,
1768 316 1795 338 et
1810 317 1837 339 ιιι
1853 313 1906 347 deji

1124 343 1193 370 ceris
1210 343 1355 380 :Atlltristns
1375 345 1511 376 surrexit,
1536 349 1564 372 et
1585 345 1722 373 dmmones
1745 347 1809 380 lapsi
1834 343 1918 374 soni:

1124 378 1241 415 surrexit
1254 379 1376 406 Christus
1388 384 1414 406 ct
1424 380 1540 413 gaudent
1551 381 1637 415 angeli
1651 391 1658 408 :
1671 378 1787 409 surrexit
1797 382 1921 410 Christus

1125 421 1151 440 et
1167 413 1257 440 nullus
1273 419 1394 441 mortuus
1410 422 1499 442 manet
1514 416 1539 441 in
1553 413 1688 450 sepulcro.
1709 417 1834 445 Christus
1849 426 1882 445 en
1894 426 1921 446 nt

1125 455 1267 483 resm‘gens
1281 458 1312 476 ex
1329 450 1441 476 mortuis
1454 470 1461 482 ,
1480 450 1603 484 primitiae
1616 451 1806 479 dormientium
1831 453 1917 480 factus

1125 488 1165 546 ast
1183 483 1253 518 :ipsi
1274 484 1358 519 gloria
1374 489 1401 511 et
1423 485 1563 520 imperiutn
1580 487 1606 513 in
1627 487 1725 514 sarcula
1748 489 1918 516 saeculorum.

1150 527 1221 546 men.

1150 527 1221 546 men.

295 577 1676 594 —_—__.—————————————————-———————

976 622 1008 644 IN
1031 622 1163 645 PASCﬂA.
1187 623 1210 644 1.

314 691 414 720 Pascha
429 696 562 718 terrenum
573 689 710 717 celebrattt
721 688 816 720 Judaei.
830 688 875 721 qui
886 687 992 715 cteleste
1003 687 1068 715 Pas-

278 728 327 755 cha
343 730 473 761 negarunt
490 734 496 752 :
514 732 563 753 nos
579 732 642 752 vero
654 725 698 761 qui
712 723 818 761 cmleste
832 722 1070 761 Paschagce‘lebr‘a-

278 770 356 794 tuus,
378 757 516 789 terrenum
530 757 758 794 exsuperavimus.
778 757 812 786 Et
830 759 901 794 quod
916 758 953 785 illi
969 757 1070 794 Pascha

280 793 420 833 perﬁciunt
429 817 436 829 ,
453 793 793 833 salntlsprimogenitorum
804 814 812 827 ,
825 793 869 833 q_ni
881 794 950 833 apud
964 793 1071 833 Judatos

279 829 365 865 erant,
378 832 532 873 symbolpm
546 831 611 862 fuit,
626 830 732 871 quando
743 837 803 873 cum
817 829 1004 873 Egypliorum
1018 829 1070 873 pri-

279 864 421 903 tnogcnitis
444 867 598 894 Judtcorum
626 864 802 903 primogenita
827 873 879 891 non
914 864 1068 903 perierunt,

278 900 338 938 qum
351 911 397 937 per
410 903 565 938 sanguinem
583 900 712 936 paschalis
728 900 840 938 victima),
853 900 999 938 symbolice
1008 907 1070 938 ser-

279 934 338 966 vata
352 934 425 965 'sunt
439 947 446 965 :
460 934 564 964 Pascha
581 934 644 964 vero
666 944 681 962 a
704 935 780 962 nobis
793 935 957 962 celebratum
976 934 1069 961 salutis

280 974 464 1000 universorum
478 972 614 999 hominum
629 978 708 999 causa
721 975 778 1003 est,
794 970 946 1004 ittcipieudo
958 977 972 996 a
985 970 1071 1004 primo

280 1009 387 1035 ltomine
397 1029 403 1040 ,
417 1009 461 1043 qui
477 1007 503 1035 itt
519 1007 642 1034 omnibus
656 1011 778 1033 servatur
789 1010 816 1032 et
830 1006 986 1043 viviﬁcatur.
1004 1004 1070 1032 Par-

280 1049 321 1071 tcs
334 1041 614 1078 autetn‘perl'ectorum
626 1063 633 1075 ,
648 1046 680 1078 et,
690 1046 861 1078 temporanea
876 1041 919 1078 illa
933 1060 940 1073 ,
957 1045 1069 1067 a-terno-

280 1087 339 1115 rum
355 1075 485 1114 imagines
504 1083 530 1105 et
547 1077 616 1115 typi,
643 1077 715 1115 prius
731 1077 879 1115 excogitata
896 1075 1000 1115 fuerant
1013 1095 1020 1107 ,
1043 1080 1071 1102 ιιι

281 1111 422 1141 veritatem
437 1120 507 1140 nunc
521 1111 652 1139 orientem
667 1111 855 1139 adumbrarent
869 1120 875 1137 :
892 1111 1005 1138 veritate
1019 1119 1068 1137 au-

283 1155 341 1186 tem,
352 1153 485 1184 prtesente
496 1169 503 1181 ,
521 1153 598 1186 typus
615 1147 727 1182 tetttpori
742 1146 818 1186 cedat
832 1151 954 1186 oportet;
979 1151 1006 1173 ut
1021 1146 1069 1186 ad-

282 1182 407 1211 veniente
423 1191 485 1218 rege
497 1205 504 1216 ,
531 1182 618 1210 itullus
629 1204 636 1215 ,
662 1190 724 1217 rege
744 1182 858 1218 Aviventc
874 1182 967 1218 relicto
979 1202 987 1213 ,
1011 1182 1070 1216 ejus

281 1219 423 1254 imaginem
448 1216 561 1246 adorare
584 1216 811 1254 dignatui-rHinc
831 1225 894 1254 vero
915 1216 1000 1254 palam
1029 1221 1071 1244 est

280 1252 408 1289 quantum
431 1254 605 1290 lypusicedat
628 1253 731 1290 veritati
744 1272 751 1284 ,
772 1253 842 1290 quod
863 1257 940 1288 typus
961 1252 1070 1290 brevem

280 1287 397 1317 celebret
412 1287 492 1317 vitam
505 1289 675 1317 Judaicornm
691 1287 927 1323 primogenitorum
940 1309 947 1321 ,
974 1287 1071 1314 veritas

282 1329 370 1352 autent
395 1330 549 1360 perpetuam
573 1324 710 1352 hotninum
723 1324 850 1360 omnium
873 1324 964 1351 vitam.
976 1323 1071 1360 iNcqne

281 1360 353 1388 cuitn
369 1359 492 1395 maguum
513 1365 552 1387 est
568 1364 681 1386 tnortetn
696 1359 729 1386 ad
744 1359 823 1386 breve
837 1364 940 1395 tempus
955 1359 1071 1393 ctl‘ugcrc

282 1402 354 1426 cum,
371 1394 421 1430 qui
430 1395 507 1430 paulo
522 1400 582 1430 post
594 1395 739 1430 moriturus
753 1399 804 1426 est,
821 1394 867 1430 sed
880 1402 1003 1427 magnum
1017 1395 1070 1421 uti-

281 1437 335 1464 que
349 1429 390 1458 est
405 1429 636 1458 m’urtem’omnino
648 1429 774 1465 eﬁ'ugore;
791 1429 860 1465 quod
875 1430 951 1457 nobis
965 1431 1070 1465 contin-

282 1466 338 1498 git,
361 1466 458 1501 quibus
479 1466 579 1493 Pascha
595 1464 745 1501 immolatus
764 1469 806 1501 est
825 1464 958 1492 Christus.
983 1464 1070 1499 Ipsum

282 1500 341 1536 testi
358 1499 454 1529 nomen
466 1508 588 1536 magnam
603 1499 709 1535 pra'l‘ert
723 1500 919 1536 excellentiam,
936 1501 958 1527 si
973 1508 1070 1527 secun-

282 1535 345 1563 dum
359 1538 397 1564 rei
412 1535 550 1564 veritatem
561 1536 717 1570 explicetur.
732 1536 833 1563 Pascha
846 1535 918 1562 enim
931 1537 1071 1562 transitum

282 1572 432 1607 signiﬁcat,
448 1572 518 1607 quod
533 1571 704 1598 Hebraeorum
719 1570 814 1598 domos
828 1571 1009 1607 pertransierit
1024 1578 1071 1597 ex-

285 1605 441 1635 terminator
457 1605 510 1640 ille,
526 1606 572 1642 qui
587 1606 759 1642 primogenita
776 1605 948 1640 pcrcutiebat.
971 1606 1072 1633 Trans-

282 1643 336 1670 itns
346 1641 646 1677 porroextcrtninaturis
654 1641 722 1676 apud
735 1648 782 1668 nos
794 1649 872 1668 verus
885 1646 935 1677 est,
949 1642 1009 1677 quia
1022 1649 1071 1668 nos

282 1675 396 1705 intactos
411 1679 560 1712 pertransit,
577 1677 610 1705 ad
624 1675 703 1704 vitam
726 1681 853 1703 mtcrnam
866 1684 881 1703 a
895 1675 1001 1704 Christo
1013 1685 1072 1704 sus-

282 1713 389 1741 citatos.
405 1714 448 1741 Sic
464 1718 546 1740 totutn
558 1712 666 1740 I'asclm
677 1717 860 1748 argumentum
875 1712 1006 1747 speculari
1017 1713 1072 1748 spi-

283 1748 415 1776 ritualiter
429 1753 550 1783 oportet,
575 1752 603 1775 et
616 1747 769 1781 apostolicis
782 1747 995 1775 enarrationibus
1010 1756 1070 1776 cre-

283 1784 357 1811 dere.
381 1782 479 1811 Fidelis
495 1791 573 1817 porro
591 1783 725 1810 desiderat
742 1787 821 1809 lotam
835 1782 926 1817 ﬁgurae
940 1783 1070 1811 rationem

284 1819 432 1853 intelligere
443 1840 450 1852 ,
474 1819 608 1853 quotnodo
623 1824 719 1851 nempe
733 1825 762 1844 se
777 1817 874 1853 habeat
893 1825 954 1852 erga
971 1819 1069 1846 verita-

284 1860 349 1887 tem,
362 1852 454 1889 atque,
469 1852 496 1881 ut
509 1854 543 1881 ita
557 1855 654 1887 dicam,
670 1852 814 1914 spiritualia
827 1859 874 1879 sua
890 1860 936 1887 per
951 1853 993 1880 illa
1007 1854 1070 1881 olim

284 1897 412 1914 euruoroa
425 1889 552 1914 saeculari
564 1898 570 1914 ε
587 1894 614 1914 ut
630 1889 685 1914 lena
700 1889 721 1914 ia
735 1888 823 1914 omnia
837 1889 869 1914 ab
882 1896 911 1914 se
926 1889 1070 1914 secundum

283 1888 412 1923 corporea
425 1889 552 1924 speculari
564 1898 570 1922 ;
587 1894 614 1916 ut
630 1888 721 1923 Iegalia
735 1888 823 1915 omnia
837 1889 869 1915 ab
882 1896 911 1916 se
926 1889 1070 1916 secundum

283 1925 418 1952 Christum
434 1928 522 1952 mente
539 1925 732 1959 percipiantur,
754 1927 781 1959 et
794 1930 841 1957 per
854 1924 999 1958 spiritualia
1013 1925 1069 1952 cla-

283 1960 339 1987 rius
350 1960 496 1994 corporalia
513 1958 707 1994 intelligantur.
723 1964 750 1986 et
765 1958 905 1986 invisibilia
922 1960 1071 1990 visibilibns

283 1996 358 2030 quasi
381 1995 485 2030 depicta
507 2001 661 2030 appareant.
686 1995 766 2029 Igitur
781 1995 851 2021 Deus
866 1994 996 2022 decimam
1012 1995 1069 2030 pla-

282 2039 342 2066 gam
358 2031 489 2066 [Egyptiis
505 2031 652 2058 iuﬁicturus
667 2031 676 2064 (
689 2033 855 2066 eratiautcm
870 2030 913 2066 illa
928 2038 999 2058 mors
1014 2033 1070 2066 pri-

282 2065 474 2101 mogenitorum
488 2066 514 2101 ),
535 2066 617 2100 Moysi
640 2065 841 2101 dixitatllensis
865 2065 906 2092 hic
932 2067 1001 2093 vobis
1015 2065 1070 2095 ierit

282 2100 381 2128 initium
396 2102 517 2129 melinum
533 2101 630 2135 (Exod.
647 2101 690 2129 I2.
707 2100 724 2128 2
736 2101 756 2136 );
773 2101 874 2136 primus
889 2105 930 2128 est
949 2102 1024 2129 vobis
1043 2103 1069 2130 in

282 2138 418 2165 mensibus
430 2137 502 2164 antti.
517 2138 554 2164 Ac
565 2138 690 2172 deinceps
703 2136 827 2172 prmcepit
845 2137 1002 2164 sacriﬁcium
1021 2137 1071 2165 Pa-

282 2172 392 2205 schalis,
414 2177 441 2200 et
455 2173 591 2207 sanguinis
607 2173 758 2200 unctionent
774 2174 800 2199 in
813 2172 920 2207 januis;
942 2177 1021 2207 atque
1036 2181 1068 2201 ex

282 2208 332 2235 hac
347 2209 470 2237 unctione
485 2208 719 2243 primogenitorum
735 2208 847 2235 salutem
861 2208 1003 2243 pollicitus
1016 2214 1067 2236 est.

281 2243 349 2277 Quid
370 2243 418 2270 sibi
440 2244 494 2270 vult
509 2242 592 2274 illud,
616 2243 638 2269 si
659 2243 747 2270 statim
763 2243 796 2269 ad
812 2242 930 2269 veritatis
945 2244 1068 2277 specula-

283 2279 382 2305 tiottcm
398 2277 538 2309 referatur,
552 2278 621 2312 quod
634 2282 738 2312 tempus
753 2277 817 2304 illud
829 2278 890 2304 anni
904 2277 1008 2305 initium
1021 2279 1077 2307 de.‘

282 2313 400 2342 ﬁniatur.
417 2320 469 2347 quo
481 2312 577 2346 pascha
590 2312 669 2339 ﬁebat
682 2319 712 2339 ac
728 2312 963 2347 primogenitorum
976 2314 1069 2342 salus?

281 2348 348 2388 Quia
372 2348 449 2388 nobis
463 2349 541 2374 etiam
558 2348 613 2388 veri
633 2347 768 2387 Paschatis
783 2348 940 2388 sacriﬁcium
960 2353 1001 2376 est
1017 2351 1067 2388 iui-

282 2383 346 2412 tinm
360 2383 420 2419 vitae
436 2387 551 2419 maternal.
569 2383 660 2419 Annus
673 2383 770 2418 quippe
791 2388 832 2419 est
850 2384 939 2410 szeculi
954 2385 1065 2419 symbo-

282 2420 336 2445 Inm
347 2439 353 2449 ,
368 2418 428 2452 quia
443 2417 570 2445 circulum
581 2418 726 2444 decurrens
738 2417 766 2445 in
781 2418 897 2452 seipsum
911 2417 1017 2453 semper
1028 2429 1070 2448 re-

281 2454 396 2480 volvitur
406 2474 413 2483 ,
428 2457 455 2479 et
469 2453 495 2479 in
509 2453 581 2488 nullo
595 2453 706 2487 quiescit
721 2453 782 2480 line.
799 2455 884 2488 Atque
898 2459 973 2488 pater
987 2454 1067 2483 futuri

281 2488 371 2517 saeculi
386 2488 490 2515 oblatus
505 2492 545 2515 est
558 2487 678 2515 Christus
693 2496 740 2523 pro
755 2487 871 2517 nobisin
887 2487 1045 2518 sacriﬁcium
1058 2511 1066 2524 ,

280 2532 312 2551 ac
326 2524 443 2560 priorem
459 2524 545 2560 vit:th
554 2529 671 2551 nostram
686 2525 760 2559 quasi
773 2525 873 2552 nullius
889 2526 1018 2560 temporis
1030 2526 1069 2553 fa-

279 2558 370 2590 ciens.
394 2558 503 2586 alterius
522 2558 582 2586 vita:
597 2558 752 2594 principium
772 2560 817 2587 dat
834 2560 909 2587 nobis
927 2558 975 2594 per
994 2561 1066 2588 lava-

280 2601 356 2624 crum
368 2595 585 2629 regenerationis,
601 2596 746 2622 secundum
758 2595 959 2623 similitudinem
974 2597 1067 2625 mortis

279 2634 307 2659 et
329 2630 529 2666 resurrectionis
550 2637 615 2657 sum.
637 2630 726 2665 Itaque
740 2631 859 2666 quisquis
878 2630 980 2658 Pascha
995 2633 1068 2660 novit

280 2669 388 2700 propter
402 2673 431 2692 se
446 2665 619 2698 immolatum,
636 2666 686 2692 ltoc
699 2666 748 2693 sihi
763 2667 822 2693 vita:
835 2667 992 2701 principium
1006 2674 1068 2701 sup-

280 2704 360 2735 ponat
372 2721 379 2734 ,
395 2707 411 2728 tt
424 2708 478 2735 quo
491 2701 641 2728 immolatus
653 2708 699 2736 pro
715 2701 772 2736 ipso
787 2706 828 2729 est
840 2702 971 2729 Christus.
992 2702 1067 2730 Tunc

278 2741 367 2763 autem
382 2743 429 2770 pro
444 2737 502 2770 ipso
515 2737 677 2767 immolatur,
693 2737 798 2771 quando
810 2738 921 2772 gratiam
935 2738 1065 2772 agnoscit,

279 2777 306 2798 et
322 2772 399 2798 vitam
416 2779 463 2805 per
479 2772 547 2799 istud
562 2772 720 2799 sacriﬁcium
742 2777 844 2807 partam
861 2772 994 2807 intelligit.
1021 2773 1066 2800 llis

278 2814 359 2841 pot-ro
373 2807 484 2844 cognitis
497 2828 503 2839 ,
521 2815 596 2844 nova.-
611 2808 673 2834 vita:
689 2807 791 2834 ittitiutn
808 2809 929 2843 accipere
943 2813 1044 2844 satagat
1057 2829 1064 2842 ,

279 2848 366 2878 neque
387 2843 420 2870 ad
441 2847 556 2871 veterem
571 2843 651 2871 vitam
671 2844 737 2871 ultra
759 2850 892 2879 recurrat,
915 2845 989 2880 cujus
1004 2843 1064 2873 ﬁnis

1124 687 1242 723 advenit.
1267 687 1333 714 Nam
1347 708 1353 719 ,
1381 687 1431 721 Qui
1452 687 1545 714 mortui
1568 696 1655 715 sumus
1676 694 1798 723 peccato,
1816 690 1919 723 inquit,

1123 722 1248 760 quomodo
1263 723 1346 749 adhuc
1367 724 1476 760 vivemus
1498 723 1524 750 in
1539 723 1585 760 illo
1609 723 1618 760 (
1630 724 1705 751 Rom.
1721 726 1748 751 6.
1762 725 1779 752 ‘2
1792 727 1801 760 )
1814 726 1826 752 ?
1840 722 1919 753 Prin;

1123 758 1222 792 cipiunt
1244 765 1317 794 ergo
1352 759 1413 794 anni
1440 758 1491 785 tale
1513 758 1664 794 syntbolum
1690 758 1796 788 habet.‘
1811 762 1920 789 Decima

1122 798 1210 821 autem
1235 793 1279 820 die
1307 793 1406 820 mensis
1433 794 1508 827 jubet
1530 793 1652 831 'siugnlas
1675 795 1770 823 domos
1798 797 1921 831 singulos

1122 836 1205 864 agnos
1230 835 1337 856 sumere
1347 850 1368 865 ,γ
1380 833 1407 856 et
1429 833 1468 856 tot
1487 836 1547 865 esse
1563 829 1587 856 iit
1603 829 1685 857 domo
1698 831 1741 865 qui
1755 829 1916 865 comedam,

1124 869 1152 891 ut
1169 869 1252 901 totum
1276 864 1429 901 comedant,
1445 869 1472 901 et
1494 864 1559 891 nihil
1574 866 1692 900 supersit
1708 864 1722 891 7:
1747 867 1864 901 itemque
1891 872 1920 895 ttt

1123 906 1206 936 agnus
1229 899 1383 936 immolatur
1402 900 1504 936 decima
1533 899 1625 934 quarta
1649 900 1693 928 die
1719 901 1752 928 ad
1768 899 1920 936 vesperam.

1124 934 1205 968 Igitur
1225 935 1342 969 quinque
1357 935 1450 962 diebus
1464 935 1541 962 simul
1568 940 1610 962 est
1635 936 1740 963 victima
1758 934 1920 965 immolanda

1122 977 1182 996 cum
1207 970 1257 998 iis.
1283 970 1327 1004 qui
1342 970 1471 1004 perillam
1488 971 1611 998 servandi
1626 977 1707 1002 sunt;
1735 972 1807 999 Iinita
1829 978 1920 1000 autem

1123 1005 1214 1041 quinta
1244 1005 1287 1032 die
1314 1004 1399 1032 hostia
1432 1005 1605 1036 immolatur.
1643 1013 1716 1033 mors
1755 1009 1920 1041 pertransit;

1125 1040 1168 1073 qui
1196 1048 1260 1067 vero
1293 1046 1425 1073 servatur,
1451 1045 1578 1075 perpetua
1602 1042 1660 1069 luce
1689 1040 1801 1073 fruitur.
1839 1050 1920 1071 noctu

1123 1075 1228 1111 lucente
1250 1075 1320 1107 luna.
1336 1081 1362 1102 et
1382 1077 1439 1103 sole
1463 1076 1552 1103 lunam
1573 1077 1723 1111 excipiente
1752 1087 1759 1105 :
1781 1079 1832 1106 hoc
1847 1080 1919 1106 cnint

1124 1110 1158 1136 ita
1183 1111 1211 1138 Iit
1238 1111 1264 1138 in
1288 1111 1392 1138 decima
1405 1116 1498 1145 quarta
1523 1116 1549 1139 et
1577 1110 1654 1146 plena
1672 1113 1743 1142 luna.
1771 1113 1834 1140 Haec
1856 1122 1920 1141 vero

1122 1146 1239 1183 quinque
1248 1147 1374 1180 temporis
1382 1147 1465 1181 spatia
1478 1151 1560 1174 totum
1573 1148 1663 1175 mundi
1675 1152 1779 1183 tempus
1790 1149 1920 1177 denotant

1123 1181 1148 1208 in
1166 1182 1283 1218 quinque
1298 1187 1387 1218 partes
1401 1183 1571 1218 distributum
1588 1191 1595 1213 ;
1616 1184 1651 1210 ab
1666 1181 1749 1210 Adam
1765 1192 1861 1218 nempe
1877 1193 1922 1212 us-

1123 1223 1175 1250 que
1189 1218 1224 1245 ad
1236 1217 1301 1252 Noe.
1318 1224 1333 1243 a
1349 1217 1404 1245 Noe
1418 1225 1500 1252 usque
1513 1217 1545 1245 ad
1561 1218 1706 1250 Abraham,
1723 1219 1757 1245 ab
1767 1217 1921 1247 Ahrahamo

1124 1258 1208 1286 usque
1232 1251 1265 1280 ad
1284 1252 1409 1287 Moysen,
1434 1251 1562 1288 a’Moyse
1594 1261 1678 1288 usque
1700 1254 1733 1280 ad
1764 1254 1920 1288 Christum,

1122 1287 1213 1320 quinta
1226 1295 1285 1321 pars
1299 1295 1312 1314 a
1323 1288 1419 1315 Christi
1436 1287 1562 1315 adventu.
1572 1287 1764 1323 Quo’tempore
1776 1290 1861 1317 cuivis
1872 1287 1922 1318 I204

1123 1323 1329 1359 miniproposila
1344 1329 1401 1359 erat
1411 1324 1483 1350 salus
1499 1331 1545 1358 per
1554 1324 1661 1351 beatum
1673 1325 1736 1351 illud
1747 1326 1918 1359 sacriﬁcium;

1123 1357 1169 1384 sed
1185 1358 1301 1395 nondum
1317 1358 1512 1395 perﬁciebatur.
1530 1359 1556 1385 In
1571 1360 1663 1393 quinto
1682 1366 1771 1387 autetn
1790 1357 1920 1395 temporis

1123 1394 1209 1430 Spatio
1228 1401 1319 1420 verum
1337 1394 1436 1420 I’ascha
1457 1394 1643 1422 immolabatur
1655 1416 1662 1428 ,
1680 1400 1704 1422 ct
1728 1396 1771 1430 qui
1789 1402 1836 1430 per
1848 1394 1920 1423 illud

1123 1428 1236 1466 salutem
1250 1430 1664 1466 conseqnebaturprimogenitus
1680 1428 1771 1462 homo,
1784 1428 1809 1458 in
1822 1439 1919 1466 perpe-

1124 1467 1199 1501 tuam
1213 1464 1299 1501 lucent
1315 1465 1403 1491 exibat
1427 1464 1541 1501 (Matth.
1562 1465 1606 1492 ιο.
1623 1466 1649 1492 Ι.
1665 1466 1738 1501 sqq).
1759 1464 1835 1500 Quod
1856 1464 1920 1494 vero

1124 1506 1176 1535 non
1194 1500 1219 1525 in
1234 1500 1289 1533 ipsa
1306 1507 1426 1533 Vespera,
1444 1500 1490 1527 scd
1505 1500 1537 1527 ad
1553 1508 1690 1535 vesperam
1706 1501 1806 1528 l’ascha
1824 1502 1919 1529 inuno-

1123 1533 1234 1570 laretnr,
1249 1535 1414 1570 signiﬁcabat
1426 1543 1477 1563 non
1493 1536 1519 1562 in
1534 1537 1591 1570 ipso
1601 1533 1654 1563 ﬁne
1667 1538 1805 1570 praesentis
1816 1538 1916 1569 saeculi,

1123 1569 1174 1607 sed,
1192 1570 1225 1596 ad
1250 1569 1328 1607 ﬁnem
1349 1577 1487 1604 passurum
1508 1569 1567 1599 esse
1585 1571 1732 1599 Christum.
1750 1572 1868 1607 Tempus
1882 1574 1918 1600 ita

1123 1604 1236 1642 divisum
1257 1605 1378 1642 exhibuit
1399 1607 1524 1640 parabula
1537 1626 1545 1639 ,
1561 1613 1621 1642 qua:
1638 1607 1663 1633 in
1686 1611 1774 1641 partes
1800 1604 1919 1642 quinque

1123 1639 1194 1667 diem
1208 1639 1359 1672 distribuit,
1373 1639 1520 1668 et’vocatos
1535 1639 1595 1669 esse
1615 1639 1726 1669 dicit-ad
1742 1639 1848 1670 vineam
1862 1639 1881 1675 ,’
1892 1644 1918 1670 id

1122 1680 1180 1707 est,
1199 1676 1353 1712 adﬂjustitiae
1366 1677 1547 1711 operationem
1560 1697 1567 1707 .
1582 1677 1648 1704 alios
1658 1679 1728 1705 circa
1743 1679 1855 1712 primam
1871 1679 1918 1705 ho-

1123 1718 1179 1737 ram
1193 1732 1201 1744 ,
1217 1711 1283 1738 alios
1306 1712 1376 1738 circa
1399 1712 1503 1739 tertiam
1517 1733 1524 1744 ,
1545 1711 1612 1739 alios
1627 1713 1697 1740 circa
1712 1711 1814 1740 sextam
1825 1734 1832 1745 ,
1848 1714 1917 1741 alios

1123 1746 1192 1781 circa
1204 1754 1311 1778 nonam,
1322 1752 1471 1781 postremos
1483 1747 1554 1774 circa
1562 1747 1740 1775 undecimam.
1752 1748 1833 1775 Erant
1844 1750 1916 1776 cnim

1123 1780 1165 1808 lue
1179 1781 1292 1810 diversa:
1301 1780 1463 1814 vecationcs,
1475 1782 1622 1809 etdivcrsae
1631 1783 1836 1815 justilicatioues
1847 1793 1854 1815 ;
1864 1785 1915 1811 alia

1124 1820 1244 1854 tctnpore
1259 1818 1380 1854 rAdami,
1405 1818 1456 1844 alia
1484 1822 1603 1852 tempore
1628 1818 1693 1850 Nec,
1719 1820 1770 1846 alia
1797 1824 1917 1854 tempore

1122 1851 1276 1884 Abrahami,
1287 1854 1336 1880 alia
1348 1858 1466 1887 tempore
1475 1851 1589 1888 Moysis;
1602 1858 1733 1888 postrema
1741 1859 1768 1882 et
1777 1851 1917 1888 perfectis-

1121 1887 1187 1914 sima
1200 1887 1225 1915 in
1237 1888 1350 1915 adventu
1358 1888 1466 1921 Christi,
1475 1887 1582 1923 quando
1593 1896 1695 1916 merces
1707 1887 1817 1924 operum
1832 1891 1918 1917 reddi-

1123 1928 1166 1950 tur
1178 1924 1262 1957 primo
1271 1924 1314 1957 iis,
1323 1925 1367 1959 qui
1382 1924 1506 1958 postremi
1518 1929 1594 1951 erant
1606 1925 1752 1951 secundum
1766 1925 1916 1952 Servatoris

1122 1959 1274 1994 parabolam
1290 1969 1295 1985 :
1312 1960 1372 1994 quia
1395 1960 1541 1995 noslprimi
1559 1960 1584 1986 in
1600 1959 1759 1994 baptismate
1774 1968 1917 1995 regenera-

1123 1995 1223 2022 tionem
1243 1995 1388 2029 accipimus
1401 2015 1407 2026 ,
1422 1994 1518 2029 quibus
1538 1995 1690 2022 immolatus
1707 2000 1749 2022 est
1770 1994 1894 2023 Christus
1906 2018 1914 2029 ,

1121 2037 1174 2065 quo
1195 2035 1313 2064 tempore
1329 2031 1491 2059 resurrexit.
1512 2035 1538 2057 et
1552 2030 1679 2064 Spiritum
1701 2035 1821 2058 sanctum
1838 2032 1915 2058 nobis

1122 2065 1155 2092 ad
1169 2066 1370 2093 renovationem
1385 2065 1538 2092 insul‘llavit.
1556 2065 1619 2093 Haec
1633 2067 1721 2100 itaque
1734 2072 1827 2100 quarta
1843 2066 1915 2094 deci-

1121 2108 1163 2137 nta
1177 2105 1217 2128 est
1230 2102 1341 2136 mystice
1355 2101 1532 2133 considerata,
1546 2105 1573 2128 et
1587 2101 1639 2128 tale
1653 2106 1696 2128 est
1710 2101 1830 2128 sacriﬁcii
1847 2109 1915 2137 synt—

1121 2136 1210 2163 bolum
1222 2157 1229 2169 ,
1246 2141 1273 2163 et
1285 2144 1336 2163 nox
1349 2136 1391 2163 illa
1407 2136 1492 2163 lucida
1510 2141 1589 2171 atque
1603 2137 1660 2163 dies
1678 2144 1738 2171 qua:
1753 2136 1913 2165 sacriﬁcium

1121 2171 1228 2206 excipit.
1245 2171 1320 2205 Quod
1332 2178 1420 2198 autem
1442 2172 1546 2199 victima
1571 2177 1624 2199 tota
1641 2172 1666 2198 in
1686 2172 1797 2205 singulis
1811 2173 1914 2200 milibus

1120 2207 1306 2234 comederetur
1316 2228 1324 2240 ,
1339 2214 1424 2242 neque
1438 2214 1533 2234 carnes
1549 2206 1618 2233 foras
1637 2206 1795 2234 echrrcntur
1806 2228 1814 2240 ,
1831 2207 1857 2234 id
1874 2209 1913 2235 si-

1119 2242 1226 2277 gniﬁcat
1242 2250 1320 2268 unatn
1333 2247 1434 2269 tantum
1448 2249 1506 2269 esse
1521 2242 1628 2269 domum
1641 2243 1753 2270 salutem
1768 2243 1793 2269 in
1805 2242 1914 2270 Christo

1121 2278 1262 2305 habentetn
1275 2298 1281 2309 ,
1299 2285 1393 2312 nempe
1409 2277 1554 2304 Ecclesium
1566 2285 1614 2312 per
1629 2282 1713 2304 totttm
1727 2278 1820 2305 orbem
1833 2279 1912 2305 ditiu-

1120 2321 1176 2341 satn
1189 2333 1197 2345 .
1212 2320 1271 2348 qua:
1286 2313 1349 2340 olim
1365 2313 1450 2340 aliena
1466 2321 1480 2340 a
1496 2314 1549 2340 Deo
1570 2317 1643 2345 erat,
1665 2321 1736 2339 nunc
1750 2319 1839 2340 autem
1856 2314 1912 2340 sola

1119 2348 1153 2376 ad
1179 2349 1261 2375 Deum
1284 2348 1390 2383 proprie
1409 2350 1541 2383 pertinet,
1555 2348 1616 2382 quia
1639 2348 1756 2382 suscepit
1774 2355 1822 2375 eos
1837 2350 1881 2382 qui
1898 2358 1912 2376 a

1121 2384 1233 2411 Domino
1243 2383 1305 2410 Jesu
1316 2383 1388 2410 missi
1400 2388 1486 2416 erant;
1499 2383 1722 2418 quemadmodum
1733 2384 1829 2410 domus
1842 2384 1913 2412 illitts

1120 2419 1213 2447 Raltab
1226 2419 1289 2445 olitn
1304 2418 1462 2451 meretricis,
1478 2427 1538 2454 qua:
1549 2419 1754 2452 exploratorcsa
1768 2419 1832 2446 Jcsu
1846 2421 1912 2447 inis-

1120 2463 1164 2482 sos
1179 2454 1293 2488 excepit,
1305 2454 1413 2481 Jericho
1428 2454 1573 2483 devastata.
1591 2459 1696 2480 servata
1710 2454 1765 2480 sola
1782 2454 1840 2480 l'uit.
1859 2455 1911 2481 Ita-

1119 2498 1171 2525 que
1186 2490 1234 2516 etsi
1247 2490 1336 2524 plures
1348 2489 1402 2516 sint
1415 2489 1586 2516 Hebraeorum
1601 2489 1706 2522 domus,
1719 2489 1798 2525 unius
1810 2493 1912 2517 tantum

1120 2524 1171 2553 vim
1182 2525 1289 2557 habent,
1303 2529 1363 2552 utct
1373 2524 1486 2551 diversa:
1499 2531 1546 2558 per
1559 2524 1638 2551 urbes
1646 2529 1673 2551 et
1683 2525 1755 2551 vicos
1772 2524 1910 2556 Ecclesiae,

1119 2568 1178 2596 qum
1199 2561 1287 2596 plures
1303 2567 1414 2596 numero
1436 2565 1497 2596 sunt
1510 2581 1516 2591 ,
1540 2567 1591 2586 una
1610 2565 1671 2586 sunt
1691 2559 1819 2596 Ecclesia.
1837 2559 1912 2587 Unus

1119 2595 1190 2624 enim
1212 2596 1238 2622 it.
1258 2595 1309 2622 illis
1331 2595 1454 2622 Christus
1473 2595 1570 2629 ubique
1586 2601 1643 2627 est,
1666 2595 1799 2628 perfectus
1814 2595 1870 2628 ipse
1885 2600 1913 2623 ct

1120 2631 1258 2659 iudivisus.
1273 2630 1334 2658 Ideo
1349 2630 1463 2664 perfecta
1477 2635 1535 2657 erat
1555 2630 1580 2656 in
1595 2631 1705 2664 singulis
1718 2630 1819 2657 :rdibus
1835 2631 1912 2657 victi-

1119 2674 1161 2694 ma
1173 2687 1181 2700 ,
1197 2673 1246 2693 nec
1264 2666 1297 2692 ad
1316 2666 1436 2693 diversas
1453 2665 1629 2692 dividebatur.
1648 2666 1796 2700 Dicitrcnim
1813 2665 1911 2692 Paulus

1119 2710 1168 2730 IIOS
1178 2708 1271 2728 omnes
1287 2709 1367 2728 unum
1380 2708 1440 2728 esse
1454 2703 1479 2727 in
1493 2701 1611 2732 ΟΙιι-ῑειο,
1624 2701 1684 2734 quia
1701 2699 1772 2727 Unus
1787 2700 1912 2728 Dominus

1119 2743 1155 2765 est
1168 2759 1175 2769 ,
1197 2742 1220 2764 et
1235 2744 1286 2763 una
1300 2737 1364 2770 ﬁdes
1381 2735 1495 2798 (ΙΕρΙιες.
1511 2736 1536 2763 4.
1551 2735 1596 2769 5).
1611 2735 1741 2763 Uniouctn
1756 2743 1820 2770 ergo
1837 2736 1911 2763 illam

1119 2774 1233 2798 victimtn
1252 2772 1383 2798 indivisibi
1398 2780 1439 2798 ent
1460 2771 1501 2798 lex
1517 2771 1541 2797 in
1557 2770 1663 2798 Christo
1677 2771 1733 2798 fore
1756 2771 1911 2798 necessario

1119 2774 1233 2800 victimae
1252 2770 1439 2800 indivisibiletn
1460 2771 1501 2798 lex
1517 2771 1541 2797 in
1557 2770 1663 2798 Christo
1677 2771 1733 2798 fore
1756 2771 1912 2798 necessario

1119 2807 1305 2844 prmligurabat
1316 2828 1323 2841 ,
1340 2815 1443 2844 necnon
1460 2807 1586 2844 Ecclesia:
1602 2807 1739 2844 unitatem.
1753 2806 1784 2844 _lu
1803 2806 1912 2833 Christo

1119 2841 1209 2880 ittiqué
1229 2848 1256 2872 ct
1272 2843 1298 2871 in
1320 2843 1453 2871 sacriﬁcio
1469 2841 1568 2870 Christi
1588 2841 1702 2869 salutem
1717 2841 1847 2869 habemus
1858 2849 1868 2872 ι
1883 2845 1912 2869 et
