2076 3118
180 130 232 159 1’53

180 187 306 216 adventui
318 186 503 215 rcservabatur
515 184 654 221 perfectio,
667 189 694 212 et
703 185 790 213 clarus
803 192 892 221 rerum
903 191 970 212 con-

179 228 297 258 spectus,
313 223 418 258 quando
430 223 485 250 Ilex
499 220 702 258 ipservidentlus
711 225 779 258 erat.
801 220 900 258 Nam‘si
911 221 970 255 quis

181 255 330 294 imaginem'
340 259 466 294 depurgat
475 277 482 289 ,
494 255 517 284 is
530 257 705 294 prirnoAquasi
718 256 825 294 umbras
836 255 951 294 delineat
963 263 970 286 ;

180 291 278 321 deinde
286 291 420 320 coloribus
427 291 557 326 pieturaui
567 292 671 326 perlicit
681 301 687 318 ι
697 296 775 325 atque
785 291 855 318 aliud
864 295 905 318 est
913 298 973 317 ocu-

181 330 213 356 lis
223 330 309 364 imago
319 328 477 364 umbratilis;
488 327 602 361 idipsum
611 335 675 354 vero
684 327 721 358 id,
733 327 858 364 quodper
865 326 971 364 colores

181 361 398 400 reprxs'entatur.
413 363 464 390 Per
475 363 585 400 umbras»
593 370 657 397 ergo
669 370 731 389 vera
746 361 809 388 mihi
826 361 969 400 per-pende,

181 405 206 426 et
227 408 273 432 per
289 399 385 433 figuras
398 406 428 424 ea
439 418 447 429 ,
469 406 528 432 qua:
550 398 602 424 illis
619 402 860 431 repriusentantur,
884 398 972 422 consi-

181 435 261 466 dera,
282 439 361 468 :thth
381 442 412 460 ex
437 433 527 468 parvis
551 433 582 459 ad
602 440 696 467 magna
712 433 809 459 accede
824 442 830 458 :
845 440 878 458 ne
900 433 970 468 circa

183 475 280 496 terram
303 467 441 500 versetis:
459 476 544 501 neque
562 468 718 495 memoriam
741 468 843 495 recolas
856 467 941 502 gentis
956 474 970 492 a

182 509 294 540 tyranno
309 504 436 535 liberatae,
451 503 544 540 salutis
556 504 669 530 liliorum
687 508 875 540 temperaneze,
887 507 972 540 trans-

182 537 346 574 migrationis
370 547 383 565 a
411 545 480 566 terra
502 539 536 574 in)
553 542 651 565 terrain
680 539 768 564 aliain.
788 538 880 572 Neque
899 537 970 564 enim

181 573 318 607 gentilium
333 574 500 601 eclcbi-itates
515 573 548 600 ab
570 573 720 608 bnjnsmodi
735 573 969 601 commemoratio-

183 610 259 636 uibus
274 610 384 636 multum
400 609 501 636 distare
519 609 677 642 comperies.
693 608 837 635 Celebrant
850 609 920 635 enim
934 608 970 634 illi

182 646 334 672 morborum
349 645 508 676 curationes,
518 652 532 671 a
545 643 682 679 tyrannide
696 643 876 675 liberationes,
887 647 969 670 trans-

184 680 373 715 rnigrationes,
390 680 493 706 urbium
509 680 693 715 fundationes,
711 679 833 705 victorias
853 684 880 705 et
898 679 972 704 sitni-

183 714 234 747 lia,
252 720 355 742 terrena
369 721 395 741 ct
411 721 578 748 Icntporanea
602 715 626 740 in
643 714 770 740 festorum
778 720 970 749 argumentum

182 756 357 777 nssuntentes.
372 750 431 776 .Iam
447 757 550 784 magna,
567 749 656 776 divina
670 755 697 775 et
709 749 754 775 Dei
768 748 837 776 dona
852 757 970 776 eorume-

182 793 286 812 morare
304 789 410 819 oportet
427 792 473 811 eos
484 805 492 816 ,
507 785 551 819 qui
573 791 694 819 magnam
715 788 743 811 et
757 789 883 811 aeternam
898 785 970 811 cele-

183 822 259 847 brant
272 821 466 846 solemnitatem
481 828 487 850 ;
503 827 598 853 nempe
614 819 796 846 liberationem
809 828 824 846 a
839 819 969 846 d:etnoni-

183 855 230 881 bus
244 855 418 886 adversaris,
435 856 478 889 qtti
495 855 564 882 bono
579 855 677 882 bellum
695 855 826 886 iol'erunt,
840 855 909 889 quia
925 854 970 882 Dei

183 898 264 924 regno
279 894 422 917 avertunt:
438 890 597 916 celebranda
610 894 651 918 est
665 890 737 916 salus
752 896 803 916 non
820 890 892 916 brevi
905 896 972 916 tetri-

182 932 256 959 pore,
273 926 319 952 sed
334 926 358 952 in
374 931 503 951 :utt-rnum
516 925 652 956 duratura,
668 925 862 959 transmigratio
874 933 887 951 a
902 929 970 952 terra

183 961 208 986 in
224 961 316 987 ca-Ium
331 961 357 987 in
373 961 495 994 prresenti
511 961 573 991 vita,
588 960 651 986 etin
667 961 861 995 possessionem
876 968 971 995 perpe-

181 999 254 1022 tuam
268 1001 328 1030 post
342 997 454 1022 futuram
469 996 701 1023 resnrreclionern.
716 994 847 1030 [Egyptus
860 994 971 1023 vexabat

180 1030 296 1063 .Iudicos,
323 1031 366 1065 qui
391 1030 469 1057 liberi
493 1035 571 1057 erant
593 1038 624 1057 ex
648 1035 758 1064 paterna
781 1031 969 1064 successione,

181 1066 294 1099 ill0sqtte
311 1068 361 1092 sub
378 1067 512 1092 servitutis
523 1067 588 1100 jngo
604 1066 727 1098 tenebat,
742 1072 840 1100 cogens
857 1066 917 1093 illos
932 1067 969 1093 la-

181 1102 272 1127 teritio
285 1101 359 1134 operi
376 1102 531 1128 incumbere
545 1107 572 1128 et
584 1102 663 1127 urbes
676 1105 843 1128 construere.
858 1101 970 1135 Symbo-

181 1135 235 1162 lum
251 1136 301 1162 hoc
316 1140 357 1162 cst
370 1143 548 1162 mrumnarum
573 1136 681 1167 mundi.
703 1137 779 1170 queis
801 1137 971 1169 premebatur

180 1178 265 1205 genus
287 1173 430 1197 humanum
442 1191 448 1203 ,
464 1171 535 1205 quod
550 1172 584 1197 ab
606 1179 636 1197 ea
651 1179 710 1204 qua:
726 1172 871 1198 secunduut
888 1172 970 1199 Deum

179 1210 222 1232 est
233 1206 366 1239 voluptate
378 1211 404 1233 et
418 1213 433 1233 a
449 1206 570 1233 libertate
585 1206 729 1236 exciderat,
741 1210 768 1233 et
781 1207 895 1233 terrenis
907 1214 970 1241 ope-

179 1241 254 1267 ribus
278 1241 426 1274 insudabat,
451 1248 482 1268 ac
507 1241 628 1276 peritura
648 1241 816 1268 tabernacula
838 1243 969 1276 parabat:

177 1277 242 1310 quia
258 1276 322 1302 nihil
336 1277 407 1310 apud
427 1277 548 1303 homines
567 1276 662 1304 stabile
678 1278 716 1304 vel
739 1281 822 1303 tuturtr
842 1280 898 1309 est,
923 1279 970 1305 scd

178 1312 269 1337 omnia
285 1311 460 1338 humanarum
476 1320 600 1338 rnatumm
621 1319 700 1346 opera
718 1319 732 1338 a
752 1316 872 1345 tempore
890 1312 970 1340 absu-

168 1352 299 1373 .mttnlur.
324 1347 365 1373 Ab
387 1347 437 1374 hac
461 1354 509 1374 nos
532 1348 658 1374 servitute
678 1347 735 1373 vult
751 1347 818 1373 Deus
839 1347 969 1381 liberare,

177 1389 242 1415 erga
252 1389 319 1416 opus
329 1390 406 1409 suum
416 1382 506 1409 labore
518 1390 674 1416 oppressura
684 1382 853 1409 miseratione
863 1382 969 1417 ductus,

177 1422 207 1452 ut
221 1418 286 1443 olim
301 1417 393 1443 videns
408 1417 578 1445 aliiiclioneni
601 1418 713 1444 filiorum
736 1417 834 1449 Israel,
851 1418 923 1452 ipsos
937 1419 970 1445 li-

174 1451 285 1478 beravit
300 1460 346 1485 per
359 1457 436 1479 terrai
451 1454 587 1487 promissa:
599 1454 803 1486 possessionem.
818 1451 971 1481 Volunlat‘ie

174 1488 252 1514 enim
274 1488 307 1514 ad
332 1488 412 1514 Deum
435 1489 531 1515 reverti
552 1493 658 1522 oportet
678 1495 734 1518 eos.
755 1488 800 1522 qui
822 1488 970 1516 voluntarie

175 1523 344 1549 resilierunt.
360 1523 498 1550 Mittuntur
509 1525 579 1550 servi
594 1524 678 1558 legerit
694 1523 834 1550 afferentes
847 1543 853 1554 ,
871 1532 916 1557 per
930 1525 969 1552 le-

169 1565 238 1592 gem
260 1558 292 1584 ad
312 1559 439 1592 justitiam
460 1565 603 1592 vocantes,
621 1566 667 1592 per
685 1559 814 1592 justitiam
834 1558 866 1585 ad
886 1559 968 1586 Deum

169 1595 317 1625 ducentes,
333 1601 411 1627 parva
427 1594 531 1621 interim
543 1595 671 1628 supplicia
682 1593 840 1620 adversariis
853 1599 967 1628 potesta-

170 1629 250 1655 tibus
273 1628 417 1655 inferentes
427 1648 434 1662 ,
450 1630 561 1656 necdum
575 1629 719 1663 perfectam
741 1629 885 1662 perniciem
899 1649 906 1661 ,
921 1630 968 1657 sed

169 1672 204 1690 ex
223 1668 304 1698 parte
318 1669 417 1690 tantum
430 1684 437 1696 ,
455 1664 617 1691 adducentes
628 1685 635 1697 ,
650 1664 745 1698 impios
760 1664 876 1690 nonduin
893 1665 971 1699 plane

168 1699 208 1725 de
233 1699 324 1726 medio
345 1699 476 1726 tollentes.
501 1700 556 1726 Iloc
571 1700 641 1727 enim
663 1699 847 1726 reservabatur
864 1700 969 1727 Domini

169 1734 315 1766 adventui,
340 1735 383 1768 qui
407 1739 467 1768 post
481 1742 573 1761 servos
586 1736 642 1761 suis
653 1734 747 1761 adfuit.
764 1735 862 1760 Ilorunt
880 1740 968 1762 autem

173 1770 270 1804 ﬁgura:
289 1775 316 1795 et
333 1770 451 1804 symbolo
472 1774 558 1802 erant,
576 1770 679 1805 Moyses
694 1769 789 1796 missus
810 1769 843 1796 ad
864 1769 969 1797 .inda'os

169 1812 237 1831 curti
250 1805 357 1831 Aarone
374 1805 464 1840 fratre.
481 1805 513 1832 ad
528 1807 626 1832 cultum
641 1806 686 1832 Dei
701 1812 809 1837 vocans,
826 1805 908 1839 plagis
922 1813 970 1840 per

172 1845 270 1873 partes
293 1840 419 1866 immissis
438 1839 579 1874 Egyptios
599 1841 742 1867 verberans
759 1845 866 1874 propter
884 1848 968 1875 popu-

170 1875 230 1902 lum
255 1876 282 1900 in
304 1875 457 1902 servitutem
479 1876 614 1902 redactum
630 1880 657 1902 et
669 1876 806 1901 alllietuut.
826 1875 922 1902 Verum
938 1877 969 1903 iis

171 1911 209 1936 ita
227 1909 313 1944 gestis
324 1930 330 1940 ,
345 1910 432 1937 adhuc
451 1909 531 1936 Israel
551 1911 576 1936 in
592 1909 708 1944 Egypto
722 1915 788 1941 erat,
805 1917 848 1936 rex
865 1910 968 1945 ASgyp-

170 1945 277 1971 tioruni
299 1952 357 1971 cum
375 1945 430 1971 Deo
442 1945 529 1971 adhuc
543 1953 659 1979 pugnare
675 1950 786 1978 poterat.
808 1945 896 1979 Plaga:
919 1955 969 1973 no-

171 1987 235 2007 vent
251 1979 378 2006 immissa:
393 1981 514 2012 fuerant,
531 1986 558 2006 et
577 1979 694 2007 nondum
709 1987 751 2006 res
768 1979 884 2013 perfecta
900 1985 967 2008 erat.

169 2015 343 2043 Pasti-eniam
359 2015 450 2042 inferri
464 2014 613 2048 oportebat,
629 2015 864 2049 priinogenitorum
877 2016 969 2043 interi-

171 2057 243 2082 tum,
260 2054 288 2076 et
304 2055 394 2084 postea
410 2051 532 2077 lsraelem
547 2051 629 2077 exire.
644 2050 692 2076 llic
705 2057 788 2083 agnus
801 2051 963 2084 immolatur,

168 2091 198 2113 et
222 2085 324 2112 mdium
348 2085 519 2112 Ilebrrcorum
541 2085 612 2112 fores
631 2086 759 2119 sanguine
774 2090 915 2119 unguntur,
937 2094 969 2114 ac

168 2129 221 2156 per
255 2120 571 2156 sanguiiiisrsymbohnn
598 2121 766 2155 primogeniti
797 2121 967 2156 Ilrebrmorum

168 2155 249 2183 irccis
264 2155 368 2189 plagam
383 2155 520 2190 effugiunt.
534 2156 682 2183 Coniedunt
697 2163 793 2190 agnum
810 2155 894 2183 Judaei
906 2165 967 2185 cum

166 2192 321 2226 azynrisret
341 2190 431 2218 herbis
451 2191 559 2218 amaris.
576 2191 682 2218 Exeunt
696 2199 728 2217 ex
743 2190 879 2226 Egyptu;
895 2193 967 2220 inse-

166 2225 266 2262 quitur
282 2225 385 2252 Pharao
405 2234 465 2252 cttni
486 2226 593 2261 reliquis
607 2226 756 2262 Egyptiis;
771 2225 804 2253 ad
819 2234 891 2254 mare
910 2228 965 2255 Rus

166 2264 251 2289 brurn
280 2262 398 2294 veniunt,
424 2262 493 2295 quod
520 2262 633 2288 divisum
654 2270 701 2296 per
723 2263 847 2288 virtutem
872 2263 917 2290 Dei
941 2269 967 2290 ct

165 2299 276 2332 virgam
300 2296 407 2331 Moysis,
429 2296 653 2332 cxcipitﬁquidem
672 2297 816 2324 exercitum
839 2297 965 2325 Hebraeo-

163 2331 228 2361 rum
243 2352 252 2364 ,
279 2332 326 2368 sed
349 2333 494 2368 ingressam
510 2331 801 2368 (Egyptiacamracicni
824 2332 963 2368 demergit.

162 2370 264 2403 Agnus
286 2367 330 2403 tibi
345 2366 465 2394 Christus
476 2372 516 2393 est
530 2368 555 2394 in
565 2366 640 2394 exitu
655 2375 686 2393 ex
702 2367 751 2394 hoc
766 2367 880 2400 mundo,
896 2366 927 2395 et
940 2375 964 2396 te

162 2402 303 2430 transfert
323 2402 348 2427 in
368 2403 477 2433 ctelutu,
494 2411 546 2436 quo
560 2402 680 2429 ascendit
692 2403 752 2434 ille;
770 2409 794 2429 te
805 2411 910 2437 quoque
925 2405 965 2431 itt-

160 2439 242 2466 ducit
258 2439 289 2464 iu
311 2441 437 2464 attentam
453 2438 545 2464 vitam.
560 2438 625 2464 Cum
641 2437 766 2464 transfert
781 2437 915 2465 hominem
931 2447 963 2466 ex

160 2472 272 2502 Davidc
295 2476 385 2498 tratum
398 2492 405 2503 ,
422 2479 473 2498 una
494 2480 599 2507 quoque
614 2472 740 2500 transfert
754 2481 817 2505 eos,
839 2475 883 2507 qui
902 2483 963 2502 eum

159 2507 300 2543 laurigeri
316 2507 420 2541 sequuti
435 2511 511 2538 sunt,
526 2509 569 2543 qui
585 2515 638 2534 non
656 2509 724 2535 ultra
740 2509 833 2535 timent
848 2508 964 2536 Pharao-

159 2552 240 2576 nem,
257 2550 348 2577 neque
361 2543 428 2577 ultra
443 2543 588 2569 immanent
600 2543 626 2569 iu
637 2543 779 2570 servilibus
801 2548 828 2570 et
837 2546 963 2573 wrumnis

159 2574 357 2611 terrenis,per
374 2574 582 2614 illanrexriguaur
598 2583 624 2605 et
643 2580 765 2605 acerbam
780 2579 942 2613 voluptatem
953 2601 960 2614 ,

157 2617 243 2651 cujus
267 2619 361 2651 typum
376 2613 468 2651 habuit
484 2613 563 2651 Israel
581 2621 713 2651 per_es_um
728 2614 866 2647 carnium,
881 2622 962 2649 cepa-

157 2647 222 2680 ruin
239 2647 416 2677 et’alliorum
440 2648 465 2674 in
485 2647 608 2684 Egypto.
625 2649 697 2676 Talis
711 2652 751 2675 est
771 2650 848 2683 hujus
871 2647 962 2678 mundi

158 2688 306 2720 voluptas,
319 2691 378 2718 qua:
388 2684 544 2720 acerrimam
559 2684 639 2711 habet
650 2689 675 2711 et
691 2685 875 2719 complicatam
887 2685 961 2712 solli-

155 2718 320 2751 citudinum
343 2718 475 2754 turbanti
494 2719 628 2746 carnalem
661 2727 722 2746 vero
744 2718 823 2754 atque
848 2720 960 2748 ferinam

155 2757 269 2786 ventris
283 2753 440 2788 ingluviem.
454 2753 513 2790 'I‘ibi
528 2762 542 2780 a
558 2754 691 2781 mundana
703 2755 755 2781 vita
769 2753 893 2790 egresso,
908 2755 959 2783 ini-

156 2795 226 2822 tium
258 2796 334 2816 verat
353 2789 413 2826 vita:
435 2789 622 2826 adest;»sicut
645 2790 696 2816 illis
719 2790 820 2818 Pascha
841 2791 959 2826 typicum

153 2829 269 2857 initittrn
295 2825 427 2851 mensium
450 2829 518 2851 erat.
538 2824 614 2852 Nunc
634 2825 706 2851 enim
729 2825 831 2852 iuitiurn
853 2824 958 2854 vivendi

152 2869 210 2898 est,
236 2858 352 2897 quando
375 2859 496 2886 saeculari
517 2864 543 2886 et
562 2865 674 2888 terrena:
693 2861 752 2888 vita:
768 2861 956 2890 abrenuntias:

328 2911 465 2941 ΡΑτιιοι.
488 2912 546 2942 Gtt.
571 2913 650 2943 LIX.

852 127 885 155 IN
904 125 1036 154 PASCIIA

1765 127 1818 154 73$

1025 191 1094 211 nunc
1105 182 1207 211 invenis
1219 191 1308 212 veram
1324 184 1421 217 vitam,
1436 191 1494 218 quin
1512 189 1553 212 est
1574 185 1600 212 in
1615 185 1720 219 spiritu.
1736 184 1815 213 Chri-

1024 219 1253 256 stusinrmolatur.
1277 220 1367 256 Itaque
1385 220 1507 254 agnoscis
1521 228 1582 247 sacr
1593 221 1680 248 ficium
1696 220 1754 256 cius
1767 229 1815 255 pro

1024 258 1048 280 te
1068 254 1186 281 oblatum
1212 255 1302 282 fuisse.
1329 255 1402 282 Tunc
1419 256 1464 282 tibi
1490 255 1615 290 impletur
1641 254 1721 289 illud,
1743 254 1816 284 Sicut

1023 289 1075 316 oris
1096 290 1129 315 ad
1152 291 1300 317 occisionem
1322 291 1412 317 ducitis
1433 295 1479 323 est,
1502 289 1607 318 t-t'sirut
1629 300 1709 324 agnus
1729 299 1816 320 corum

1023 324 1139 361 tondente
1151 333 1178 352 se
1196 331 1278 351 mutus
1293 325 1368 361 (1εηὶ.
1384 325 1428 353 55.
1444 326 1483 361 7).
1497 326 1670 354 Mansuetudo
1684 332 1771 354 autem
1789 329 1814 356 in

1023 359 1070 386 illo
1086 361 1210 394 praeviaiu
1224 361 1282 387 ovis
1297 359 1405 395 figuram
1419 359 1507 388 servat
1523 370 1529 388 :
1548 369 1673 389 ascensus
1687 368 1775 390 autent
1788 365 1815 391 in

1022 395 1103 432 altum
1120 395 1177 422 sine
1190 395 1363 432 depressione
1382 396 1413 422 ad
1429 397 1479 422 iuta
1496 397 1566 424 btedi
1581 405 1701 432 gressum
1717 398 1750 425 ad
1765 406 1813 426 ex-

1023 431 1092 466 celsa
1108 435 1258 458 conservat.
1274 430 1367 464 Cuprae
1388 439 1502 466 namque
1517 432 1550 459 ad
1565 430 1669 460 eicelsa
1689 438 1717 459 ct
1731 435 1813 460 ardrra

1023 465 1079 492 loca
1093 467 1191 493 saliunt
1204 471 1231 493 ct
1243 466 1400 492 ascendunt.
1415 467 1533 494 Sublime
1547 473 1635 495 autem
1651 474 1677 495 et
1694 468 1811 496 homini-

1024 501 1194 538 lrusgaccessu
1208 501 1317 538 difﬁcile
1336 502 1431 528 ca-lurn
1453 507 1520 534 erat,
1542 510 1575 529 ex
1598 512 1647 537 qua
1663 504 1706 530 die
1725 505 1814 538 lapsus

1022 541 1064 563 est
1078 536 1159 563 Iromo
1172 544 1185 563 a
1201 537 1290 564 divino
1305 541 1448 571 pnecepto,
1464 538 1536 564 carni
1552 539 1671 566 serviens
1685 544 1711 566 et
1721 547 1736 566 a
1749 536 1814 567 san~

1022 577 1066 598 cto
1086 572 1185 606 Spiritu
1202 577 1350 606 separatus.
1368 572 1496 599 Ascendit
1515 577 1603 600 autem
1617 579 1644 600 et
1662 579 1687 601 te
1706 584 1813 604 sursum

1022 607 1130 634 adducit
1142 607 1232 635 divina
1249 609 1354 634 victima
1371 615 1418 641 pro
1430 611 1455 635 te
1469 608 1615 635 immolata.
1627 609 1726 636 Tecuru
1741 612 1812 638 enim

1023 642 1067 681 ille
1082 647 1205 681 mortuus
1215 648 1265 674 est,
1279 648 1306 681 ut
1322 649 1348 669 ιιι
1363 643 1436 681 vivas
1448 643 1541 681 inillo.
1556 644 1668 679 Sanguis
1679 653 1741 672 vero
1752 649 1814 681 agni

1022 677 1146 714 salutaris
1160 678 1205 704 tibi
1216 683 1267 710 est,
1283 678 1304 705 si
1321 678 1434 714 accedas
1449 678 1481 704 ad
1495 677 1566 705 hunc
1576 677 1731 714 sanguinem
1749 677 1815 708 Ιίἇμ-

1023 711 1093 751 liter,
1113 713 1134 738 si
1156 720 1250 739 sensus
1265 717 1292 740 et
1305 713 1479 747 cogitationes
1493 719 1562 751 tuas,
1582 711 1637 748 per'
1645 723 1711 749 quas
1727 717 1815 751 ingrt-

1021 746 1093 773 dittir
1109 755 1273 786 inors_cum_
1291 746 1412 786 peccato,
1433 756 1481 783 per
1502 746 1669 786 Iidem—quasi
1685 746 1814 786 sanguine

1023 782 1150 819 uniteris,
1174 783 1243 810 sicut
1265 783 1347 810 Israel
1371 782 1457 811 aditus
1482 782 1611 818 sanguiné
1635 782 1758 819 utigebal.
1782 787 1812 815 Si

1021 817 1138 857 enim_iu
1161 822 1186 845 te
1209 825 1256 852 per
1278 819 1370 857 oculos
1392 826 1444 845 non
1461 817 1578 857 ingressa
1592 817 1819 857 fuerit'coneupi-A

1022 853 1133 891 scentia,
1151 860 1200 880 nec
1216 861 1262 887 per
1277 853 1407 891 auditum,
1426 862 1472 887 per
1482 854 1618 891 olfactum,
1636 863 1684 889 per
1694 853 1810 891 gustum,

1022 887 1067 924 vel
1076 895 1122 924 per
1134 891 1244 920 tactum,
1261 889 1300 915 vel
1316 889 1402 916 adhuc
1417 896 1464 923 per
1475 887 1660 924 cogitationes,
1675 887 1746 919 niors
1760 887 1813 920 non

1022 922 1069 948 tibi
1081 923 1250 955 dominatur;
1270 924 1317 950 sed
1333 925 1358 950 in
1372 931 1484 958 corpore
1499 922 1732 953 mortificationem
1747 927 1813 956 Jcsu

1022 958 1122 994 ferens,
1139 959 1217 985 vitam
1234 958 1343 986 habebis
1356 960 1382 986 in
1394 966 1507 994 corpore
1522 965 1566 987 tuo
1581 962 1763 994 conspicuam,
1785 969 1814 991 et

1022 992 1060 1030 sic
1074 994 1245 1030 pertransibit
1259 1001 1330 1021 rnors
1342 1002 1389 1029 per
1401 992 1514 1029 primum
1530 992 1666 1030 par-eriterit
1682 992 1812 1026 Adamurn

1023 1027 1103 1066 illata,
1121 1033 1149 1055 ut
1163 1027 1451 1066 chrmornmidor‘nos
1469 1027 1641 1066 supergressa
1656 1036 1697 1058 est
1711 1033 1813 1066 primo-

1021 1064 1170 1097 genitorum
1190 1065 1330 1098 pernicies.
1347 1064 1408 1092 Ideo
1429 1065 1507 1099 hujus
1521 1065 1580 1092 festi
1598 1074 1693 1093 nomen
1710 1064 1811 1096 I’ascba

1022 1103 1063 1139 est
1078 1099 1229 1139 significatis
1242 1100 1383 1139 transitum
1398 1108 1404 1126 :
1419 1099 1604 1139 lututaculatus
1620 1101 1664 1127 tibi
1680 1107 1716 1139 es}
1732 1111 1812 1139 agnus

1023 1133 1119 1168 (Exod.
1134 1135 1177 1161 12.
1191 1135 1230 1173 5),
1242 1135 1428 1173 immaculatus
1441 1136 1511 1173 enim
1526 1140 1568 1163 est
1585 1135 1673 1173 Jcsus.
1692 1138 1742 1170 Qui
1748 1133 1813 1173 "pec-

1021 1173 1116 1204 cntum)
1127 1177 1176 1196 non
1200 1171 1271 1204 fecit,
1292 1170 1376 1204 inquit
1386 1190 1393 1202 ,
1412 1178 1456 1197 nec
1469 1171 1581 1198 inuentus
1593 1177 1629 1198 est
1643 1172 1716 1199 dolus
1728 1170 1759 1200 iu'
1770 1183 1814 1201 ore

1021 1203 1170 1242 ejus_(_lsai.
1186 1205 1229 1232 53.
1246 1206 1262 1232 9
1273 1206 1292 1239 ).
1309 1203 1440 1242 lierfeclus
1455 1207 1589 1242 umscttlus.
1604 1206 1669 1234 Nam
1685 1210 1812 1242 perfectio

1019 1238 1129 1272 justit'ia:
1150 1246 1191 1266 est
1218 1241 1287 1274 apud
1308 1238 1393 1268 solum
1415 1248 1507 1268 verum
1531 1241 1640 1274 Regem.
1666 1238 1812 1271 Anniculus

1022 1268 1105 1311 agnus
1118 1280 1159 1302 cst
1175 1268 1267 1302 aeterni
1281 1275 1380 1302 Christi
1397 1276 1491 1310 ligura.
1507 1268 1811 1311 Syniliolumreiiiiiisat;

1021 1309 1073 1336 culi
1087 1315 1129 1350 est
1142 1318 1246 1344 annus,
1264 1312 1310 1345 qui
1330 1318 1400 1346 smpe
1418 1309 1446 1338 in
1461 1309 1656 1350 _0ntiii_s:cculo
1670 1313 1739 1341 idem
1756 1315 1812 1350 ipse

1022 1345 1180 1382 revolvitur,
1194 1351 1220 1373 et
1234 1354 1327 1373 omnes
1342 1345 1533 1374 conversiones
1549 1346 1573 1374 in
1589 1355 1619 1374 se
1634 1348 1729 1382 habet,
1746 1345 1810 1378 nini

1022 1379 1137 1406 hominis
1150 1381 1233 1415 figura
1243 1402 1251 1414 ,
1267 1382 1291 1408 iii
1305 1390 1359 1416 quo
1373 1387 1489 1409 vetustas
1509 1382 1630 1410 humana:
1652 1379 1750 1411 nostra:
1765 1395 1812 1412 tra-

1023 1419 1088 1441 tura:
1109 1416 1137 1456 in
1157 1417 1302 1456 novitatem
1320 1421 1418 1456 mutata
1432 1421 1474 1456 est
1487 1425 1494 1444 :
1508 1424 1569 1456 nam
1584 1417 1697 1456 Induile,
1716 1421 1810 1456 inquit,

1021 1458 1112 1476 novum
1127 1451 1252 1487 [munirent
1265 1450 1374 1487 (Ephes.
1389 1452 1416 1479 4.
1431 1452 1489 1487 24).
1504 1453 1569 1487 Agni
1586 1450 1812 1484 innnaeulata'na;

1022 1489 1079 1511 tura
1104 1486 1318 1524 etperl'ectione
1348 1486 1476 1520 indutus,
1498 1486 1581 1522 agnus
1615 1489 1660 1516 Dei
1687 1493 1758 1524 eris;
1785 1497 1813 1520 et.

1022 1527 1081 1547 cum
1109 1522 1379 1560 exhibueriscorpns
1409 1527 1482 1549 tuum
1513 1524 1625 1560 hostiam
1653 1522 1808 1560 viventem,

1023 1560 1152 1588 sanetam,
1174 1557 1229 1584 Deo
1252 1558 1410 1591 placentem,
1426 1558 1571 1585 secundum
1588 1559 1758 1593 Apostolum,
1776 1557 1811 1590 ad

1021 1596 1147 1628 meritam
1163 1593 1243 1618 vitam
1255 1592 1442 1620 transmitteris
1456 1592 1543 1627 (Rom:
1561 1593 1604 1620 12.
1621 1596 1658 1628 1).

1056 1626 1083 1653 2.
1098 1626 1188 1666 Yiden‘
1200 1628 1300 1666 Pascha
1314 1634 1385 1666 tuum
1399 1626 1718 1666 nullornoduconiparari
1732 1639 1811 1666 posse

1020 1668 1081 1688 cum
1095 1661 1223 1696 Judaico,
1238 1662 1285 1690 sed
1302 1664 1468 1690 umbratilem
1483 1671 1544 1690 cum
1559 1663 1604 1690 illo
1617 1661 1717 1692 tantum
1732 1661 1807 1695 simi-

1022 1696 1158 1738 litud‘i‘nem
1176 1698 1294 1738 habere?
1317 1697 1521 1738 Infattshquippe
1534 1704 1575 1726 est
1597 1698 1678 1727 Israel
1700 1701 1726 1728 in
1749 1705 1811 1738 agni

1020 1732 1161 1770 sacrificio,
1173 1733 1234 1759 dum
1247 1739 1321 1768 putat
1332 1734 1397 1770 illud
1410 1732 1462 1770 Deo
1471 1732 1535 1761 esse
1548 1742 1629 1770 κωκυ,
1643 1740 1671 1761 et
1686 1744 1732 1770 per
1743 1732 1810 1766 illud

1021 1774 1051 1793 se
1065 1767 1178 1805 salutem
1193 1767 1342 1805 consequi,
1357 1769 1418 1795 dum
1435 1768 1498 1805 illud
1515 1777 1566 1796 non
1584 1769 1660 1796 habet
1676 1767 1751 1805 quasi
1777 1774 1792 1800 ti
1803 1790 1810 1794 -

1020 1809 1112 1839 gerant
1129 1803 1240 1837 hostiae,
1257 1803 1316 1839 qua:
1332 1812 1396 1831 vere
1410 1804 1523 1831 salutent
1546 1805 1625 1839 parit.
1642 1803 1730 1837 Quare
1744 1808 1809 1836 dicit

1021 1837 1075 1874 illis
1095 1837 1168 1874 Deus,
1179 1846 1226 1873 per
1240 1837 1383 1866 Jer'emiarn
1400 1849 1406 1865 :
1424 1839 1486 1865 Non
1502 1837 1610 1874 praEcepi
1631 1841 1699 1868 vobis
1722 1843 1754 1870 de
1766 1852 1810 1870 sa-

1019 1873 1131 1915 criﬁciis.
1147 1873 1179 1914 Et
1192 1882 1242 1900 non
1253 1880 1288 1902 est
1299 1875 1367 1910 apud
1375 1875 1460 1915 peum
1471 1873 1629 1901 mendacium
1638 1875 1703 1915 (Jer.
1714 1878 1739 1906 7.
1750 1879 1808 1915 22);

1020 1907 1056 1945 ita
1071 1913 1098 1945 ut
1109 1929 1117 1940 ,
1138 1909 1161 1935 si
1177 1907 1349 1945 praeceperit,
1365 1910 1437 1937 dicat
1447 1917 1477 1937 se
1494 1918 1548 1936 non
1563 1907 1731 1945 praecepisse.
1753 1907 1807 1941 Sed

1019 1943 1058 1979 rei
1075 1943 1359 1979 virtusiruauifestatur
1370 1965 1378 1977 ,
1395 1948 1455 1979 quia
1471 1943 1627 1979 prophetico
1643 1943 1717 1974 more
1730 1950 1810 1976 sacri-

1019 1977 1108 2014 ficium
1130 1978 1308 2012 oﬂ‘erebatur,
1326 1985 1354 2007 ut
1374 1977 1591 2014 prmsigiriliearet
1610 1980 1707 2008 Christi
1724 1986 1808 2011 sacri-

1019 2011 1119 2053 ﬁcium.
1135 2015 1247 2053 Ac-curn
1267 2011 1337 2053 Deus
1350 2011 1446 2053 agnum
1453 2011 1602 2053 iitumolare
1616 2018 1786 2051 przrcipiclrat
1797 2041 1806 2053 ,

1018 2046 1152 2088 Christum
1178 2049 1310 2088 iudicabat
1325 2046 1531 2088 inuiiolandunt,
1546 2046 1623 2088 atque
1646 2046 1734 2079 omnia
1748 2046 1808 2088 qua;

1018 2083 1052 2110 ad
1062 2085 1355 2122 agnumqpertinebant,
1371 2093 1402 2112 ea
1417 2093 1475 2120 qua:
1486 2085 1519 2122 ad
1533 2083 1668 2113 Christum
1684 2083 1808 2122 spectant,

1019 2119 1225 2158 prastigurabaut
1238 2129 1244 2147 :
1259 2128 1293 2158 ex
1313 2122 1409 2158 quibus
1422 2119 1474 2158 alia
1494 2120 1548 2155 jam
1564 2121 1670 2158 vidisti,
1685 2119 1736 2150 alia
1757 2132 1807 2158 pro

1018 2154 1086 2181 virili
1099 2155 1247 2182 considera.
1258 2156 1285 2182 lu
1298 2154 1409 2190 singulis
1421 2156 1592 2183 HebrnOrurn
1608 2157 1732 2185 dentibus
1746 2154 1806 2187 erat

1016 2196 1101 2224 agnus
1114 2198 1186 2227 unus
1201 2199 1231 2217 ex
1256 2199 1285 2218 se
1306 2191 1441 2226 perfectus
1452 2212 1459 2222 ,
1474 2195 1501 2227 et
1522 2192 1642 2218 carnium
1657 2193 1715 2227 ejus
1734 2196 1805 2222 trulla

1017 2233 1080 2259 pars
1093 2225 1253 2261 efferebatur
1267 2232 1341 2253 extra
1355 2227 1473 2258 dornutn,
1484 2225 1510 2252 in
1524 2234 1573 2261 qua
1586 2225 1736 2256 immolatus
1750 2229 1806 2258 fue-

1017 2265 1067 2286 rat.
1083 2260 1147 2287 Nam
1161 2262 1186 2287 in
1200 2263 1272 2288 omni
1288 2262 1408 2289 Ecclesia
1425 2282 1433 2295 ,
1448 2263 1474 2289 Ill
1489 2260 1561 2288 omni
1578 2263 1667 2290 anima
1680 2263 1804 2293 Christus

1017 2295 1114 2330 ubique
1127 2301 1184 2328 est,
1199 2302 1226 2323 et
1247 2304 1376 2332 nusquam
1393 2305 1454 2332 pars
1466 2298 1522 2332 ejus
1536 2302 1649 2325 tantum.
1664 2298 1752 2327 Multa:
1767 2301 1804 2328 ibi

1018 2338 1081 2367 oves
1094 2335 1121 2357 et
1136 2332 1197 2366 agni
1220 2337 1298 2359 erant
1317 2333 1342 2358 in
1365 2333 1475 2367 singulis
1497 2332 1619 2360 domibus
1632 2343 1638 2360 :
1653 2342 1720 2362 unus
1740 2343 1805 2364 vero

1015 2365 1176 2404 Christusin
1189 2369 1261 2395 ontni
1274 2368 1362 2394 anirua
1373 2388 1380 2399 ,
1394 2365 1421 2395 ei
1436 2369 1458 2395 is
1474 2369 1530 2402 ipse
1545 2374 1596 2396 est.
1608 2370 1730 2404 Quinque
1741 2372 1802 2398 die-

1016 2401 1065 2440 bus
1079 2402 1158 2440 domi
1166 2404 1296 2440 retinetur
1308 2411 1411 2440 agnus,
1425 2411 1441 2430 a
1454 2401 1557 2440 decima
1572 2404 1604 2430 ad
1618 2401 1739 2440 quat-iam
1752 2407 1799 2433 de-

1014 2439 1127 2471 cimam;
1143 2438 1240 2465 deinde
1261 2439 1300 2465 sic
1314 2438 1466 2466 immolatur
1478 2439 1579 2466 decima
1595 2438 1688 2473 quarta
1706 2441 1749 2468 die
1769 2444 1803 2468 ad

1017 2481 1153 2510 vesperam
1165 2481 1180 2500 a
1190 2473 1342 2500 Judarorutu
1358 2481 1502 2509 synagoga.
1516 2474 1562 2501 His
1574 2475 1689 2510 quinque
1708 2476 1802 2503 diebus

1014 2509 1195 2544 significantur
1204 2510 1320 2544 quinque
1341 2511 1468 2543 temporis
1480 2511 1565 2544 spatia
1589 2511 1622 2537 ad
1635 2509 1738 2538 Adamo
1754 2519 1800 2538 us-

1013 2551 1065 2579 que
1078 2544 1112 2573 ud
1130 2545 1387 2571 cousunimationem
1401 2553 1408 2570 :
1425 2553 1504 2572 unum
1521 2553 1604 2579 usque
1619 2546 1652 2572 ad
1665 2546 1722 2573 Noe
1732 2566 1738 2577 ,
1762 2548 1802 2574 alo

1015 2586 1098 2617 terum
1114 2587 1128 2606 a
1141 2579 1198 2606 Noe
1213 2587 1296 2613 usque
1315 2579 1497 2617 ad_Abrahani
1508 2600 1515 2613 ,
1538 2580 1649 2617 tertium?
1665 2588 1747 2617 usque
1767 2583 1800 2610 ad

1013 2615 1130 2649 Moysem
1140 2636 1148 2648 ,
1165 2620 1287 2649 quartum
1302 2623 1316 2641 a
1334 2615 1425 2650 Moyse
1439 2623 1522 2650 usque
1533 2615 1567 2642 ad
1587 2615 1685 2643 Christi
1700 2615 1797 2645 adven-

1013 2651 1234 2687 turnpquintum
1261 2657 1380 2687 praesens
1403 2650 1437 2677 ab
1461 2651 1575 2678 adventu
1599 2651 1656 2687 ejus
1681 2656 1796 2687 tempus.

1013 2685 1167 2713 Immolatur
1187 2691 1276 2712 autem
1290 2686 1322 2711 ad
1338 2692 1477 2720 vesperam
1492 2695 1498 2712 :
1515 2687 1575 2721 quia
1601 2686 1626 2712 in
1643 2686 1695 2714 fine
1709 2685 1799 2714 saeculi

1011 2728 1071 2756 cum
1085 2721 1158 2747 omni
1173 2728 1305 2756 synagoga
1316 2727 1474 2756 quisensurn
1487 2721 1600 2755 praebuit
1615 2721 1694 2749 Israel
1709 2729 1802 2750 contra

1012 2755 1159 2783 Christum.
1175 2756 1217 2783 Ab
1229 2756 1305 2783 initio
1321 2755 1421 2784 Christi
1435 2756 1582 2784 immolatio
1606 2757 1802 2792 intelligebatur

1012 2799 1121 2828 semper
1127 2791 1160 2828 _in
1182 2792 1351 2828 passim-ibus
1363 2793 1496 2824 justorum
1511 2793 1545 2828 ab
1556 2792 1644 2819 Abele
1665 2791 1737 2828 justo
1750 2814 1757 2826 ,
1773 2799 1800 2821 et

1011 2827 1036 2854 in
1052 2826 1175 2854 omnibus
1186 2827 1309 2854 Christus
1322 2831 1380 2853 erat
1392 2827 1435 2861 qui
1447 2827 1595 2861 patiebatur
1607 2836 1614 2860 ;
1628 2826 1801 2861 consumma-

1011 2867 1065 2889 tum
1079 2866 1169 2889 autem
1181 2861 1207 2891 id
1222 2861 1285 2894 fuit,
1301 2862 1406 2896 quando
1426 2869 1543 2897 pnesens
1565 2862 1590 2889 in
1604 2863 1694 2898 seipse
1707 2872 1800 2899 passus

1588 2913 1625 2942 hii
