  <div class='ocr_page' id='page_1' title='image "/cluster/home/n/w/nwhite01/storage/ocr_20150623/59/njp.32101077772661/731.png"; bbox 0 0 2076 3118; ppageno 0'>
   <div class='ocr_carea' id='block_1_1' title="bbox 282 145 333 174">
    <p class='ocr_par' dir='ltr' id='par_1_1' title="bbox 282 145 333 174">
     <span class='ocr_line' id='line_1_1' title="bbox 282 145 333 174; baseline -0.039 -1"><span class='ocrx_word' id='word_1_1' title='bbox 282 145 333 174; x_wconf 75' lang='grc' dir='ltr'><strong>7Ξῖῖ;</strong></span> 
     </span>
    </p>
   </div>
   <div class='ocr_carea' id='block_1_2' title="bbox 283 198 1074 237">
    <p class='ocr_par' dir='ltr' id='par_1_2' title="bbox 283 198 1074 237">
     <span class='ocr_line' id='line_1_2' title="bbox 283 198 1074 237; baseline -0.004 -7"><span class='ocrx_word' id='word_1_2' title='bbox 283 209 324 231; x_wconf 74' lang='lat' dir='ltr'><strong>est</strong></span> <span class='ocrx_word' id='word_1_3' title='bbox 341 203 445 230; x_wconf 86' lang='lat' dir='ltr'><strong>divinus</strong></span> <span class='ocrx_word' id='word_1_4' title='bbox 460 209 554 237; x_wconf 68' lang='lat' dir='ltr'><strong>agnus.</strong></span> <span class='ocrx_word' id='word_1_5' title='bbox 570 201 709 235; x_wconf 74' lang='lat' dir='ltr'><strong>Etiamque</strong></span> <span class='ocrx_word' id='word_1_6' title='bbox 723 200 841 237; x_wconf 41' lang='lat' dir='ltr'><strong>ejusdem</strong></span> <span class='ocrx_word' id='word_1_7' title='bbox 857 199 957 237; x_wconf 78' lang='lat' dir='ltr'><strong>mensis</strong></span> <span class='ocrx_word' id='word_1_8' title='bbox 971 198 1074 227; x_wconf 77' lang='lat' dir='ltr'><strong>decima</strong></span> 
     </span>
    </p>
   </div>
   <div class='ocr_carea' id='block_1_3' title="bbox 284 235 1073 274">
    <p class='ocr_par' dir='ltr' id='par_1_3' title="bbox 284 235 1073 274">
     <span class='ocr_line' id='line_1_3' title="bbox 284 235 1073 274; baseline -0.008 -8"><span class='ocrx_word' id='word_1_9' title='bbox 284 244 375 274; x_wconf 85' lang='lat' dir='ltr'><strong>quat-ta</strong></span> <span class='ocrx_word' id='word_1_10' title='bbox 388 235 483 273; x_wconf 77' lang='lat' dir='ltr'><strong>passus</strong></span> <span class='ocrx_word' id='word_1_11' title='bbox 497 244 547 274; x_wconf 50' lang='lat' dir='ltr'><strong>est.</strong></span> <span class='ocrx_word' id='word_1_12' title='bbox 564 242 591 264; x_wconf 90' lang='lat' dir='ltr'><strong>et</strong></span> <span class='ocrx_word' id='word_1_13' title='bbox 609 236 718 274; x_wconf 73' lang='lat' dir='ltr'><strong>tradidit</strong></span> <span class='ocrx_word' id='word_1_14' title='bbox 738 235 859 274; x_wconf 73' lang='lat' dir='ltr'><strong>spiritum</strong></span> <span class='ocrx_word' id='word_1_15' title='bbox 873 235 905 260; x_wconf 76' lang='lat' dir='ltr'><strong>ad</strong></span> <span class='ocrx_word' id='word_1_16' title='bbox 925 241 1073 268; x_wconf 85' lang='lat' dir='ltr'><strong>vesperam.</strong></span> 
     </span>
    </p>
   </div>
   <div class='ocr_carea' id='block_1_4' title="bbox 287 270 1073 305">
    <p class='ocr_par' dir='ltr' id='par_1_4' title="bbox 287 270 1073 305">
     <span class='ocr_line' id='line_1_4' title="bbox 287 270 1073 305; baseline -0.008 -4"><span class='ocrx_word' id='word_1_17' title='bbox 287 270 323 301; x_wconf 62' lang='lat' dir='ltr'><strong>ite</strong></span> <span class='ocrx_word' id='word_1_18' title='bbox 347 270 494 302; x_wconf 72' lang='lat' dir='ltr'><strong>secundum</strong></span> <span class='ocrx_word' id='word_1_19' title='bbox 519 272 587 299; x_wconf 87' lang='lat' dir='ltr'><strong>hanc</strong></span> <span class='ocrx_word' id='word_1_20' title='bbox 607 272 718 305; x_wconf 70' lang='lat' dir='ltr'><strong>figurauit</strong></span> <span class='ocrx_word' id='word_1_21' title='bbox 743 270 901 304; x_wconf 86' lang='lat' dir='ltr'><strong>dispositum</strong></span> <span class='ocrx_word' id='word_1_22' title='bbox 924 274 980 296; x_wconf 83' lang='lat' dir='ltr'><strong>erat</strong></span> <span class='ocrx_word' id='word_1_23' title='bbox 994 289 1001 300; x_wconf 82' lang='lat'><strong>.</strong></span> <span class='ocrx_word' id='word_1_24' title='bbox 1018 274 1073 296; x_wconf 89' lang='lat' dir='ltr'><strong>uta</strong></span> 
     </span>
    </p>
   </div>
   <div class='ocr_carea' id='block_1_5' title="bbox 283 306 1076 342">
    <p class='ocr_par' dir='ltr' id='par_1_5' title="bbox 283 306 1076 342">
     <span class='ocr_line' id='line_1_5' title="bbox 283 306 1076 342; baseline -0.008 -6"><span class='ocrx_word' id='word_1_25' title='bbox 283 310 385 337; x_wconf 82' lang='lat' dir='ltr'><strong>decima</strong></span> <span class='ocrx_word' id='word_1_26' title='bbox 400 309 443 335; x_wconf 88' lang='lat' dir='ltr'><strong>die</strong></span> <span class='ocrx_word' id='word_1_27' title='bbox 454 315 537 342; x_wconf 77' lang='lat' dir='ltr'><strong>agnus</strong></span> <span class='ocrx_word' id='word_1_28' title='bbox 548 307 580 334; x_wconf 86' lang='lat' dir='ltr'><strong>ad</strong></span> <span class='ocrx_word' id='word_1_29' title='bbox 595 306 755 334; x_wconf 84' lang='lat' dir='ltr'><strong>sacriﬁcium</strong></span> <span class='ocrx_word' id='word_1_30' title='bbox 768 311 950 342; x_wconf 76' lang='lat' dir='ltr'><strong>assumeretur</strong></span> <span class='ocrx_word' id='word_1_31' title='bbox 963 325 969 335; x_wconf 87' lang='lat'><em>,</em></span> <span class='ocrx_word' id='word_1_32' title='bbox 985 306 1076 342; x_wconf 73' lang='lat' dir='ltr'><strong>etim-</strong></span> 
     </span>
    </p>
   </div>
   <div class='ocr_carea' id='block_1_6' title="bbox 283 340 1072 376">
    <p class='ocr_par' dir='ltr' id='par_1_6' title="bbox 283 340 1072 376">
     <span class='ocr_line' id='line_1_6' title="bbox 283 340 1072 376; baseline -0.005 -6"><span class='ocrx_word' id='word_1_33' title='bbox 283 345 427 370; x_wconf 72' lang='lat' dir='ltr'><strong>mnlari-tur</strong></span> <span class='ocrx_word' id='word_1_34' title='bbox 448 340 551 370; x_wconf 82' lang='lat' dir='ltr'><strong>(leeirna</strong></span> <span class='ocrx_word' id='word_1_35' title='bbox 567 347 660 376; x_wconf 85' lang='lat' dir='ltr'><strong>quarta</strong></span> <span class='ocrx_word' id='word_1_36' title='bbox 681 341 724 369; x_wconf 90' lang='lat' dir='ltr'><strong>die</strong></span> <span class='ocrx_word' id='word_1_37' title='bbox 745 341 777 367; x_wconf 87' lang='lat' dir='ltr'><strong>ad</strong></span> <span class='ocrx_word' id='word_1_38' title='bbox 793 348 951 374; x_wconf 77' lang='lat' dir='ltr'><strong>vesperam;</strong></span> <span class='ocrx_word' id='word_1_39' title='bbox 977 340 1037 376; x_wconf 75' lang='lat' dir='ltr'><strong>quia</strong></span> <span class='ocrx_word' id='word_1_40' title='bbox 1058 347 1072 366; x_wconf 85' lang='lat' dir='ltr'><strong>a</strong></span> 
     </span>
    </p>
   </div>
   <div class='ocr_carea' id='block_1_7' title="bbox 283 374 1072 414">
    <p class='ocr_par' dir='ltr' id='par_1_7' title="bbox 283 374 1072 414">
     <span class='ocr_line' id='line_1_7' title="bbox 283 374 1072 414; baseline -0.006 -9"><span class='ocrx_word' id='word_1_41' title='bbox 283 379 411 414; x_wconf 78' lang='lat' dir='ltr'><strong>principio</strong></span> <span class='ocrx_word' id='word_1_42' title='bbox 426 379 556 414; x_wconf 62' lang='lat' dir='ltr'><strong>passionis</strong></span> <span class='ocrx_word' id='word_1_43' title='bbox 568 374 709 404; x_wconf 77' lang='lat' dir='ltr'><strong>consilium</strong></span> <span class='ocrx_word' id='word_1_44' title='bbox 721 382 848 414; x_wconf 81' lang='lat' dir='ltr'><strong>statutum</strong></span> <span class='ocrx_word' id='word_1_45' title='bbox 861 377 945 414; x_wconf 80' lang='lat' dir='ltr'><strong>fuerat</strong></span> <span class='ocrx_word' id='word_1_46' title='bbox 955 395 962 408; x_wconf 80' lang='lat'>,</span> <span class='ocrx_word' id='word_1_47' title='bbox 979 375 1005 401; x_wconf 92' lang='lat' dir='ltr'><strong>in</strong></span> <span class='ocrx_word' id='word_1_48' title='bbox 1021 374 1072 401; x_wconf 83' lang='lat' dir='ltr'><strong>[lue</strong></span> 
     </span>
    </p>
   </div>
   <div class='ocr_carea' id='block_1_8' title="bbox 283 412 1072 448">
    <p class='ocr_par' dir='ltr' id='par_1_8' title="bbox 283 412 1072 448">
     <span class='ocr_line' id='line_1_8' title="bbox 283 412 1072 448; baseline -0.003 -9"><span class='ocrx_word' id='word_1_49' title='bbox 283 412 343 441; x_wconf 67' lang='lat' dir='ltr'><strong>iero</strong></span> <span class='ocrx_word' id='word_1_50' title='bbox 359 415 414 448; x_wconf 84' lang='lat' dir='ltr'><strong>ipsa</strong></span> <span class='ocrx_word' id='word_1_51' title='bbox 431 414 518 448; x_wconf 78' lang='lat' dir='ltr'><strong>passio</strong></span> <span class='ocrx_word' id='word_1_52' title='bbox 535 413 592 439; x_wconf 89' lang='lat' dir='ltr'><strong>fuit.</strong></span> <span class='ocrx_word' id='word_1_53' title='bbox 611 413 712 440; x_wconf 86' lang='lat' dir='ltr'><strong>Deinde</strong></span> <span class='ocrx_word' id='word_1_54' title='bbox 728 412 792 438; x_wconf 89' lang='lat' dir='ltr'><strong>tnibi</strong></span> <span class='ocrx_word' id='word_1_55' title='bbox 808 412 948 438; x_wconf 85' lang='lat' dir='ltr'><strong>considera</strong></span> <span class='ocrx_word' id='word_1_56' title='bbox 972 417 1072 444; x_wconf 69' lang='lat' dir='ltr'><strong>praece-</strong></span> 
     </span>
    </p>
   </div>
   <div class='ocr_carea' id='block_1_9' title="bbox 282 449 1073 483">
    <p class='ocr_par' dir='ltr' id='par_1_9' title="bbox 282 449 1073 483">
     <span class='ocr_line' id='line_1_9' title="bbox 282 449 1073 483; baseline -0.005 -8"><span class='ocrx_word' id='word_1_57' title='bbox 282 456 354 483; x_wconf 86' lang='lat' dir='ltr'><strong>pttnn</strong></span> <span class='ocrx_word' id='word_1_58' title='bbox 378 449 423 476; x_wconf 85' lang='lat' dir='ltr'><strong>Dei</strong></span> <span class='ocrx_word' id='word_1_59' title='bbox 437 449 506 476; x_wconf 91' lang='lat' dir='ltr'><strong>circa</strong></span> <span class='ocrx_word' id='word_1_60' title='bbox 520 449 580 483; x_wconf 72' lang='lat' dir='ltr'><strong>agni</strong></span> <span class='ocrx_word' id='word_1_61' title='bbox 604 453 795 475; x_wconf 85' lang='lat' dir='ltr'><strong>eoruesttoneur</strong></span> <span class='ocrx_word' id='word_1_62' title='bbox 810 468 816 480; x_wconf 87' lang='lat'><strong><em>,</em></strong></span> <span class='ocrx_word' id='word_1_63' title='bbox 834 455 912 482; x_wconf 84' lang='lat' dir='ltr'><strong>quam</strong></span> <span class='ocrx_word' id='word_1_64' title='bbox 929 453 1028 483; x_wconf 76' lang='lat' dir='ltr'><strong>norunt</strong></span> <span class='ocrx_word' id='word_1_65' title='bbox 1046 450 1073 471; x_wconf 84' lang='lat' dir='ltr'><strong>et</strong></span> 
     </span>
    </p>
   </div>
   <div class='ocr_carea' id='block_1_10' title="bbox 281 481 1070 519">
    <p class='ocr_par' dir='ltr' id='par_1_10' title="bbox 281 481 1070 519">
     <span class='ocr_line' id='line_1_10' title="bbox 281 481 1070 519; baseline -0.008 -8"><span class='ocrx_word' id='word_1_66' title='bbox 281 481 442 519; x_wconf 72' lang='lat' dir='ltr'><strong>stupendum</strong></span> <span class='ocrx_word' id='word_1_67' title='bbox 458 485 493 511; x_wconf 91' lang='lat' dir='ltr'><strong>sit</strong></span> <span class='ocrx_word' id='word_1_68' title='bbox 514 493 520 510; x_wconf 83' lang='lat'><strong>:</strong></span> <span class='ocrx_word' id='word_1_69' title='bbox 539 481 603 510; x_wconf 72' lang='lat' dir='ltr'><strong>Non</strong></span> <span class='ocrx_word' id='word_1_70' title='bbox 624 483 750 510; x_wconf 86' lang='lat' dir='ltr'><strong>comedes</strong></span> <span class='ocrx_word' id='word_1_71' title='bbox 773 483 950 519; x_wconf 68' lang='lat' dir='ltr'><strong>agni_c:_r_rues</strong></span> <span class='ocrx_word' id='word_1_72' title='bbox 965 481 1070 519; x_wconf 65' lang='lat' dir='ltr'><strong>credas.</strong></span> 
     </span>
    </p>
   </div>
   <div class='ocr_carea' id='block_1_11' title="bbox 283 515 1071 553">
    <p class='ocr_par' dir='ltr' id='par_1_11' title="bbox 283 515 1071 553">
     <span class='ocr_line' id='line_1_11' title="bbox 283 515 1071 553; baseline -0.006 -7"><span class='ocrx_word' id='word_1_73' title='bbox 283 515 347 553; x_wconf 77' lang='lat' dir='ltr'><strong>Quis</strong></span> <span class='ocrx_word' id='word_1_74' title='bbox 362 521 432 547; x_wconf 88' lang='lat' dir='ltr'><strong>ettitn</strong></span> <span class='ocrx_word' id='word_1_75' title='bbox 459 527 566 546; x_wconf 87' lang='lat' dir='ltr'><strong>carnem</strong></span> <span class='ocrx_word' id='word_1_76' title='bbox 583 519 691 546; x_wconf 90' lang='lat' dir='ltr'><strong>crtulam</strong></span> <span class='ocrx_word' id='word_1_77' title='bbox 708 517 850 544; x_wconf 75' lang='lat' dir='ltr'><strong>comedat?</strong></span> <span class='ocrx_word' id='word_1_78' title='bbox 873 517 953 546; x_wconf 80' lang='lat' dir='ltr'><strong>Esto,</strong></span> <span class='ocrx_word' id='word_1_79' title='bbox 971 515 1071 542; x_wconf 80' lang='lat' dir='ltr'><strong>dictum</strong></span> 
     </span>
    </p>
   </div>
   <div class='ocr_carea' id='block_1_12' title="bbox 282 554 1070 587">
    <p class='ocr_par' dir='ltr' id='par_1_12' title="bbox 282 554 1070 587">
     <span class='ocr_line' id='line_1_12' title="bbox 282 554 1070 587; baseline -0.005 -6"><span class='ocrx_word' id='word_1_80' title='bbox 282 557 314 582; x_wconf 61' lang='lat' dir='ltr'><strong>sit</strong></span> <span class='ocrx_word' id='word_1_81' title='bbox 326 576 334 587; x_wconf 84' lang='grc'>,</span> <span class='ocrx_word' id='word_1_82' title='bbox 359 562 410 581; x_wconf 90' lang='lat' dir='ltr'><strong>non</strong></span> <span class='ocrx_word' id='word_1_83' title='bbox 425 562 531 587; x_wconf 83' lang='lat' dir='ltr'><strong>assam,</strong></span> <span class='ocrx_word' id='word_1_84' title='bbox 553 562 586 582; x_wconf 90' lang='lat' dir='ltr'><strong>uc</strong></span> <span class='ocrx_word' id='word_1_85' title='bbox 599 562 687 581; x_wconf 85' lang='lat' dir='ltr'><strong>moras</strong></span> <span class='ocrx_word' id='word_1_86' title='bbox 708 554 862 580; x_wconf 86' lang='lat' dir='ltr'><strong>traherent:</strong></span> <span class='ocrx_word' id='word_1_87' title='bbox 880 559 939 578; x_wconf 91' lang='lat' dir='ltr'><strong>nam</strong></span> <span class='ocrx_word' id='word_1_88' title='bbox 965 555 1070 587; x_wconf 84' lang='lat' dir='ltr'><strong>tempus</strong></span> 
     </span>
    </p>
   </div>
   <div class='ocr_carea' id='block_1_13' title="bbox 283 586 1073 624">
    <p class='ocr_par' dir='ltr' id='par_1_13' title="bbox 283 586 1073 624">
     <span class='ocr_line' id='line_1_13' title="bbox 283 586 1073 624; baseline -0.006 -8"><span class='ocrx_word' id='word_1_89' title='bbox 283 591 408 623; x_wconf 76' lang='lat' dir='ltr'><strong>urgebat;</strong></span> <span class='ocrx_word' id='word_1_90' title='bbox 434 590 496 624; x_wconf 88' lang='lat' dir='ltr'><strong>quid</strong></span> <span class='ocrx_word' id='word_1_91' title='bbox 510 594 551 616; x_wconf 88' lang='lat' dir='ltr'><strong>est</strong></span> <span class='ocrx_word' id='word_1_92' title='bbox 565 595 654 616; x_wconf 89' lang='lat' dir='ltr'><strong>autem</strong></span> <span class='ocrx_word' id='word_1_93' title='bbox 668 589 730 616; x_wconf 90' lang='lat' dir='ltr'><strong>illud</strong></span> <span class='ocrx_word' id='word_1_94' title='bbox 742 596 817 624; x_wconf 17' lang='lat' dir='ltr'><strong>,rnon</strong></span> <span class='ocrx_word' id='word_1_95' title='bbox 831 587 943 624; x_wconf 85' lang='lat' dir='ltr'><strong>crudum</strong></span> <span class='ocrx_word' id='word_1_96' title='bbox 953 608 960 617; x_wconf 78' lang='lat'><strong>,</strong></span> <span class='ocrx_word' id='word_1_97' title='bbox 973 586 1019 612; x_wconf 84' lang='lat' dir='ltr'><strong>sed</strong></span> <span class='ocrx_word' id='word_1_98' title='bbox 1035 595 1073 624; x_wconf 59' lang='lat' dir='ltr'><strong>ro-</strong></span> 
     </span>
    </p>
   </div>
   <div class='ocr_carea' id='block_1_14' title="bbox 280 622 1071 660">
    <p class='ocr_par' dir='ltr' id='par_1_14' title="bbox 280 622 1071 660">
     <span class='ocr_line' id='line_1_14' title="bbox 280 622 1071 660; baseline -0.005 -9"><span class='ocrx_word' id='word_1_99' title='bbox 280 631 347 652; x_wconf 76' lang='lat' dir='ltr'><strong>rlum</strong></span> <span class='ocrx_word' id='word_1_100' title='bbox 368 622 543 660; x_wconf 56' lang='lat' dir='ltr'><strong>igrriTNcmo</strong></span> <span class='ocrx_word' id='word_1_101' title='bbox 558 625 628 651; x_wconf 88' lang='lat' dir='ltr'><strong>enim</strong></span> <span class='ocrx_word' id='word_1_102' title='bbox 644 629 715 650; x_wconf 86' lang='lat' dir='ltr'><strong>velat</strong></span> <span class='ocrx_word' id='word_1_103' title='bbox 738 623 762 650; x_wconf 91' lang='lat' dir='ltr'><strong>id</strong></span> <span class='ocrx_word' id='word_1_104' title='bbox 784 622 1071 660; x_wconf 16' lang='lat' dir='ltr'><strong>quodnurunqnamdil.</strong></span> 
     </span>
    </p>
   </div>
   <div class='ocr_carea' id='block_1_15' title="bbox 283 657 1072 695">
    <p class='ocr_par' dir='ltr' id='par_1_15' title="bbox 283 657 1072 695">
     <span class='ocr_line' id='line_1_15' title="bbox 283 657 1072 695; baseline -0.005 -9"><span class='ocrx_word' id='word_1_105' title='bbox 283 664 300 686; x_wconf 60' lang='lat' dir='ltr'><strong>ri</strong></span> <span class='ocrx_word' id='word_1_106' title='bbox 313 662 333 686; x_wconf 72' lang='lat' dir='ltr'><strong>’ll</strong></span> <span class='ocrx_word' id='word_1_107' title='bbox 345 681 352 691; x_wconf 83' lang='lat'><strong><em>,</em></strong></span> <span class='ocrx_word' id='word_1_108' title='bbox 370 657 395 687; x_wconf 81' lang='lat' dir='ltr'><strong>nt</strong></span> <span class='ocrx_word' id='word_1_109' title='bbox 408 661 461 686; x_wconf 76' lang='lat' dir='ltr'><strong>dixi</strong></span> <span class='ocrx_word' id='word_1_110' title='bbox 472 681 478 692; x_wconf 78' lang='lat'><strong>,</strong></span> <span class='ocrx_word' id='word_1_111' title='bbox 493 668 540 695; x_wconf 84' lang='lat' dir='ltr'><strong>per</strong></span> <span class='ocrx_word' id='word_1_112' title='bbox 556 661 652 693; x_wconf 73' lang='lat' dir='ltr'><strong>ligni-as</strong></span> <span class='ocrx_word' id='word_1_113' title='bbox 664 667 706 686; x_wconf 75' lang='lat' dir='ltr'><strong>res</strong></span> <span class='ocrx_word' id='word_1_114' title='bbox 720 659 790 695; x_wconf 58' lang='lat' dir='ltr'><strong>ipsar</strong></span> <span class='ocrx_word' id='word_1_115' title='bbox 804 658 997 695; x_wconf 72' lang='lat' dir='ltr'><strong>signilicautur.</strong></span> <span class='ocrx_word' id='word_1_116' title='bbox 1009 657 1072 695; x_wconf 56' lang='lat' dir='ltr'><strong>pru-</strong></span> 
     </span>
    </p>
   </div>
   <div class='ocr_carea' id='block_1_16' title="bbox 282 691 1070 730">
    <p class='ocr_par' dir='ltr' id='par_1_16' title="bbox 282 691 1070 730">
     <span class='ocr_line' id='line_1_16' title="bbox 282 691 1070 730; baseline -0.006 -8"><span class='ocrx_word' id='word_1_117' title='bbox 282 697 341 722; x_wconf 82' lang='lat' dir='ltr'><strong>rla.u</strong></span> <span class='ocrx_word' id='word_1_118' title='bbox 359 691 586 730; x_wconf 58' lang='lat' dir='ltr'><strong>prol&#39;ertsa&#39;netaul</strong></span> <span class='ocrx_word' id='word_1_119' title='bbox 599 703 687 722; x_wconf 83' lang='lat' dir='ltr'><strong>eseam</strong></span> <span class='ocrx_word' id='word_1_120' title='bbox 702 694 746 729; x_wconf 93' lang='lat' dir='ltr'><strong>qui</strong></span> <span class='ocrx_word' id='word_1_121' title='bbox 760 691 838 721; x_wconf 80' lang='lat' dir='ltr'><strong>fidem</strong></span> <span class='ocrx_word' id='word_1_122' title='bbox 848 693 963 730; x_wconf 77' lang='lat' dir='ltr'><strong>otiosam</strong></span> <span class='ocrx_word' id='word_1_123' title='bbox 973 691 1070 730; x_wconf 68' lang='lat' dir='ltr'><strong>habet;</strong></span> 
     </span>
    </p>
   </div>
   <div class='ocr_carea' id='block_1_17' title="bbox 283 727 1071 763">
    <p class='ocr_par' dir='ltr' id='par_1_17' title="bbox 283 727 1071 763">
     <span class='ocr_line' id='line_1_17' title="bbox 283 727 1071 763; baseline -0.004 -6"><span class='ocrx_word' id='word_1_124' title='bbox 283 727 369 757; x_wconf 67' lang='lat' dir='ltr'><strong>a~saui</strong></span> <span class='ocrx_word' id='word_1_125' title='bbox 396 731 589 762; x_wconf 78' lang='lat' dir='ltr'><strong>voluptuosus.</strong></span> <span class='ocrx_word' id='word_1_126' title='bbox 615 731 658 763; x_wconf 88' lang='lat' dir='ltr'><strong>qui</strong></span> <span class='ocrx_word' id='word_1_127' title='bbox 685 727 718 756; x_wconf 70' lang='lat' dir='ltr'><strong>iit</strong></span> <span class='ocrx_word' id='word_1_128' title='bbox 736 729 797 755; x_wconf 73' lang='lat' dir='ltr'><strong>vita:</strong></span> <span class='ocrx_word' id='word_1_129' title='bbox 821 729 933 763; x_wconf 78' lang='lat' dir='ltr'><strong>segnitie</strong></span> <span class='ocrx_word' id='word_1_130' title='bbox 964 727 1071 763; x_wconf 82' lang='lat' dir='ltr'><strong>diffluit.</strong></span> 
     </span>
    </p>
   </div>
   <div class='ocr_carea' id='block_1_18' title="bbox 282 761 1071 799">
    <p class='ocr_par' dir='ltr' id='par_1_18' title="bbox 282 761 1071 799">
     <span class='ocr_line' id='line_1_18' title="bbox 282 761 1071 799; baseline -0.005 -6"><span class='ocrx_word' id='word_1_131' title='bbox 282 768 426 793; x_wconf 84' lang='lat' dir='ltr'><strong>Stremuuu</strong></span> <span class='ocrx_word' id='word_1_132' title='bbox 448 766 507 792; x_wconf 85' lang='lat' dir='ltr'><strong>fidei</strong></span> <span class='ocrx_word' id='word_1_133' title='bbox 527 774 594 799; x_wconf 88' lang='lat' dir='ltr'><strong>opus</strong></span> <span class='ocrx_word' id='word_1_134' title='bbox 609 761 650 792; x_wconf 83' lang='lat' dir='ltr'><strong>est</strong></span> <span class='ocrx_word' id='word_1_135' title='bbox 663 786 670 798; x_wconf 83' lang='lat'><strong>,</strong></span> <span class='ocrx_word' id='word_1_136' title='bbox 694 765 721 791; x_wconf 92' lang='lat' dir='ltr'><strong>in</strong></span> <span class='ocrx_word' id='word_1_137' title='bbox 738 765 831 798; x_wconf 91' lang='lat' dir='ltr'><strong>spiritu</strong></span> <span class='ocrx_word' id='word_1_138' title='bbox 853 761 960 790; x_wconf 68' lang='lat' dir='ltr'><strong>ardenti</strong></span> <span class='ocrx_word' id='word_1_139' title='bbox 975 767 1002 790; x_wconf 93' lang='lat' dir='ltr'><strong>et</strong></span> <span class='ocrx_word' id='word_1_140' title='bbox 1017 761 1071 799; x_wconf 79' lang='lat' dir='ltr'><strong>fer-</strong></span> 
     </span>
    </p>
   </div>
   <div class='ocr_carea' id='block_1_19' title="bbox 283 797 1070 836">
    <p class='ocr_par' dir='ltr' id='par_1_19' title="bbox 283 797 1070 836">
     <span class='ocr_line' id='line_1_19' title="bbox 283 797 1070 836; baseline -0.003 -10"><span class='ocrx_word' id='word_1_141' title='bbox 283 802 353 828; x_wconf 86' lang='lat' dir='ltr'><strong>venti</strong></span> <span class='ocrx_word' id='word_1_142' title='bbox 380 809 434 827; x_wconf 65' lang='lat' dir='ltr'><strong>ten</strong></span> <span class='ocrx_word' id='word_1_143' title='bbox 457 797 596 836; x_wconf 82' lang='lat' dir='ltr'><strong>perlicere.</strong></span> <span class='ocrx_word' id='word_1_144' title='bbox 613 801 697 834; x_wconf 72' lang='lat' dir='ltr'><strong>Caput</strong></span> <span class='ocrx_word' id='word_1_145' title='bbox 711 797 772 826; x_wconf 86' lang='lat' dir='ltr'><strong>eum</strong></span> <span class='ocrx_word' id='word_1_146' title='bbox 788 799 898 834; x_wconf 73' lang='lat' dir='ltr'><strong>pedibus</strong></span> <span class='ocrx_word' id='word_1_147' title='bbox 914 804 950 836; x_wconf 60' lang='lat' dir='ltr'><strong>et</strong></span> <span class='ocrx_word' id='word_1_148' title='bbox 965 797 1070 836; x_wconf 86' lang='lat' dir='ltr'><strong>intesti-</strong></span> 
     </span>
    </p>
   </div>
   <div class='ocr_carea' id='block_1_20' title="bbox 283 833 1069 873">
    <p class='ocr_par' dir='ltr' id='par_1_20' title="bbox 283 833 1069 873">
     <span class='ocr_line' id='line_1_20' title="bbox 283 833 1069 873; baseline -0.006 -10"><span class='ocrx_word' id='word_1_149' title='bbox 283 839 323 864; x_wconf 83' lang='lat' dir='ltr'><strong>nis</strong></span> <span class='ocrx_word' id='word_1_150' title='bbox 336 833 477 864; x_wconf 75' lang='lat' dir='ltr'><strong>comedere</strong></span> <span class='ocrx_word' id='word_1_151' title='bbox 487 836 624 873; x_wconf 81' lang='lat' dir='ltr'><strong>jnbentur.</strong></span> <span class='ocrx_word' id='word_1_152' title='bbox 642 836 679 862; x_wconf 82' lang='lat' dir='ltr'><strong>Ex</strong></span> <span class='ocrx_word' id='word_1_153' title='bbox 692 837 778 869; x_wconf 92' lang='lat' dir='ltr'><strong>capite</strong></span> <span class='ocrx_word' id='word_1_154' title='bbox 789 833 1069 873; x_wconf 40' lang='lat' dir='ltr'><strong>agttosecHCltristtnn,</strong></span> 
     </span>
    </p>
   </div>
   <div class='ocr_carea' id='block_1_21' title="bbox 282 869 1071 908">
    <p class='ocr_par' dir='ltr' id='par_1_21' title="bbox 282 869 1071 908">
     <span class='ocr_line' id='line_1_21' title="bbox 282 869 1071 908; baseline -0.006 -10"><span class='ocrx_word' id='word_1_155' title='bbox 282 873 344 906; x_wconf 87' lang='lat' dir='ltr'><strong>quia</strong></span> <span class='ocrx_word' id='word_1_156' title='bbox 360 877 421 898; x_wconf 84' lang='lat' dir='ltr'><strong>ante</strong></span> <span class='ocrx_word' id='word_1_157' title='bbox 435 869 530 908; x_wconf 64' lang='lat' dir='ltr'><strong>Stltclllil</strong></span> <span class='ocrx_word' id='word_1_158' title='bbox 553 872 621 898; x_wconf 86' lang='lat' dir='ltr'><strong>Deus</strong></span> <span class='ocrx_word' id='word_1_159' title='bbox 635 875 690 908; x_wconf 74' lang='lat' dir='ltr'><strong>est.</strong></span> <span class='ocrx_word' id='word_1_160' title='bbox 707 875 785 908; x_wconf 84' lang='lat' dir='ltr'><strong>caput</strong></span> <span class='ocrx_word' id='word_1_161' title='bbox 801 869 977 908; x_wconf 68' lang='lat' dir='ltr'><strong>invisibiliset</strong></span> <span class='ocrx_word' id='word_1_162' title='bbox 991 869 1071 908; x_wconf 76' lang='lat' dir='ltr'><strong>spiri-</strong></span> 
     </span>
    </p>
   </div>
   <div class='ocr_carea' id='block_1_22' title="bbox 284 903 1070 940">
    <p class='ocr_par' dir='ltr' id='par_1_22' title="bbox 284 903 1070 940">
     <span class='ocr_line' id='line_1_22' title="bbox 284 903 1070 940; baseline -0.006 -6"><span class='ocrx_word' id='word_1_163' title='bbox 284 903 362 935; x_wconf 56' lang='lat' dir='ltr'><strong>t&#39;ualis</strong></span> <span class='ocrx_word' id='word_1_164' title='bbox 390 907 537 938; x_wconf 74' lang='lat' dir='ltr'><strong>Ecclesize;</strong></span> <span class='ocrx_word' id='word_1_165' title='bbox 554 914 585 933; x_wconf 87' lang='lat' dir='ltr'><strong>ex</strong></span> <span class='ocrx_word' id='word_1_166' title='bbox 612 906 723 940; x_wconf 79' lang='lat' dir='ltr'><strong>pedibus</strong></span> <span class='ocrx_word' id='word_1_167' title='bbox 741 903 826 938; x_wconf 80' lang='lat' dir='ltr'><strong>item,</strong></span> <span class='ocrx_word' id='word_1_168' title='bbox 852 904 912 939; x_wconf 87' lang='lat' dir='ltr'><strong>quia</strong></span> <span class='ocrx_word' id='word_1_169' title='bbox 939 903 1026 940; x_wconf 84' lang='lat' dir='ltr'><strong>homo</strong></span> <span class='ocrx_word' id='word_1_170' title='bbox 1045 903 1070 940; x_wconf 86' lang='lat' dir='ltr'><strong>in</strong></span> 
     </span>
    </p>
   </div>
   <div class='ocr_carea' id='block_1_23' title="bbox 283 939 1072 971">
    <p class='ocr_par' dir='ltr' id='par_1_23' title="bbox 283 939 1072 971">
     <span class='ocr_line' id='line_1_23' title="bbox 283 939 1072 971; baseline -0.006 -2"><span class='ocrx_word' id='word_1_171' title='bbox 283 943 435 970; x_wconf 84' lang='lat' dir='ltr'><strong>novissimis</strong></span> <span class='ocrx_word' id='word_1_172' title='bbox 460 942 563 968; x_wconf 79' lang='lat' dir='ltr'><strong>saeculis</strong></span> <span class='ocrx_word' id='word_1_173' title='bbox 587 939 727 968; x_wconf 79' lang='lat' dir='ltr'><strong>interram</strong></span> <span class='ocrx_word' id='word_1_174' title='bbox 742 940 867 971; x_wconf 85' lang='lat' dir='ltr'><strong>advenit;</strong></span> <span class='ocrx_word' id='word_1_175' title='bbox 882 947 914 966; x_wconf 75' lang='lat' dir='ltr'><strong>ex</strong></span> <span class='ocrx_word' id='word_1_176' title='bbox 939 939 1072 966; x_wconf 74' lang='lat' dir='ltr'><strong>intestinis</strong></span> 
     </span>
    </p>
   </div>
   <div class='ocr_carea' id='block_1_24' title="bbox 283 974 1072 1012">
    <p class='ocr_par' dir='ltr' id='par_1_24' title="bbox 283 974 1072 1012">
     <span class='ocr_line' id='line_1_24' title="bbox 283 974 1072 1012; baseline -0.006 -8"><span class='ocrx_word' id='word_1_177' title='bbox 283 985 405 1012; x_wconf 78' lang='lat' dir='ltr'><strong>quoque.</strong></span> <span class='ocrx_word' id='word_1_178' title='bbox 432 978 492 1011; x_wconf 85' lang='lat' dir='ltr'><strong>quia</strong></span> <span class='ocrx_word' id='word_1_179' title='bbox 516 977 646 1003; x_wconf 78' lang='lat' dir='ltr'><strong>occultam</strong></span> <span class='ocrx_word' id='word_1_180' title='bbox 672 977 700 1003; x_wconf 86' lang='lat' dir='ltr'><strong>in</strong></span> <span class='ocrx_word' id='word_1_181' title='bbox 723 983 804 1012; x_wconf 82' lang='lat' dir='ltr'><strong>carne</strong></span> <span class='ocrx_word' id='word_1_182' title='bbox 829 975 954 1012; x_wconf 85' lang='lat' dir='ltr'><strong>virtutem</strong></span> <span class='ocrx_word' id='word_1_183' title='bbox 971 974 1072 1000; x_wconf 84' lang='lat' dir='ltr'><strong>habens</strong></span> 
     </span>
    </p>
   </div>
   <div class='ocr_carea' id='block_1_25' title="bbox 281 1010 1071 1047">
    <p class='ocr_par' dir='ltr' id='par_1_25' title="bbox 281 1010 1071 1047">
     <span class='ocr_line' id='line_1_25' title="bbox 281 1010 1071 1047; baseline -0.008 -7"><span class='ocrx_word' id='word_1_184' title='bbox 281 1010 361 1047; x_wconf 80' lang='lat' dir='ltr'><strong>atque</strong></span> <span class='ocrx_word' id='word_1_185' title='bbox 384 1013 532 1047; x_wconf 78' lang='lat' dir='ltr'><strong>justitiam,</strong></span> <span class='ocrx_word' id='word_1_186' title='bbox 558 1019 610 1038; x_wconf 88' lang='lat' dir='ltr'><strong>non</strong></span> <span class='ocrx_word' id='word_1_187' title='bbox 637 1012 724 1038; x_wconf 90' lang='lat' dir='ltr'><strong>solum</strong></span> <span class='ocrx_word' id='word_1_188' title='bbox 745 1011 779 1038; x_wconf 88' lang='lat' dir='ltr'><strong>ab</strong></span> <span class='ocrx_word' id='word_1_189' title='bbox 798 1010 998 1047; x_wconf 41' lang='lat' dir='ltr'><strong>exterioribus!</strong></span> <span class='ocrx_word' id='word_1_190' title='bbox 1013 1017 1071 1044; x_wconf 73' lang='lat' dir='ltr'><strong>quin</strong></span> 
     </span>
    </p>
   </div>
   <div class='ocr_carea' id='block_1_26' title="bbox 282 1044 1068 1082">
    <p class='ocr_par' dir='ltr' id='par_1_26' title="bbox 282 1044 1068 1082">
     <span class='ocr_line' id='line_1_26' title="bbox 282 1044 1068 1082; baseline -0.004 -9"><span class='ocrx_word' id='word_1_191' title='bbox 282 1044 366 1075; x_wconf 76' lang='lat' dir='ltr'><strong>oculis</strong></span> <span class='ocrx_word' id='word_1_192' title='bbox 385 1044 580 1082; x_wconf 78' lang='lat' dir='ltr'><strong>percipiuntur,</strong></span> <span class='ocrx_word' id='word_1_193' title='bbox 591 1047 664 1073; x_wconf 86' lang='lat' dir='ltr'><strong>milis</strong></span> <span class='ocrx_word' id='word_1_194' title='bbox 676 1051 700 1073; x_wconf 86' lang='lat' dir='ltr'><strong>et</strong></span> <span class='ocrx_word' id='word_1_195' title='bbox 713 1047 836 1073; x_wconf 85' lang='lat' dir='ltr'><strong>salutaris</strong></span> <span class='ocrx_word' id='word_1_196' title='bbox 851 1050 890 1072; x_wconf 79' lang='lat' dir='ltr'><strong>est</strong></span> <span class='ocrx_word' id='word_1_197' title='bbox 906 1044 1068 1082; x_wconf 73' lang='lat' dir='ltr'><strong>participau-</strong></span> 
     </span>
    </p>
   </div>
   <div class='ocr_carea' id='block_1_27' title="bbox 282 1080 1070 1112">
    <p class='ocr_par' dir='ltr' id='par_1_27' title="bbox 282 1080 1070 1112">
     <span class='ocr_line' id='line_1_27' title="bbox 282 1080 1070 1112; baseline -0.005 -3"><span class='ocrx_word' id='word_1_198' title='bbox 282 1084 367 1112; x_wconf 86' lang='lat' dir='ltr'><strong>tibus:</strong></span> <span class='ocrx_word' id='word_1_199' title='bbox 383 1080 429 1110; x_wconf 62' lang='lat' dir='ltr'><strong>Sed</strong></span> <span class='ocrx_word' id='word_1_200' title='bbox 445 1080 525 1110; x_wconf 82' lang='lat' dir='ltr'><strong>etiam</strong></span> <span class='ocrx_word' id='word_1_201' title='bbox 541 1082 689 1109; x_wconf 87' lang='lat' dir='ltr'><strong>secundum</strong></span> <span class='ocrx_word' id='word_1_202' title='bbox 707 1082 832 1108; x_wconf 87' lang='lat' dir='ltr'><strong>interiora</strong></span> <span class='ocrx_word' id='word_1_203' title='bbox 847 1086 872 1108; x_wconf 89' lang='lat' dir='ltr'><strong>et</strong></span> <span class='ocrx_word' id='word_1_204' title='bbox 886 1081 1000 1107; x_wconf 83' lang='lat' dir='ltr'><strong>occulta.</strong></span> <span class='ocrx_word' id='word_1_205' title='bbox 1018 1080 1070 1106; x_wconf 82' lang='lat' dir='ltr'><strong>Co-</strong></span> 
     </span>
    </p>
   </div>
   <div class='ocr_carea' id='block_1_28' title="bbox 281 1115 1071 1148">
    <p class='ocr_par' dir='ltr' id='par_1_28' title="bbox 281 1115 1071 1148">
     <span class='ocr_line' id='line_1_28' title="bbox 281 1115 1071 1148; baseline -0.001 -4"><span class='ocrx_word' id='word_1_206' title='bbox 281 1118 424 1145; x_wconf 90' lang='lat' dir='ltr'><strong>meduuttrr</strong></span> <span class='ocrx_word' id='word_1_207' title='bbox 439 1123 528 1144; x_wconf 84' lang='lat' dir='ltr'><strong>autem</strong></span> <span class='ocrx_word' id='word_1_208' title='bbox 544 1125 638 1144; x_wconf 88' lang='lat' dir='ltr'><strong>carnes</strong></span> <span class='ocrx_word' id='word_1_209' title='bbox 652 1123 732 1144; x_wconf 83' lang='lat' dir='ltr'><strong>noctu</strong></span> <span class='ocrx_word' id='word_1_210' title='bbox 746 1138 752 1148; x_wconf 85' lang='lat'>,</span> <span class='ocrx_word' id='word_1_211' title='bbox 768 1122 794 1143; x_wconf 92' lang='lat' dir='ltr'><strong>et</strong></span> <span class='ocrx_word' id='word_1_212' title='bbox 813 1117 845 1142; x_wconf 85' lang='lat' dir='ltr'><strong>ad</strong></span> <span class='ocrx_word' id='word_1_213' title='bbox 867 1116 936 1143; x_wconf 90' lang='lat' dir='ltr'><strong>diem</strong></span> <span class='ocrx_word' id='word_1_214' title='bbox 951 1115 1014 1142; x_wconf 83' lang='lat' dir='ltr'><strong>nihil</strong></span> <span class='ocrx_word' id='word_1_215' title='bbox 1030 1124 1071 1143; x_wconf 89' lang='lat' dir='ltr'><strong>re-</strong></span> 
     </span>
    </p>
   </div>
   <div class='ocr_carea' id='block_1_29' title="bbox 281 1151 1071 1188">
    <p class='ocr_par' dir='ltr' id='par_1_29' title="bbox 281 1151 1071 1188">
     <span class='ocr_line' id='line_1_29' title="bbox 281 1151 1071 1188; baseline -0.003 -9"><span class='ocrx_word' id='word_1_216' title='bbox 281 1154 417 1188; x_wconf 83' lang='lat' dir='ltr'><strong>linquitur.</strong></span> <span class='ocrx_word' id='word_1_217' title='bbox 435 1152 660 1179; x_wconf 85' lang='lat' dir='ltr'><strong>Comrncmoratto</strong></span> <span class='ocrx_word' id='word_1_218' title='bbox 681 1153 750 1178; x_wconf 84' lang='lat' dir='ltr'><strong>cuitu</strong></span> <span class='ocrx_word' id='word_1_219' title='bbox 764 1156 805 1179; x_wconf 83' lang='lat' dir='ltr'><strong>est</strong></span> <span class='ocrx_word' id='word_1_220' title='bbox 825 1151 923 1178; x_wconf 80' lang='lat' dir='ltr'><strong>Christi</strong></span> <span class='ocrx_word' id='word_1_221' title='bbox 940 1151 1071 1188; x_wconf 71' lang='lat' dir='ltr'><strong>passionis</strong></span> 
     </span>
    </p>
   </div>
   <div class='ocr_carea' id='block_1_30' title="bbox 283 1185 1071 1222">
    <p class='ocr_par' dir='ltr' id='par_1_30' title="bbox 283 1185 1071 1222">
     <span class='ocr_line' id='line_1_30' title="bbox 283 1185 1071 1222; baseline -0.001 -8"><span class='ocrx_word' id='word_1_222' title='bbox 283 1190 307 1215; x_wconf 91' lang='lat' dir='ltr'><strong>in</strong></span> <span class='ocrx_word' id='word_1_223' title='bbox 329 1185 453 1222; x_wconf 81' lang='lat' dir='ltr'><strong>tempore</strong></span> <span class='ocrx_word' id='word_1_224' title='bbox 483 1189 568 1215; x_wconf 80' lang='lat' dir='ltr'><strong>tinctis</strong></span> <span class='ocrx_word' id='word_1_225' title='bbox 592 1188 670 1221; x_wconf 82' lang='lat' dir='ltr'><strong>hujus</strong></span> <span class='ocrx_word' id='word_1_226' title='bbox 697 1187 786 1214; x_wconf 89' lang='lat' dir='ltr'><strong>mundi</strong></span> <span class='ocrx_word' id='word_1_227' title='bbox 800 1209 806 1220; x_wconf 85' lang='lat'>,</span> <span class='ocrx_word' id='word_1_228' title='bbox 829 1192 888 1221; x_wconf 83' lang='lat' dir='ltr'><strong>post</strong></span> <span class='ocrx_word' id='word_1_229' title='bbox 910 1185 1071 1222; x_wconf 22' lang='lat' dir='ltr'><strong>quamﬂdies</strong></span> 
     </span>
    </p>
   </div>
   <div class='ocr_carea' id='block_1_31' title="bbox 281 1221 1068 1258">
    <p class='ocr_par' dir='ltr' id='par_1_31' title="bbox 281 1221 1068 1258">
     <span class='ocr_line' id='line_1_31' title="bbox 281 1221 1068 1258; baseline -0.004 -8"><span class='ocrx_word' id='word_1_230' title='bbox 281 1221 433 1258; x_wconf 73' lang='lat' dir='ltr'><strong>splendebit</strong></span> <span class='ocrx_word' id='word_1_231' title='bbox 446 1228 472 1250; x_wconf 91' lang='lat' dir='ltr'><strong>et</strong></span> <span class='ocrx_word' id='word_1_232' title='bbox 486 1225 538 1250; x_wconf 86' lang='lat' dir='ltr'><strong>vita</strong></span> <span class='ocrx_word' id='word_1_233' title='bbox 552 1223 649 1251; x_wconf 87' lang='lat' dir='ltr'><strong>Christi</strong></span> <span class='ocrx_word' id='word_1_234' title='bbox 661 1223 808 1257; x_wconf 78' lang='lat' dir='ltr'><strong>apparebit.</strong></span> <span class='ocrx_word' id='word_1_235' title='bbox 824 1222 976 1258; x_wconf 78' lang='lat' dir='ltr'><strong>Secundnm</strong></span> <span class='ocrx_word' id='word_1_236' title='bbox 993 1221 1068 1258; x_wconf 75' lang='lat' dir='ltr'><strong>illud,</strong></span> 
     </span>
    </p>
   </div>
   <div class='ocr_carea' id='block_1_32' title="bbox 283 1256 1069 1292">
    <p class='ocr_par' dir='ltr' id='par_1_32' title="bbox 283 1256 1069 1292">
     <span class='ocr_line' id='line_1_32' title="bbox 283 1256 1069 1292; baseline -0.004 -7"><span class='ocrx_word' id='word_1_237' title='bbox 283 1256 343 1286; x_wconf 68' lang='lat' dir='ltr'><strong>Nox</strong></span> <span class='ocrx_word' id='word_1_238' title='bbox 363 1259 486 1292; x_wconf 76' lang='lat' dir='ltr'><strong>prwressil</strong></span> <span class='ocrx_word' id='word_1_239' title='bbox 499 1279 505 1289; x_wconf 70' lang='grc' dir='ltr'>ι</span> <span class='ocrx_word' id='word_1_240' title='bbox 522 1258 575 1285; x_wconf 75' lang='lat' dir='ltr'><strong>dies</strong></span> <span class='ocrx_word' id='word_1_241' title='bbox 592 1256 900 1292; x_wconf 66' lang='lat' dir='ltr'><strong>autemappropinquavit</strong></span> <span class='ocrx_word' id='word_1_242' title='bbox 916 1256 1003 1291; x_wconf 78' lang='lat' dir='ltr'><strong>(Rom.</strong></span> <span class='ocrx_word' id='word_1_243' title='bbox 1026 1257 1069 1284; x_wconf 78' lang='grc'><strong>15.</strong></span> 
     </span>
    </p>
   </div>
   <div class='ocr_carea' id='block_1_33' title="bbox 283 1291 1069 1329">
    <p class='ocr_par' dir='ltr' id='par_1_33' title="bbox 283 1291 1069 1329">
     <span class='ocr_line' id='line_1_33' title="bbox 283 1291 1069 1329; baseline -0.005 -8"><span class='ocrx_word' id='word_1_244' title='bbox 283 1295 340 1329; x_wconf 76' lang='lat'><strong>1‘2).</strong></span> <span class='ocrx_word' id='word_1_245' title='bbox 355 1294 420 1322; x_wconf 83' lang='lat' dir='ltr'><strong>Ossa</strong></span> <span class='ocrx_word' id='word_1_246' title='bbox 431 1294 488 1327; x_wconf 88' lang='lat' dir='ltr'><strong>ejus</strong></span> <span class='ocrx_word' id='word_1_247' title='bbox 498 1301 576 1321; x_wconf 87' lang='lat' dir='ltr'><strong>nemo</strong></span> <span class='ocrx_word' id='word_1_248' title='bbox 591 1291 766 1320; x_wconf 82' lang='lat' dir='ltr'><strong>comminuit:</strong></span> <span class='ocrx_word' id='word_1_249' title='bbox 782 1301 866 1327; x_wconf 84' lang='lat' dir='ltr'><strong>neque</strong></span> <span class='ocrx_word' id='word_1_250' title='bbox 880 1292 951 1319; x_wconf 87' lang='lat' dir='ltr'><strong>enim</strong></span> <span class='ocrx_word' id='word_1_251' title='bbox 963 1291 1069 1329; x_wconf 83' lang='lat' dir='ltr'><strong>carnili-</strong></span> 
     </span>
    </p>
   </div>
   <div class='ocr_carea' id='block_1_34' title="bbox 282 1328 1064 1363">
    <p class='ocr_par' dir='ltr' id='par_1_34' title="bbox 282 1328 1064 1363">
     <span class='ocr_line' id='line_1_34' title="bbox 282 1328 1064 1363; baseline -0.005 -6"><span class='ocrx_word' id='word_1_252' title='bbox 282 1328 327 1357; x_wconf 74' lang='lat' dir='ltr'><strong>ces</strong></span> <span class='ocrx_word' id='word_1_253' title='bbox 342 1338 418 1357; x_wconf 87' lang='lat' dir='ltr'><strong>crttra</strong></span> <span class='ocrx_word' id='word_1_254' title='bbox 433 1330 531 1356; x_wconf 75' lang='lat' dir='ltr'><strong>Christi</strong></span> <span class='ocrx_word' id='word_1_255' title='bbox 544 1329 678 1363; x_wconf 80' lang='lat' dir='ltr'><strong>confregcr</strong></span> <span class='ocrx_word' id='word_1_256' title='bbox 688 1334 733 1355; x_wconf 91' lang='lat' dir='ltr'><strong>ttnt</strong></span> <span class='ocrx_word' id='word_1_257' title='bbox 745 1349 751 1360; x_wconf 83' lang='lat'><strong>,</strong></span> <span class='ocrx_word' id='word_1_258' title='bbox 768 1329 911 1355; x_wconf 70' lang='lat' dir='ltr'><strong>(:oul&#39;ractis</strong></span> <span class='ocrx_word' id='word_1_259' title='bbox 926 1332 1015 1363; x_wconf 83' lang='lat' dir='ltr'><strong>tamen</strong></span> <span class='ocrx_word' id='word_1_260' title='bbox 1029 1328 1064 1353; x_wconf 89' lang='lat' dir='ltr'><strong>si-</strong></span> 
     </span>
    </p>
   </div>
   <div class='ocr_carea' id='block_1_35' title="bbox 282 1362 1068 1397">
    <p class='ocr_par' dir='ltr' id='par_1_35' title="bbox 282 1362 1068 1397">
     <span class='ocr_line' id='line_1_35' title="bbox 282 1362 1068 1397; baseline -0.003 -6"><span class='ocrx_word' id='word_1_261' title='bbox 282 1366 335 1392; x_wconf 89' lang='lat' dir='ltr'><strong>mul</strong></span> <span class='ocrx_word' id='word_1_262' title='bbox 349 1365 534 1392; x_wconf 74' lang='lat' dir='ltr'><strong>crncilixorum</strong></span> <span class='ocrx_word' id='word_1_263' title='bbox 549 1362 655 1391; x_wconf 53' lang='lat' dir='ltr'><strong>ossibus</strong></span> <span class='ocrx_word' id='word_1_264' title='bbox 667 1386 673 1396; x_wconf 87' lang='grc'>,</span> <span class='ocrx_word' id='word_1_265' title='bbox 696 1369 724 1390; x_wconf 90' lang='lat' dir='ltr'><strong>ut</strong></span> <span class='ocrx_word' id='word_1_266' title='bbox 736 1364 893 1391; x_wconf 72' lang='lat' dir='ltr'><strong>testificatur</strong></span> <span class='ocrx_word' id='word_1_267' title='bbox 906 1362 1068 1397; x_wconf 77' lang='lat' dir='ltr'><strong>evangelista</strong></span> 
     </span>
    </p>
   </div>
   <div class='ocr_carea' id='block_1_36' title="bbox 280 1399 1070 1436">
    <p class='ocr_par' dir='ltr' id='par_1_36' title="bbox 280 1399 1070 1436">
     <span class='ocr_line' id='line_1_36' title="bbox 280 1399 1070 1436; baseline -0.004 -10"><span class='ocrx_word' id='word_1_268' title='bbox 280 1400 370 1436; x_wconf 78' lang='lat' dir='ltr'><strong>(Jorm.</strong></span> <span class='ocrx_word' id='word_1_269' title='bbox 387 1400 428 1428; x_wconf 79' lang='grc'><strong>19.</strong></span> <span class='ocrx_word' id='word_1_270' title='bbox 442 1400 498 1434; x_wconf 76' lang='grc'>55).</span> <span class='ocrx_word' id='word_1_271' title='bbox 512 1399 607 1436; x_wconf 70' lang='lat' dir='ltr'><strong>llerbm</strong></span> <span class='ocrx_word' id='word_1_272' title='bbox 622 1407 721 1426; x_wconf 78' lang='lat' dir='ltr'><strong>amara:</strong></span> <span class='ocrx_word' id='word_1_273' title='bbox 731 1420 737 1431; x_wconf 87' lang='lat'><em>,</em></span> <span class='ocrx_word' id='word_1_274' title='bbox 753 1407 812 1436; x_wconf 68' lang='lat' dir='ltr'><strong>qua:</strong></span> <span class='ocrx_word' id='word_1_275' title='bbox 824 1406 966 1436; x_wconf 77' lang='lat' dir='ltr'><strong>cumagno</strong></span> <span class='ocrx_word' id='word_1_276' title='bbox 979 1405 1070 1436; x_wconf 77' lang='lat' dir='ltr'><strong>corrre-</strong></span> 
     </span>
    </p>
   </div>
   <div class='ocr_carea' id='block_1_37' title="bbox 280 1433 1066 1466">
    <p class='ocr_par' dir='ltr' id='par_1_37' title="bbox 280 1433 1066 1466">
     <span class='ocr_line' id='line_1_37' title="bbox 280 1433 1066 1466; baseline -0.004 -5"><span class='ocrx_word' id='word_1_277' title='bbox 280 1433 427 1466; x_wconf 84' lang='lat' dir='ltr'><strong>debautur,</strong></span> <span class='ocrx_word' id='word_1_278' title='bbox 454 1433 651 1461; x_wconf 85' lang='lat' dir='ltr'><strong>tribulationum</strong></span> <span class='ocrx_word' id='word_1_279' title='bbox 685 1435 859 1461; x_wconf 87' lang='lat' dir='ltr'><strong>acerbitatem</strong></span> <span class='ocrx_word' id='word_1_280' title='bbox 892 1433 1066 1464; x_wconf 88' lang='lat' dir='ltr'><strong>indicabant;</strong></span> 
     </span>
    </p>
   </div>
   <div class='ocr_carea' id='block_1_38' title="bbox 279 1468 1066 1506">
    <p class='ocr_par' dir='ltr' id='par_1_38' title="bbox 279 1468 1066 1506">
     <span class='ocr_line' id='line_1_38' title="bbox 279 1468 1066 1506; baseline -0.004 -9"><span class='ocrx_word' id='word_1_281' title='bbox 279 1479 371 1506; x_wconf 76' lang='lat' dir='ltr'><strong>azyma</strong></span> <span class='ocrx_word' id='word_1_282' title='bbox 384 1470 579 1504; x_wconf 82' lang='lat' dir='ltr'><strong>simplicitatem</strong></span> <span class='ocrx_word' id='word_1_283' title='bbox 595 1470 844 1506; x_wconf 84' lang='lat' dir='ltr'><strong>sinceritatcnrque,</strong></span> <span class='ocrx_word' id='word_1_284' title='bbox 863 1473 889 1495; x_wconf 89' lang='lat' dir='ltr'><strong>ut</strong></span> <span class='ocrx_word' id='word_1_285' title='bbox 899 1469 936 1506; x_wconf 86' lang='lat' dir='ltr'><strong>ait</strong></span> <span class='ocrx_word' id='word_1_286' title='bbox 951 1468 1066 1506; x_wconf 43' lang='lat' dir='ltr'><strong>Paulus;</strong></span> 
     </span>
    </p>
   </div>
   <div class='ocr_carea' id='block_1_39' title="bbox 281 1504 1068 1540">
    <p class='ocr_par' dir='ltr' id='par_1_39' title="bbox 281 1504 1068 1540">
     <span class='ocr_line' id='line_1_39' title="bbox 281 1504 1068 1540; baseline -0.004 -7"><span class='ocrx_word' id='word_1_287' title='bbox 281 1504 383 1539; x_wconf 57' lang='lat' dir='ltr'><strong>id&#39;est,</strong></span> <span class='ocrx_word' id='word_1_288' title='bbox 402 1514 453 1532; x_wconf 88' lang='lat' dir='ltr'><strong>uorr</strong></span> <span class='ocrx_word' id='word_1_289' title='bbox 478 1506 584 1532; x_wconf 83' lang='lat' dir='ltr'><strong>misceri</strong></span> <span class='ocrx_word' id='word_1_290' title='bbox 608 1513 686 1540; x_wconf 64' lang='lat' dir='ltr'><strong>posse</strong></span> <span class='ocrx_word' id='word_1_291' title='bbox 709 1505 747 1532; x_wconf 88' lang='lat' dir='ltr'><strong>ait</strong></span> <span class='ocrx_word' id='word_1_292' title='bbox 770 1513 830 1531; x_wconf 88' lang='lat' dir='ltr'><strong>cum</strong></span> <span class='ocrx_word' id='word_1_293' title='bbox 847 1504 930 1531; x_wconf 88' lang='lat' dir='ltr'><strong>veteri</strong></span> <span class='ocrx_word' id='word_1_294' title='bbox 953 1505 1068 1540; x_wconf 74' lang='lat' dir='ltr'><strong>nequitia</strong></span> 
     </span>
    </p>
   </div>
   <div class='ocr_carea' id='block_1_40' title="bbox 280 1539 1068 1569">
    <p class='ocr_par' dir='ltr' id='par_1_40' title="bbox 280 1539 1068 1569">
     <span class='ocr_line' id='line_1_40' title="bbox 280 1539 1068 1569; baseline -0.004 -1"><span class='ocrx_word' id='word_1_295' title='bbox 280 1549 375 1569; x_wconf 85' lang='lat' dir='ltr'><strong>novam</strong></span> <span class='ocrx_word' id='word_1_296' title='bbox 401 1541 534 1568; x_wconf 81' lang='lat' dir='ltr'><strong>virtutem.</strong></span> <span class='ocrx_word' id='word_1_297' title='bbox 564 1539 655 1568; x_wconf 68' lang='lat' dir='ltr'><strong>liestat</strong></span> <span class='ocrx_word' id='word_1_298' title='bbox 679 1545 705 1567; x_wconf 87' lang='lat' dir='ltr'><strong>ttt</strong></span> <span class='ocrx_word' id='word_1_299' title='bbox 731 1539 849 1566; x_wconf 89' lang='lat' dir='ltr'><strong>habitttm</strong></span> <span class='ocrx_word' id='word_1_300' title='bbox 872 1539 1068 1566; x_wconf 88' lang='lat' dir='ltr'><strong>comedentiuttt</strong></span> 
     </span>
    </p>
   </div>
   <div class='ocr_carea' id='block_1_41' title="bbox 281 1574 1066 1610">
    <p class='ocr_par' dir='ltr' id='par_1_41' title="bbox 281 1574 1066 1610">
     <span class='ocr_line' id='line_1_41' title="bbox 281 1574 1066 1610; baseline -0.004 -7"><span class='ocrx_word' id='word_1_301' title='bbox 281 1577 381 1603; x_wconf 58' lang='lat' dir='ltr'><strong>Pascha</strong></span> <span class='ocrx_word' id='word_1_302' title='bbox 393 1577 442 1610; x_wconf 81' lang='lat' dir='ltr'><strong>spir</strong></span> <span class='ocrx_word' id='word_1_303' title='bbox 451 1576 566 1602; x_wconf 44' lang='lat' dir='ltr'><strong>itu..liler</strong></span> <span class='ocrx_word' id='word_1_304' title='bbox 577 1577 703 1610; x_wconf 70' lang='lat' dir='ltr'><strong>explores</strong></span> <span class='ocrx_word' id='word_1_305' title='bbox 714 1581 741 1602; x_wconf 91' lang='lat' dir='ltr'><strong>ct</strong></span> <span class='ocrx_word' id='word_1_306' title='bbox 754 1575 866 1602; x_wconf 87' lang='lat' dir='ltr'><strong>imiteris</strong></span> <span class='ocrx_word' id='word_1_307' title='bbox 879 1584 885 1602; x_wconf 89' lang='lat'>:</span> <span class='ocrx_word' id='word_1_308' title='bbox 898 1575 923 1601; x_wconf 92' lang='lat' dir='ltr'><strong>in</strong></span> <span class='ocrx_word' id='word_1_309' title='bbox 936 1574 1066 1609; x_wconf 76' lang='lat' dir='ltr'><strong>spirituali</strong></span> 
     </span>
    </p>
   </div>
   <div class='ocr_carea' id='block_1_42' title="bbox 281 1610 1068 1646">
    <p class='ocr_par' dir='ltr' id='par_1_42' title="bbox 281 1610 1068 1646">
     <span class='ocr_line' id='line_1_42' title="bbox 281 1610 1068 1646; baseline -0.003 -8"><span class='ocrx_word' id='word_1_310' title='bbox 281 1619 396 1646; x_wconf 85' lang='lat' dir='ltr'><strong>namque</strong></span> <span class='ocrx_word' id='word_1_311' title='bbox 411 1612 556 1645; x_wconf 84' lang='lat' dir='ltr'><strong>corporalis</strong></span> <span class='ocrx_word' id='word_1_312' title='bbox 574 1611 679 1638; x_wconf 87' lang='lat' dir='ltr'><strong>habitus</strong></span> <span class='ocrx_word' id='word_1_313' title='bbox 694 1612 882 1644; x_wconf 85' lang='lat' dir='ltr'><strong>comperietur.</strong></span> <span class='ocrx_word' id='word_1_314' title='bbox 896 1610 953 1637; x_wconf 87' lang='lat' dir='ltr'><strong>Non</strong></span> <span class='ocrx_word' id='word_1_315' title='bbox 969 1614 1010 1636; x_wconf 64' lang='lat' dir='ltr'><strong>Cal</strong></span> <span class='ocrx_word' id='word_1_316' title='bbox 1025 1617 1068 1636; x_wconf 83' lang='lat' dir='ltr'><strong>res</strong></span> 
     </span>
    </p>
   </div>
   <div class='ocr_carea' id='block_1_43' title="bbox 281 1646 1065 1680">
    <p class='ocr_par' dir='ltr' id='par_1_43' title="bbox 281 1646 1065 1680">
     <span class='ocr_line' id='line_1_43' title="bbox 281 1646 1065 1680; baseline -0.003 -6"><span class='ocrx_word' id='word_1_317' title='bbox 281 1655 345 1674; x_wconf 89' lang='lat' dir='ltr'><strong>vana</strong></span> <span class='ocrx_word' id='word_1_318' title='bbox 359 1668 366 1680; x_wconf 92' lang='lat'><strong><em>,</em></strong></span> <span class='ocrx_word' id='word_1_319' title='bbox 383 1647 429 1674; x_wconf 89' lang='lat' dir='ltr'><strong>sed</strong></span> <span class='ocrx_word' id='word_1_320' title='bbox 451 1654 517 1678; x_wconf 88' lang='lat' dir='ltr'><strong>opus</strong></span> <span class='ocrx_word' id='word_1_321' title='bbox 540 1647 656 1673; x_wconf 84' lang='lat' dir='ltr'><strong>salutare</strong></span> <span class='ocrx_word' id='word_1_322' title='bbox 679 1646 784 1673; x_wconf 89' lang='lat' dir='ltr'><strong>lumbos</strong></span> <span class='ocrx_word' id='word_1_323' title='bbox 801 1650 860 1672; x_wconf 87' lang='lat' dir='ltr'><strong>tuos</strong></span> <span class='ocrx_word' id='word_1_324' title='bbox 883 1646 1045 1680; x_wconf 56' lang='lat' dir='ltr'><strong>praecingere</strong></span> <span class='ocrx_word' id='word_1_325' title='bbox 1057 1665 1065 1677; x_wconf 85' lang='lat'><strong>.</strong></span> 
     </span>
    </p>
   </div>
   <div class='ocr_carea' id='block_1_44' title="bbox 280 1681 1067 1717">
    <p class='ocr_par' dir='ltr' id='par_1_44' title="bbox 280 1681 1067 1717">
     <span class='ocr_line' id='line_1_44' title="bbox 280 1681 1067 1717; baseline -0.005 -8"><span class='ocrx_word' id='word_1_326' title='bbox 280 1690 332 1710; x_wconf 88' lang='lat' dir='ltr'><strong>non</strong></span> <span class='ocrx_word' id='word_1_327' title='bbox 344 1690 488 1717; x_wconf 85' lang='lat' dir='ltr'><strong>corporeus</strong></span> <span class='ocrx_word' id='word_1_328' title='bbox 501 1682 606 1715; x_wconf 77' lang='lat' dir='ltr'><strong>cingulo</strong></span> <span class='ocrx_word' id='word_1_329' title='bbox 617 1702 623 1714; x_wconf 89' lang='lat'><strong><em>,</em></strong></span> <span class='ocrx_word' id='word_1_330' title='bbox 639 1681 686 1708; x_wconf 86' lang='lat' dir='ltr'><strong>sed</strong></span> <span class='ocrx_word' id='word_1_331' title='bbox 702 1682 798 1708; x_wconf 72' lang='lat' dir='ltr'><strong>anima:</strong></span> <span class='ocrx_word' id='word_1_332' title='bbox 814 1681 919 1708; x_wconf 87' lang='lat' dir='ltr'><strong>lumbos</strong></span> <span class='ocrx_word' id='word_1_333' title='bbox 935 1688 1067 1717; x_wconf 56' lang='lat' dir='ltr'><strong>praepara-</strong></span> 
     </span>
    </p>
   </div>
   <div class='ocr_carea' id='block_1_45' title="bbox 280 1716 1065 1750">
    <p class='ocr_par' dir='ltr' id='par_1_45' title="bbox 280 1716 1065 1750">
     <span class='ocr_line' id='line_1_45' title="bbox 280 1716 1065 1750; baseline -0.005 -6"><span class='ocrx_word' id='word_1_334' title='bbox 280 1719 361 1744; x_wconf 88' lang='lat' dir='ltr'><strong>tione.</strong></span> <span class='ocrx_word' id='word_1_335' title='bbox 376 1717 472 1744; x_wconf 83' lang='lat' dir='ltr'><strong>Calcea</strong></span> <span class='ocrx_word' id='word_1_336' title='bbox 487 1718 609 1744; x_wconf 77' lang='lat' dir='ltr'><strong>similiter</strong></span> <span class='ocrx_word' id='word_1_337' title='bbox 623 1717 703 1750; x_wconf 86' lang='lat' dir='ltr'><strong>pedes</strong></span> <span class='ocrx_word' id='word_1_338' title='bbox 719 1717 744 1742; x_wconf 97' lang='lat' dir='ltr'><strong>iu</strong></span> <span class='ocrx_word' id='word_1_339' title='bbox 760 1716 955 1750; x_wconf 65' lang='lat' dir='ltr'><strong>praeparatione</strong></span> <span class='ocrx_word' id='word_1_340' title='bbox 976 1716 1065 1742; x_wconf 83' lang='lat' dir='ltr'><strong>Evan—</strong></span> 
     </span>
    </p>
   </div>
   <div class='ocr_carea' id='block_1_46' title="bbox 279 1751 1066 1787">
    <p class='ocr_par' dir='ltr' id='par_1_46' title="bbox 279 1751 1066 1787">
     <span class='ocr_line' id='line_1_46' title="bbox 279 1751 1066 1787; baseline -0.004 -8"><span class='ocrx_word' id='word_1_341' title='bbox 279 1754 340 1787; x_wconf 84' lang='lat' dir='ltr'><strong>gelii</strong></span> <span class='ocrx_word' id='word_1_342' title='bbox 353 1774 359 1784; x_wconf 84' lang='grc'>,</span> <span class='ocrx_word' id='word_1_343' title='bbox 375 1752 520 1779; x_wconf 85' lang='lat' dir='ltr'><strong>secundum</strong></span> <span class='ocrx_word' id='word_1_344' title='bbox 531 1753 687 1787; x_wconf 85' lang='lat' dir='ltr'><strong>Apostolum</strong></span> <span class='ocrx_word' id='word_1_345' title='bbox 702 1751 807 1787; x_wconf 73' lang='lat' dir='ltr'><strong>(Epirus.</strong></span> <span class='ocrx_word' id='word_1_346' title='bbox 823 1751 848 1778; x_wconf 59' lang='lat' dir='ltr'><strong>ti.</strong></span> <span class='ocrx_word' id='word_1_347' title='bbox 868 1751 921 1784; x_wconf 77' lang='lat'><strong>15).</strong></span> <span class='ocrx_word' id='word_1_348' title='bbox 939 1751 1066 1778; x_wconf 83' lang='lat' dir='ltr'><strong>Baculmn</strong></span> 
     </span>
    </p>
   </div>
   <div class='ocr_carea' id='block_1_47' title="bbox 280 1787 1066 1821">
    <p class='ocr_par' dir='ltr' id='par_1_47' title="bbox 280 1787 1066 1821">
     <span class='ocr_line' id='line_1_47' title="bbox 280 1787 1066 1821; baseline -0.003 -7"><span class='ocrx_word' id='word_1_349' title='bbox 280 1797 305 1814; x_wconf 85' lang='grc' dir='ltr'>ιιι</span> <span class='ocrx_word' id='word_1_350' title='bbox 321 1788 440 1814; x_wconf 65' lang='lat' dir='ltr'><strong>inanibth</strong></span> <span class='ocrx_word' id='word_1_351' title='bbox 456 1787 533 1817; x_wconf 67' lang='lat' dir='ltr'><strong>habe,</strong></span> <span class='ocrx_word' id='word_1_352' title='bbox 552 1795 603 1813; x_wconf 88' lang='lat' dir='ltr'><strong>nou</strong></span> <span class='ocrx_word' id='word_1_353' title='bbox 618 1788 742 1821; x_wconf 80' lang='lat' dir='ltr'><strong>ligneum,</strong></span> <span class='ocrx_word' id='word_1_354' title='bbox 758 1787 804 1814; x_wconf 81' lang='lat' dir='ltr'><strong>sed</strong></span> <span class='ocrx_word' id='word_1_355' title='bbox 821 1787 898 1813; x_wconf 89' lang='lat' dir='ltr'><strong>Iidem</strong></span> <span class='ocrx_word' id='word_1_356' title='bbox 913 1792 938 1813; x_wconf 88' lang='lat' dir='ltr'><strong>te</strong></span> <span class='ocrx_word' id='word_1_357' title='bbox 953 1787 1066 1812; x_wconf 82' lang='lat' dir='ltr'><strong>fulcien-</strong></span> 
     </span>
    </p>
   </div>
   <div class='ocr_carea' id='block_1_48' title="bbox 280 1822 1066 1855">
    <p class='ocr_par' dir='ltr' id='par_1_48' title="bbox 280 1822 1066 1855">
     <span class='ocr_line' id='line_1_48' title="bbox 280 1822 1066 1855; baseline -0.003 -6"><span class='ocrx_word' id='word_1_358' title='bbox 280 1829 343 1849; x_wconf 73' lang='lat' dir='ltr'><strong>teut.</strong></span> <span class='ocrx_word' id='word_1_359' title='bbox 359 1823 440 1849; x_wconf 78' lang='lat' dir='ltr'><strong>&#39;l‘otus</strong></span> <span class='ocrx_word' id='word_1_360' title='bbox 457 1823 500 1848; x_wconf 90' lang='lat' dir='ltr'><strong>ille</strong></span> <span class='ocrx_word' id='word_1_361' title='bbox 514 1822 617 1848; x_wconf 85' lang='lat' dir='ltr'><strong>habitus</strong></span> <span class='ocrx_word' id='word_1_362' title='bbox 632 1827 761 1849; x_wconf 86' lang='lat' dir='ltr'><strong>vratorum</strong></span> <span class='ocrx_word' id='word_1_363' title='bbox 777 1827 844 1855; x_wconf 80' lang='lat' dir='ltr'><strong>erat,</strong></span> <span class='ocrx_word' id='word_1_364' title='bbox 859 1829 951 1849; x_wconf 88' lang='lat' dir='ltr'><strong>eorum</strong></span> <span class='ocrx_word' id='word_1_365' title='bbox 965 1822 1039 1849; x_wconf 86' lang='lat' dir='ltr'><strong>scilic</strong></span> <span class='ocrx_word' id='word_1_366' title='bbox 1049 1825 1066 1847; x_wconf 89' lang='lat' dir='ltr'><strong>-t</strong></span> 
     </span>
    </p>
   </div>
   <div class='ocr_carea' id='block_1_49' title="bbox 1041 141 1924 169">
    <p class='ocr_par' dir='ltr' id='par_1_49' title="bbox 1041 141 1924 169">
     <span class='ocr_line' id='line_1_49' title="bbox 1041 141 1924 169; baseline 0 -1"><span class='ocrx_word' id='word_1_367' title='bbox 1041 141 1172 169; x_wconf 71' lang='lat' dir='ltr'><strong>Sl‘Ulil‘.</strong></span> <span class='ocrx_word' id='word_1_368' title='bbox 1874 142 1924 168; x_wconf 55' lang='lat'><strong>7.75</strong></span> 
     </span>
    </p>
   </div>
   <div class='ocr_carea' id='block_1_50' title="bbox 1129 198 1919 234">
    <p class='ocr_par' dir='ltr' id='par_1_50' title="bbox 1129 198 1919 234">
     <span class='ocr_line' id='line_1_50' title="bbox 1129 198 1919 234; baseline 0.001 -9"><span class='ocrx_word' id='word_1_369' title='bbox 1129 199 1173 233; x_wconf 90' lang='lat' dir='ltr'><strong>qui</strong></span> <span class='ocrx_word' id='word_1_370' title='bbox 1190 198 1349 226; x_wconf 70' lang='lat' dir='ltr'><strong>festinabant</strong></span> <span class='ocrx_word' id='word_1_371' title='bbox 1363 206 1393 226; x_wconf 80' lang='lat' dir='ltr'><strong>ex</strong></span> <span class='ocrx_word' id='word_1_372' title='bbox 1405 199 1521 234; x_wconf 57' lang='lat' dir='ltr'><strong>rE-gypto</strong></span> <span class='ocrx_word' id='word_1_373' title='bbox 1534 199 1625 230; x_wconf 73' lang='lat' dir='ltr'><strong>exire;</strong></span> <span class='ocrx_word' id='word_1_374' title='bbox 1641 202 1667 224; x_wconf 92' lang='lat' dir='ltr'><strong>tu</strong></span> <span class='ocrx_word' id='word_1_375' title='bbox 1682 198 1777 225; x_wconf 80' lang='lat' dir='ltr'><strong>melius</strong></span> <span class='ocrx_word' id='word_1_376' title='bbox 1793 199 1900 226; x_wconf 85' lang='lat' dir='ltr'><strong>inritare</strong></span> <span class='ocrx_word' id='word_1_377' title='bbox 1913 221 1919 231; x_wconf 85' lang='grc'><strong>,</strong></span> 
     </span>
    </p>
   </div>
   <div class='ocr_carea' id='block_1_51' title="bbox 1128 234 1920 269">
    <p class='ocr_par' dir='ltr' id='par_1_51' title="bbox 1128 234 1920 269">
     <span class='ocr_line' id='line_1_51' title="bbox 1128 234 1920 269; baseline 0 -9"><span class='ocrx_word' id='word_1_378' title='bbox 1128 235 1203 269; x_wconf 86' lang='lat' dir='ltr'><strong>quasi</strong></span> <span class='ocrx_word' id='word_1_379' title='bbox 1218 234 1346 261; x_wconf 80' lang='lat' dir='ltr'><strong>festinans</strong></span> <span class='ocrx_word' id='word_1_380' title='bbox 1361 234 1392 261; x_wconf 89' lang='lat' dir='ltr'><strong>ad</strong></span> <span class='ocrx_word' id='word_1_381' title='bbox 1409 234 1556 261; x_wconf 73' lang='lat' dir='ltr'><strong>exitum~de</strong></span> <span class='ocrx_word' id='word_1_382' title='bbox 1570 234 1670 260; x_wconf 88' lang='lat' dir='ltr'><strong>mundo</strong></span> <span class='ocrx_word' id='word_1_383' title='bbox 1685 239 1711 261; x_wconf 83' lang='lat' dir='ltr'><strong>et</strong></span> <span class='ocrx_word' id='word_1_384' title='bbox 1726 235 1759 261; x_wconf 87' lang='lat' dir='ltr'><strong>de</strong></span> <span class='ocrx_word' id='word_1_385' title='bbox 1771 237 1920 268; x_wconf 87' lang='lat' dir='ltr'><strong>corruptio-</strong></span> 
     </span>
    </p>
   </div>
   <div class='ocr_carea' id='block_1_52' title="bbox 1129 269 1920 304">
    <p class='ocr_par' dir='ltr' id='par_1_52' title="bbox 1129 269 1920 304">
     <span class='ocr_line' id='line_1_52' title="bbox 1129 269 1920 304; baseline 0.003 -9"><span class='ocrx_word' id='word_1_386' title='bbox 1129 278 1171 296; x_wconf 88' lang='lat' dir='ltr'><strong>ne.</strong></span> <span class='ocrx_word' id='word_1_387' title='bbox 1197 269 1318 296; x_wconf 80' lang='lat' dir='ltr'><strong>Studiqu</strong></span> <span class='ocrx_word' id='word_1_388' title='bbox 1335 269 1420 300; x_wconf 72' lang='lat' dir='ltr'><strong>adsit,</strong></span> <span class='ocrx_word' id='word_1_389' title='bbox 1447 270 1570 303; x_wconf 89' lang='lat' dir='ltr'><strong>nullaque</strong></span> <span class='ocrx_word' id='word_1_390' title='bbox 1591 270 1718 302; x_wconf 72' lang='lat' dir='ltr'><strong>segnities</strong></span> <span class='ocrx_word' id='word_1_391' title='bbox 1740 270 1765 296; x_wconf 90' lang='lat' dir='ltr'><strong>itt</strong></span> <span class='ocrx_word' id='word_1_392' title='bbox 1789 271 1920 304; x_wconf 86' lang='lat' dir='ltr'><strong>spirituali</strong></span> 
     </span>
    </p>
   </div>
   <div class='ocr_carea' id='block_1_53' title="bbox 1127 304 1921 338">
    <p class='ocr_par' dir='ltr' id='par_1_53' title="bbox 1127 304 1921 338">
     <span class='ocr_line' id='line_1_53' title="bbox 1127 304 1921 338; baseline 0.003 -8"><span class='ocrx_word' id='word_1_393' title='bbox 1127 305 1187 338; x_wconf 75' lang='lat' dir='ltr'><strong>agni</strong></span> <span class='ocrx_word' id='word_1_394' title='bbox 1200 304 1372 331; x_wconf 64' lang='lat' dir='ltr'><strong>conn-sti&#39;nre.</strong></span> <span class='ocrx_word' id='word_1_395' title='bbox 1392 305 1439 331; x_wconf 91' lang='lat' dir='ltr'><strong>llic</strong></span> <span class='ocrx_word' id='word_1_396' title='bbox 1451 305 1549 338; x_wconf 82' lang='lat' dir='ltr'><strong>optima</strong></span> <span class='ocrx_word' id='word_1_397' title='bbox 1563 309 1604 331; x_wconf 79' lang='lat' dir='ltr'><strong>est</strong></span> <span class='ocrx_word' id='word_1_398' title='bbox 1617 305 1752 338; x_wconf 73' lang='lat' dir='ltr'><strong>diligentia</strong></span> <span class='ocrx_word' id='word_1_399' title='bbox 1769 325 1776 336; x_wconf 85' lang='grc'>,</span> <span class='ocrx_word' id='word_1_400' title='bbox 1792 313 1844 332; x_wconf 91' lang='lat' dir='ltr'><strong>non</strong></span> <span class='ocrx_word' id='word_1_401' title='bbox 1861 314 1921 338; x_wconf 62' lang='lat' dir='ltr'><strong>quia</strong></span> 
     </span>
    </p>
   </div>
   <div class='ocr_carea' id='block_1_54' title="bbox 1128 340 1922 373">
    <p class='ocr_par' dir='ltr' id='par_1_54' title="bbox 1128 340 1922 373">
     <span class='ocr_line' id='line_1_54' title="bbox 1128 340 1922 373; baseline 0.003 -8"><span class='ocrx_word' id='word_1_402' title='bbox 1128 341 1302 366; x_wconf 84' lang='lat' dir='ltr'><strong>voracitatem</strong></span> <span class='ocrx_word' id='word_1_403' title='bbox 1326 340 1522 366; x_wconf 79' lang='lat' dir='ltr'><strong>cornedeutinm</strong></span> <span class='ocrx_word' id='word_1_404' title='bbox 1538 347 1634 367; x_wconf 87' lang='lat' dir='ltr'><strong>carnes</strong></span> <span class='ocrx_word' id='word_1_405' title='bbox 1648 341 1799 373; x_wconf 75' lang='lat' dir='ltr'><strong>exprimat;</strong></span> <span class='ocrx_word' id='word_1_406' title='bbox 1817 341 1864 367; x_wconf 74' lang='lat' dir='ltr'><strong>sed</strong></span> <span class='ocrx_word' id='word_1_407' title='bbox 1879 342 1922 367; x_wconf 89' lang='lat' dir='ltr'><strong>di-</strong></span> 
     </span>
    </p>
   </div>
   <div class='ocr_carea' id='block_1_55' title="bbox 1128 375 1922 410">
    <p class='ocr_par' dir='ltr' id='par_1_55' title="bbox 1128 375 1922 410">
     <span class='ocr_line' id='line_1_55' title="bbox 1128 375 1922 410; baseline 0.004 -10"><span class='ocrx_word' id='word_1_408' title='bbox 1128 375 1217 401; x_wconf 83' lang='lat' dir='ltr'><strong>\inttln</strong></span> <span class='ocrx_word' id='word_1_409' title='bbox 1241 383 1361 402; x_wconf 89' lang='lat' dir='ltr'><strong>amorem</strong></span> <span class='ocrx_word' id='word_1_410' title='bbox 1382 375 1507 402; x_wconf 76' lang='lat' dir='ltr'><strong>exhibeat</strong></span> <span class='ocrx_word' id='word_1_411' title='bbox 1522 383 1614 401; x_wconf 85' lang='lat' dir='ltr'><strong>eorum</strong></span> <span class='ocrx_word' id='word_1_412' title='bbox 1629 396 1635 407; x_wconf 84' lang='grc'><em>,</em></span> <span class='ocrx_word' id='word_1_413' title='bbox 1653 377 1696 410; x_wconf 92' lang='lat' dir='ltr'><strong>qui</strong></span> <span class='ocrx_word' id='word_1_414' title='bbox 1710 383 1743 402; x_wconf 82' lang='lat' dir='ltr'><strong>ex</strong></span> <span class='ocrx_word' id='word_1_415' title='bbox 1765 376 1865 402; x_wconf 87' lang='lat' dir='ltr'><strong>mundo</strong></span> <span class='ocrx_word' id='word_1_416' title='bbox 1889 377 1922 404; x_wconf 84' lang='lat' dir='ltr'><strong>ad</strong></span> 
     </span>
    </p>
   </div>
   <div class='ocr_carea' id='block_1_56' title="bbox 1129 410 1920 445">
    <p class='ocr_par' dir='ltr' id='par_1_56' title="bbox 1129 410 1920 445">
     <span class='ocr_line' id='line_1_56' title="bbox 1129 410 1920 445; baseline 0.003 -9"><span class='ocrx_word' id='word_1_417' title='bbox 1129 410 1210 436; x_wconf 86' lang='lat' dir='ltr'><strong>Dento</strong></span> <span class='ocrx_word' id='word_1_418' title='bbox 1228 410 1364 437; x_wconf 86' lang='lat' dir='ltr'><strong>festinant.</strong></span> <span class='ocrx_word' id='word_1_419' title='bbox 1384 410 1492 444; x_wconf 82' lang='lat' dir='ltr'><strong>Septem</strong></span> <span class='ocrx_word' id='word_1_420' title='bbox 1506 410 1601 437; x_wconf 86' lang='lat' dir='ltr'><strong>diebus</strong></span> <span class='ocrx_word' id='word_1_421' title='bbox 1623 418 1714 445; x_wconf 74' lang='lat' dir='ltr'><strong>azyma</strong></span> <span class='ocrx_word' id='word_1_422' title='bbox 1736 411 1920 438; x_wconf 76' lang='lat' dir='ltr'><strong>comedebat:-</strong></span> 
     </span>
    </p>
   </div>
   <div class='ocr_carea' id='block_1_57' title="bbox 1127 445 1920 479">
    <p class='ocr_par' dir='ltr' id='par_1_57' title="bbox 1127 445 1920 479">
     <span class='ocr_line' id='line_1_57' title="bbox 1127 445 1920 479; baseline 0.001 -8"><span class='ocrx_word' id='word_1_423' title='bbox 1127 450 1187 477; x_wconf 88' lang='lat' dir='ltr'><strong>tur;</strong></span> <span class='ocrx_word' id='word_1_424' title='bbox 1204 446 1228 471; x_wconf 85' lang='lat' dir='ltr'><strong>id</strong></span> <span class='ocrx_word' id='word_1_425' title='bbox 1243 450 1302 475; x_wconf 84' lang='lat' dir='ltr'><strong>est.</strong></span> <span class='ocrx_word' id='word_1_426' title='bbox 1319 453 1365 479; x_wconf 74' lang='lat' dir='ltr'><strong>per</strong></span> <span class='ocrx_word' id='word_1_427' title='bbox 1381 450 1463 472; x_wconf 86' lang='lat' dir='ltr'><strong>totam</strong></span> <span class='ocrx_word' id='word_1_428' title='bbox 1478 445 1558 471; x_wconf 86' lang='lat' dir='ltr'><strong>vitam</strong></span> <span class='ocrx_word' id='word_1_429' title='bbox 1582 446 1723 472; x_wconf 79' lang='lat' dir='ltr'><strong>sinceritas</strong></span> <span class='ocrx_word' id='word_1_430' title='bbox 1737 446 1835 473; x_wconf 88' lang='lat' dir='ltr'><strong>valeat.</strong></span> <span class='ocrx_word' id='word_1_431' title='bbox 1853 447 1920 472; x_wconf 66' lang='lat' dir='ltr'><strong>Nam</strong></span> 
     </span>
    </p>
   </div>
   <div class='ocr_carea' id='block_1_58' title="bbox 1127 481 1921 516">
    <p class='ocr_par' dir='ltr' id='par_1_58' title="bbox 1127 481 1921 516">
     <span class='ocr_line' id='line_1_58' title="bbox 1127 481 1921 516; baseline 0.004 -11"><span class='ocrx_word' id='word_1_432' title='bbox 1127 488 1173 514; x_wconf 81' lang='lat' dir='ltr'><strong>per</strong></span> <span class='ocrx_word' id='word_1_433' title='bbox 1187 485 1289 515; x_wconf 82' lang='lat' dir='ltr'><strong>septem</strong></span> <span class='ocrx_word' id='word_1_434' title='bbox 1305 481 1362 507; x_wconf 84' lang='lat' dir='ltr'><strong>dies</strong></span> <span class='ocrx_word' id='word_1_435' title='bbox 1383 485 1467 507; x_wconf 87' lang='lat' dir='ltr'><strong>totum</strong></span> <span class='ocrx_word' id='word_1_436' title='bbox 1485 486 1588 515; x_wconf 78' lang='lat' dir='ltr'><strong>tempus</strong></span> <span class='ocrx_word' id='word_1_437' title='bbox 1605 481 1806 515; x_wconf 78' lang='lat' dir='ltr'><strong>multiplicatur.</strong></span> <span class='ocrx_word' id='word_1_438' title='bbox 1832 482 1863 508; x_wconf 83' lang='lat' dir='ltr'><strong>Et</strong></span> <span class='ocrx_word' id='word_1_439' title='bbox 1877 485 1921 516; x_wconf 85' lang='lat' dir='ltr'><strong>qui</strong></span> 
     </span>
    </p>
   </div>
   <div class='ocr_carea' id='block_1_59' title="bbox 1125 516 1922 544">
    <p class='ocr_par' dir='ltr' id='par_1_59' title="bbox 1125 516 1922 544">
     <span class='ocr_line' id='line_1_59' title="bbox 1125 516 1922 544; baseline -0.001 -2"><span class='ocrx_word' id='word_1_440' title='bbox 1125 516 1286 542; x_wconf 82' lang='lat' dir='ltr'><strong>fermentum</strong></span> <span class='ocrx_word' id='word_1_441' title='bbox 1300 516 1379 543; x_wconf 86' lang='lat' dir='ltr'><strong>habet</strong></span> <span class='ocrx_word' id='word_1_442' title='bbox 1391 516 1623 543; x_wconf 80' lang='lat' dir='ltr'><strong>exterminabitur.</strong></span> <span class='ocrx_word' id='word_1_443' title='bbox 1639 516 1704 543; x_wconf 72' lang='lat' dir='ltr'><strong>Nam</strong></span> <span class='ocrx_word' id='word_1_444' title='bbox 1720 517 1818 543; x_wconf 80' lang='lat' dir='ltr'><strong>veteris</strong></span> <span class='ocrx_word' id='word_1_445' title='bbox 1834 517 1922 544; x_wconf 64' lang='lat' dir='ltr'><strong>horni.</strong></span> 
     </span>
    </p>
   </div>
   <div class='ocr_carea' id='block_1_60' title="bbox 1127 551 1920 585">
    <p class='ocr_par' dir='ltr' id='par_1_60' title="bbox 1127 551 1920 585">
     <span class='ocr_line' id='line_1_60' title="bbox 1127 551 1920 585; baseline 0.001 -8"><span class='ocrx_word' id='word_1_446' title='bbox 1127 551 1167 578; x_wconf 85' lang='lat' dir='ltr'><strong>uis</strong></span> <span class='ocrx_word' id='word_1_447' title='bbox 1183 551 1298 585; x_wconf 87' lang='lat' dir='ltr'><strong>nequitia</strong></span> <span class='ocrx_word' id='word_1_448' title='bbox 1312 552 1462 585; x_wconf 85' lang='lat' dir='ltr'><strong>perniciosa</strong></span> <span class='ocrx_word' id='word_1_449' title='bbox 1478 556 1536 582; x_wconf 75' lang='lat' dir='ltr'><strong>est,</strong></span> <span class='ocrx_word' id='word_1_450' title='bbox 1553 559 1603 577; x_wconf 87' lang='lat' dir='ltr'><strong>nec</strong></span> <span class='ocrx_word' id='word_1_451' title='bbox 1618 557 1704 585; x_wconf 84' lang='lat' dir='ltr'><strong>potest</strong></span> <span class='ocrx_word' id='word_1_452' title='bbox 1717 559 1777 578; x_wconf 89' lang='lat' dir='ltr'><strong>cum</strong></span> <span class='ocrx_word' id='word_1_453' title='bbox 1794 553 1854 578; x_wconf 84' lang='lat' dir='ltr'><strong>novi</strong></span> <span class='ocrx_word' id='word_1_454' title='bbox 1873 553 1920 578; x_wconf 90' lang='lat' dir='ltr'><strong>ho-</strong></span> 
     </span>
    </p>
   </div>
   <div class='ocr_carea' id='block_1_61' title="bbox 1126 587 1920 620">
    <p class='ocr_par' dir='ltr' id='par_1_61' title="bbox 1126 587 1920 620">
     <span class='ocr_line' id='line_1_61' title="bbox 1126 587 1920 620; baseline 0.003 -8"><span class='ocrx_word' id='word_1_455' title='bbox 1126 587 1205 613; x_wconf 89' lang='lat' dir='ltr'><strong>minis</strong></span> <span class='ocrx_word' id='word_1_456' title='bbox 1227 587 1328 620; x_wconf 59' lang='lat' dir='ltr'><strong>juititia</strong></span> <span class='ocrx_word' id='word_1_457' title='bbox 1354 591 1380 613; x_wconf 84' lang='lat' dir='ltr'><strong>el.</strong></span> <span class='ocrx_word' id='word_1_458' title='bbox 1403 587 1546 613; x_wconf 83' lang='lat' dir='ltr'><strong>sanctitate</strong></span> <span class='ocrx_word' id='word_1_459' title='bbox 1570 587 1749 614; x_wconf 89' lang='lat' dir='ltr'><strong>commisceri.</strong></span> <span class='ocrx_word' id='word_1_460' title='bbox 1779 590 1817 613; x_wconf 85' lang='lat' dir='ltr'><strong>Ac</strong></span> <span class='ocrx_word' id='word_1_461' title='bbox 1844 589 1920 614; x_wconf 79' lang='lat' dir='ltr'><strong>vides</strong></span> 
     </span>
    </p>
   </div>
   <div class='ocr_carea' id='block_1_62' title="bbox 1127 621 1919 656">
    <p class='ocr_par' dir='ltr' id='par_1_62' title="bbox 1127 621 1919 656">
     <span class='ocr_line' id='line_1_62' title="bbox 1127 621 1919 656; baseline 0.001 -10"><span class='ocrx_word' id='word_1_462' title='bbox 1127 621 1197 656; x_wconf 82' lang='lat' dir='ltr'><strong>jnste</strong></span> <span class='ocrx_word' id='word_1_463' title='bbox 1213 622 1313 648; x_wconf 84' lang='lat' dir='ltr'><strong>illatam</strong></span> <span class='ocrx_word' id='word_1_464' title='bbox 1329 629 1390 648; x_wconf 87' lang='lat' dir='ltr'><strong>esse</strong></span> <span class='ocrx_word' id='word_1_465' title='bbox 1409 622 1480 648; x_wconf 83' lang='lat' dir='ltr'><strong>illam</strong></span> <span class='ocrx_word' id='word_1_466' title='bbox 1509 626 1619 656; x_wconf 87' lang='lat' dir='ltr'><strong>propter</strong></span> <span class='ocrx_word' id='word_1_467' title='bbox 1645 622 1802 649; x_wconf 82' lang='lat' dir='ltr'><strong>fertttenluut</strong></span> <span class='ocrx_word' id='word_1_468' title='bbox 1828 624 1919 656; x_wconf 78' lang='lat' dir='ltr'><strong>perui—</strong></span> 
     </span>
    </p>
   </div>
   <div class='ocr_carea' id='block_1_63' title="bbox 1126 657 1918 692">
    <p class='ocr_par' dir='ltr' id='par_1_63' title="bbox 1126 657 1918 692">
     <span class='ocr_line' id='line_1_63' title="bbox 1126 657 1918 692; baseline 0 -8"><span class='ocrx_word' id='word_1_469' title='bbox 1126 657 1214 684; x_wconf 85' lang='lat' dir='ltr'><strong>ciem:</strong></span> <span class='ocrx_word' id='word_1_470' title='bbox 1232 663 1342 692; x_wconf 80' lang='lat' dir='ltr'><strong>propter</strong></span> <span class='ocrx_word' id='word_1_471' title='bbox 1365 665 1507 683; x_wconf 86' lang='lat' dir='ltr'><strong>communc</strong></span> <span class='ocrx_word' id='word_1_472' title='bbox 1526 662 1615 683; x_wconf 89' lang='lat' dir='ltr'><strong>autent</strong></span> <span class='ocrx_word' id='word_1_473' title='bbox 1636 658 1712 691; x_wconf 86' lang='lat' dir='ltr'><strong>panis</strong></span> <span class='ocrx_word' id='word_1_474' title='bbox 1737 658 1896 684; x_wconf 88' lang='lat' dir='ltr'><strong>fertnenttnu</strong></span> <span class='ocrx_word' id='word_1_475' title='bbox 1910 679 1918 689; x_wconf 86' lang='lat'><strong>,</strong></span> 
     </span>
    </p>
   </div>
   <div class='ocr_carea' id='block_1_64' title="bbox 1128 692 1917 728">
    <p class='ocr_par' dir='ltr' id='par_1_64' title="bbox 1128 692 1917 728">
     <span class='ocr_line' id='line_1_64' title="bbox 1128 692 1917 728; baseline 0.001 -10"><span class='ocrx_word' id='word_1_476' title='bbox 1128 699 1179 718; x_wconf 89' lang='lat' dir='ltr'><strong>non</strong></span> <span class='ocrx_word' id='word_1_477' title='bbox 1201 693 1338 719; x_wconf 78' lang='lat' dir='ltr'><strong>videretur</strong></span> <span class='ocrx_word' id='word_1_478' title='bbox 1351 693 1421 719; x_wconf 82' lang='lat' dir='ltr'><strong>Deus</strong></span> <span class='ocrx_word' id='word_1_479' title='bbox 1435 693 1505 725; x_wconf 81' lang='lat' dir='ltr'><strong>juste</strong></span> <span class='ocrx_word' id='word_1_480' title='bbox 1520 693 1662 726; x_wconf 86' lang='lat' dir='ltr'><strong>indignari.</strong></span> <span class='ocrx_word' id='word_1_481' title='bbox 1679 692 1786 719; x_wconf 84' lang='lat' dir='ltr'><strong>Justitia</strong></span> <span class='ocrx_word' id='word_1_482' title='bbox 1801 701 1917 728; x_wconf 89' lang='lat' dir='ltr'><strong>namque</strong></span> 
     </span>
    </p>
   </div>
   <div class='ocr_carea' id='block_1_65' title="bbox 1127 728 1919 763">
    <p class='ocr_par' dir='ltr' id='par_1_65' title="bbox 1127 728 1919 763">
     <span class='ocr_line' id='line_1_65' title="bbox 1127 728 1919 763; baseline 0.001 -10"><span class='ocrx_word' id='word_1_483' title='bbox 1127 735 1178 763; x_wconf 86' lang='lat' dir='ltr'><strong>non</strong></span> <span class='ocrx_word' id='word_1_484' title='bbox 1195 728 1220 754; x_wconf 95' lang='lat' dir='ltr'><strong>in</strong></span> <span class='ocrx_word' id='word_1_485' title='bbox 1237 728 1306 762; x_wconf 79' lang='lat' dir='ltr'><strong>typis</strong></span> <span class='ocrx_word' id='word_1_486' title='bbox 1319 728 1538 761; x_wconf 72' lang='lat' dir='ltr'><strong>deprehenditur.</strong></span> <span class='ocrx_word' id='word_1_487' title='bbox 1551 728 1597 753; x_wconf 83' lang='lat' dir='ltr'><strong>sed</strong></span> <span class='ocrx_word' id='word_1_488' title='bbox 1611 728 1636 754; x_wconf 92' lang='lat' dir='ltr'><strong>in</strong></span> <span class='ocrx_word' id='word_1_489' title='bbox 1651 728 1688 754; x_wconf 88' lang='lat' dir='ltr'><strong>rei</strong></span> <span class='ocrx_word' id='word_1_490' title='bbox 1701 729 1814 755; x_wconf 78' lang='lat' dir='ltr'><strong>veritate</strong></span> <span class='ocrx_word' id='word_1_491' title='bbox 1829 729 1919 763; x_wconf 80' lang='lat' dir='ltr'><strong>splen-</strong></span> 
     </span>
    </p>
   </div>
   <div class='ocr_carea' id='block_1_66' title="bbox 1126 762 1917 798">
    <p class='ocr_par' dir='ltr' id='par_1_66' title="bbox 1126 762 1917 798">
     <span class='ocr_line' id='line_1_66' title="bbox 1126 762 1917 798; baseline 0.003 -10"><span class='ocrx_word' id='word_1_492' title='bbox 1126 762 1171 789; x_wconf 86' lang='lat' dir='ltr'><strong>det</strong></span> <span class='ocrx_word' id='word_1_493' title='bbox 1185 768 1209 789; x_wconf 89' lang='lat' dir='ltr'><strong>et</strong></span> <span class='ocrx_word' id='word_1_494' title='bbox 1226 763 1394 797; x_wconf 85' lang='lat' dir='ltr'><strong>agnoseitur:</strong></span> <span class='ocrx_word' id='word_1_495' title='bbox 1409 763 1477 789; x_wconf 88' lang='lat' dir='ltr'><strong>sicut</strong></span> <span class='ocrx_word' id='word_1_496' title='bbox 1489 768 1515 790; x_wconf 81' lang='lat' dir='ltr'><strong>et</strong></span> <span class='ocrx_word' id='word_1_497' title='bbox 1531 763 1574 789; x_wconf 86' lang='lat' dir='ltr'><strong>illa</strong></span> <span class='ocrx_word' id='word_1_498' title='bbox 1591 763 1680 789; x_wconf 80' lang='lat' dir='ltr'><strong>unctio</strong></span> <span class='ocrx_word' id='word_1_499' title='bbox 1693 762 1917 798; x_wconf 41' lang='lat' dir='ltr'><strong>sanguinis-{quat</strong></span> 
     </span>
    </p>
   </div>
   <div class='ocr_carea' id='block_1_67' title="bbox 1125 797 1919 833">
    <p class='ocr_par' dir='ltr' id='par_1_67' title="bbox 1125 797 1919 833">
     <span class='ocr_line' id='line_1_67' title="bbox 1125 797 1919 833; baseline 0.001 -9"><span class='ocrx_word' id='word_1_500' title='bbox 1125 797 1233 825; x_wconf 88' lang='lat' dir='ltr'><strong>videtur</strong></span> <span class='ocrx_word' id='word_1_501' title='bbox 1252 798 1357 832; x_wconf 81' lang='lat' dir='ltr'><strong>indigna</strong></span> <span class='ocrx_word' id='word_1_502' title='bbox 1374 799 1445 828; x_wconf 79' lang='lat' dir='ltr'><strong>Deo.</strong></span> <span class='ocrx_word' id='word_1_503' title='bbox 1463 799 1580 829; x_wconf 79' lang='lat' dir='ltr'><strong>tollitur,</strong></span> <span class='ocrx_word' id='word_1_504' title='bbox 1597 798 1703 832; x_wconf 90' lang='lat' dir='ltr'><strong>quando</strong></span> <span class='ocrx_word' id='word_1_505' title='bbox 1725 800 1807 833; x_wconf 82' lang='lat' dir='ltr'><strong>ligttra</strong></span> <span class='ocrx_word' id='word_1_506' title='bbox 1821 797 1919 826; x_wconf 80' lang='lat' dir='ltr'><strong>secun—</strong></span> 
     </span>
    </p>
   </div>
   <div class='ocr_carea' id='block_1_68' title="bbox 1124 833 1919 868">
    <p class='ocr_par' dir='ltr' id='par_1_68' title="bbox 1124 833 1919 868">
     <span class='ocr_line' id='line_1_68' title="bbox 1124 833 1919 868; baseline 0.003 -9"><span class='ocrx_word' id='word_1_507' title='bbox 1124 833 1188 860; x_wconf 92' lang='lat' dir='ltr'><strong>dum</strong></span> <span class='ocrx_word' id='word_1_508' title='bbox 1205 834 1241 860; x_wconf 90' lang='lat' dir='ltr'><strong>rei</strong></span> <span class='ocrx_word' id='word_1_509' title='bbox 1255 834 1394 860; x_wconf 82' lang='lat' dir='ltr'><strong>veritatem</strong></span> <span class='ocrx_word' id='word_1_510' title='bbox 1416 838 1562 868; x_wconf 86' lang='lat' dir='ltr'><strong>spectatur.</strong></span> <span class='ocrx_word' id='word_1_511' title='bbox 1587 834 1743 860; x_wconf 88' lang='lat' dir='ltr'><strong>lndecorruu</strong></span> <span class='ocrx_word' id='word_1_512' title='bbox 1767 835 1838 860; x_wconf 88' lang='lat' dir='ltr'><strong>enim</strong></span> <span class='ocrx_word' id='word_1_513' title='bbox 1863 835 1919 861; x_wconf 89' lang='lat' dir='ltr'><strong>Deo</strong></span> 
     </span>
    </p>
   </div>
   <div class='ocr_carea' id='block_1_69' title="bbox 1124 868 1916 903">
    <p class='ocr_par' dir='ltr' id='par_1_69' title="bbox 1124 868 1916 903">
     <span class='ocr_line' id='line_1_69' title="bbox 1124 868 1916 903; baseline 0.004 -9"><span class='ocrx_word' id='word_1_514' title='bbox 1124 873 1195 895; x_wconf 80' lang='lat' dir='ltr'><strong>eSset</strong></span> <span class='ocrx_word' id='word_1_515' title='bbox 1207 876 1287 903; x_wconf 84' lang='lat' dir='ltr'><strong>egere</strong></span> <span class='ocrx_word' id='word_1_516' title='bbox 1306 870 1452 902; x_wconf 81' lang='lat' dir='ltr'><strong>sanguine,</strong></span> <span class='ocrx_word' id='word_1_517' title='bbox 1466 868 1498 895; x_wconf 83' lang='lat' dir='ltr'><strong>ad</strong></span> <span class='ocrx_word' id='word_1_518' title='bbox 1520 870 1722 903; x_wconf 56' lang='lat' dir='ltr'><strong>cognoscendas</strong></span> <span class='ocrx_word' id='word_1_519' title='bbox 1743 869 1916 897; x_wconf 75' lang='lat' dir='ltr'><strong>llcbrn-ortun</strong></span> 
     </span>
    </p>
   </div>
   <div class='ocr_carea' id='block_1_70' title="bbox 1125 903 1916 939">
    <p class='ocr_par' dir='ltr' id='par_1_70' title="bbox 1125 903 1916 939">
     <span class='ocr_line' id='line_1_70' title="bbox 1125 903 1916 939; baseline 0.001 -9"><span class='ocrx_word' id='word_1_520' title='bbox 1125 904 1213 939; x_wconf 61' lang='lat' dir='ltr'><strong>mdes;</strong></span> <span class='ocrx_word' id='word_1_521' title='bbox 1230 903 1277 930; x_wconf 88' lang='lat' dir='ltr'><strong>sed</strong></span> <span class='ocrx_word' id='word_1_522' title='bbox 1291 904 1573 931; x_wconf 88' lang='lat' dir='ltr'><strong>eonveuientissirmuu</strong></span> <span class='ocrx_word' id='word_1_523' title='bbox 1598 904 1646 937; x_wconf 72' lang='lat' dir='ltr'><strong>ipsi</strong></span> <span class='ocrx_word' id='word_1_524' title='bbox 1660 909 1719 934; x_wconf 90' lang='lat' dir='ltr'><strong>est,</strong></span> <span class='ocrx_word' id='word_1_525' title='bbox 1734 904 1803 939; x_wconf 88' lang='lat' dir='ltr'><strong>quod</strong></span> <span class='ocrx_word' id='word_1_526' title='bbox 1821 913 1867 938; x_wconf 92' lang='lat' dir='ltr'><strong>per</strong></span> <span class='ocrx_word' id='word_1_527' title='bbox 1887 906 1916 931; x_wconf 89' lang='lat' dir='ltr'><strong>li-</strong></span> 
     </span>
    </p>
   </div>
   <div class='ocr_carea' id='block_1_71' title="bbox 1125 938 1916 974">
    <p class='ocr_par' dir='ltr' id='par_1_71' title="bbox 1125 938 1916 974">
     <span class='ocr_line' id='line_1_71' title="bbox 1125 938 1916 974; baseline 0.004 -9"><span class='ocrx_word' id='word_1_528' title='bbox 1125 938 1186 965; x_wconf 86' lang='lat' dir='ltr'><strong>dem</strong></span> <span class='ocrx_word' id='word_1_529' title='bbox 1208 939 1233 965; x_wconf 87' lang='lat' dir='ltr'><strong>in</strong></span> <span class='ocrx_word' id='word_1_530' title='bbox 1254 939 1353 966; x_wconf 81' lang='lat' dir='ltr'><strong>Christi</strong></span> <span class='ocrx_word' id='word_1_531' title='bbox 1368 939 1525 974; x_wconf 83' lang='lat' dir='ltr'><strong>sanguinem</strong></span> <span class='ocrx_word' id='word_1_532' title='bbox 1544 938 1748 974; x_wconf 43' lang='lat' dir='ltr'><strong>cognoscantur“</strong></span> <span class='ocrx_word' id='word_1_533' title='bbox 1761 941 1795 965; x_wconf 90' lang='lat' dir='ltr'><strong>ab</strong></span> <span class='ocrx_word' id='word_1_534' title='bbox 1818 940 1876 974; x_wconf 87' lang='lat' dir='ltr'><strong>ipso</strong></span> <span class='ocrx_word' id='word_1_535' title='bbox 1890 946 1916 968; x_wconf 86' lang='lat' dir='ltr'><strong>et</strong></span> 
     </span>
    </p>
   </div>
   <div class='ocr_carea' id='block_1_72' title="bbox 1125 974 1916 1008">
    <p class='ocr_par' dir='ltr' id='par_1_72' title="bbox 1125 974 1916 1008">
     <span class='ocr_line' id='line_1_72' title="bbox 1125 974 1916 1008; baseline 0.003 -8"><span class='ocrx_word' id='word_1_536' title='bbox 1125 974 1238 1001; x_wconf 85' lang='lat' dir='ltr'><strong>salutem</strong></span> <span class='ocrx_word' id='word_1_537' title='bbox 1253 981 1459 1008; x_wconf 90' lang='lat' dir='ltr'><strong>consequamur.</strong></span> <span class='ocrx_word' id='word_1_538' title='bbox 1483 975 1579 1001; x_wconf 85' lang='lat' dir='ltr'><strong>Annon</strong></span> <span class='ocrx_word' id='word_1_539' title='bbox 1603 975 1682 1001; x_wconf 87' lang='lat' dir='ltr'><strong>ctiam</strong></span> <span class='ocrx_word' id='word_1_540' title='bbox 1703 975 1830 1002; x_wconf 83' lang='lat' dir='ltr'><strong>indecens</strong></span> <span class='ocrx_word' id='word_1_541' title='bbox 1845 981 1916 1002; x_wconf 88' lang='lat' dir='ltr'><strong>esset</strong></span> 
     </span>
    </p>
   </div>
   <div class='ocr_carea' id='block_1_73' title="bbox 1125 1008 1916 1044">
    <p class='ocr_par' dir='ltr' id='par_1_73' title="bbox 1125 1008 1916 1044">
     <span class='ocr_line' id='line_1_73' title="bbox 1125 1008 1916 1044; baseline 0.001 -8"><span class='ocrx_word' id='word_1_542' title='bbox 1125 1008 1190 1036; x_wconf 91' lang='lat' dir='ltr'><strong>illud</strong></span> <span class='ocrx_word' id='word_1_543' title='bbox 1204 1010 1276 1044; x_wconf 91' lang='lat' dir='ltr'><strong>quod</strong></span> <span class='ocrx_word' id='word_1_544' title='bbox 1295 1010 1524 1037; x_wconf 84' lang='lat' dir='ltr'><strong>circumcisionem</strong></span> <span class='ocrx_word' id='word_1_545' title='bbox 1538 1015 1644 1044; x_wconf 80' lang='lat' dir='ltr'><strong>spectat</strong></span> <span class='ocrx_word' id='word_1_546' title='bbox 1658 1010 1817 1043; x_wconf 74' lang='lat' dir='ltr'><strong>simpliciter</strong></span> <span class='ocrx_word' id='word_1_547' title='bbox 1837 1011 1916 1037; x_wconf 86' lang='lat' dir='ltr'><strong>intel-</strong></span> 
     </span>
    </p>
   </div>
   <div class='ocr_carea' id='block_1_74' title="bbox 1125 1044 1914 1079">
    <p class='ocr_par' dir='ltr' id='par_1_74' title="bbox 1125 1044 1914 1079">
     <span class='ocr_line' id='line_1_74' title="bbox 1125 1044 1914 1079; baseline 0.001 -8"><span class='ocrx_word' id='word_1_548' title='bbox 1125 1044 1222 1079; x_wconf 79' lang='lat' dir='ltr'><strong>ligere,</strong></span> <span class='ocrx_word' id='word_1_549' title='bbox 1240 1046 1314 1079; x_wconf 85' lang='lat' dir='ltr'><strong>quasi</strong></span> <span class='ocrx_word' id='word_1_550' title='bbox 1334 1045 1406 1072; x_wconf 86' lang='lat' dir='ltr'><strong>Deus</strong></span> <span class='ocrx_word' id='word_1_551' title='bbox 1426 1046 1498 1072; x_wconf 87' lang='lat' dir='ltr'><strong>serio</strong></span> <span class='ocrx_word' id='word_1_552' title='bbox 1517 1045 1627 1078; x_wconf 77' lang='lat' dir='ltr'><strong>jusserit</strong></span> <span class='ocrx_word' id='word_1_553' title='bbox 1651 1053 1729 1078; x_wconf 86' lang='lat' dir='ltr'><strong>eum,</strong></span> <span class='ocrx_word' id='word_1_554' title='bbox 1745 1046 1790 1079; x_wconf 87' lang='lat' dir='ltr'><strong>qui</strong></span> <span class='ocrx_word' id='word_1_555' title='bbox 1815 1046 1914 1072; x_wconf 64' lang='lat' dir='ltr'><strong>Pascha</strong></span> 
     </span>
    </p>
   </div>
   <div class='ocr_carea' id='block_1_75' title="bbox 1123 1080 1917 1113">
    <p class='ocr_par' dir='ltr' id='par_1_75' title="bbox 1123 1080 1917 1113">
     <span class='ocr_line' id='line_1_75' title="bbox 1123 1080 1917 1113; baseline 0.001 -6"><span class='ocrx_word' id='word_1_556' title='bbox 1123 1085 1292 1107; x_wconf 88' lang='lat' dir='ltr'><strong>coruesturus</strong></span> <span class='ocrx_word' id='word_1_557' title='bbox 1307 1081 1342 1107; x_wconf 84' lang='lat' dir='ltr'><strong>sit</strong></span> <span class='ocrx_word' id='word_1_558' title='bbox 1353 1101 1360 1111; x_wconf 83' lang='grc'>,</span> <span class='ocrx_word' id='word_1_559' title='bbox 1377 1080 1551 1113; x_wconf 88' lang='lat' dir='ltr'><strong>circumcidi,</strong></span> <span class='ocrx_word' id='word_1_560' title='bbox 1568 1081 1590 1107; x_wconf 88' lang='lat' dir='ltr'><strong>si</strong></span> <span class='ocrx_word' id='word_1_561' title='bbox 1613 1088 1666 1106; x_wconf 87' lang='lat' dir='ltr'><strong>non</strong></span> <span class='ocrx_word' id='word_1_562' title='bbox 1681 1086 1753 1107; x_wconf 83' lang='lat' dir='ltr'><strong>esset</strong></span> <span class='ocrx_word' id='word_1_563' title='bbox 1776 1083 1917 1108; x_wconf 69' lang='lat' dir='ltr'><strong>ett-cumci-</strong></span> 
     </span>
    </p>
   </div>
   <div class='ocr_carea' id='block_1_76' title="bbox 1124 1115 1914 1148">
    <p class='ocr_par' dir='ltr' id='par_1_76' title="bbox 1124 1115 1914 1148">
     <span class='ocr_line' id='line_1_76' title="bbox 1124 1115 1914 1148; baseline 0.001 -6"><span class='ocrx_word' id='word_1_564' title='bbox 1124 1122 1187 1148; x_wconf 84' lang='lat' dir='ltr'><strong>sus,</strong></span> <span class='ocrx_word' id='word_1_565' title='bbox 1204 1120 1231 1142; x_wconf 87' lang='lat' dir='ltr'><strong>et</strong></span> <span class='ocrx_word' id='word_1_566' title='bbox 1252 1116 1290 1142; x_wconf 87' lang='lat' dir='ltr'><strong>sic</strong></span> <span class='ocrx_word' id='word_1_567' title='bbox 1310 1116 1343 1142; x_wconf 87' lang='lat' dir='ltr'><strong>ad</strong></span> <span class='ocrx_word' id='word_1_568' title='bbox 1361 1116 1553 1142; x_wconf 88' lang='lat' dir='ltr'><strong>cornestionern</strong></span> <span class='ocrx_word' id='word_1_569' title='bbox 1568 1116 1698 1143; x_wconf 86' lang='lat' dir='ltr'><strong>accedere</strong></span> <span class='ocrx_word' id='word_1_570' title='bbox 1708 1116 1719 1142; x_wconf 67' lang='grc' dir='ltr'><strong>’ἰ</strong></span> <span class='ocrx_word' id='word_1_571' title='bbox 1742 1115 1770 1143; x_wconf 91' lang='lat' dir='ltr'><strong>Si</strong></span> <span class='ocrx_word' id='word_1_572' title='bbox 1784 1124 1848 1143; x_wconf 89' lang='lat' dir='ltr'><strong>vero</strong></span> <span class='ocrx_word' id='word_1_573' title='bbox 1861 1116 1914 1144; x_wconf 87' lang='lat' dir='ltr'><strong>eir-</strong></span> 
     </span>
    </p>
   </div>
   <div class='ocr_carea' id='block_1_77' title="bbox 1123 1151 1915 1187">
    <p class='ocr_par' dir='ltr' id='par_1_77' title="bbox 1123 1151 1915 1187">
     <span class='ocr_line' id='line_1_77' title="bbox 1123 1151 1915 1187; baseline 0.001 -10"><span class='ocrx_word' id='word_1_574' title='bbox 1123 1151 1295 1187; x_wconf 85' lang='lat' dir='ltr'><strong>cnmcisionis</strong></span> <span class='ocrx_word' id='word_1_575' title='bbox 1307 1152 1432 1178; x_wconf 87' lang='lat' dir='ltr'><strong>virtutem</strong></span> <span class='ocrx_word' id='word_1_576' title='bbox 1443 1151 1611 1187; x_wconf 75' lang='lat' dir='ltr'><strong>spiritualetn</strong></span> <span class='ocrx_word' id='word_1_577' title='bbox 1623 1151 1728 1187; x_wconf 64' lang='lat' dir='ltr'><strong>noveris</strong></span> <span class='ocrx_word' id='word_1_578' title='bbox 1739 1173 1746 1184; x_wconf 84' lang='lat'>,</span> <span class='ocrx_word' id='word_1_579' title='bbox 1760 1152 1915 1187; x_wconf 75' lang='lat' dir='ltr'><strong>mysterium</strong></span> 
     </span>
    </p>
   </div>
   <div class='ocr_carea' id='block_1_78' title="bbox 1123 1186 1914 1221">
    <p class='ocr_par' dir='ltr' id='par_1_78' title="bbox 1123 1186 1914 1221">
     <span class='ocr_line' id='line_1_78' title="bbox 1123 1186 1914 1221; baseline 0.003 -9"><span class='ocrx_word' id='word_1_580' title='bbox 1123 1186 1226 1213; x_wconf 66' lang='lat' dir='ltr'><strong>videbis</strong></span> <span class='ocrx_word' id='word_1_581' title='bbox 1239 1207 1246 1218; x_wconf 81' lang='lat'>,</span> <span class='ocrx_word' id='word_1_582' title='bbox 1267 1192 1294 1213; x_wconf 85' lang='lat' dir='ltr'><strong>et</strong></span> <span class='ocrx_word' id='word_1_583' title='bbox 1311 1187 1392 1213; x_wconf 88' lang='lat' dir='ltr'><strong>Detuu</strong></span> <span class='ocrx_word' id='word_1_584' title='bbox 1407 1187 1579 1220; x_wconf 82' lang='lat' dir='ltr'><strong>glorilicabis.</strong></span> <span class='ocrx_word' id='word_1_585' title='bbox 1594 1186 1769 1213; x_wconf 78' lang='lat' dir='ltr'><strong>Circumcisto</strong></span> <span class='ocrx_word' id='word_1_586' title='bbox 1790 1186 1914 1221; x_wconf 69' lang='lat' dir='ltr'><strong>genitalis</strong></span> 
     </span>
    </p>
   </div>
   <div class='ocr_carea' id='block_1_79' title="bbox 1125 1221 1916 1256">
    <p class='ocr_par' dir='ltr' id='par_1_79' title="bbox 1125 1221 1916 1256">
     <span class='ocr_line' id='line_1_79' title="bbox 1125 1221 1916 1256; baseline 0 -9"><span class='ocrx_word' id='word_1_587' title='bbox 1125 1221 1237 1248; x_wconf 87' lang='lat' dir='ltr'><strong>membri</strong></span> <span class='ocrx_word' id='word_1_588' title='bbox 1261 1226 1328 1248; x_wconf 88' lang='lat' dir='ltr'><strong>erat.</strong></span> <span class='ocrx_word' id='word_1_589' title='bbox 1347 1222 1386 1248; x_wconf 84' lang='lat' dir='ltr'><strong>Ab</strong></span> <span class='ocrx_word' id='word_1_590' title='bbox 1400 1227 1477 1254; x_wconf 90' lang='lat' dir='ltr'><strong>ortu,</strong></span> <span class='ocrx_word' id='word_1_591' title='bbox 1493 1230 1509 1247; x_wconf 82' lang='grc' dir='ltr'><strong>ο</strong></span> <span class='ocrx_word' id='word_1_592' title='bbox 1524 1221 1606 1248; x_wconf 87' lang='lat' dir='ltr'><strong>homo</strong></span> <span class='ocrx_word' id='word_1_593' title='bbox 1617 1242 1624 1253; x_wconf 89' lang='lat'><strong><em>,</em></strong></span> <span class='ocrx_word' id='word_1_594' title='bbox 1648 1222 1845 1256; x_wconf 84' lang='lat' dir='ltr'><strong>operimentum</strong></span> <span class='ocrx_word' id='word_1_595' title='bbox 1868 1224 1916 1249; x_wconf 81' lang='lat' dir='ltr'><strong>ba-</strong></span> 
     </span>
    </p>
   </div>
   <div class='ocr_carea' id='block_1_80' title="bbox 1122 1257 1914 1291">
    <p class='ocr_par' dir='ltr' id='par_1_80' title="bbox 1122 1257 1914 1291">
     <span class='ocr_line' id='line_1_80' title="bbox 1122 1257 1914 1291; baseline 0.001 -8"><span class='ocrx_word' id='word_1_596' title='bbox 1122 1257 1218 1289; x_wconf 81' lang='lat' dir='ltr'><strong>buisti,</strong></span> <span class='ocrx_word' id='word_1_597' title='bbox 1231 1257 1300 1291; x_wconf 84' lang='lat' dir='ltr'><strong>quod</strong></span> <span class='ocrx_word' id='word_1_598' title='bbox 1315 1258 1456 1291; x_wconf 77' lang='lat' dir='ltr'><strong>oportebat</strong></span> <span class='ocrx_word' id='word_1_599' title='bbox 1471 1261 1495 1284; x_wconf 90' lang='lat' dir='ltr'><strong>te</strong></span> <span class='ocrx_word' id='word_1_600' title='bbox 1514 1264 1654 1284; x_wconf 83' lang='lat' dir='ltr'><strong>removere</strong></span> <span class='ocrx_word' id='word_1_601' title='bbox 1665 1278 1672 1288; x_wconf 82' lang='grc'>,</span> <span class='ocrx_word' id='word_1_602' title='bbox 1688 1262 1716 1283; x_wconf 91' lang='lat' dir='ltr'><strong>ut</strong></span> <span class='ocrx_word' id='word_1_603' title='bbox 1730 1263 1823 1291; x_wconf 81' lang='lat' dir='ltr'><strong>operto</strong></span> <span class='ocrx_word' id='word_1_604' title='bbox 1840 1258 1914 1284; x_wconf 81' lang='lat' dir='ltr'><strong>vultu</strong></span> 
     </span>
    </p>
   </div>
   <div class='ocr_carea' id='block_1_81' title="bbox 1123 1292 1917 1326">
    <p class='ocr_par' dir='ltr' id='par_1_81' title="bbox 1123 1292 1917 1326">
     <span class='ocr_line' id='line_1_81' title="bbox 1123 1292 1917 1326; baseline 0.001 -8"><span class='ocrx_word' id='word_1_605' title='bbox 1123 1293 1262 1319; x_wconf 82' lang='lat' dir='ltr'><strong>veritatem</strong></span> <span class='ocrx_word' id='word_1_606' title='bbox 1275 1292 1388 1324; x_wconf 71' lang='lat' dir='ltr'><strong>videres,</strong></span> <span class='ocrx_word' id='word_1_607' title='bbox 1402 1300 1450 1319; x_wconf 90' lang='lat' dir='ltr'><strong>nec</strong></span> <span class='ocrx_word' id='word_1_608' title='bbox 1463 1293 1513 1319; x_wconf 88' lang='lat' dir='ltr'><strong>sub</strong></span> <span class='ocrx_word' id='word_1_609' title='bbox 1524 1297 1631 1319; x_wconf 84' lang='lat' dir='ltr'><strong>terreno</strong></span> <span class='ocrx_word' id='word_1_610' title='bbox 1644 1293 1766 1326; x_wconf 80' lang='lat' dir='ltr'><strong>corporis</strong></span> <span class='ocrx_word' id='word_1_611' title='bbox 1782 1298 1917 1326; x_wconf 79' lang='lat' dir='ltr'><strong>tegumen—</strong></span> 
     </span>
    </p>
   </div>
   <div class='ocr_carea' id='block_1_82' title="bbox 1124 1328 1917 1362">
    <p class='ocr_par' dir='ltr' id='par_1_82' title="bbox 1124 1328 1917 1362">
     <span class='ocr_line' id='line_1_82' title="bbox 1124 1328 1917 1362; baseline 0 -8"><span class='ocrx_word' id='word_1_612' title='bbox 1124 1333 1151 1354; x_wconf 92' lang='lat' dir='ltr'><strong>to</strong></span> <span class='ocrx_word' id='word_1_613' title='bbox 1167 1328 1239 1354; x_wconf 86' lang='lat' dir='ltr'><strong>illam</strong></span> <span class='ocrx_word' id='word_1_614' title='bbox 1262 1329 1420 1362; x_wconf 75' lang='lat' dir='ltr'><strong>respiceres.</strong></span> <span class='ocrx_word' id='word_1_615' title='bbox 1434 1328 1499 1354; x_wconf 81' lang='lat' dir='ltr'><strong>Cum</strong></span> <span class='ocrx_word' id='word_1_616' title='bbox 1515 1328 1586 1355; x_wconf 89' lang='lat' dir='ltr'><strong>enim</strong></span> <span class='ocrx_word' id='word_1_617' title='bbox 1610 1328 1722 1354; x_wconf 86' lang='lat' dir='ltr'><strong>nudatus</strong></span> <span class='ocrx_word' id='word_1_618' title='bbox 1737 1328 1817 1355; x_wconf 87' lang='lat' dir='ltr'><strong>fueris</strong></span> <span class='ocrx_word' id='word_1_619' title='bbox 1831 1336 1845 1355; x_wconf 86' lang='lat' dir='ltr'><strong>a</strong></span> <span class='ocrx_word' id='word_1_620' title='bbox 1860 1336 1917 1355; x_wconf 84' lang='lat' dir='ltr'><strong>car-</strong></span> 
     </span>
    </p>
   </div>
   <div class='ocr_carea' id='block_1_83' title="bbox 1123 1361 1917 1397">
    <p class='ocr_par' dir='ltr' id='par_1_83' title="bbox 1123 1361 1917 1397">
     <span class='ocr_line' id='line_1_83' title="bbox 1123 1361 1917 1397; baseline -0.001 -7"><span class='ocrx_word' id='word_1_621' title='bbox 1123 1371 1174 1390; x_wconf 88' lang='lat' dir='ltr'><strong>uco</strong></span> <span class='ocrx_word' id='word_1_622' title='bbox 1185 1361 1314 1397; x_wconf 57' lang='lat' dir='ltr'><strong>corpore;</strong></span> <span class='ocrx_word' id='word_1_623' title='bbox 1330 1363 1362 1390; x_wconf 86' lang='lat' dir='ltr'><strong>ad</strong></span> <span class='ocrx_word' id='word_1_624' title='bbox 1377 1361 1513 1390; x_wconf 87' lang='lat' dir='ltr'><strong>Christum</strong></span> <span class='ocrx_word' id='word_1_625' title='bbox 1530 1368 1556 1389; x_wconf 91' lang='lat' dir='ltr'><strong>ut</strong></span> <span class='ocrx_word' id='word_1_626' title='bbox 1571 1363 1680 1396; x_wconf 87' lang='lat' dir='ltr'><strong>spiritus</strong></span> <span class='ocrx_word' id='word_1_627' title='bbox 1694 1364 1811 1395; x_wconf 82' lang='lat' dir='ltr'><strong>accedis,</strong></span> <span class='ocrx_word' id='word_1_628' title='bbox 1826 1370 1853 1390; x_wconf 89' lang='lat' dir='ltr'><strong>et</strong></span> <span class='ocrx_word' id='word_1_629' title='bbox 1867 1364 1917 1390; x_wconf 89' lang='lat' dir='ltr'><strong>Du-</strong></span> 
     </span>
    </p>
   </div>
   <div class='ocr_carea' id='block_1_84' title="bbox 1122 1398 1918 1432">
    <p class='ocr_par' dir='ltr' id='par_1_84' title="bbox 1122 1398 1918 1432">
     <span class='ocr_line' id='line_1_84' title="bbox 1122 1398 1918 1432; baseline 0.001 -7"><span class='ocrx_word' id='word_1_630' title='bbox 1122 1399 1196 1425; x_wconf 85' lang='lat' dir='ltr'><strong>tnino</strong></span> <span class='ocrx_word' id='word_1_631' title='bbox 1219 1399 1324 1425; x_wconf 79' lang='lat' dir='ltr'><strong>ltzererts</strong></span> <span class='ocrx_word' id='word_1_632' title='bbox 1346 1405 1414 1424; x_wconf 90' lang='lat' dir='ltr'><strong>unus</strong></span> <span class='ocrx_word' id='word_1_633' title='bbox 1433 1399 1543 1432; x_wconf 85' lang='lat' dir='ltr'><strong>spiritus</strong></span> <span class='ocrx_word' id='word_1_634' title='bbox 1562 1398 1677 1426; x_wconf 83' lang='lat' dir='ltr'><strong>cfliceris</strong></span> <span class='ocrx_word' id='word_1_635' title='bbox 1704 1406 1751 1432; x_wconf 91' lang='lat' dir='ltr'><strong>per</strong></span> <span class='ocrx_word' id='word_1_636' title='bbox 1773 1406 1878 1426; x_wconf 84' lang='lat' dir='ltr'><strong>sacrant</strong></span> <span class='ocrx_word' id='word_1_637' title='bbox 1892 1405 1918 1426; x_wconf 88' lang='lat' dir='ltr'><strong>et</strong></span> 
     </span>
    </p>
   </div>
   <div class='ocr_carea' id='block_1_85' title="bbox 1121 1434 1912 1468">
    <p class='ocr_par' dir='ltr' id='par_1_85' title="bbox 1121 1434 1912 1468">
     <span class='ocr_line' id='line_1_85' title="bbox 1121 1434 1912 1468; baseline 0.001 -8"><span class='ocrx_word' id='word_1_638' title='bbox 1121 1435 1264 1461; x_wconf 86' lang='lat' dir='ltr'><strong>salutarem</strong></span> <span class='ocrx_word' id='word_1_639' title='bbox 1279 1434 1507 1468; x_wconf 81' lang='lat' dir='ltr'><strong>participationem</strong></span> <span class='ocrx_word' id='word_1_640' title='bbox 1520 1455 1526 1466; x_wconf 86' lang='grc'>,</span> <span class='ocrx_word' id='word_1_641' title='bbox 1538 1442 1618 1468; x_wconf 89' lang='lat' dir='ltr'><strong>quam</strong></span> <span class='ocrx_word' id='word_1_642' title='bbox 1635 1434 1769 1461; x_wconf 87' lang='lat' dir='ltr'><strong>indicabat</strong></span> <span class='ocrx_word' id='word_1_643' title='bbox 1790 1436 1912 1461; x_wconf 87' lang='lat' dir='ltr'><strong>carnium</strong></span> 
     </span>
    </p>
   </div>
   <div class='ocr_carea' id='block_1_86' title="bbox 1120 1469 1914 1502">
    <p class='ocr_par' dir='ltr' id='par_1_86' title="bbox 1120 1469 1914 1502">
     <span class='ocr_line' id='line_1_86' title="bbox 1120 1469 1914 1502; baseline -0.003 -7"><span class='ocrx_word' id='word_1_644' title='bbox 1120 1471 1260 1496; x_wconf 85' lang='lat' dir='ltr'><strong>comestio.</strong></span> <span class='ocrx_word' id='word_1_645' title='bbox 1276 1469 1443 1496; x_wconf 67' lang='lat' dir='ltr'><strong>circumcide</strong></span> <span class='ocrx_word' id='word_1_646' title='bbox 1458 1474 1484 1496; x_wconf 88' lang='lat' dir='ltr'><strong>et</strong></span> <span class='ocrx_word' id='word_1_647' title='bbox 1499 1477 1568 1496; x_wconf 79' lang='lat' dir='ltr'><strong>exue</strong></span> <span class='ocrx_word' id='word_1_648' title='bbox 1587 1477 1685 1502; x_wconf 83' lang='lat' dir='ltr'><strong>corpus</strong></span> <span class='ocrx_word' id='word_1_649' title='bbox 1701 1473 1759 1502; x_wconf 85' lang='lat' dir='ltr'><strong>post</strong></span> <span class='ocrx_word' id='word_1_650' title='bbox 1774 1469 1914 1496; x_wconf 79' lang='lat' dir='ltr'><strong>Christum</strong></span> 
     </span>
    </p>
   </div>
   <div class='ocr_carea' id='block_1_87' title="bbox 1121 1505 1916 1539">
    <p class='ocr_par' dir='ltr' id='par_1_87' title="bbox 1121 1505 1916 1539">
     <span class='ocr_line' id='line_1_87' title="bbox 1121 1505 1916 1539; baseline -0.001 -8"><span class='ocrx_word' id='word_1_651' title='bbox 1121 1505 1268 1532; x_wconf 89' lang='lat' dir='ltr'><strong>secundum</strong></span> <span class='ocrx_word' id='word_1_652' title='bbox 1291 1505 1418 1535; x_wconf 81' lang='lat' dir='ltr'><strong>Paulum,</strong></span> <span class='ocrx_word' id='word_1_653' title='bbox 1442 1505 1486 1539; x_wconf 89' lang='lat' dir='ltr'><strong>qui</strong></span> <span class='ocrx_word' id='word_1_654' title='bbox 1502 1505 1538 1530; x_wconf 82' lang='lat' dir='ltr'><strong>ait</strong></span> <span class='ocrx_word' id='word_1_655' title='bbox 1551 1512 1557 1528; x_wconf 84' lang='lat'>:</span> <span class='ocrx_word' id='word_1_656' title='bbox 1572 1505 1717 1532; x_wconf 73' lang='grc' dir='ltr'><strong>σίν-σηπισίδὶ</strong></span> <span class='ocrx_word' id='word_1_657' title='bbox 1734 1506 1792 1531; x_wconf 81' lang='lat' dir='ltr'><strong>estis</strong></span> <span class='ocrx_word' id='word_1_658' title='bbox 1805 1506 1916 1531; x_wconf 82' lang='lat' dir='ltr'><strong>circum-</strong></span> 
     </span>
    </p>
   </div>
   <div class='ocr_carea' id='block_1_88' title="bbox 1121 1540 1915 1574">
    <p class='ocr_par' dir='ltr' id='par_1_88' title="bbox 1121 1540 1915 1574">
     <span class='ocr_line' id='line_1_88' title="bbox 1121 1540 1915 1574; baseline -0.001 -7"><span class='ocrx_word' id='word_1_659' title='bbox 1121 1540 1215 1568; x_wconf 68' lang='lat' dir='ltr'><strong>cisione</strong></span> <span class='ocrx_word' id='word_1_660' title='bbox 1227 1548 1277 1566; x_wconf 84' lang='lat' dir='ltr'><strong>non</strong></span> <span class='ocrx_word' id='word_1_661' title='bbox 1290 1548 1367 1566; x_wconf 82' lang='lat' dir='ltr'><strong>manu</strong></span> <span class='ocrx_word' id='word_1_662' title='bbox 1381 1540 1457 1573; x_wconf 75' lang='lat' dir='ltr'><strong>facta.</strong></span> <span class='ocrx_word' id='word_1_663' title='bbox 1469 1540 1494 1566; x_wconf 81' lang='lat' dir='ltr'><strong>in</strong></span> <span class='ocrx_word' id='word_1_664' title='bbox 1507 1540 1690 1574; x_wconf 67' lang='lat' dir='ltr'><strong>exspoliatione</strong></span> <span class='ocrx_word' id='word_1_665' title='bbox 1698 1541 1812 1574; x_wconf 75' lang='lat' dir='ltr'><strong>corporis</strong></span> <span class='ocrx_word' id='word_1_666' title='bbox 1821 1542 1915 1570; x_wconf 77' lang='lat' dir='ltr'><strong>carnis.</strong></span> 
     </span>
    </p>
   </div>
   <div class='ocr_carea' id='block_1_89' title="bbox 1120 1574 1914 1611">
    <p class='ocr_par' dir='ltr' id='par_1_89' title="bbox 1120 1574 1914 1611">
     <span class='ocr_line' id='line_1_89' title="bbox 1120 1574 1914 1611; baseline 0 -9"><span class='ocrx_word' id='word_1_667' title='bbox 1120 1577 1147 1602; x_wconf 79' lang='lat' dir='ltr'><strong>in</strong></span> <span class='ocrx_word' id='word_1_668' title='bbox 1170 1575 1360 1602; x_wconf 72' lang='lat' dir='ltr'><strong>circumcisione</strong></span> <span class='ocrx_word' id='word_1_669' title='bbox 1374 1574 1467 1602; x_wconf 78' lang='lat' dir='ltr'><strong>Christi</strong></span> <span class='ocrx_word' id='word_1_670' title='bbox 1488 1575 1555 1611; x_wconf 82' lang='lat' dir='ltr'><strong>(Col.</strong></span> <span class='ocrx_word' id='word_1_671' title='bbox 1578 1575 1606 1601; x_wconf 71' lang='grc'><strong>2.</strong></span> <span class='ocrx_word' id='word_1_672' title='bbox 1626 1575 1684 1609; x_wconf 84' lang='lat' dir='ltr'><strong>ll):</strong></span> <span class='ocrx_word' id='word_1_673' title='bbox 1706 1580 1786 1609; x_wconf 84' lang='lat' dir='ltr'><strong>atque</strong></span> <span class='ocrx_word' id='word_1_674' title='bbox 1809 1576 1844 1602; x_wconf 76' lang='lat' dir='ltr'><strong>ita</strong></span> <span class='ocrx_word' id='word_1_675' title='bbox 1861 1576 1914 1602; x_wconf 83' lang='lat' dir='ltr'><strong>eir-</strong></span> 
     </span>
    </p>
   </div>
   <div class='ocr_carea' id='block_1_90' title="bbox 1121 1610 1920 1646">
    <p class='ocr_par' dir='ltr' id='par_1_90' title="bbox 1121 1610 1920 1646">
     <span class='ocr_line' id='line_1_90' title="bbox 1121 1610 1920 1646; baseline -0.001 -8"><span class='ocrx_word' id='word_1_676' title='bbox 1121 1611 1253 1638; x_wconf 73' lang='lat' dir='ltr'><strong>cumcisus</strong></span> <span class='ocrx_word' id='word_1_677' title='bbox 1269 1611 1340 1637; x_wconf 90' lang='lat' dir='ltr'><strong>omni</strong></span> <span class='ocrx_word' id='word_1_678' title='bbox 1364 1610 1489 1643; x_wconf 78' lang='lat' dir='ltr'><strong>avaritia,</strong></span> <span class='ocrx_word' id='word_1_679' title='bbox 1519 1618 1596 1637; x_wconf 72' lang='lat' dir='ltr'><strong>vanm</strong></span> <span class='ocrx_word' id='word_1_680' title='bbox 1618 1611 1709 1645; x_wconf 69' lang='lat' dir='ltr'><strong>gloria}</strong></span> <span class='ocrx_word' id='word_1_681' title='bbox 1729 1615 1756 1636; x_wconf 78' lang='lat' dir='ltr'><strong>et</strong></span> <span class='ocrx_word' id='word_1_682' title='bbox 1777 1611 1920 1646; x_wconf 75' lang='lat' dir='ltr'><strong>voluptatis</strong></span> 
     </span>
    </p>
   </div>
   <div class='ocr_carea' id='block_1_91' title="bbox 1121 1646 1915 1681">
    <p class='ocr_par' dir='ltr' id='par_1_91' title="bbox 1121 1646 1915 1681">
     <span class='ocr_line' id='line_1_91' title="bbox 1121 1646 1915 1681; baseline 0 -9"><span class='ocrx_word' id='word_1_683' title='bbox 1121 1654 1228 1678; x_wconf 85' lang='lat' dir='ltr'><strong>amore.</strong></span> <span class='ocrx_word' id='word_1_684' title='bbox 1252 1646 1341 1672; x_wconf 87' lang='lat' dir='ltr'><strong>divina</strong></span> <span class='ocrx_word' id='word_1_685' title='bbox 1365 1651 1389 1673; x_wconf 89' lang='lat' dir='ltr'><strong>te</strong></span> <span class='ocrx_word' id='word_1_686' title='bbox 1413 1646 1525 1681; x_wconf 85' lang='lat' dir='ltr'><strong>impleas</strong></span> <span class='ocrx_word' id='word_1_687' title='bbox 1545 1653 1624 1678; x_wconf 77' lang='lat' dir='ltr'><strong>esca,</strong></span> <span class='ocrx_word' id='word_1_688' title='bbox 1648 1654 1706 1679; x_wconf 68' lang='lat' dir='ltr'><strong>quin</strong></span> <span class='ocrx_word' id='word_1_689' title='bbox 1723 1650 1748 1673; x_wconf 90' lang='lat' dir='ltr'><strong>te</strong></span> <span class='ocrx_word' id='word_1_690' title='bbox 1763 1646 1796 1673; x_wconf 90' lang='lat' dir='ltr'><strong>ad</strong></span> <span class='ocrx_word' id='word_1_691' title='bbox 1819 1646 1915 1673; x_wconf 78' lang='lat' dir='ltr'><strong>c;eluut</strong></span> 
     </span>
    </p>
   </div>
   <div class='ocr_carea' id='block_1_92' title="bbox 1120 1681 1918 1716">
    <p class='ocr_par' dir='ltr' id='par_1_92' title="bbox 1120 1681 1918 1716">
     <span class='ocr_line' id='line_1_92' title="bbox 1120 1681 1918 1716; baseline -0.003 -7"><span class='ocrx_word' id='word_1_692' title='bbox 1120 1682 1217 1714; x_wconf 84' lang='lat' dir='ltr'><strong>ducat,</strong></span> <span class='ocrx_word' id='word_1_693' title='bbox 1234 1687 1260 1708; x_wconf 87' lang='lat' dir='ltr'><strong>te</strong></span> <span class='ocrx_word' id='word_1_694' title='bbox 1280 1681 1375 1708; x_wconf 87' lang='lat' dir='ltr'><strong>liberet</strong></span> <span class='ocrx_word' id='word_1_695' title='bbox 1394 1689 1408 1707; x_wconf 89' lang='lat' dir='ltr'><strong>a</strong></span> <span class='ocrx_word' id='word_1_696' title='bbox 1421 1682 1498 1708; x_wconf 86' lang='lat' dir='ltr'><strong>malis</strong></span> <span class='ocrx_word' id='word_1_697' title='bbox 1511 1682 1723 1708; x_wconf 85' lang='lat' dir='ltr'><strong>dontinatorrbrrs</strong></span> <span class='ocrx_word' id='word_1_698' title='bbox 1735 1702 1743 1713; x_wconf 90' lang='lat'>,</span> <span class='ocrx_word' id='word_1_699' title='bbox 1766 1687 1843 1708; x_wconf 90' lang='lat' dir='ltr'><strong>cruat</strong></span> <span class='ocrx_word' id='word_1_700' title='bbox 1857 1689 1918 1716; x_wconf 80' lang='lat' dir='ltr'><strong>gra-</strong></span> 
     </span>
    </p>
   </div>
   <div class='ocr_carea' id='block_1_93' title="bbox 1121 1717 1915 1751">
    <p class='ocr_par' dir='ltr' id='par_1_93' title="bbox 1121 1717 1915 1751">
     <span class='ocr_line' id='line_1_93' title="bbox 1121 1717 1915 1751; baseline -0.003 -8"><span class='ocrx_word' id='word_1_701' title='bbox 1121 1718 1237 1744; x_wconf 79' lang='lat' dir='ltr'><strong>vissimis</strong></span> <span class='ocrx_word' id='word_1_702' title='bbox 1253 1717 1387 1743; x_wconf 85' lang='lat' dir='ltr'><strong>laboribus</strong></span> <span class='ocrx_word' id='word_1_703' title='bbox 1400 1737 1406 1749; x_wconf 83' lang='lat'>,</span> <span class='ocrx_word' id='word_1_704' title='bbox 1425 1717 1623 1751; x_wconf 79' lang='lat' dir='ltr'><strong>gloriosnmque</strong></span> <span class='ocrx_word' id='word_1_705' title='bbox 1637 1717 1684 1743; x_wconf 91' lang='lat' dir='ltr'><strong>tibi</strong></span> <span class='ocrx_word' id='word_1_706' title='bbox 1700 1724 1732 1743; x_wconf 82' lang='lat' dir='ltr'><strong>ac</strong></span> <span class='ocrx_word' id='word_1_707' title='bbox 1754 1718 1862 1744; x_wconf 83' lang='lat' dir='ltr'><strong>beatum</strong></span> <span class='ocrx_word' id='word_1_708' title='bbox 1883 1718 1915 1743; x_wconf 86' lang='lat' dir='ltr'><strong>ad</strong></span> 
     </span>
    </p>
   </div>
   <div class='ocr_carea' id='block_1_94' title="bbox 1124 1751 1918 1784">
    <p class='ocr_par' dir='ltr' id='par_1_94' title="bbox 1124 1751 1918 1784">
     <span class='ocr_line' id='line_1_94' title="bbox 1124 1751 1918 1784; baseline -0.001 -5"><span class='ocrx_word' id='word_1_709' title='bbox 1124 1753 1206 1780; x_wconf 88' lang='lat' dir='ltr'><strong>Dertut</strong></span> <span class='ocrx_word' id='word_1_710' title='bbox 1233 1752 1346 1780; x_wconf 89' lang='lat' dir='ltr'><strong>reditum</strong></span> <span class='ocrx_word' id='word_1_711' title='bbox 1369 1752 1509 1784; x_wconf 77' lang='lat' dir='ltr'><strong>conciliet,</strong></span> <span class='ocrx_word' id='word_1_712' title='bbox 1538 1752 1562 1778; x_wconf 94' lang='lat' dir='ltr'><strong>iu</strong></span> <span class='ocrx_word' id='word_1_713' title='bbox 1586 1751 1694 1779; x_wconf 87' lang='lat' dir='ltr'><strong>Christo</strong></span> <span class='ocrx_word' id='word_1_714' title='bbox 1716 1752 1780 1779; x_wconf 81' lang='lat' dir='ltr'><strong>Jesu</strong></span> <span class='ocrx_word' id='word_1_715' title='bbox 1807 1753 1918 1779; x_wconf 88' lang='lat' dir='ltr'><strong>Donriuo</strong></span> 
     </span>
    </p>
   </div>
   <div class='ocr_carea' id='block_1_95' title="bbox 1121 1787 1844 1823">
    <p class='ocr_par' dir='ltr' id='par_1_95' title="bbox 1121 1787 1844 1823">
     <span class='ocr_line' id='line_1_95' title="bbox 1121 1787 1844 1823; baseline -0.001 -9"><span class='ocrx_word' id='word_1_716' title='bbox 1121 1793 1232 1820; x_wconf 85' lang='lat' dir='ltr'><strong>nostro,</strong></span> <span class='ocrx_word' id='word_1_717' title='bbox 1247 1788 1289 1815; x_wconf 88' lang='lat' dir='ltr'><strong>cui</strong></span> <span class='ocrx_word' id='word_1_718' title='bbox 1306 1789 1390 1823; x_wconf 82' lang='lat' dir='ltr'><strong>gloria</strong></span> <span class='ocrx_word' id='word_1_719' title='bbox 1405 1787 1430 1814; x_wconf 88' lang='lat' dir='ltr'><strong>in</strong></span> <span class='ocrx_word' id='word_1_720' title='bbox 1445 1787 1542 1814; x_wconf 66' lang='lat' dir='ltr'><strong>Siccula</strong></span> <span class='ocrx_word' id='word_1_721' title='bbox 1557 1788 1730 1814; x_wconf 71' lang='lat' dir='ltr'><strong>sarculorum.</strong></span> <span class='ocrx_word' id='word_1_722' title='bbox 1748 1790 1844 1815; x_wconf 83' lang='lat' dir='ltr'><strong>Arnen.</strong></span> 
     </span>
    </p>
   </div>
   <div class='ocr_carea' id='block_1_96' title="bbox 881 1921 1338 1943">
    <p class='ocr_par' dir='ltr' id='par_1_96' title="bbox 881 1921 1338 1943">
     <span class='ocr_line' id='line_1_96' title="bbox 881 1921 1338 1943; baseline 0 -1"><span class='ocrx_word' id='word_1_723' title='bbox 881 1921 912 1942; x_wconf 74' lang='lat' dir='ltr'><strong>IN</strong></span> <span class='ocrx_word' id='word_1_724' title='bbox 936 1921 1014 1943; x_wconf 78' lang='lat' dir='ltr'><strong>IDEM</strong></span> <span class='ocrx_word' id='word_1_725' title='bbox 1038 1921 1272 1943; x_wconf 73' lang='lat' dir='ltr'><strong>ARGUMENTUM.</strong></span> <span class='ocrx_word' id='word_1_726' title='bbox 1297 1921 1338 1943; x_wconf 83' lang='lat' dir='ltr'><strong>Vl.</strong></span> 
     </span>
    </p>
   </div>
   <div class='ocr_carea' id='block_1_97' title="bbox 316 1985 1073 2020">
    <p class='ocr_par' dir='ltr' id='par_1_97' title="bbox 316 1985 1073 2020">
     <span class='ocr_line' id='line_1_97' title="bbox 316 1985 1073 2020; baseline 0 -8"><span class='ocrx_word' id='word_1_727' title='bbox 316 1986 341 2012; x_wconf 83' lang='lat'><strong>1.</strong></span> <span class='ocrx_word' id='word_1_728' title='bbox 359 1985 448 2012; x_wconf 73' lang='lat' dir='ltr'><strong>Sacra.-</strong></span> <span class='ocrx_word' id='word_1_729' title='bbox 460 1986 558 2012; x_wconf 74' lang='lat' dir='ltr'><strong>christi</strong></span> <span class='ocrx_word' id='word_1_730' title='bbox 575 1986 639 2012; x_wconf 86' lang='lat' dir='ltr'><strong>locis</strong></span> <span class='ocrx_word' id='word_1_731' title='bbox 653 1986 719 2012; x_wconf 90' lang='lat' dir='ltr'><strong>radii</strong></span> <span class='ocrx_word' id='word_1_732' title='bbox 732 1987 788 2020; x_wconf 83' lang='lat' dir='ltr'><strong>jam</strong></span> <span class='ocrx_word' id='word_1_733' title='bbox 803 1985 953 2020; x_wconf 86' lang='lat' dir='ltr'><strong>splendent,</strong></span> <span class='ocrx_word' id='word_1_734' title='bbox 969 1990 994 2012; x_wconf 88' lang='lat' dir='ltr'><strong>et</strong></span> <span class='ocrx_word' id='word_1_735' title='bbox 1010 1993 1073 2020; x_wconf 85' lang='lat' dir='ltr'><strong>pura</strong></span> 
     </span>
    </p>
   </div>
   <div class='ocr_carea' id='block_1_98' title="bbox 281 2021 1075 2055">
    <p class='ocr_par' dir='ltr' id='par_1_98' title="bbox 281 2021 1075 2055">
     <span class='ocr_line' id='line_1_98' title="bbox 281 2021 1075 2055; baseline 0.004 -10"><span class='ocrx_word' id='word_1_736' title='bbox 281 2021 337 2055; x_wconf 83' lang='lat' dir='ltr'><strong>puri</strong></span> <span class='ocrx_word' id='word_1_737' title='bbox 363 2021 478 2054; x_wconf 88' lang='lat' dir='ltr'><strong>Spiritus</strong></span> <span class='ocrx_word' id='word_1_738' title='bbox 499 2021 637 2047; x_wconf 88' lang='lat' dir='ltr'><strong>luminaria</strong></span> <span class='ocrx_word' id='word_1_739' title='bbox 659 2021 799 2053; x_wconf 88' lang='lat' dir='ltr'><strong>oriuntur,</strong></span> <span class='ocrx_word' id='word_1_740' title='bbox 814 2021 929 2047; x_wconf 72' lang='lat' dir='ltr'><strong>crelestis</strong></span> <span class='ocrx_word' id='word_1_741' title='bbox 944 2025 1032 2047; x_wconf 88' lang='lat' dir='ltr'><strong>autent</strong></span> <span class='ocrx_word' id='word_1_742' title='bbox 1048 2027 1075 2048; x_wconf 83' lang='lat' dir='ltr'><strong>et</strong></span> 
     </span>
    </p>
   </div>
   <div class='ocr_carea' id='block_1_99' title="bbox 281 2055 1072 2090">
    <p class='ocr_par' dir='ltr' id='par_1_99' title="bbox 281 2055 1072 2090">
     <span class='ocr_line' id='line_1_99' title="bbox 281 2055 1072 2090; baseline 0.001 -8"><span class='ocrx_word' id='word_1_743' title='bbox 281 2057 359 2090; x_wconf 68' lang='lat' dir='ltr'><strong>regize</strong></span> <span class='ocrx_word' id='word_1_744' title='bbox 371 2056 517 2083; x_wconf 84' lang='lat' dir='ltr'><strong>divinitatis</strong></span> <span class='ocrx_word' id='word_1_745' title='bbox 526 2056 616 2090; x_wconf 74' lang='lat' dir='ltr'><strong>gloria:</strong></span> <span class='ocrx_word' id='word_1_746' title='bbox 629 2055 769 2083; x_wconf 78' lang='lat' dir='ltr'><strong>thesauros</strong></span> <span class='ocrx_word' id='word_1_747' title='bbox 780 2056 912 2090; x_wconf 87' lang='lat' dir='ltr'><strong>aperiunt.</strong></span> <span class='ocrx_word' id='word_1_748' title='bbox 922 2055 978 2082; x_wconf 80' lang='lat' dir='ltr'><strong>Nox</strong></span> <span class='ocrx_word' id='word_1_749' title='bbox 990 2057 1072 2083; x_wconf 85' lang='lat' dir='ltr'><strong>multa</strong></span> 
     </span>
    </p>
   </div>
   <div class='ocr_carea' id='block_1_100' title="bbox 279 2091 1072 2126">
    <p class='ocr_par' dir='ltr' id='par_1_100' title="bbox 279 2091 1072 2126">
     <span class='ocr_line' id='line_1_100' title="bbox 279 2091 1072 2126; baseline 0 -10"><span class='ocrx_word' id='word_1_750' title='bbox 279 2097 307 2118; x_wconf 78' lang='lat' dir='ltr'><strong>et</strong></span> <span class='ocrx_word' id='word_1_751' title='bbox 321 2091 433 2118; x_wconf 86' lang='lat' dir='ltr'><strong>obseura</strong></span> <span class='ocrx_word' id='word_1_752' title='bbox 450 2091 574 2126; x_wconf 85' lang='lat' dir='ltr'><strong>absorpta</strong></span> <span class='ocrx_word' id='word_1_753' title='bbox 589 2096 630 2118; x_wconf 82' lang='lat' dir='ltr'><strong>est</strong></span> <span class='ocrx_word' id='word_1_754' title='bbox 653 2096 680 2118; x_wconf 91' lang='lat' dir='ltr'><strong>et</strong></span> <span class='ocrx_word' id='word_1_755' title='bbox 702 2091 803 2126; x_wconf 82' lang='lat' dir='ltr'><strong>ingrata</strong></span> <span class='ocrx_word' id='word_1_756' title='bbox 826 2098 899 2118; x_wconf 87' lang='lat' dir='ltr'><strong>tnors</strong></span> <span class='ocrx_word' id='word_1_757' title='bbox 913 2091 1072 2124; x_wconf 41' lang='lat' dir='ltr'><strong>obicnrata;</strong></span> 
     </span>
    </p>
   </div>
   <div class='ocr_carea' id='block_1_101' title="bbox 280 2127 1072 2162">
    <p class='ocr_par' dir='ltr' id='par_1_101' title="bbox 280 2127 1072 2162">
     <span class='ocr_line' id='line_1_101' title="bbox 280 2127 1072 2162; baseline 0.003 -10"><span class='ocrx_word' id='word_1_758' title='bbox 280 2128 331 2152; x_wconf 86' lang='lat' dir='ltr'><strong>vita</strong></span> <span class='ocrx_word' id='word_1_759' title='bbox 347 2127 477 2154; x_wconf 80' lang='lat' dir='ltr'><strong>universis</strong></span> <span class='ocrx_word' id='word_1_760' title='bbox 492 2133 582 2162; x_wconf 85' lang='lat' dir='ltr'><strong>aperta</strong></span> <span class='ocrx_word' id='word_1_761' title='bbox 595 2133 645 2155; x_wconf 75' lang='grc' dir='ltr'><strong>εει.</strong></span> <span class='ocrx_word' id='word_1_762' title='bbox 661 2130 688 2153; x_wconf 86' lang='lat' dir='ltr'><strong>et</strong></span> <span class='ocrx_word' id='word_1_763' title='bbox 703 2127 762 2154; x_wconf 90' lang='lat' dir='ltr'><strong>luce</strong></span> <span class='ocrx_word' id='word_1_764' title='bbox 775 2127 883 2160; x_wconf 85' lang='lat' dir='ltr'><strong>peremti</strong></span> <span class='ocrx_word' id='word_1_765' title='bbox 895 2127 983 2153; x_wconf 93' lang='lat' dir='ltr'><strong>omnia</strong></span> <span class='ocrx_word' id='word_1_766' title='bbox 997 2127 1072 2160; x_wconf 79' lang='lat' dir='ltr'><strong>plena</strong></span> 
     </span>
    </p>
   </div>
   <div class='ocr_carea' id='block_1_102' title="bbox 281 2162 1071 2196">
    <p class='ocr_par' dir='ltr' id='par_1_102' title="bbox 281 2162 1071 2196">
     <span class='ocr_line' id='line_1_102' title="bbox 281 2162 1071 2196; baseline 0 -8"><span class='ocrx_word' id='word_1_767' title='bbox 281 2167 340 2188; x_wconf 89' lang='lat' dir='ltr'><strong>srrrrt</strong></span> <span class='ocrx_word' id='word_1_768' title='bbox 356 2183 362 2192; x_wconf 81' lang='grc'><em>,</em></span> <span class='ocrx_word' id='word_1_769' title='bbox 379 2167 459 2196; x_wconf 82' lang='lat' dir='ltr'><strong>atque</strong></span> <span class='ocrx_word' id='word_1_770' title='bbox 474 2164 590 2189; x_wconf 87' lang='lat' dir='ltr'><strong>orientes</strong></span> <span class='ocrx_word' id='word_1_771' title='bbox 605 2162 748 2189; x_wconf 89' lang='lat' dir='ltr'><strong>orientitttn</strong></span> <span class='ocrx_word' id='word_1_772' title='bbox 765 2163 917 2189; x_wconf 85' lang='lat' dir='ltr'><strong>universum</strong></span> <span class='ocrx_word' id='word_1_773' title='bbox 933 2163 1071 2188; x_wconf 83' lang='lat' dir='ltr'><strong>obtinent:</strong></span> 
     </span>
    </p>
   </div>
   <div class='ocr_carea' id='block_1_103' title="bbox 280 2197 1074 2232">
    <p class='ocr_par' dir='ltr' id='par_1_103' title="bbox 280 2197 1074 2232">
     <span class='ocr_line' id='line_1_103' title="bbox 280 2197 1074 2232; baseline 0.001 -9"><span class='ocrx_word' id='word_1_774' title='bbox 280 2203 307 2223; x_wconf 86' lang='lat' dir='ltr'><strong>et</strong></span> <span class='ocrx_word' id='word_1_775' title='bbox 322 2197 365 2223; x_wconf 78' lang='lat' dir='ltr'><strong>ille</strong></span> <span class='ocrx_word' id='word_1_776' title='bbox 378 2202 441 2223; x_wconf 82' lang='lat' dir='ltr'><strong>ante</strong></span> <span class='ocrx_word' id='word_1_777' title='bbox 455 2197 592 2224; x_wconf 66' lang='lat' dir='ltr'><strong>luciferum</strong></span> <span class='ocrx_word' id='word_1_778' title='bbox 607 2198 722 2230; x_wconf 78' lang='lat' dir='ltr'><strong>genitus,</strong></span> <span class='ocrx_word' id='word_1_779' title='bbox 738 2198 905 2227; x_wconf 86' lang='lat' dir='ltr'><strong>immortalis.</strong></span> <span class='ocrx_word' id='word_1_780' title='bbox 922 2202 948 2224; x_wconf 88' lang='lat' dir='ltr'><strong>et</strong></span> <span class='ocrx_word' id='word_1_781' title='bbox 962 2205 1074 2232; x_wconf 82' lang='lat' dir='ltr'><strong>magnus</strong></span> 
     </span>
    </p>
   </div>
   <div class='ocr_carea' id='block_1_104' title="bbox 282 2232 1073 2266">
    <p class='ocr_par' dir='ltr' id='par_1_104' title="bbox 282 2232 1073 2266">
     <span class='ocr_line' id='line_1_104' title="bbox 282 2232 1073 2266; baseline 0.004 -9"><span class='ocrx_word' id='word_1_782' title='bbox 282 2232 404 2266; x_wconf 75' lang='lat' dir='ltr'><strong>splendet</strong></span> <span class='ocrx_word' id='word_1_783' title='bbox 422 2233 545 2259; x_wconf 57' lang='lat' dir='ltr'><strong>Christus</strong></span> <span class='ocrx_word' id='word_1_784' title='bbox 566 2233 697 2258; x_wconf 84' lang='lat' dir='ltr'><strong>universis</strong></span> <span class='ocrx_word' id='word_1_785' title='bbox 712 2232 770 2265; x_wconf 87' lang='lat' dir='ltr'><strong>plus</strong></span> <span class='ocrx_word' id='word_1_786' title='bbox 784 2239 862 2266; x_wconf 86' lang='lat' dir='ltr'><strong>quant</strong></span> <span class='ocrx_word' id='word_1_787' title='bbox 884 2233 933 2258; x_wconf 89' lang='lat' dir='ltr'><strong>sol.</strong></span> <span class='ocrx_word' id='word_1_788' title='bbox 959 2232 1073 2266; x_wconf 88' lang='lat' dir='ltr'><strong>Ideoque</strong></span> 
     </span>
    </p>
   </div>
   <div class='ocr_carea' id='block_1_105' title="bbox 282 2267 1074 2302">
    <p class='ocr_par' dir='ltr' id='par_1_105' title="bbox 282 2267 1074 2302">
     <span class='ocr_line' id='line_1_105' title="bbox 282 2267 1074 2302; baseline 0.003 -9"><span class='ocrx_word' id='word_1_789' title='bbox 282 2268 358 2300; x_wconf 76' lang='lat' dir='ltr'><strong>longa</strong></span> <span class='ocrx_word' id='word_1_790' title='bbox 375 2273 401 2294; x_wconf 89' lang='lat' dir='ltr'><strong>et</strong></span> <span class='ocrx_word' id='word_1_791' title='bbox 414 2271 513 2294; x_wconf 85' lang='lat' dir='ltr'><strong>:eterua</strong></span> <span class='ocrx_word' id='word_1_792' title='bbox 530 2268 606 2293; x_wconf 90' lang='lat' dir='ltr'><strong>nobis</strong></span> <span class='ocrx_word' id='word_1_793' title='bbox 621 2267 792 2293; x_wconf 82' lang='lat' dir='ltr'><strong>credentibus</strong></span> <span class='ocrx_word' id='word_1_794' title='bbox 810 2267 835 2293; x_wconf 94' lang='lat' dir='ltr'><strong>in</strong></span> <span class='ocrx_word' id='word_1_795' title='bbox 857 2267 913 2302; x_wconf 89' lang='lat' dir='ltr'><strong>ipso</strong></span> <span class='ocrx_word' id='word_1_796' title='bbox 928 2267 985 2294; x_wconf 79' lang='lat' dir='ltr'><strong>dies</strong></span> <span class='ocrx_word' id='word_1_797' title='bbox 998 2267 1074 2295; x_wconf 63' lang='lat' dir='ltr'><strong>adest</strong></span> 
     </span>
    </p>
   </div>
   <div class='ocr_carea' id='block_1_106' title="bbox 281 2302 1072 2337">
    <p class='ocr_par' dir='ltr' id='par_1_106' title="bbox 281 2302 1072 2337">
     <span class='ocr_line' id='line_1_106' title="bbox 281 2302 1072 2337; baseline 0.004 -10"><span class='ocrx_word' id='word_1_798' title='bbox 281 2302 403 2334; x_wconf 78' lang='lat' dir='ltr'><strong>earnlida,</strong></span> <span class='ocrx_word' id='word_1_799' title='bbox 415 2302 514 2329; x_wconf 77' lang='lat' dir='ltr'><strong>Pascha</strong></span> <span class='ocrx_word' id='word_1_800' title='bbox 528 2303 679 2336; x_wconf 74' lang='lat' dir='ltr'><strong>mysticum,</strong></span> <span class='ocrx_word' id='word_1_801' title='bbox 692 2302 801 2337; x_wconf 77' lang='lat' dir='ltr'><strong>ﬁgurate</strong></span> <span class='ocrx_word' id='word_1_802' title='bbox 812 2302 917 2335; x_wconf 84' lang='lat' dir='ltr'><strong>quidem</strong></span> <span class='ocrx_word' id='word_1_803' title='bbox 931 2309 977 2335; x_wconf 87' lang='lat' dir='ltr'><strong>per</strong></span> <span class='ocrx_word' id='word_1_804' title='bbox 988 2303 1072 2337; x_wconf 85' lang='lat' dir='ltr'><strong>legem</strong></span> 
     </span>
    </p>
   </div>
   <div class='ocr_carea' id='block_1_107' title="bbox 281 2336 1073 2373">
    <p class='ocr_par' dir='ltr' id='par_1_107' title="bbox 281 2336 1073 2373">
     <span class='ocr_line' id='line_1_107' title="bbox 281 2336 1073 2373; baseline 0.001 -11"><span class='ocrx_word' id='word_1_805' title='bbox 281 2337 463 2373; x_wconf 79' lang='lat' dir='ltr'><strong>celebratum;</strong></span> <span class='ocrx_word' id='word_1_806' title='bbox 480 2337 580 2364; x_wconf 82' lang='lat' dir='ltr'><strong>Pascha</strong></span> <span class='ocrx_word' id='word_1_807' title='bbox 591 2356 608 2373; x_wconf 27' lang='lat'><strong>.4</strong></span> <span class='ocrx_word' id='word_1_808' title='bbox 621 2336 741 2363; x_wconf 89' lang='lat' dir='ltr'><strong>mirabile</strong></span> <span class='ocrx_word' id='word_1_809' title='bbox 755 2336 851 2364; x_wconf 71' lang='lat' dir='ltr'><strong>divina:</strong></span> <span class='ocrx_word' id='word_1_810' title='bbox 867 2338 971 2364; x_wconf 73' lang='lat' dir='ltr'><strong>virtutis</strong></span> <span class='ocrx_word' id='word_1_811' title='bbox 985 2336 1073 2373; x_wconf 26' lang='lat' dir='ltr'><strong>et’po-</strong></span> 
     </span>
    </p>
   </div>
   <div class='ocr_carea' id='block_1_108' title="bbox 281 2371 1072 2407">
    <p class='ocr_par' dir='ltr' id='par_1_108' title="bbox 281 2371 1072 2407">
     <span class='ocr_line' id='line_1_108' title="bbox 281 2371 1072 2407; baseline 0.001 -9"><span class='ocrx_word' id='word_1_812' title='bbox 281 2371 385 2399; x_wconf 81' lang='lat' dir='ltr'><strong>testnlis</strong></span> <span class='ocrx_word' id='word_1_813' title='bbox 407 2379 489 2406; x_wconf 78' lang='lat' dir='ltr'><strong>opus;</strong></span> <span class='ocrx_word' id='word_1_814' title='bbox 513 2379 574 2398; x_wconf 84' lang='lat' dir='ltr'><strong>vere</strong></span> <span class='ocrx_word' id='word_1_815' title='bbox 597 2371 691 2398; x_wconf 83' lang='lat' dir='ltr'><strong>festum</strong></span> <span class='ocrx_word' id='word_1_816' title='bbox 708 2376 734 2407; x_wconf 76' lang='lat' dir='ltr'><strong>et</strong></span> <span class='ocrx_word' id='word_1_817' title='bbox 749 2373 902 2399; x_wconf 84' lang='lat' dir='ltr'><strong>memoriale</strong></span> <span class='ocrx_word' id='word_1_818' title='bbox 925 2371 1072 2407; x_wconf 77' lang='lat' dir='ltr'><strong>legitimum</strong></span> 
     </span>
    </p>
   </div>
   <div class='ocr_carea' id='block_1_109' title="bbox 281 2406 1074 2441">
    <p class='ocr_par' dir='ltr' id='par_1_109' title="bbox 281 2406 1074 2441">
     <span class='ocr_line' id='line_1_109' title="bbox 281 2406 1074 2441; baseline 0.004 -8"><span class='ocrx_word' id='word_1_819' title='bbox 281 2407 539 2441; x_wconf 65' lang='lat' dir='ltr'><strong>sempiterurunzcx</strong></span> <span class='ocrx_word' id='word_1_820' title='bbox 562 2406 684 2441; x_wconf 82' lang='lat' dir='ltr'><strong>passione</strong></span> <span class='ocrx_word' id='word_1_821' title='bbox 706 2406 915 2440; x_wconf 83' lang='lat' dir='ltr'><strong>irnpassibilitas,</strong></span> <span class='ocrx_word' id='word_1_822' title='bbox 938 2406 969 2434; x_wconf 76' lang='lat' dir='ltr'><strong>ex</strong></span> <span class='ocrx_word' id='word_1_823' title='bbox 987 2414 1074 2436; x_wconf 89' lang='lat' dir='ltr'><strong>morte</strong></span> 
     </span>
    </p>
   </div>
   <div class='ocr_carea' id='block_1_110' title="bbox 282 2442 1072 2477">
    <p class='ocr_par' dir='ltr' id='par_1_110' title="bbox 282 2442 1072 2477">
     <span class='ocr_line' id='line_1_110' title="bbox 282 2442 1072 2477; baseline 0.004 -9"><span class='ocrx_word' id='word_1_824' title='bbox 282 2443 478 2473; x_wconf 82' lang='lat' dir='ltr'><strong>iuunortalitas,</strong></span> <span class='ocrx_word' id='word_1_825' title='bbox 495 2450 527 2468; x_wconf 86' lang='lat' dir='ltr'><strong>cx</strong></span> <span class='ocrx_word' id='word_1_826' title='bbox 544 2442 680 2473; x_wconf 82' lang='lat' dir='ltr'><strong>iuventute</strong></span> <span class='ocrx_word' id='word_1_827' title='bbox 693 2442 756 2474; x_wconf 85' lang='lat' dir='ltr'><strong>vita,</strong></span> <span class='ocrx_word' id='word_1_828' title='bbox 771 2450 802 2468; x_wconf 85' lang='lat' dir='ltr'><strong>ex</strong></span> <span class='ocrx_word' id='word_1_829' title='bbox 819 2442 894 2477; x_wconf 82' lang='lat' dir='ltr'><strong>plaga</strong></span> <span class='ocrx_word' id='word_1_830' title='bbox 911 2444 1024 2475; x_wconf 83' lang='lat' dir='ltr'><strong>medela.</strong></span> <span class='ocrx_word' id='word_1_831' title='bbox 1040 2452 1072 2472; x_wconf 71' lang='lat' dir='ltr'><strong>ex</strong></span> 
     </span>
    </p>
   </div>
   <div class='ocr_carea' id='block_1_111' title="bbox 282 2477 1072 2514">
    <p class='ocr_par' dir='ltr' id='par_1_111' title="bbox 282 2477 1072 2514">
     <span class='ocr_line' id='line_1_111' title="bbox 282 2477 1072 2514; baseline 0.004 -11"><span class='ocrx_word' id='word_1_832' title='bbox 282 2479 357 2512; x_wconf 84' lang='lat' dir='ltr'><strong>lapsu</strong></span> <span class='ocrx_word' id='word_1_833' title='bbox 370 2478 479 2514; x_wconf 72' lang='lat' dir='ltr'><strong>erectio.</strong></span> <span class='ocrx_word' id='word_1_834' title='bbox 493 2485 524 2504; x_wconf 82' lang='lat' dir='ltr'><strong>ex</strong></span> <span class='ocrx_word' id='word_1_835' title='bbox 541 2477 820 2514; x_wconf 17' lang='lat' dir='ltr'><strong>descensurascensus.</strong></span> <span class='ocrx_word' id='word_1_836' title='bbox 837 2477 881 2505; x_wconf 87' lang='lat' dir='ltr'><strong>Sic</strong></span> <span class='ocrx_word' id='word_1_837' title='bbox 895 2478 964 2514; x_wconf 80' lang='lat' dir='ltr'><strong>Deus</strong></span> <span class='ocrx_word' id='word_1_838' title='bbox 978 2487 1072 2514; x_wconf 79' lang='lat' dir='ltr'><strong>magna</strong></span> 
     </span>
    </p>
   </div>
   <div class='ocr_carea' id='block_1_112' title="bbox 280 2513 1073 2547">
    <p class='ocr_par' dir='ltr' id='par_1_112' title="bbox 280 2513 1073 2547">
     <span class='ocr_line' id='line_1_112' title="bbox 280 2513 1073 2547; baseline 0.004 -9"><span class='ocrx_word' id='word_1_839' title='bbox 280 2517 421 2546; x_wconf 87' lang='lat' dir='ltr'><strong>operatur;</strong></span> <span class='ocrx_word' id='word_1_840' title='bbox 446 2513 485 2539; x_wconf 87' lang='lat' dir='ltr'><strong>sic</strong></span> <span class='ocrx_word' id='word_1_841' title='bbox 505 2520 537 2539; x_wconf 79' lang='lat' dir='ltr'><strong>ex</strong></span> <span class='ocrx_word' id='word_1_842' title='bbox 561 2513 768 2546; x_wconf 87' lang='lat' dir='ltr'><strong>impossibilibus</strong></span> <span class='ocrx_word' id='word_1_843' title='bbox 787 2513 917 2547; x_wconf 87' lang='lat' dir='ltr'><strong>stupenda</strong></span> <span class='ocrx_word' id='word_1_844' title='bbox 938 2519 1028 2546; x_wconf 79' lang='lat' dir='ltr'><strong>creat.</strong></span> <span class='ocrx_word' id='word_1_845' title='bbox 1047 2520 1073 2541; x_wconf 90' lang='lat' dir='ltr'><strong>ut</strong></span> 
     </span>
    </p>
   </div>
   <div class='ocr_carea' id='block_1_113' title="bbox 280 2547 1074 2582">
    <p class='ocr_par' dir='ltr' id='par_1_113' title="bbox 280 2547 1074 2582">
     <span class='ocr_line' id='line_1_113' title="bbox 280 2547 1074 2582; baseline 0.004 -9"><span class='ocrx_word' id='word_1_846' title='bbox 280 2547 438 2574; x_wconf 84' lang='lat' dir='ltr'><strong>ostendatur</strong></span> <span class='ocrx_word' id='word_1_847' title='bbox 462 2549 547 2582; x_wconf 88' lang='lat' dir='ltr'><strong>ipsurrt</strong></span> <span class='ocrx_word' id='word_1_848' title='bbox 563 2548 647 2574; x_wconf 89' lang='lat' dir='ltr'><strong>solutn</strong></span> <span class='ocrx_word' id='word_1_849' title='bbox 664 2549 795 2575; x_wconf 85' lang='lat' dir='ltr'><strong>volentem</strong></span> <span class='ocrx_word' id='word_1_850' title='bbox 812 2550 900 2575; x_wconf 87' lang='lat' dir='ltr'><strong>omnia</strong></span> <span class='ocrx_word' id='word_1_851' title='bbox 916 2556 1003 2582; x_wconf 84' lang='lat' dir='ltr'><strong>posse.</strong></span> <span class='ocrx_word' id='word_1_852' title='bbox 1022 2550 1074 2576; x_wconf 87' lang='lat' dir='ltr'><strong>llas</strong></span> 
     </span>
    </p>
   </div>
   <div class='ocr_carea' id='block_1_114' title="bbox 282 2583 1058 2618">
    <p class='ocr_par' dir='ltr' id='par_1_114' title="bbox 282 2583 1058 2618">
     <span class='ocr_line' id='line_1_114' title="bbox 282 2583 1058 2618; baseline 0.004 -10"><span class='ocrx_word' id='word_1_853' title='bbox 282 2583 380 2616; x_wconf 86' lang='lat' dir='ltr'><strong>Iiguras</strong></span> <span class='ocrx_word' id='word_1_854' title='bbox 394 2583 437 2610; x_wconf 82' lang='lat' dir='ltr'><strong>lex</strong></span> <span class='ocrx_word' id='word_1_855' title='bbox 454 2583 593 2610; x_wconf 88' lang='lat' dir='ltr'><strong>aununtiet</strong></span> <span class='ocrx_word' id='word_1_856' title='bbox 603 2603 611 2615; x_wconf 84' lang='lat'><em>,</em></span> <span class='ocrx_word' id='word_1_857' title='bbox 628 2583 756 2618; x_wconf 78' lang='lat' dir='ltr'><strong>imagines</strong></span> <span class='ocrx_word' id='word_1_858' title='bbox 769 2584 889 2611; x_wconf 83' lang='lat' dir='ltr'><strong>veritatis</strong></span> <span class='ocrx_word' id='word_1_859' title='bbox 904 2584 977 2618; x_wconf 89' lang='lat' dir='ltr'><strong>prius</strong></span> <span class='ocrx_word' id='word_1_860' title='bbox 990 2585 1058 2611; x_wconf 86' lang='lat' dir='ltr'><strong>inter</strong></span> 
     </span>
    </p>
   </div>
   <div class='ocr_carea' id='block_1_115' title="bbox 282 2619 1072 2654">
    <p class='ocr_par' dir='ltr' id='par_1_115' title="bbox 282 2619 1072 2654">
     <span class='ocr_line' id='line_1_115' title="bbox 282 2619 1072 2654; baseline 0.003 -11"><span class='ocrx_word' id='word_1_861' title='bbox 282 2622 401 2654; x_wconf 85' lang='lat' dir='ltr'><strong>pretetur</strong></span> <span class='ocrx_word' id='word_1_862' title='bbox 424 2619 701 2654; x_wconf 56' lang='lat' dir='ltr'><strong>angelusLmagnum</strong></span> <span class='ocrx_word' id='word_1_863' title='bbox 722 2619 809 2653; x_wconf 83' lang='lat' dir='ltr'><strong>magni</strong></span> <span class='ocrx_word' id='word_1_864' title='bbox 831 2619 910 2653; x_wconf 81' lang='lat' dir='ltr'><strong>Regis</strong></span> <span class='ocrx_word' id='word_1_865' title='bbox 930 2619 1072 2646; x_wconf 75' lang='lat' dir='ltr'><strong>adventura</strong></span> 
     </span>
    </p>
   </div>
   <div class='ocr_carea' id='block_1_116' title="bbox 282 2653 1073 2689">
    <p class='ocr_par' dir='ltr' id='par_1_116' title="bbox 282 2653 1073 2689">
     <span class='ocr_line' id='line_1_116' title="bbox 282 2653 1073 2689; baseline 0.004 -10"><span class='ocrx_word' id='word_1_866' title='bbox 282 2653 428 2686; x_wconf 49' lang='lat' dir='ltr'><strong>praedicans</strong></span> <span class='ocrx_word' id='word_1_867' title='bbox 444 2663 449 2680; x_wconf 95' lang='lat'>:</span> <span class='ocrx_word' id='word_1_868' title='bbox 466 2653 509 2681; x_wconf 90' lang='lat' dir='ltr'><strong>ubi</strong></span> <span class='ocrx_word' id='word_1_869' title='bbox 533 2653 675 2689; x_wconf 68' lang='lat' dir='ltr'><strong>Egyptius</strong></span> <span class='ocrx_word' id='word_1_870' title='bbox 700 2654 934 2688; x_wconf 75' lang='lat' dir='ltr'><strong>primogenitorum</strong></span> <span class='ocrx_word' id='word_1_871' title='bbox 959 2655 1073 2689; x_wconf 80' lang='lat' dir='ltr'><strong>populus</strong></span> 
     </span>
    </p>
   </div>
   <div class='ocr_carea' id='block_1_117' title="bbox 281 2689 1070 2724">
    <p class='ocr_par' dir='ltr' id='par_1_117' title="bbox 281 2689 1070 2724">
     <span class='ocr_line' id='line_1_117' title="bbox 281 2689 1070 2724; baseline 0.004 -11"><span class='ocrx_word' id='word_1_872' title='bbox 281 2693 400 2724; x_wconf 75' lang='lat' dir='ltr'><strong>mortuus</strong></span> <span class='ocrx_word' id='word_1_873' title='bbox 419 2695 469 2721; x_wconf 82' lang='lat' dir='ltr'><strong>est,</strong></span> <span class='ocrx_word' id='word_1_874' title='bbox 490 2693 517 2716; x_wconf 90' lang='lat' dir='ltr'><strong>et</strong></span> <span class='ocrx_word' id='word_1_875' title='bbox 532 2689 611 2716; x_wconf 83' lang='lat' dir='ltr'><strong>Israel</strong></span> <span class='ocrx_word' id='word_1_876' title='bbox 627 2690 740 2724; x_wconf 86' lang='lat' dir='ltr'><strong>mystico</strong></span> <span class='ocrx_word' id='word_1_877' title='bbox 757 2690 884 2723; x_wconf 81' lang='lat' dir='ltr'><strong>sanguine</strong></span> <span class='ocrx_word' id='word_1_878' title='bbox 903 2690 1070 2716; x_wconf 85' lang='lat' dir='ltr'><strong>servabatur.</strong></span> 
     </span>
    </p>
   </div>
   <div class='ocr_carea' id='block_1_118' title="bbox 279 2722 1071 2759">
    <p class='ocr_par' dir='ltr' id='par_1_118' title="bbox 279 2722 1071 2759">
     <span class='ocr_line' id='line_1_118' title="bbox 279 2722 1071 2759; baseline 0.003 -9"><span class='ocrx_word' id='word_1_879' title='bbox 279 2722 342 2750; x_wconf 61' lang='lat' dir='ltr'><strong>Habt:</strong></span> <span class='ocrx_word' id='word_1_880' title='bbox 355 2725 443 2751; x_wconf 84' lang='lat' dir='ltr'><strong>omnia</strong></span> <span class='ocrx_word' id='word_1_881' title='bbox 459 2730 519 2751; x_wconf 86' lang='lat' dir='ltr'><strong>sunt</strong></span> <span class='ocrx_word' id='word_1_882' title='bbox 543 2722 692 2751; x_wconf 82' lang='lat' dir='ltr'><strong>futurorum</strong></span> <span class='ocrx_word' id='word_1_883' title='bbox 708 2724 799 2751; x_wconf 88' lang='lat' dir='ltr'><strong>utubra</strong></span> <span class='ocrx_word' id='word_1_884' title='bbox 809 2722 820 2750; x_wconf 23' lang='lat'><strong>7:</strong></span> <span class='ocrx_word' id='word_1_885' title='bbox 836 2724 905 2759; x_wconf 85' lang='lat' dir='ltr'><strong>apud</strong></span> <span class='ocrx_word' id='word_1_886' title='bbox 921 2732 970 2751; x_wconf 88' lang='lat' dir='ltr'><strong>nos</strong></span> <span class='ocrx_word' id='word_1_887' title='bbox 983 2731 1071 2752; x_wconf 88' lang='lat' dir='ltr'><strong>autent</strong></span> 
     </span>
    </p>
   </div>
   <div class='ocr_carea' id='block_1_119' title="bbox 280 2759 1071 2821">
    <p class='ocr_par' dir='ltr' id='par_1_119' title="bbox 280 2759 1071 2821">
     <span class='ocr_line' id='line_1_119' title="bbox 280 2759 1071 2821; baseline 0 -36"><span class='ocrx_word' id='word_1_888' title='bbox 280 2765 342 2785; x_wconf 87' lang='lat' dir='ltr'><strong>sunt</strong></span> <span class='ocrx_word' id='word_1_889' title='bbox 365 2761 508 2795; x_wconf 81' lang='lat' dir='ltr'><strong>imaginum</strong></span> <span class='ocrx_word' id='word_1_890' title='bbox 530 2759 622 2786; x_wconf 67' lang='lat' dir='ltr'><strong>formae</strong></span> <span class='ocrx_word' id='word_1_891' title='bbox 632 2780 639 2791; x_wconf 78' lang='grc'>,</span> <span class='ocrx_word' id='word_1_892' title='bbox 663 2765 688 2786; x_wconf 88' lang='lat' dir='ltr'><strong>et</strong></span> <span class='ocrx_word' id='word_1_893' title='bbox 715 2765 837 2794; x_wconf 86' lang='lat' dir='ltr'><strong>typortuu</strong></span> <span class='ocrx_word' id='word_1_894' title='bbox 859 2760 1052 2821; x_wconf 58' lang='lat' dir='ltr'><strong>complementa</strong></span> <span class='ocrx_word' id='word_1_895' title='bbox 1063 2781 1071 2792; x_wconf 79' lang='grc'>,</span> 
     </span>
     <span class='ocr_line' id='line_1_120' title="bbox 280 2795 1071 2821; baseline 0.001 -1"><span class='ocrx_word' id='word_1_896' title='bbox 280 2799 360 2821; x_wconf 76' lang='lat' dir='ltr'><strong>atque</strong></span> <span class='ocrx_word' id='word_1_897' title='bbox 374 2796 472 2821; x_wconf 71' lang='lat' dir='ltr'><strong>umbrae</strong></span> <span class='ocrx_word' id='word_1_898' title='bbox 487 2796 546 2821; x_wconf 90' lang='lat' dir='ltr'><strong>loco</strong></span> <span class='ocrx_word' id='word_1_899' title='bbox 559 2800 652 2821; x_wconf 75' lang='lat' dir='ltr'><strong>exacta</strong></span> <span class='ocrx_word' id='word_1_900' title='bbox 667 2799 694 2821; x_wconf 91' lang='lat' dir='ltr'><strong>et</strong></span> <span class='ocrx_word' id='word_1_901' title='bbox 709 2795 784 2821; x_wconf 80' lang='lat' dir='ltr'><strong>titma</strong></span> <span class='ocrx_word' id='word_1_902' title='bbox 799 2795 906 2821; x_wconf 86' lang='lat' dir='ltr'><strong>veritas.</strong></span> <span class='ocrx_word' id='word_1_903' title='bbox 932 2795 977 2821; x_wconf 93' lang='lat' dir='ltr'><strong>llic</strong></span> <span class='ocrx_word' id='word_1_904' title='bbox 989 2803 1071 2821; x_wconf 67' lang='lat' dir='ltr'><strong>annos</strong></span> 
     </span>
    </p>
   </div>
   <div class='ocr_carea' id='block_1_120' title="bbox 279 2795 1072 2830">
    <p class='ocr_par' dir='ltr' id='par_1_120' title="bbox 279 2795 1072 2830">
     <span class='ocr_line' id='line_1_121' title="bbox 279 2795 1072 2830; baseline 0.005 -11"><span class='ocrx_word' id='word_1_905' title='bbox 279 2799 360 2828; x_wconf 82' lang='lat' dir='ltr'><strong>atque</strong></span> <span class='ocrx_word' id='word_1_906' title='bbox 374 2796 472 2822; x_wconf 73' lang='lat' dir='ltr'><strong>umbrae.</strong></span> <span class='ocrx_word' id='word_1_907' title='bbox 487 2796 546 2822; x_wconf 90' lang='lat' dir='ltr'><strong>loco</strong></span> <span class='ocrx_word' id='word_1_908' title='bbox 559 2800 652 2822; x_wconf 76' lang='lat' dir='ltr'><strong>exacta</strong></span> <span class='ocrx_word' id='word_1_909' title='bbox 667 2799 694 2822; x_wconf 90' lang='lat' dir='ltr'><strong>et</strong></span> <span class='ocrx_word' id='word_1_910' title='bbox 709 2795 784 2822; x_wconf 84' lang='lat' dir='ltr'><strong>littua</strong></span> <span class='ocrx_word' id='word_1_911' title='bbox 799 2795 906 2822; x_wconf 85' lang='lat' dir='ltr'><strong>veritas.</strong></span> <span class='ocrx_word' id='word_1_912' title='bbox 920 2795 977 2822; x_wconf 92' lang='lat' dir='ltr'><strong>lllic</strong></span> <span class='ocrx_word' id='word_1_913' title='bbox 989 2803 1072 2830; x_wconf 81' lang='lat' dir='ltr'><strong>agnus</strong></span> 
     </span>
    </p>
   </div>
   <div class='ocr_carea' id='block_1_121' title="bbox 279 2830 1071 2865">
    <p class='ocr_par' dir='ltr' id='par_1_121' title="bbox 279 2830 1071 2865">
     <span class='ocr_line' id='line_1_122' title="bbox 279 2830 1071 2865; baseline 0.001 -10"><span class='ocrx_word' id='word_1_914' title='bbox 279 2836 294 2855; x_wconf 89' lang='lat' dir='ltr'><strong>c</strong></span> <span class='ocrx_word' id='word_1_915' title='bbox 309 2838 389 2865; x_wconf 76' lang='lat' dir='ltr'><strong>grege</strong></span> <span class='ocrx_word' id='word_1_916' title='bbox 399 2851 405 2862; x_wconf 87' lang='lat'><strong>,</strong></span> <span class='ocrx_word' id='word_1_917' title='bbox 423 2831 466 2858; x_wconf 90' lang='lat' dir='ltr'><strong>hic</strong></span> <span class='ocrx_word' id='word_1_918' title='bbox 479 2837 562 2865; x_wconf 78' lang='lat' dir='ltr'><strong>agnus</strong></span> <span class='ocrx_word' id='word_1_919' title='bbox 575 2830 609 2857; x_wconf 86' lang='lat' dir='ltr'><strong>de</strong></span> <span class='ocrx_word' id='word_1_920' title='bbox 629 2830 701 2857; x_wconf 73' lang='lat' dir='ltr'><strong>ert-lis</strong></span> <span class='ocrx_word' id='word_1_921' title='bbox 714 2839 719 2856; x_wconf 93' lang='lat'>:</span> <span class='ocrx_word' id='word_1_922' title='bbox 734 2831 786 2857; x_wconf 87' lang='lat' dir='ltr'><strong>illic</strong></span> <span class='ocrx_word' id='word_1_923' title='bbox 800 2831 936 2865; x_wconf 79' lang='lat' dir='ltr'><strong>sanguinis</strong></span> <span class='ocrx_word' id='word_1_924' title='bbox 949 2831 1052 2864; x_wconf 83' lang='lat' dir='ltr'><strong>signum</strong></span> <span class='ocrx_word' id='word_1_925' title='bbox 1063 2851 1071 2864; x_wconf 85' lang='lat'><strong><em>,</em></strong></span> 
     </span>
    </p>
   </div>
   <div class='ocr_carea' id='block_1_122' title="bbox 279 2865 1071 2900">
    <p class='ocr_par' dir='ltr' id='par_1_122' title="bbox 279 2865 1071 2900">
     <span class='ocr_line' id='line_1_123' title="bbox 279 2865 1071 2900; baseline 0 -7"><span class='ocrx_word' id='word_1_926' title='bbox 279 2865 349 2900; x_wconf 80' lang='lat' dir='ltr'><strong>quod</strong></span> <span class='ocrx_word' id='word_1_927' title='bbox 365 2867 390 2893; x_wconf 94' lang='lat' dir='ltr'><strong>in</strong></span> <span class='ocrx_word' id='word_1_928' title='bbox 404 2873 434 2894; x_wconf 86' lang='lat' dir='ltr'><strong>re</strong></span> <span class='ocrx_word' id='word_1_929' title='bbox 448 2866 543 2894; x_wconf 86' lang='lat' dir='ltr'><strong>minori</strong></span> <span class='ocrx_word' id='word_1_930' title='bbox 559 2870 643 2893; x_wconf 82' lang='lat' dir='ltr'><strong>totout</strong></span> <span class='ocrx_word' id='word_1_931' title='bbox 657 2872 814 2899; x_wconf 80' lang='lat' dir='ltr'><strong>conservet,</strong></span> <span class='ocrx_word' id='word_1_932' title='bbox 832 2866 875 2893; x_wconf 89' lang='lat' dir='ltr'><strong>lue</strong></span> <span class='ocrx_word' id='word_1_933' title='bbox 888 2866 1008 2898; x_wconf 71' lang='lat' dir='ltr'><strong>verb-tm,</strong></span> <span class='ocrx_word' id='word_1_934' title='bbox 1023 2874 1071 2900; x_wconf 87' lang='lat' dir='ltr'><strong>po-</strong></span> 
     </span>
    </p>
   </div>
   <div class='ocr_carea' id='block_1_123' title="bbox 1127 1985 1920 2021">
    <p class='ocr_par' dir='ltr' id='par_1_123' title="bbox 1127 1985 1920 2021">
     <span class='ocr_line' id='line_1_124' title="bbox 1127 1985 1920 2021; baseline 0 -9"><span class='ocrx_word' id='word_1_935' title='bbox 1127 1986 1216 2012; x_wconf 90' lang='lat' dir='ltr'><strong>culum</strong></span> <span class='ocrx_word' id='word_1_936' title='bbox 1232 1986 1337 2020; x_wconf 88' lang='lat' dir='ltr'><strong>plenuru</strong></span> <span class='ocrx_word' id='word_1_937' title='bbox 1352 1985 1442 2012; x_wconf 86' lang='lat' dir='ltr'><strong>divino</strong></span> <span class='ocrx_word' id='word_1_938' title='bbox 1456 1986 1585 2019; x_wconf 75' lang='lat' dir='ltr'><strong>Sanguine</strong></span> <span class='ocrx_word' id='word_1_939' title='bbox 1598 1990 1624 2012; x_wconf 88' lang='lat' dir='ltr'><strong>et</strong></span> <span class='ocrx_word' id='word_1_940' title='bbox 1638 1985 1732 2019; x_wconf 82' lang='lat' dir='ltr'><strong>spiritu</strong></span> <span class='ocrx_word' id='word_1_941' title='bbox 1747 1994 1753 2012; x_wconf 89' lang='lat'><strong>:</strong></span> <span class='ocrx_word' id='word_1_942' title='bbox 1768 1985 1823 2012; x_wconf 88' lang='lat' dir='ltr'><strong>illic</strong></span> <span class='ocrx_word' id='word_1_943' title='bbox 1837 1993 1920 2021; x_wconf 76' lang='lat' dir='ltr'><strong>agnus</strong></span> 
     </span>
    </p>
   </div>
   <div class='ocr_carea' id='block_1_124' title="bbox 1128 2021 1920 2055">
    <p class='ocr_par' dir='ltr' id='par_1_124' title="bbox 1128 2021 1920 2055">
     <span class='ocr_line' id='line_1_125' title="bbox 1128 2021 1920 2055; baseline 0 -7"><span class='ocrx_word' id='word_1_944' title='bbox 1128 2029 1159 2048; x_wconf 82' lang='lat' dir='ltr'><strong>ex</strong></span> <span class='ocrx_word' id='word_1_945' title='bbox 1174 2028 1264 2055; x_wconf 77' lang='lat' dir='ltr'><strong>grege,</strong></span> <span class='ocrx_word' id='word_1_946' title='bbox 1290 2021 1332 2047; x_wconf 90' lang='lat' dir='ltr'><strong>hic</strong></span> <span class='ocrx_word' id='word_1_947' title='bbox 1356 2021 1412 2054; x_wconf 84' lang='lat' dir='ltr'><strong>ipse</strong></span> <span class='ocrx_word' id='word_1_948' title='bbox 1436 2025 1527 2055; x_wconf 70' lang='lat' dir='ltr'><strong>pastor</strong></span> <span class='ocrx_word' id='word_1_949' title='bbox 1542 2029 1589 2054; x_wconf 91' lang='lat' dir='ltr'><strong>pro</strong></span> <span class='ocrx_word' id='word_1_950' title='bbox 1604 2028 1683 2055; x_wconf 86' lang='lat' dir='ltr'><strong>agno.</strong></span> <span class='ocrx_word' id='word_1_951' title='bbox 1700 2021 1765 2047; x_wconf 83' lang='lat' dir='ltr'><strong>Nam</strong></span> <span class='ocrx_word' id='word_1_952' title='bbox 1782 2021 1855 2048; x_wconf 82' lang='lat' dir='ltr'><strong>Sicut</strong></span> <span class='ocrx_word' id='word_1_953' title='bbox 1869 2022 1920 2048; x_wconf 69' lang='lat' dir='ltr'><strong>otia</strong></span> 
     </span>
    </p>
   </div>
   <div class='ocr_carea' id='block_1_125' title="bbox 1130 2055 1919 2091">
    <p class='ocr_par' dir='ltr' id='par_1_125' title="bbox 1130 2055 1919 2091">
     <span class='ocr_line' id='line_1_126' title="bbox 1130 2055 1919 2091; baseline -0.001 -9"><span class='ocrx_word' id='word_1_954' title='bbox 1130 2057 1163 2083; x_wconf 84' lang='lat' dir='ltr'><strong>ad</strong></span> <span class='ocrx_word' id='word_1_955' title='bbox 1177 2057 1326 2082; x_wconf 75' lang='lat' dir='ltr'><strong>occisionem</strong></span> <span class='ocrx_word' id='word_1_956' title='bbox 1338 2056 1428 2082; x_wconf 76' lang='lat' dir='ltr'><strong>ductus</strong></span> <span class='ocrx_word' id='word_1_957' title='bbox 1442 2061 1478 2083; x_wconf 79' lang='lat' dir='ltr'><strong>est</strong></span> <span class='ocrx_word' id='word_1_958' title='bbox 1493 2055 1569 2091; x_wconf 79' lang='lat' dir='ltr'><strong>(Isai.</strong></span> <span class='ocrx_word' id='word_1_959' title='bbox 1585 2056 1630 2084; x_wconf 79' lang='lat'><strong>55.</strong></span> <span class='ocrx_word' id='word_1_960' title='bbox 1647 2056 1685 2090; x_wconf 89' lang='lat'><strong>7).</strong></span> <span class='ocrx_word' id='word_1_961' title='bbox 1700 2057 1841 2089; x_wconf 79' lang='lat' dir='ltr'><strong>Quomodo</strong></span> <span class='ocrx_word' id='word_1_962' title='bbox 1856 2065 1919 2091; x_wconf 73' lang='lat' dir='ltr'><strong>ergo</strong></span> 
     </span>
    </p>
   </div>
   <div class='ocr_carea' id='block_1_126' title="bbox 1128 2091 1921 2126">
    <p class='ocr_par' dir='ltr' id='par_1_126' title="bbox 1128 2091 1921 2126">
     <span class='ocr_line' id='line_1_127' title="bbox 1128 2091 1921 2126; baseline -0.003 -8"><span class='ocrx_word' id='word_1_963' title='bbox 1128 2092 1241 2118; x_wconf 80' lang='lat' dir='ltr'><strong>salutem</strong></span> <span class='ocrx_word' id='word_1_964' title='bbox 1254 2091 1404 2117; x_wconf 85' lang='lat' dir='ltr'><strong>universam</strong></span> <span class='ocrx_word' id='word_1_965' title='bbox 1418 2098 1498 2125; x_wconf 84' lang='lat' dir='ltr'><strong>opera</strong></span> <span class='ocrx_word' id='word_1_966' title='bbox 1510 2092 1686 2125; x_wconf 86' lang='lat' dir='ltr'><strong>pollicentur?</strong></span> <span class='ocrx_word' id='word_1_967' title='bbox 1702 2091 1735 2118; x_wconf 83' lang='lat' dir='ltr'><strong>Et</strong></span> <span class='ocrx_word' id='word_1_968' title='bbox 1748 2092 1814 2118; x_wconf 76' lang='lat' dir='ltr'><strong>solre</strong></span> <span class='ocrx_word' id='word_1_969' title='bbox 1830 2092 1921 2126; x_wconf 58' lang='lat' dir='ltr'><strong>ﬁguras</strong></span> 
     </span>
    </p>
   </div>
   <div class='ocr_carea' id='block_1_127' title="bbox 1127 2125 1922 2159">
    <p class='ocr_par' dir='ltr' id='par_1_127' title="bbox 1127 2125 1922 2159">
     <span class='ocr_line' id='line_1_128' title="bbox 1127 2125 1922 2159; baseline 0.001 -7"><span class='ocrx_word' id='word_1_970' title='bbox 1127 2131 1189 2153; x_wconf 88' lang='lat' dir='ltr'><strong>sunt</strong></span> <span class='ocrx_word' id='word_1_971' title='bbox 1211 2126 1351 2153; x_wconf 85' lang='lat' dir='ltr'><strong>salutares.</strong></span> <span class='ocrx_word' id='word_1_972' title='bbox 1374 2125 1481 2153; x_wconf 85' lang='lat' dir='ltr'><strong>Festum</strong></span> <span class='ocrx_word' id='word_1_973' title='bbox 1502 2126 1640 2153; x_wconf 85' lang='lat' dir='ltr'><strong>celebrent</strong></span> <span class='ocrx_word' id='word_1_974' title='bbox 1654 2127 1712 2153; x_wconf 62' lang='lat' dir='ltr'><strong>caeli</strong></span> <span class='ocrx_word' id='word_1_975' title='bbox 1728 2125 1871 2159; x_wconf 64' lang='lat' dir='ltr'><strong>czeloruui,</strong></span> <span class='ocrx_word' id='word_1_976' title='bbox 1894 2133 1922 2154; x_wconf 92' lang='lat' dir='ltr'><strong>ut</strong></span> 
     </span>
    </p>
   </div>
   <div class='ocr_carea' id='block_1_128' title="bbox 1127 2161 1919 2196">
    <p class='ocr_par' dir='ltr' id='par_1_128' title="bbox 1127 2161 1919 2196">
     <span class='ocr_line' id='line_1_129' title="bbox 1127 2161 1919 2196; baseline 0.001 -8"><span class='ocrx_word' id='word_1_977' title='bbox 1127 2161 1234 2188; x_wconf 88' lang='lat' dir='ltr'><strong>divinus</strong></span> <span class='ocrx_word' id='word_1_978' title='bbox 1247 2161 1362 2195; x_wconf 86' lang='lat' dir='ltr'><strong>Spiritus</strong></span> <span class='ocrx_word' id='word_1_979' title='bbox 1376 2161 1489 2192; x_wconf 85' lang='lat' dir='ltr'><strong>clamat.</strong></span> <span class='ocrx_word' id='word_1_980' title='bbox 1504 2162 1615 2196; x_wconf 79' lang='lat' dir='ltr'><strong>gloriam</strong></span> <span class='ocrx_word' id='word_1_981' title='bbox 1633 2162 1676 2188; x_wconf 85' lang='lat' dir='ltr'><strong>Dei</strong></span> <span class='ocrx_word' id='word_1_982' title='bbox 1700 2167 1840 2189; x_wconf 85' lang='lat' dir='ltr'><strong>narrantes</strong></span> <span class='ocrx_word' id='word_1_983' title='bbox 1857 2171 1919 2190; x_wconf 87' lang='lat' dir='ltr'><strong>:cc-</strong></span> 
     </span>
    </p>
   </div>
   <div class='ocr_carea' id='block_1_129' title="bbox 1128 2197 1920 2231">
    <p class='ocr_par' dir='ltr' id='par_1_129' title="bbox 1128 2197 1920 2231">
     <span class='ocr_line' id='line_1_130' title="bbox 1128 2197 1920 2231; baseline 0.001 -8"><span class='ocrx_word' id='word_1_984' title='bbox 1128 2197 1228 2224; x_wconf 87' lang='lat' dir='ltr'><strong>lehrenl</strong></span> <span class='ocrx_word' id='word_1_985' title='bbox 1238 2204 1342 2231; x_wconf 87' lang='lat' dir='ltr'><strong>quoque</strong></span> <span class='ocrx_word' id='word_1_986' title='bbox 1353 2197 1437 2231; x_wconf 78' lang='lat' dir='ltr'><strong>angeli</strong></span> <span class='ocrx_word' id='word_1_987' title='bbox 1449 2202 1476 2224; x_wconf 91' lang='lat' dir='ltr'><strong>et</strong></span> <span class='ocrx_word' id='word_1_988' title='bbox 1486 2197 1638 2231; x_wconf 81' lang='lat' dir='ltr'><strong>archangeli</strong></span> <span class='ocrx_word' id='word_1_989' title='bbox 1649 2197 1788 2229; x_wconf 64' lang='lat' dir='ltr'><strong>caelorum,</strong></span> <span class='ocrx_word' id='word_1_990' title='bbox 1801 2198 1920 2225; x_wconf 71' lang='lat' dir='ltr'><strong>celebret</strong></span> 
     </span>
    </p>
   </div>
   <div class='ocr_carea' id='block_1_130' title="bbox 1127 2231 1920 2267">
    <p class='ocr_par' dir='ltr' id='par_1_130' title="bbox 1127 2231 1920 2267">
     <span class='ocr_line' id='line_1_131' title="bbox 1127 2231 1920 2267; baseline 0 -8"><span class='ocrx_word' id='word_1_991' title='bbox 1127 2233 1214 2260; x_wconf 90' lang='lat' dir='ltr'><strong>onmis</strong></span> <span class='ocrx_word' id='word_1_992' title='bbox 1239 2231 1352 2258; x_wconf 60' lang='lat' dir='ltr'><strong>caelestis~</strong></span> <span class='ocrx_word' id='word_1_993' title='bbox 1379 2233 1506 2266; x_wconf 84' lang='lat' dir='ltr'><strong>populus.</strong></span> <span class='ocrx_word' id='word_1_994' title='bbox 1531 2240 1666 2259; x_wconf 87' lang='lat' dir='ltr'><strong>srurunum</strong></span> <span class='ocrx_word' id='word_1_995' title='bbox 1692 2233 1789 2259; x_wconf 87' lang='lat' dir='ltr'><strong>Ducem</strong></span> <span class='ocrx_word' id='word_1_996' title='bbox 1812 2235 1920 2267; x_wconf 82' lang='lat' dir='ltr'><strong>superni</strong></span> 
     </span>
    </p>
   </div>
   <div class='ocr_carea' id='block_1_131' title="bbox 1127 2267 1921 2302">
    <p class='ocr_par' dir='ltr' id='par_1_131' title="bbox 1127 2267 1921 2302">
     <span class='ocr_line' id='line_1_132' title="bbox 1127 2267 1921 2302; baseline -0.001 -7"><span class='ocrx_word' id='word_1_997' title='bbox 1127 2268 1260 2295; x_wconf 82' lang='lat' dir='ltr'><strong>exercitus</strong></span> <span class='ocrx_word' id='word_1_998' title='bbox 1284 2267 1377 2293; x_wconf 83' lang='lat' dir='ltr'><strong>videns</strong></span> <span class='ocrx_word' id='word_1_999' title='bbox 1400 2268 1554 2302; x_wconf 89' lang='lat' dir='ltr'><strong>episcopum</strong></span> <span class='ocrx_word' id='word_1_1000' title='bbox 1576 2268 1752 2302; x_wconf 89' lang='lat' dir='ltr'><strong>corporaliter</strong></span> <span class='ocrx_word' id='word_1_1001' title='bbox 1771 2268 1921 2295; x_wconf 82' lang='lat' dir='ltr'><strong>advenien-</strong></span> 
     </span>
    </p>
   </div>
   <div class='ocr_carea' id='block_1_132' title="bbox 1128 2302 1922 2338">
    <p class='ocr_par' dir='ltr' id='par_1_132' title="bbox 1128 2302 1922 2338">
     <span class='ocr_line' id='line_1_133' title="bbox 1128 2302 1922 2338; baseline 0.001 -9"><span class='ocrx_word' id='word_1_1002' title='bbox 1128 2308 1180 2329; x_wconf 87' lang='lat' dir='ltr'><strong>tem</strong></span> <span class='ocrx_word' id='word_1_1003' title='bbox 1193 2311 1199 2328; x_wconf 92' lang='lat'>:</span> <span class='ocrx_word' id='word_1_1004' title='bbox 1211 2302 1308 2329; x_wconf 85' lang='lat' dir='ltr'><strong>festum</strong></span> <span class='ocrx_word' id='word_1_1005' title='bbox 1323 2302 1457 2329; x_wconf 87' lang='lat' dir='ltr'><strong>celebrent</strong></span> <span class='ocrx_word' id='word_1_1006' title='bbox 1472 2304 1607 2330; x_wconf 88' lang='lat' dir='ltr'><strong>stcllartrm</strong></span> <span class='ocrx_word' id='word_1_1007' title='bbox 1621 2303 1707 2335; x_wconf 86' lang='lat' dir='ltr'><strong>chori,</strong></span> <span class='ocrx_word' id='word_1_1008' title='bbox 1724 2311 1787 2330; x_wconf 90' lang='lat' dir='ltr'><strong>eum</strong></span> <span class='ocrx_word' id='word_1_1009' title='bbox 1803 2305 1847 2338; x_wconf 88' lang='lat' dir='ltr'><strong>qui</strong></span> <span class='ocrx_word' id='word_1_1010' title='bbox 1860 2310 1922 2330; x_wconf 80' lang='lat' dir='ltr'><strong>ante</strong></span> 
     </span>
    </p>
   </div>
   <div class='ocr_carea' id='block_1_133' title="bbox 1127 2337 1921 2366">
    <p class='ocr_par' dir='ltr' id='par_1_133' title="bbox 1127 2337 1921 2366">
     <span class='ocr_line' id='line_1_134' title="bbox 1127 2337 1921 2366; baseline 0 -2"><span class='ocrx_word' id='word_1_1011' title='bbox 1127 2338 1265 2365; x_wconf 88' lang='lat' dir='ltr'><strong>luciferum</strong></span> <span class='ocrx_word' id='word_1_1012' title='bbox 1280 2339 1365 2365; x_wconf 88' lang='lat' dir='ltr'><strong>oritur</strong></span> <span class='ocrx_word' id='word_1_1013' title='bbox 1380 2337 1529 2365; x_wconf 85' lang='lat' dir='ltr'><strong>iudicantes</strong></span> <span class='ocrx_word' id='word_1_1014' title='bbox 1541 2347 1546 2364; x_wconf 91' lang='lat'><em>:</em></span> <span class='ocrx_word' id='word_1_1015' title='bbox 1559 2338 1676 2365; x_wconf 82' lang='lat' dir='ltr'><strong>celebret</strong></span> <span class='ocrx_word' id='word_1_1016' title='bbox 1688 2346 1735 2365; x_wconf 86' lang='lat' dir='ltr'><strong>aer</strong></span> <span class='ocrx_word' id='word_1_1017' title='bbox 1749 2337 1880 2366; x_wconf 79' lang='lat' dir='ltr'><strong>immense</strong></span> <span class='ocrx_word' id='word_1_1018' title='bbox 1896 2340 1921 2366; x_wconf 90' lang='lat' dir='ltr'><strong>iu</strong></span> 
     </span>
    </p>
   </div>
   <div class='ocr_carea' id='block_1_134' title="bbox 1128 2372 1920 2408">
    <p class='ocr_par' dir='ltr' id='par_1_134' title="bbox 1128 2372 1920 2408">
     <span class='ocr_line' id='line_1_135' title="bbox 1128 2372 1920 2408; baseline 0.001 -8"><span class='ocrx_word' id='word_1_1019' title='bbox 1128 2373 1285 2408; x_wconf 89' lang='lat' dir='ltr'><strong>profundum</strong></span> <span class='ocrx_word' id='word_1_1020' title='bbox 1310 2377 1337 2399; x_wconf 87' lang='lat' dir='ltr'><strong>et.</strong></span> <span class='ocrx_word' id='word_1_1021' title='bbox 1359 2372 1440 2399; x_wconf 89' lang='lat' dir='ltr'><strong>latutn</strong></span> <span class='ocrx_word' id='word_1_1022' title='bbox 1456 2379 1582 2400; x_wconf 81' lang='lat' dir='ltr'><strong>extensus</strong></span> <span class='ocrx_word' id='word_1_1023' title='bbox 1596 2382 1601 2400; x_wconf 90' lang='lat'>:</span> <span class='ocrx_word' id='word_1_1024' title='bbox 1614 2373 1732 2400; x_wconf 86' lang='lat' dir='ltr'><strong>celebret</strong></span> <span class='ocrx_word' id='word_1_1025' title='bbox 1753 2374 1920 2408; x_wconf 83' lang='lat' dir='ltr'><strong>salsuginosa</strong></span> 
     </span>
    </p>
   </div>
   <div class='ocr_carea' id='block_1_135' title="bbox 1127 2408 1920 2443">
    <p class='ocr_par' dir='ltr' id='par_1_135' title="bbox 1127 2408 1920 2443">
     <span class='ocr_line' id='line_1_136' title="bbox 1127 2408 1920 2443; baseline 0 -8"><span class='ocrx_word' id='word_1_1026' title='bbox 1127 2409 1208 2435; x_wconf 79' lang='lat' dir='ltr'><strong>maris</strong></span> <span class='ocrx_word' id='word_1_1027' title='bbox 1222 2415 1301 2442; x_wconf 86' lang='lat' dir='ltr'><strong>aqua,</strong></span> <span class='ocrx_word' id='word_1_1028' title='bbox 1325 2408 1422 2434; x_wconf 88' lang='lat' dir='ltr'><strong>divinis</strong></span> <span class='ocrx_word' id='word_1_1029' title='bbox 1438 2409 1555 2442; x_wconf 80' lang='lat' dir='ltr'><strong>vestigiis</strong></span> <span class='ocrx_word' id='word_1_1030' title='bbox 1569 2416 1600 2436; x_wconf 91' lang='lat' dir='ltr'><strong>ac</strong></span> <span class='ocrx_word' id='word_1_1031' title='bbox 1613 2409 1752 2443; x_wconf 81' lang='lat' dir='ltr'><strong>gressibus</strong></span> <span class='ocrx_word' id='word_1_1032' title='bbox 1772 2409 1902 2436; x_wconf 88' lang='lat' dir='ltr'><strong>honorata</strong></span> <span class='ocrx_word' id='word_1_1033' title='bbox 1914 2419 1920 2435; x_wconf 88' lang='lat'><strong><em>:</em></strong></span> 
     </span>
    </p>
   </div>
   <div class='ocr_carea' id='block_1_136' title="bbox 1126 2443 1923 2478">
    <p class='ocr_par' dir='ltr' id='par_1_136' title="bbox 1126 2443 1923 2478">
     <span class='ocr_line' id='line_1_137' title="bbox 1126 2443 1923 2478; baseline 0 -7"><span class='ocrx_word' id='word_1_1034' title='bbox 1126 2443 1242 2471; x_wconf 85' lang='lat' dir='ltr'><strong>celebret</strong></span> <span class='ocrx_word' id='word_1_1035' title='bbox 1254 2448 1336 2475; x_wconf 75' lang='lat' dir='ltr'><strong>terra,</strong></span> <span class='ocrx_word' id='word_1_1036' title='bbox 1348 2443 1437 2470; x_wconf 89' lang='lat' dir='ltr'><strong>divino</strong></span> <span class='ocrx_word' id='word_1_1037' title='bbox 1445 2443 1535 2470; x_wconf 85' lang='lat' dir='ltr'><strong>abluta</strong></span> <span class='ocrx_word' id='word_1_1038' title='bbox 1546 2444 1675 2478; x_wconf 87' lang='lat' dir='ltr'><strong>sanguine</strong></span> <span class='ocrx_word' id='word_1_1039' title='bbox 1685 2453 1691 2470; x_wconf 92' lang='lat'>:</span> <span class='ocrx_word' id='word_1_1040' title='bbox 1703 2444 1821 2471; x_wconf 85' lang='lat' dir='ltr'><strong>celebret</strong></span> <span class='ocrx_word' id='word_1_1041' title='bbox 1834 2446 1923 2471; x_wconf 79' lang='lat' dir='ltr'><strong>omnis</strong></span> 
     </span>
    </p>
   </div>
   <div class='ocr_carea' id='block_1_137' title="bbox 1128 2479 1921 2514">
    <p class='ocr_par' dir='ltr' id='par_1_137' title="bbox 1128 2479 1921 2514">
     <span class='ocr_line' id='line_1_138' title="bbox 1128 2479 1921 2514; baseline 0.001 -9"><span class='ocrx_word' id='word_1_1042' title='bbox 1128 2479 1242 2506; x_wconf 84' lang='lat' dir='ltr'><strong>humana</strong></span> <span class='ocrx_word' id='word_1_1043' title='bbox 1264 2479 1369 2510; x_wconf 85' lang='lat' dir='ltr'><strong>anima,</strong></span> <span class='ocrx_word' id='word_1_1044' title='bbox 1386 2479 1411 2505; x_wconf 91' lang='lat' dir='ltr'><strong>in</strong></span> <span class='ocrx_word' id='word_1_1045' title='bbox 1433 2486 1529 2506; x_wconf 84' lang='lat' dir='ltr'><strong>novam</strong></span> <span class='ocrx_word' id='word_1_1046' title='bbox 1549 2479 1751 2514; x_wconf 77' lang='lat' dir='ltr'><strong>generationem</strong></span> <span class='ocrx_word' id='word_1_1047' title='bbox 1769 2487 1816 2513; x_wconf 86' lang='lat' dir='ltr'><strong>per</strong></span> <span class='ocrx_word' id='word_1_1048' title='bbox 1831 2488 1921 2507; x_wconf 85' lang='lat' dir='ltr'><strong>resur-</strong></span> 
     </span>
    </p>
   </div>
   <div class='ocr_carea' id='block_1_138' title="bbox 1127 2514 1921 2546">
    <p class='ocr_par' dir='ltr' id='par_1_138' title="bbox 1127 2514 1921 2546">
     <span class='ocr_line' id='line_1_139' title="bbox 1127 2514 1921 2546; baseline 0 -5"><span class='ocrx_word' id='word_1_1049' title='bbox 1127 2514 1272 2542; x_wconf 84' lang='lat' dir='ltr'><strong>rectionem</strong></span> <span class='ocrx_word' id='word_1_1050' title='bbox 1284 2518 1440 2541; x_wconf 85' lang='lat' dir='ltr'><strong>restaurata.</strong></span> <span class='ocrx_word' id='word_1_1051' title='bbox 1454 2514 1511 2541; x_wconf 91' lang='lat' dir='ltr'><strong>lloc</strong></span> <span class='ocrx_word' id='word_1_1052' title='bbox 1520 2514 1630 2546; x_wconf 84' lang='lat' dir='ltr'><strong>Pascha,</strong></span> <span class='ocrx_word' id='word_1_1053' title='bbox 1641 2515 1792 2542; x_wconf 87' lang='lat' dir='ltr'><strong>communis</strong></span> <span class='ocrx_word' id='word_1_1054' title='bbox 1802 2516 1921 2542; x_wconf 91' lang='lat' dir='ltr'><strong>omnium</strong></span> 
     </span>
    </p>
   </div>
   <div class='ocr_carea' id='block_1_139' title="bbox 1126 2549 1920 2585">
    <p class='ocr_par' dir='ltr' id='par_1_139' title="bbox 1126 2549 1920 2585">
     <span class='ocr_line' id='line_1_140' title="bbox 1126 2549 1920 2585; baseline 0.001 -9"><span class='ocrx_word' id='word_1_1055' title='bbox 1126 2549 1268 2585; x_wconf 65' lang='lat' dir='ltr'><strong>celebritas</strong></span> <span class='ocrx_word' id='word_1_1056' title='bbox 1289 2556 1324 2576; x_wconf 80' lang='lat' dir='ltr'><strong>ex</strong></span> <span class='ocrx_word' id='word_1_1057' title='bbox 1348 2554 1456 2585; x_wconf 80' lang='lat' dir='ltr'><strong>paterna</strong></span> <span class='ocrx_word' id='word_1_1058' title='bbox 1473 2550 1609 2577; x_wconf 85' lang='lat' dir='ltr'><strong>voluntate</strong></span> <span class='ocrx_word' id='word_1_1059' title='bbox 1630 2551 1655 2576; x_wconf 94' lang='lat' dir='ltr'><strong>in</strong></span> <span class='ocrx_word' id='word_1_1060' title='bbox 1676 2550 1778 2577; x_wconf 89' lang='lat' dir='ltr'><strong>mundo</strong></span> <span class='ocrx_word' id='word_1_1061' title='bbox 1802 2556 1920 2585; x_wconf 82' lang='lat' dir='ltr'><strong>peracta.</strong></span> 
     </span>
    </p>
   </div>
   <div class='ocr_carea' id='block_1_140' title="bbox 1127 2583 1921 2619">
    <p class='ocr_par' dir='ltr' id='par_1_140' title="bbox 1127 2583 1921 2619">
     <span class='ocr_line' id='line_1_141' title="bbox 1127 2583 1921 2619; baseline 0.001 -8"><span class='ocrx_word' id='word_1_1062' title='bbox 1127 2585 1219 2612; x_wconf 48' lang='lat' dir='ltr'><strong>missio</strong></span> <span class='ocrx_word' id='word_1_1063' title='bbox 1234 2583 1348 2616; x_wconf 84' lang='lat' dir='ltr'><strong>Christi,</strong></span> <span class='ocrx_word' id='word_1_1064' title='bbox 1362 2584 1469 2612; x_wconf 88' lang='lat' dir='ltr'><strong>divinus</strong></span> <span class='ocrx_word' id='word_1_1065' title='bbox 1481 2585 1570 2612; x_wconf 79' lang='lat' dir='ltr'><strong>oriens</strong></span> <span class='ocrx_word' id='word_1_1066' title='bbox 1583 2585 1654 2612; x_wconf 88' lang='lat' dir='ltr'><strong>circa</strong></span> <span class='ocrx_word' id='word_1_1067' title='bbox 1677 2589 1777 2612; x_wconf 85' lang='lat' dir='ltr'><strong>terram</strong></span> <span class='ocrx_word' id='word_1_1068' title='bbox 1787 2583 1921 2619; x_wconf 41' lang='lat' dir='ltr'><strong>{angelo-</strong></span> 
     </span>
    </p>
   </div>
   <div class='ocr_carea' id='block_1_141' title="bbox 1127 2620 1922 2654">
    <p class='ocr_par' dir='ltr' id='par_1_141' title="bbox 1127 2620 1922 2654">
     <span class='ocr_line' id='line_1_142' title="bbox 1127 2620 1922 2654; baseline 0.001 -8"><span class='ocrx_word' id='word_1_1069' title='bbox 1127 2628 1185 2646; x_wconf 90' lang='lat' dir='ltr'><strong>ruru</strong></span> <span class='ocrx_word' id='word_1_1070' title='bbox 1205 2625 1230 2645; x_wconf 89' lang='lat' dir='ltr'><strong>ct</strong></span> <span class='ocrx_word' id='word_1_1071' title='bbox 1243 2620 1464 2654; x_wconf 83' lang='lat' dir='ltr'><strong>archangclorum</strong></span> <span class='ocrx_word' id='word_1_1072' title='bbox 1479 2621 1640 2654; x_wconf 86' lang='lat' dir='ltr'><strong>sempiterna</strong></span> <span class='ocrx_word' id='word_1_1073' title='bbox 1655 2620 1824 2653; x_wconf 82' lang='lat' dir='ltr'><strong>soletnuitas,</strong></span> <span class='ocrx_word' id='word_1_1074' title='bbox 1843 2623 1922 2647; x_wconf 80' lang='lat' dir='ltr'><strong>totius</strong></span> 
     </span>
    </p>
   </div>
   <div class='ocr_carea' id='block_1_142' title="bbox 1127 2655 1922 2688">
    <p class='ocr_par' dir='ltr' id='par_1_142' title="bbox 1127 2655 1922 2688">
     <span class='ocr_line' id='line_1_143' title="bbox 1127 2655 1922 2688; baseline 0.001 -7"><span class='ocrx_word' id='word_1_1075' title='bbox 1127 2655 1217 2682; x_wconf 91' lang='lat' dir='ltr'><strong>tuuudi</strong></span> <span class='ocrx_word' id='word_1_1076' title='bbox 1235 2655 1392 2682; x_wconf 86' lang='lat' dir='ltr'><strong>immortalis</strong></span> <span class='ocrx_word' id='word_1_1077' title='bbox 1406 2655 1469 2687; x_wconf 83' lang='lat' dir='ltr'><strong>vita,</strong></span> <span class='ocrx_word' id='word_1_1078' title='bbox 1485 2655 1579 2682; x_wconf 85' lang='lat' dir='ltr'><strong>mortis</strong></span> <span class='ocrx_word' id='word_1_1079' title='bbox 1593 2656 1727 2688; x_wconf 86' lang='lat' dir='ltr'><strong>interitus,</strong></span> <span class='ocrx_word' id='word_1_1080' title='bbox 1744 2655 1804 2683; x_wconf 82' lang='lat' dir='ltr'><strong>fons</strong></span> <span class='ocrx_word' id='word_1_1081' title='bbox 1819 2656 1922 2683; x_wconf 75' lang='lat' dir='ltr'><strong>salutet-</strong></span> 
     </span>
    </p>
   </div>
   <div class='ocr_carea' id='block_1_143' title="bbox 1127 2689 1920 2724">
    <p class='ocr_par' dir='ltr' id='par_1_143' title="bbox 1127 2689 1920 2724">
     <span class='ocr_line' id='line_1_144' title="bbox 1127 2689 1920 2724; baseline 0 -7"><span class='ocrx_word' id='word_1_1082' title='bbox 1127 2691 1174 2722; x_wconf 82' lang='lat' dir='ltr'><strong>ris.</strong></span> <span class='ocrx_word' id='word_1_1083' title='bbox 1189 2690 1326 2716; x_wconf 88' lang='lat' dir='ltr'><strong>hominum</strong></span> <span class='ocrx_word' id='word_1_1084' title='bbox 1343 2689 1501 2724; x_wconf 67' lang='lat' dir='ltr'><strong>incorrupta:</strong></span> <span class='ocrx_word' id='word_1_1085' title='bbox 1514 2690 1616 2717; x_wconf 70' lang='lat' dir='ltr'><strong>delicia:</strong></span> <span class='ocrx_word' id='word_1_1086' title='bbox 1629 2690 1762 2722; x_wconf 67' lang='lat' dir='ltr'><strong>caelesws,</strong></span> <span class='ocrx_word' id='word_1_1087' title='bbox 1777 2699 1852 2718; x_wconf 79' lang='lat' dir='ltr'><strong>sacra</strong></span> <span class='ocrx_word' id='word_1_1088' title='bbox 1870 2692 1920 2718; x_wconf 90' lang='lat' dir='ltr'><strong>ini-</strong></span> 
     </span>
    </p>
   </div>
   <div class='ocr_carea' id='block_1_144' title="bbox 1127 2726 1920 2762">
    <p class='ocr_par' dir='ltr' id='par_1_144' title="bbox 1127 2726 1920 2762">
     <span class='ocr_line' id='line_1_145' title="bbox 1127 2726 1920 2762; baseline 0 -11"><span class='ocrx_word' id='word_1_1089' title='bbox 1127 2726 1219 2762; x_wconf 80' lang='lat' dir='ltr'><strong>tiatio,</strong></span> <span class='ocrx_word' id='word_1_1090' title='bbox 1239 2734 1299 2760; x_wconf 79' lang='lat' dir='ltr'><strong>qua:</strong></span> <span class='ocrx_word' id='word_1_1091' title='bbox 1318 2730 1407 2762; x_wconf 80' lang='lat' dir='ltr'><strong>vetera</strong></span> <span class='ocrx_word' id='word_1_1092' title='bbox 1427 2731 1542 2762; x_wconf 75' lang='lat' dir='ltr'><strong>etnova</strong></span> <span class='ocrx_word' id='word_1_1093' title='bbox 1564 2726 1756 2759; x_wconf 85' lang='lat' dir='ltr'><strong>interpretatur</strong></span> <span class='ocrx_word' id='word_1_1094' title='bbox 1776 2727 1920 2762; x_wconf 81' lang='lat' dir='ltr'><strong>mysteria,</strong></span> 
     </span>
    </p>
   </div>
   <div class='ocr_carea' id='block_1_145' title="bbox 1126 2760 1922 2796">
    <p class='ocr_par' dir='ltr' id='par_1_145' title="bbox 1126 2760 1922 2796">
     <span class='ocr_line' id='line_1_146' title="bbox 1126 2760 1922 2796; baseline 0.003 -10"><span class='ocrx_word' id='word_1_1095' title='bbox 1126 2769 1185 2796; x_wconf 65' lang='lat' dir='ltr'><strong>quae</strong></span> <span class='ocrx_word' id='word_1_1096' title='bbox 1201 2761 1226 2787; x_wconf 92' lang='lat' dir='ltr'><strong>iu</strong></span> <span class='ocrx_word' id='word_1_1097' title='bbox 1243 2766 1312 2788; x_wconf 85' lang='lat' dir='ltr'><strong>terra</strong></span> <span class='ocrx_word' id='word_1_1098' title='bbox 1326 2760 1410 2796; x_wconf 86' lang='lat' dir='ltr'><strong>oculis</strong></span> <span class='ocrx_word' id='word_1_1099' title='bbox 1423 2761 1556 2793; x_wconf 85' lang='lat' dir='ltr'><strong>videntur,</strong></span> <span class='ocrx_word' id='word_1_1100' title='bbox 1569 2762 1594 2788; x_wconf 93' lang='lat' dir='ltr'><strong>in</strong></span> <span class='ocrx_word' id='word_1_1101' title='bbox 1606 2761 1678 2788; x_wconf 56' lang='lat' dir='ltr'><strong>caelis</strong></span> <span class='ocrx_word' id='word_1_1102' title='bbox 1691 2769 1755 2788; x_wconf 84' lang='lat' dir='ltr'><strong>vero</strong></span> <span class='ocrx_word' id='word_1_1103' title='bbox 1768 2760 1922 2796; x_wconf 74' lang='lat' dir='ltr'><strong>intelligun—</strong></span> 
     </span>
    </p>
   </div>
   <div class='ocr_carea' id='block_1_146' title="bbox 1127 2795 1922 2830">
    <p class='ocr_par' dir='ltr' id='par_1_146' title="bbox 1127 2795 1922 2830">
     <span class='ocr_line' id='line_1_147' title="bbox 1127 2795 1922 2830; baseline -0.001 -8"><span class='ocrx_word' id='word_1_1104' title='bbox 1127 2795 1169 2822; x_wconf 81' lang='lat' dir='ltr'><strong>tur</strong></span> <span class='ocrx_word' id='word_1_1105' title='bbox 1184 2796 1218 2822; x_wconf 88' lang='lat' dir='ltr'><strong>ab</strong></span> <span class='ocrx_word' id='word_1_1106' title='bbox 1234 2797 1280 2829; x_wconf 79' lang='lat' dir='ltr'><strong>iis,</strong></span> <span class='ocrx_word' id='word_1_1107' title='bbox 1302 2797 1345 2829; x_wconf 88' lang='lat' dir='ltr'><strong>qui</strong></span> <span class='ocrx_word' id='word_1_1108' title='bbox 1363 2795 1419 2823; x_wconf 66' lang='lat' dir='ltr'><strong>hare</strong></span> <span class='ocrx_word' id='word_1_1109' title='bbox 1435 2804 1502 2823; x_wconf 91' lang='lat' dir='ltr'><strong>nova</strong></span> <span class='ocrx_word' id='word_1_1110' title='bbox 1517 2804 1577 2823; x_wconf 88' lang='lat' dir='ltr'><strong>cum</strong></span> <span class='ocrx_word' id='word_1_1111' title='bbox 1592 2804 1668 2823; x_wconf 84' lang='lat' dir='ltr'><strong>sacra</strong></span> <span class='ocrx_word' id='word_1_1112' title='bbox 1684 2797 1779 2823; x_wconf 84' lang='lat' dir='ltr'><strong>notitia</strong></span> <span class='ocrx_word' id='word_1_1113' title='bbox 1798 2795 1922 2830; x_wconf 67' lang='lat' dir='ltr'><strong>suscepe-</strong></span> 
     </span>
    </p>
   </div>
   <div class='ocr_carea' id='block_1_147' title="bbox 1127 2831 1922 2866">
    <p class='ocr_par' dir='ltr' id='par_1_147' title="bbox 1127 2831 1922 2866">
     <span class='ocr_line' id='line_1_148' title="bbox 1127 2831 1922 2866; baseline -0.001 -8"><span class='ocrx_word' id='word_1_1114' title='bbox 1127 2837 1188 2858; x_wconf 87' lang='lat' dir='ltr'><strong>runt</strong></span> <span class='ocrx_word' id='word_1_1115' title='bbox 1204 2841 1210 2858; x_wconf 93' lang='lat'>:</span> <span class='ocrx_word' id='word_1_1116' title='bbox 1227 2831 1252 2858; x_wconf 88' lang='lat' dir='ltr'><strong>id</strong></span> <span class='ocrx_word' id='word_1_1117' title='bbox 1273 2831 1344 2865; x_wconf 87' lang='lat' dir='ltr'><strong>quod</strong></span> <span class='ocrx_word' id='word_1_1118' title='bbox 1366 2839 1415 2858; x_wconf 88' lang='lat' dir='ltr'><strong>nos</strong></span> <span class='ocrx_word' id='word_1_1119' title='bbox 1437 2832 1533 2866; x_wconf 77' lang='lat' dir='ltr'><strong>paucis</strong></span> <span class='ocrx_word' id='word_1_1120' title='bbox 1555 2831 1758 2865; x_wconf 81' lang='lat' dir='ltr'><strong>explicavimus.</strong></span> <span class='ocrx_word' id='word_1_1121' title='bbox 1785 2831 1859 2859; x_wconf 74' lang='lat' dir='ltr'><strong>Talis</strong></span> <span class='ocrx_word' id='word_1_1122' title='bbox 1881 2838 1922 2858; x_wconf 81' lang='lat' dir='ltr'><strong>est</strong></span> 
     </span>
    </p>
   </div>
   <div class='ocr_carea' id='block_1_148' title="bbox 1128 2866 1922 2902">
    <p class='ocr_par' dir='ltr' id='par_1_148' title="bbox 1128 2866 1922 2902">
     <span class='ocr_line' id='line_1_149' title="bbox 1128 2866 1922 2902; baseline 0 -9"><span class='ocrx_word' id='word_1_1123' title='bbox 1128 2867 1236 2894; x_wconf 78' lang='lat' dir='ltr'><strong>l&#39;asclnr</strong></span> <span class='ocrx_word' id='word_1_1124' title='bbox 1259 2866 1364 2902; x_wconf 85' lang='lat' dir='ltr'><strong>publica</strong></span> <span class='ocrx_word' id='word_1_1125' title='bbox 1388 2867 1556 2894; x_wconf 76' lang='lat' dir='ltr'><strong>solemnitas.</strong></span> <span class='ocrx_word' id='word_1_1126' title='bbox 1581 2867 1613 2895; x_wconf 85' lang='lat' dir='ltr'><strong>Ut</strong></span> <span class='ocrx_word' id='word_1_1127' title='bbox 1633 2874 1697 2894; x_wconf 86' lang='lat' dir='ltr'><strong>vero</strong></span> <span class='ocrx_word' id='word_1_1128' title='bbox 1719 2867 1854 2902; x_wconf 71' lang='lat' dir='ltr'><strong>sigillatiur</strong></span> <span class='ocrx_word' id='word_1_1129' title='bbox 1877 2875 1922 2893; x_wconf 68' lang='lat' dir='ltr'><strong>rus</strong></span> 
     </span>
    </p>
   </div>
  </div>
