2076 3118
138 133 191 162 Ἇέἳ
811 133 842 160 IN
863 132 992 160 PASCHA
1016 131 1068 157 ΠΙ.

136 192 296 228 nuptialem!
318 193 342 220 υ
356 193 465 225 Pascha,
490 198 559 220 nova
583 191 735 226 lampadum
759 190 930 228 illuminatio,

136 226 272 263 virginalis
295 229 464 255 lucernarum
482 228 581 254 decor!
601 228 727 263 ideonon
747 227 816 253 ultro
831 226 929 263 εκειὶῃτ

135 261 252 298 guuntur
266 264 414 290 animarum
429 265 560 294 Incertae;
575 270 636 289 natn
652 262 743 298 divino
755 265 781 289 et
800 261 930 296 spirituali

137 297 217 326 modo
240 300 265 326 in
291 299 414 325 onmibus
431 300 523 333 gratim
542 299 609 332 ignis
631 297 782 333 przefcrtur,
807 304 930 331 corpore,

136 335 230 370 spiritu
246 339 274 361 et
288 335 350 361 oleo
367 332 465 361 Chriiti
485 332 769 370 subministranteajl‘e
788 338 933 370 amenta-o-

135 367 239 404 gamus,
259 370 369 396 Domine
394 370 472 401 Deus,
488 374 589 398 mterne
603 367 777 403 spiritualiter
785 368 845 404 lies
856 367 934 394 Chri-

136 403 188 436 ste,
205 411 300 431 manus
310 409 367 431 tuas
378 412 488 439 magnas
498 412 578 439 super
587 411 691 430 sacram
704 408 776 430 luam
785 403 932 430 Ecclesiam

135 439 261 473 extende,
283 444 310 467 et
331 447 412 474 super
427 439 565 475 populum'
579 443 702 466 sanctum
720 445 827 473 semper
846 443 931 469 tuum,

1728 130 1778 158 756

983 187 1140 220 defendens,
1163 188 1329 221 custodiens,
1354 196 1536 222 conservans,
1565 196 1613 223 pro
1638 188 1684 216 illo
1709 189 1778 216 bella

983 230 1080 258 gerens
1093 227 1121 250 et
1134 223 1286 256 decertans,
1313 224 1435 251 inimicos
1458 224 1494 251 illi
1517 224 1672 259 subjiciens,
1697 228 1778 258 atque

985 259 1046 285 illos
1059 259 1169 285 vincens
1183 260 1227 293 qui
1244 259 1321 286 nobis
1334 259 1458 286 invisibili
1474 260 1573 286 virtute
1588 258 1688 287 inimici
1703 264 1777 292 sunt,

985 298 1014 320 ut
1028 298 1054 320 et
1075 294 1166 329 hostes
1182 299 1286 321 nostros
1302 295 1397 321 vicisti.
1423 295 1502 329 Erige
1525 302 1594 322 nunc
1609 299 1708 328 tropa-tt
1729 302 1778 328 pro

986 329 1074 360 nobis,
1099 332 1126 355 et
1141 328 1237 363 largire
1257 329 1336 356 nobis
1350 334 1377 355 ut
1398 328 1530 363 possimus
1550 338 1610 356 cum
1630 329 1721 364 Moyse
1733 336 1779 356 ca-

986 372 1050 391 nere
1064 364 1197 400 canticum
1212 365 1339 400 victoriaa,
1355 365 1417 399 quia
1433 366 1479 391 tibi
1494 370 1535 392 est
1549 365 1632 399 gloria
1646 369 1673 392 et
1693 365 1777 400 impe-

987 400 1055 427 rium
1070 399 1096 426 iu
1110 399 1206 427 sa‘cula
1221 399 1390 426 saeculorum.
1408 400 1502 426 Amen.

678 911 718 941 IN
736 911 917 948 SEQUENT
924 913 977 943 ΕΜ
1002 913 1233 944 SERMONEM,

139 1012 235 1040 Latina
257 1013 335 1040 multi
354 1013 566 1050 distinguebant,
580 1019 607 1042 et
622 1015 724 1043 Pascha
736 1024 750 1042 a
765 1015 982 1044 llesurreetionis
993 1016 1037 1044 die
1057 1018 1230 1052 separabant.
1245 1019 1290 1045 Sic
1306 1019 1451 1054 Gregorius
1469 1018 1645 1053 Turonensis,
1667 1020 1710 1047 ubi
1725 1027 1770 1047 or-

138 1059 229 1086 dinetn
245 1069 258 1087 a
276 1059 409 1094 Perpetuo
419 1066 592 1089 antecessorc
603 1071 652 1089 suo
662 1063 790 1098 episcopo
801 1063 952 1090 'l'uronensi
968 1064 1097 1096 referens,
1114 1064 1349 1092 llesurrectionem
1363 1067 1468 1093 Domini
1483 1067 1558 1102 prius
1573 1075 1653 1101 quant
1668 1066 1770 1093 Pascha

136 1107 303 1134 celebratam
316 1108 427 1136 exhibet.
442 1110 493 1137 hoc
505 1115 583 1145 pacto
595 1120 600 1137 :

174 1165 253 1194 Sexto
268 1166 400 1195 Calenst
415 1170 514 1203 Aprilis
529 1170 727 1198 Resurroctione
745 1171 853 1198 Domini
868 1173 950 1199 nostri
964 1171 1026 1199 Iesu
1041 1172 1150 1204 Christi,
1166 1174 1201 1200 ad
1216 1173 1360 1200 Basilicam
1375 1173 1470 1200 Domni
1491 1172 1610 1201 Martini.

176 1224 290 1257 Pascha,
306 1227 334 1253 in
347 1226 476 1255 Ecclesia.

177 1283 224 1310 Die
238 1284 402 1312 Ascensiom‘s
413 1287 442 1312 in
456 1286 572 1313 Basilica
586 1287 681 1314 Domni
696 1287 813 1314 Martini.

140 1342 193 1370 Ubi
206 1349 283 1371 notat
294 1345 453 1373 Ruinartius
468 1350 562 1373 noster
581 1354 608 1381 p.
626 1346 673 1374 551
695 1356 701 1373 :
720 1347 826 1373 Festum
843 1346 980 1373 Paschalis
1000 1355 1016 1373 a
1038 1348 1102 1382 festo
1121 1347 1327 1374 Restm-actionis
1341 1348 1514 1381 distinguitur
1534 1348 1562 1374 in
1588 1347 1773 1375 vetustioribus

141 1389 332 1423 Kalendariis;
343 1392 387 1418 ubi
401 1392 606 1420 Resurrectiouis
618 1394 682 1428 festa
697 1394 740 1420 die
757 1394 791 1420 ‘17
810 1394 902 1420 Martii
918 1395 1052 1420 recolitur.
1066 1393 1167 1420 Pascha
1187 1399 1285 1426 autem,
1305 1399 1333 1421 ut
1354 1404 1441 1422 omnes
1459 1401 1567 1429 norunt,
1584 1403 1632 1431 pro
1646 1395 1774 1422 varietate

141 1434 212 1462 luna:
226 1444 328 1471 semper
340 1437 497 1465 celebratum
514 1440 540 1465 in
558 1439 675 1465 Ecclesia
690 1439 750 1474 fuit.

177 1491 315 1524 Secundo,
331 1500 362 1520 ex
382 1493 424 1520 his
440 1502 500 1528 qua;
515 1494 541 1521 in
558 1495 610 1522 hoc
621 1502 746 1522 sermone
762 1495 941 1522 observantur
952 1495 1098 1522 verisimile
1115 1502 1166 1528 est,
1183 1497 1253 1524 inter
1271 1497 1378 1525 Graecos
1393 1498 1475 1525 etiam
1502 1499 1668 1527 orthodoxos
1685 1500 1776 1528 varie-

142 1542 224 1566 tatem
236 1540 380 1574 aliquando
397 1541 528 1568 accidisse
538 1541 610 1569 circa
623 1541 833 1569 celebrationem
851 1541 1006 1574 Pasehatis;
1024 1543 1059 1569 ita
1078 1546 1106 1569 ut
1121 1543 1164 1569 alii
1182 1551 1245 1576 una,
1264 1545 1308 1571 alii
1323 1545 1373 1571 alia
1387 1545 1429 1572 die
1446 1545 1548 1572 Pascha
1562 1552 1732 1581 peragerent,
1748 1548 1773 1575 id

140 1586 213 1620 quad
232 1586 314 1614 etiam
327 1588 397 1622 apud
415 1588 525 1615 Latinos
543 1588 698 1616 Catholicos
712 1589 858 1624 contigisse
873 1589 1076 1623 comprobatur.
1097 1591 1167 1618 sicut
1187 1598 1240 1617 non
1256 1599 1316 1618 raro
1330 1592 1457 1619 observat
1473 1591 1620 1628 Gregorius
1631 1592 1775 1620 Turonen-

141 1634 188 1661 sis.
206 1633 250 1661 Sic
263 1634 333 1661 libro
349 1634 379 1667 V,
396 1642 424 1669 p.
436 1635 499 1667 221,
518 1635 557 1661 Εο
574 1643 653 1666 anno,
680 1635 777 1670 inquit,
797 1636 916 1663 dubietas
935 1637 1042 1664 Paschw
1064 1639 1123 1672 fuit.
1144 1638 1177 1664 In
1191 1639 1284 1666 Galliis
1302 1647 1363 1666 vero
1385 1647 1430 1665 uos
1445 1648 1504 1666 cum
1520 1641 1609 1667 multis
1624 1641 1775 1668 civitatibus

141 1681 338 1715 quartodecimo
353 1681 483 1709 Calendas
505 1682 590 1709 Maias
610 1688 731 1709 sanctum
754 1683 856 1709 Pascha
879 1683 1086 1716 celebravimus;
1100 1685 1148 1711 alii
1169 1694 1227 1712 vero
1245 1695 1303 1712 cum
1325 1685 1451 1715 llisnanis
1475 1688 1627 1714 duodecimo
1643 1687 1776 1715 Calendal

141 1727 239 1760 Aprilis
248 1727 441 1755 solemnitatem
454 1729 521 1755 hanc
537 1733 687 1755 tenuerunt.
701 1728 751 1756 Ubi
767 1733 843 1756 notat
863 1730 1021 1758 Ruinartius
1039 1741 1045 1758 :
1061 1731 1185 1758 Dubietas
1209 1732 1264 1758 ham
1285 1738 1344 1759 orla
1363 1742 1395 1760 ea:
1416 1742 1455 1765 eo,
1471 1735 1540 1769 quod
1553 1733 1652 1760 Franci
1666 1733 1772 1760 Victorii

144 1774 298 1801 laterculum
321 1775 506 1809 sequebamur,
525 1781 552 1801 ut
573 1776 601 1801 in
623 1774 738 1802 Concilio
758 1775 893 1802 Aurelian.
907 1775 954 1808 IV,
969 1776 1036 1803 Cun.
1052 1777 1074 1808 l,
1091 1786 1137 1803 an.
1151 1778 1213 1810 5U,
1229 1783 1357 1805 statutum
1376 1780 1483 1815 fuerat;
1500 1780 1614 1814 Hispani
1627 1787 1687 1806 vero
1700 1780 1774 1806 anti-

144 1828 223 1855 quum
239 1820 392 1848 Latinorum
404 1829 541 1847 rationem.
556 1820 607 1848 Adi
617 1821 747 1848 Cointium
763 1821 799 1848 ad
809 1830 909 1849 annum
919 1822 979 1855 559,
997 1831 1072 1851 num.
1090 1823 1132 1850 15.
1148 1825 1256 1858 Aliquot
1271 1830 1364 1859 postea
1380 1826 1460 1852 annis
1475 1825 1591 1860 idipsum
1606 1825 1714 1860 accidit,
1727 1833 1776 1853 eo.

144 1867 206 1893 dem
222 1866 354 1901 Gregorio
374 1871 444 1894 teste
459 1866 506 1893 lib.
528 1867 561 1898 Χ,
581 1875 607 1901 p.
624 1867 686 1893 516.

182 1923 334 1951 Verisimile
349 1928 439 1950 autetn
454 1928 496 1950 est
517 1924 543 1950 in
559 1923 670 1951 Oriente
684 1932 792 1959 quoque
816 1925 875 1952 illas
898 1925 1042 1953 varietates
1066 1926 1136 1954 circa
1161 1927 1213 1954 diei
1234 1927 1373 1955 Paschatis
1392 1929 1603 1956 celebrationem
1630 1930 1773 1964 accidisse,

145 1971 218 2007 quod
235 1970 281 1997 hic
294 1970 415 2005 Scriptor
426 1978 577 2005 anonymus
594 1970 721 2003 insinuat,
734 1971 798 1998 dum
815 1972 862 2003 ait,
875 1972 1027 2000 contrarias
1047 1981 1078 2000 ea
1093 1973 1126 2000 de
1144 1981 1173 2000 re
1186 1975 1337 2001 sententias
1354 1974 1380 2000 in
1394 1982 1466 2002 anno
1479 1984 1532 2010 quo
1546 1977 1603 2011 ipse
1617 1978 1776 2006 concionem

146 2025 223 2046 suam
239 2017 332 2045 emisit
343 2017 488 2044 exstitisse.
509 2017 583 2043 Illam
597 2018 756 2046 observandi
771 2018 910 2046 Pasohatis
924 2019 1083 2046 varietatem
1095 2020 1149 2055 jam
1164 2021 1435 2049 commemoravimus
1451 2023 1536 2050 'l'omo
1551 2024 1640 2058 primo
1663 2032 1776 2058 operutn

148 2063 342 2099 Chrysostomi,
365 2071 392 2098 p.
405 2064 466 2096 586,
484 2064 528 2091 tibi
547 2064 617 2091 diem
635 2064 774 2091 Paschalis
790 2064 854 2092 anni
871 2065 933 2097 387,
954 2065 998 2100 qui
1016 2065 1042 2093 in
1058 2066 1154 2092 tabulis
1168 2067 1340 2101 paschalibus
1355 2068 1469 2104 vulgatis
1482 2069 1636 2104 assignatur
1650 2070 1684 2097 25
1696 2069 1777 2105 Apri-

147 2112 191 2144 lis,
206 2111 281 2138 nullo
292 2112 372 2139 modo
387 2119 466 2146 posse
480 2113 506 2139 in
522 2112 595 2139 hunc
607 2113 679 2140 diem
694 2112 840 2140 convenire
854 2114 1005 2141 secundum
1021 2113 1206 2149 Chrysostomi
1223 2114 1303 2147 dicta,
1318 2123 1349 2142 ex
1362 2115 1460 2150 quibus
1472 2115 1558 2151 liquet
1571 2116 1672 2144 Pascha
1685 2116 1778 2144 multis

149 2162 213 2185 ante
231 2157 328 2184 diebus
343 2158 494 2185 Antiochia
508 2159 674 2186 celebratum
688 2159 781 2187 fuisse.
798 2159 836 2186 lbi
852 2160 912 2187 vide
928 2160 975 2188 sis.

607 2373 636 2393 ΙΝ
663 2373 756 2394 ll’SUM
780 2374 897 2395 PASCHA
922 2374 1026 2396 SlillMO
1047 2376 1091 2397 VH
1115 2376 1154 2396 ΕΤ
1175 2375 1322 2399 υιτιηιυε.

183 2501 209 2529 1.
227 2501 287 2528 llert
302 2500 418 2535 quidem,
428 2499 577 2531 fratres,de
591 2498 724 2533 prmilnito
738 2503 935 2535 temporesan-

145 2537 180 2565 eti
206 2534 451 2570 Pascltte’quzndam
471 2535 642 2570 dicebamus,
666 2538 694 2561 et
714 2534 937 2570 quiarvidebatur

147 2571 290 2600 difﬁcultas
311 2569 375 2607 esse
391 2570 513 2607 qutedatn
524 2591 537 2607 ,ν
554 2569 760 2607 signiﬁcavimus
782 2569 808 2596 in
827 2569 936 2596 nomine

148 2607 252 2635 Domini
267 2607 351 2633 nostri
362 2605 425 2633 Jesn
439 2605 550 2637 Christi,
561 2612 610 2631 nos
619 2605 702 2631 multo
712 2609 774 2631 ante
789 2609 816 2632 et
831 2608 937 2638 tempus

147 2643 308 2677 prmﬁnitum
320 2663 327 2674 ,
350 2646 378 2670 et
391 2640 574 2677 difﬁcultatem
603 2640 759 2677 praevidisse
774 2649 780 2667 :
793 2639 880 2677 deque
906 2639 938 2666 iis

148 2675 248 2706 dictum
269 2681 310 2705 est
329 2681 457 2712 qttantum
481 2676 547 2704 satis
560 2680 618 2703 erat
634 2684 640 2702 :
654 2675 677 2702 si
698 2680 785 2712 tamen
805 2675 938 2712 dictorum

149 2713 305 2741 memoriam
324 2709 465 2743 retinetis:
489 2719 596 2739 causam
616 2718 681 2738 vero
703 2710 837 2738 dilationis
861 2709 939 2737 hodie

148 2748 238 2776 dicere
249 2748 427 2783 aggredimur.
442 2748 475 2774 Et
487 2747 547 2782 quia
560 2746 710 2783 hujusmodi
722 2746 872 2783 disquisitio
884 2745 939 2772 veri

151 2781 335 2811 l’aschze'loci
357 2788 385 2811 et
408 2781 536 2818 temporis
559 2782 767 2816 speculationem
793 2781 939 2813 desiderat,

151 2820 285 2850 volumus.
302 2818 414 2846 Domino
425 2819 546 2853 juvante,
556 2822 741 2853 argumentum
754 2820 941 2853 resumeretet

151 2862 201 2890 pro
215 2854 285 2890 virili
301 2859 391 2890 nostra
411 2851 530 2890 mysterii
548 2851 746 2890 speculationes
762 2852 891 2890 proferre.
909 2851 941 2890 Et

151 2887 213 2924 quia
231 2888 331 2916 multus
356 2887 664 2916 adest'adversariorum
681 2889 817 2924 incursus,
832 2887 876 2922 qui
896 2887 939 2924 rei

153 2922 291 2952 veritatem
307 2924 427 2958 ignorant
439 2945 447 2957 ,
463 2930 541 2958 atque
555 2924 671 2951 hmretici
693 2923 814 2951 resiliunt
828 2944 835 2957 ,
848 2930 878 2949 ac
892 2922 938 2950 Ju-

987 2496 1038 2525 daei
1054 2505 1083 2524 se
1099 2495 1198 2522 Pascha
1212 2495 1349 2522 celebrare
1371 2491 1532 2528 profitentur
1545 2513 1551 2521 ,
1568 2488 1780 2528 Christianorum

988 2524 1052 2560 vero
1067 2536 1169 2559 tantum
1183 2531 1233 2558 hoc
1249 2524 1405 2564 mysterium
1419 2531 1470 2560 est,
1487 2532 1513 2554 et
1530 2525 1650 2564 mysterii
1662 2524 1784 2564 celebra-

992 2569 1029 2595 tio
1044 2567 1113 2602 apud
1137 2574 1185 2593 nos
1208 2560 1332 2602 accurate
1354 2563 1498 2602 constituta
1511 2567 1550 2589 est
1560 2560 1570 2593 ';
1584 2561 1659 2595 juvat
1679 2560 1785 2586 illorum

990 2597 1109 2631 omnium
1120 2601 1279 2636 compendio
1294 2599 1455 2636 intentionem
1467 2597 1568 2636 facere,
1583 2602 1784 2636 atqueomnem

989 2633 1201 2666 confusionemh
1216 2634 1345 2672 mysterio
1357 2639 1449 2661 nostro
1461 2633 1609 2672 eliminare,
1625 2637 1652 2658 et
1663 2633 1705 2657 sic
1717 2634 1786 2672 tem:

992 2681 1085 2709 porum
1100 2666 1265 2709 singular-util
1289 2670 1418 2709 rationem
1443 2669 1606 2709 patefacere,
1621 2674 1672 2701 ope
1685 2666 1788 2709 scilicet

991 2701 1120 2744 imigenili
1137 2701 1196 2744 Filii
1211 2707 1268 2734 Dei.
1291 2701 1500 2744 Smpe_nam'que
1519 2702 1651 2744 quosdam
1669 2701 1786 2744 viduitas

992 2736 1116 2772 dicEntes
1140 2753 1146 2770 :
1168 2743 1223 2770 Cur
1239 2736 1344 2768 natales
1364 2736 1514 2767 Servatoris
1530 2736 1648 2764 deﬁnito
1660 2736 1704 2772 die
1716 2736 1788 2772 cele-

992 2771 1121 2811 brantur;
1137 2786 1234 2814 nempe
1245 2798 1256 2814 ,γ
1266 2781 1294 2803 ut
1306 2782 1400 2814 omnes
1412 2775 1512 2802 scimus
1525 2777 1642 2814 ,_octm"o
1654 2771 1787 2813 Kalendas

992 2807 1133 2843 Januarias
1158 2807 1306 2840 secundum
1329 2811 1464 2838 Romanos
1495 2818 1501 2836 :
1525 2807 1699 2842 Theophania
1724 2814 1789 2833 vero

993 2851 1133 2882 similiter;
1158 2849 1213 2884 ipsa
1227 2848 1326 2883 quippe
1344 2846 1517 2884 ce_lebrantnr_
1536 2842 1714 2884 delinitonie
1734 2842 1782 2869 de-

993 2886 1063 2913 cimo
1086 2879 1281 2918 tertio-quarti
1294 2879 1406 2918 inensis_
1419 2879 1566 2918 secundum
1583 2879 1717 2918 Asiaticos
1725 2886 1737 2918 ἐ
1763 2880 1790 2903 et

998 2911 1144 2955 martyrum
1171 2911 1277 2954 quoque
1297 2916 1452 2944 memoriam
1469 2915 1579 2943 dvlinito
1608 2914 1650 2942 die
1669 2911 1789 2940 celebra-
