2076 3118
174 224 223 250 Tit!

173 285 256 312 sunt,
273 279 388 306 fideliter
407 274 651 312 explicandahnon
661 280 693 299 ex
710 279 770 312 meo
783 271 904 312 arbitrio,
917 271 963 312 sed

172 307 205 343 ex
221 307 279 350 ipso
295 321 384 342 rerum
398 307 502 340 ordine.
517 309 685 350 Quotl_cnin_t
695 308 896 350 inquinoctium,
913 307 966 350 pri—

173 342 246 378 mum
258 342 363 383 tempus
376 342 543 382 praecesserit
553 366 560 376 ,
581 345 608 372 id
622 351 654 371 ex
666 343 718 384 Dei.
727 345 863 370 creatione
879 342 966 383 palam

172 391 225 413 est.
241 385 359 413 Primum
376 389 489 416 namque
504 387 624 408 mensem
636 385 841 416 quacrmmsper
852 384 966 412 primum

175 426 280 455 tempus
292 429 298 445 :
316 420 429 455 primum
440 413 504 444 vero
519 421 622 455 tempus
636 414 738 455 initium
753 413 849 455 habeat
863 416 969 453 oportet

175 464 189 482 a
207 448 290 490 prima
306 448 349 481 die
363 453 517 490 pariterque
536 458 550 477 a
572 448 656 490 prima
671 448 886 490 noctesNullnm
897 449 968 490 enim

175 483 248 518 aliud
275 483 378 516 initium
402 483 492 523 primo
513 483 625 523 tempori
647 484 786 523 competit,
801 491 880 523 quam
906 483 968 523 illud

175 525 246 560 quod
261 525 360 551 dictum
384 518 436 551 est.
459 518 607 556 Oportebat
628 519 700 560 enim
724 519 888 560 creationem
911 518 968 560 fieri

176 553 238 588 ante
251 560 368 587 futurum
383 553 498 593 tempus,
520 561 547 584 et
564 563 624 593 cum
637 555 694 582 dies
708 559 734 581 et
757 562 809 593 nox
827 553 970 593 jatn‘ades-

176 599 246 627 Sent,
270 596 374 622 illarum
398 589 581 621 exsistentiam
605 591 659 624 jam
685 590 823 624 aequaliter
845 589 969 627 deliniri;

176 623 273 657 deinde
287 637 351 658 vero
366 637 399 657 ex
412 632 485 655 motu
506 623 889 664 matqnalitatem'exsurgere.
904 623 969 651 Nam

176 667 198 692 si
212 663 300 693 mo‘tus
329 664 535 699 inaequalitatem
563 660 718 699 habuit,__in
741 660 970 699 creationeopor-

177 702 228 728 tuit
250 694 428 735 aequalitatem
452 695 708 735 demonstrat-inid.
730 698 818 735 autem
835 694 925 735 nolo“
937 701 969 721 ex

177 729 314 770 Scriptura
335 732 539 770 explicareLrln
552 730 787 770 principioLinquit
797 750 805 763 ,
830 730 887 765 fecit
903 729 971 770 Deus

177 765 267 798 «elu'm
288 775 312 797 et
338 765 441 797 terram.
467 768 534 795 llinc
553 765 656 797 subdit,
681 765 810 792 Tenebra:
834 769 921 795 erant,
946 769 973 791 et

179 807 224 833 lux
246 805 362 832 nondum
383 809 450 832 erat.
468 803 502 830 Et
524 802 587 828 dixit
610 801 678 828 Deus
695 808 704 826 :
718 799 778 826 Fiat
793 800 855 831 luas;
870 804 892 826 et
903 802 972 835 facta

178 847 215 869 est
236 842 291 868 lux.
317 841 349 867 Et
371 840 455 866 divisit
475 838 542 865 Deus
560 838 626 864 inter
647 837 728 863 lucem
749 840 772 862 et
795 835 909 862 tenebras
922 856 928 865 ,
949 840 972 861 et

177 877 274 903 vocavit
290 875 358 902 Deus
381 876 463 902 lucem
488 873 564 903 diem,
588 876 611 898 et
634 871 748 898 tenebras
766 871 861 897 vocavit
877 875 973 897 noctem

180 912 256 946 (Gen.
274 911 379 945 1.1-5).
392 910 480 936 Habes
489 907 682 946 primamdiqn
694 910 720 933 et
732 906 843 946 primam
856 911 972 933 noctem.

178 941 247 980 Quid
268 941 365 974 enim?
381 941 514 980 quomodo
538 941 720 980 divisit_Detis
741 942 810 968 inter
834 941 929 980 lucem.
947 945 974 968 et

179 976 250 1009 inter
270 976 407 1012 tenebras,
429 987 495 1015 quas
517 977 656 1015 constituit
679 983 741 1015 esse
758 977 886 1015 noctem?
907 976 973 1015 Nam

180 1017 257 1048 illud,
274 1016 354 1048 Inter,
370 1011 445 1043 duos'
454 1014 528 1049 ponit
551 1012 690 1049 terminos.
714 1011 866 1049 Quia_enim
885 1012 974 1038 omnia

180 1060 239 1087 qua:
252 1047 355 1079 creavit
375 1047 460 1087 Dens,
473 1047 687 1087 in_determina_la
701 1047 974 1087 ereavitrnaturanex

179 1082 354 1120 consequenti
369 1086 481 1121 primam
495 1085 567 1112 diem
581 1087 608 1110 et
622 1083 735 1121 primam
757 1086 862 1121 noctem
885 1082 911 1121 in
926 1082 975 1110 dc-

181 1117 323 1149 terminata
344 1117 376 1148 ct'
394 1121 489 1156 :equali
512 1118 760 1156 circumscriptione
782 1117 933 1156 produxit,_
949 1123 976 1145 et

181 1165 242 1184 cum
266 1164 418 1184 mensuram
428 1152 608 1192 perfecisset,
626 1153 691 1180 vidit
714 1153 757 1179 illa
771 1152 872 1192 optime
885 1160 914 1180 se
927 1152 976 1180 ha-

181 1193 253 1219 bere.
272 1192 381 1224 Deinde,
395 1196 423 1218 ut
435 1191 490 1225 jam
504 1189 573 1222 dixi,
589 1196 622 1216 ex
636 1192 708 1215 motu
719 1188 976 1225 _permisitin:eqna-

181 1229 281 1254 litatem
298 1228 372 1254 oriri.
388 1227 415 1254 Si
428 1223 491 1261 ergo
505 1225 605 1261 primus
619 1228 704 1261 status
718 1223 744 1249 in
758 1223 977 1261 mqiialilatccon-

181 1263 258 1295 stitit,
273 1258 559 1297 tequixioetium'primi
576 1259 705 1297 temporis
729 1258 890 1297 principium
915 1259 974 1297 fuit,

183 1303 211 1325 ut
222 1293 436 1324 demonstratum
450 1293 501 1324 est.
514 1295 614 1322 Deinde
630 1298 689 1328 post
708 1294 897 1328 :equinoctimn
914 1293 923 1325 (
935 1295 978 1322 hic

182 1333 302 1360 animum
315 1333 423 1366 adhibe)
436 1335 529 1366 quarta
539 1331 583 1357 die
601 1330 629 1366 fit
639 1329 679 1366 sol
695 1330 809 1366 etjuiia.
825 1329 976 1366 {Equalita-

183 1372 237 1395 tem
253 1368 403 1402 mquinoctii
414 1364 418 1366 Ἴ
430 1364 529 1394 faciunt
550 1365 704 1402 luminaria.
725 1364 805 1402 Scuta
820 1364 864 1391 die
879 1364 978 1402 format

183 1400 331 1434 hominem,
345 1411 377 1430 ac
389 1402 500 1436 septima
512 1401 625 1436 quiescit
643 1400 676 1427 ab
696 1400 819 1436 omnibus
838 1400 975 1436 operibus.

183 1438 321 1473 Sequenti,
336 1445 395 1473 qum
409 1435 451 1464 est
462 1435 545 1473 prima
558 1457 565 1468 ,
581 1436 735 1473 universum
758 1435 813 1468 jam
830 1435 977 1473 perfectum

183 1471 237 1500 suo
249 1471 413 1500 ordineferri
427 1472 500 1499 sinit.
512 1472 574 1498 llicc
585 1471 697 1498 observa
706 1474 733 1497 et
742 1471 869 1498 memoria
879 1471 976 1505 retine,

185 1512 215 1535 ut
227 1508 296 1535 dicta
312 1508 450 1542 explorare
464 1507 559 1541 possis.
575 1506 619 1534 Sic
631 1506 704 1542 Deus
712 1505 846 1542 hominem
856 1506 928 1542 iecit,
939 1511 976 1540 et,

185 1549 214 1570 ut
227 1544 311 1571 bonus
321 1541 370 1574 est,
387 1543 466 1570 talem
478 1546 505 1570 et
513 1546 614 1570 tantum
629 1541 844 1568 fecithominem.
855 1541 894 1569 Ne
906 1542 977 1569 enim

187 1579 344 1613 pravitatem
357 1579 426 1612 ejus,
442 1578 488 1604 sed
501 1578 614 1613 primum
637 1576 695 1613 ejus
715 1580 813 1613 statum
826 1577 954 1611 respicias
969 1587 976 1604 :

186 1612 247 1640 nam
264 1613 296 1640 ad
312 1613 453 1648 imaginem
467 1620 542 1640 suam
558 1612 625 1648 fecit
635 1612 719 1639 illum.
736 1612 822 1646 Atque
843 1617 875 1648 ut
886 1617 978 1640 osten-

186 1648 262 1675 deret
276 1649 337 1684 ejus
349 1647 472 1675 naturam
487 1655 548 1684 cum
568 1647 653 1684 stellis
671 1652 847 1684 concertare,
859 1647 979 1684 declarat

186 1684 273 1718 ipsum
288 1682 386 1711 nudum
401 1684 516 1718 positum
529 1682 612 1710 fuisse
627 1683 653 1709 in
667 1682 802 1717 paradiso,
813 1682 910 1710 amictu
924 1691 979 1711 non

187 1724 309 1753 egentem
326 1727 333 1745 :
348 1719 464 1745 nondum
479 1719 550 1745 enim
569 1719 648 1745 talem
663 1722 801 1753 aspectum
817 1719 978 1746 contumelia

187 1752 346 1786 fiedaverat,
362 1758 389 1780 ut
404 1758 557 1788 tegnmento
571 1760 639 1788 opus
650 1753 761 1780 haberet
773 1752 864 1780 homo.
880 1752 978 1780 Verum

187 1789 322 1823 Scriptura
338 1787 503 1821 testiﬁcatur,
519 1789 601 1823 Deum
617 1787 713 1815 fecisse
725 1787 873 1820 hominem,
891 1794 917 1815 et
929 1796 978 1823 po-

187 1821 274 1851 suisée
288 1825 363 1851 illum
384 1825 410 1851 in
431 1824 572 1857 paradiso:
588 1821 669 1858 atque
691 1823 750 1849 illos
775 1823 860 1850 nudos
885 1821 977 1856 fuisse,

187 1867 238 1886 nec
245 1859 393 1887 erubuisse.
402 1859 454 1886 Sed
462 1859 684 1893 quemadmodum
696 1858 735 1885 sol
747 1862 774 1885 et
783 1858 844 1885 luna
859 1859 978 1887 nuditate

188 1901 236 1921 sua
257 1894 400 1928 splendent
413 1898 440 1920 et
452 1899 581 1921 ornantur
596 1902 602 1920 :
619 1894 658 1920 sic
676 1898 703 1920 et
727 1894 753 1920 lii
778 1894 900 1927 permissi
915 1900 979 1922 sunt

189 1935 238 1956 suo
251 1929 348 1956 decore
368 1929 518 1963 splcnlere.
535 1928 600 1955 Cum
621 1936 685 1962 ergo
702 1932 803 1955 tantum
822 1929 859 1955 illi
878 1928 979 1956 benefi-

188 1965 260 1991 cium
272 1964 429 1991 contulisset
444 1964 532 1995 Deus,
554 1964 683 1997 illumque
703 1963 728 1989 in
745 1963 859 1998 paradisi
877 1963 979 1992 deliciis

188 1999 384 2032 constituisset,
403 2007 565 2032 muneraque
588 2006 637 2026 sua
658 1998 694 2024 illi
708 1998 814 2025 abnmle
830 1998 978 2031 tribuisset,

188 2042 296 2061 sensum
312 2035 345 2061 ab
358 2042 400 2065 eo,
418 2038 446 2061 ut
457 2034 557 2068 justum
573 2038 640 2065 erat,
658 2033 821 2068 requirebat,
836 2033 979 2068 docuitque

190 2069 264 2096 illum
287 2075 315 2096 ut
337 2069 487 2097 obedientia
507 2069 621 2104 gratiam
635 2068 813 2104 rrependcret.
834 2068 899 2101 Quia
916 2077 979 2096 vero

188 2104 265 2136 vidit,
280 2105 337 2132 fieri
353 2109 404 2132 non
419 2111 498 2139 posse
512 2103 546 2131 rut
566 2104 611 2131 ille
625 2103 724 2131 donum
737 2109 867 2135 servaret,
880 2104 931 2131 nisi
945 2105 978 2132 ad

188 2140 273 2167 Deum
287 2139 405 2167 datorem
416 2139 570 2174 confugeret
582 2140 722 2174 ipsumque
733 2139 884 2170 lionoraret,
894 2139 977 2173 legem

188 2175 227 2202 illi
244 2176 407 2210 priescripsit
419 2180 522 2202 natura:
534 2174 671 2201 custodem
683 2194 698 2210 ,ν
715 2179 789 2210 utcx
810 2175 938 2202 memoria
953 2182 979 2203 ct

188 2209 249 2244 ope
264 2209 433 2245 legisla'toris.
456 2211 531 2245 quasi
545 2210 622 2237 bonis
645 2209 804 2244 quibusdam
820 2210 978 2245 pharmacis

188 2244 366 2273 custodiretur
382 2255 388 2272 :
406 2244 686 2279 immortalitatemque
708 2245 768 2279 ipsi,
781 2245 802 2271 si
819 2244 903 2280 legem
919 2254 978 2272 scr-

188 2285 274 2312 varct,
298 2281 428 2314 promisit,
448 2285 561 2308 mortem
580 2287 644 2307 vero
667 2281 782 2306 minatus
796 2284 836 2306 est
852 2282 978 2314 prazrari-

189 2317 269 2343 cauti.
285 2316 337 2343 Sed
362 2316 404 2343 his
426 2317 460 2343 ita
475 2316 566 2350 gestis.
592 2316 633 2341 illa
660 2315 815 2342 acciderunt
835 2323 894 2349 quin
917 2321 977 2343 nota

188 2355 253 2378 sunt
276 2360 282 2377 :
305 2352 402 2378 invidia
426 2352 524 2385 quippe
551 2350 649 2377 diaboli
677 2350 815 2377 suadente.
840 2355 869 2377 ut
894 2351 978 2385 legem

189 2387 422 2421 transgrcdcretur
436 2387 526 2418 homo,
541 2385 720 2417 corruptibilis
731 2389 773 2411 est
786 2385 910 2418 effectus,
927 2387 978 2421 eji-

189 2421 310 2455 citurque
324 2426 398 2448 extra
412 2421 564 2455 paradisum
580 2428 586 2446 :
603 2427 634 2447 ae
647 2420 774 2454 deinceps
787 2425 882 2447 auctus
893 2420 977 2455 prole,

189 2456 327 2483 brutorum
343 2457 422 2483 vitam
447 2456 531 2487 duxit,
555 2461 635 2489 atque
659 2455 801 2488 impietatis
816 2460 843 2482 et
864 2456 978 2484 lascivia:

188 2492 386 2525 receptaculum
403 2491 487 2518 factus
508 2494 558 2517 est.
585 2490 700 2525 Ideoque
723 2490 857 2524 propheta:
878 2492 977 2518 clama-

188 2526 261 2558 bant,
279 2527 312 2554 de
326 2525 396 2553 illius
411 2526 496 2561 prisca
510 2526 648 2560 dignitate,
669 2530 697 2552 et
717 2525 750 2552 de
769 2530 902 2559 postrema
925 2532 979 2553 tur-

188 2561 309 2596 pitudine
325 2570 332 2588 :
349 2561 431 2588 llomo
447 2570 503 2588 cum
522 2562 549 2588 in
561 2561 655 2587 ltonore
675 2565 753 2592 esset,
770 2569 820 2587 non
833 2561 954 2588 iniri/erit
969 2571 978 2589 .'

188 2603 349 2632 coiiiparatus
362 2602 398 2624 est
407 2597 530 2631 jumenlis
543 2596 717 2630 insipientibus
728 2618 734 2628 ,
753 2600 775 2622 et
796 2596 885 2632 similis
899 2598 979 2632 filt‘llts

187 2636 224 2668 est
236 2632 310 2668 illis(
327 2631 400 2659 Psul.
412 2632 456 2660 48.
474 2632 507 2658 15
522 2632 541 2666 ).
558 2631 623 2668 Haec
632 2639 693 2658 cum
707 2632 740 2668 ita
757 2638 786 2658 se
797 2631 980 2668 rhabefre’nILet

187 2666 310 2695 humana
319 2673 447 2702 pereunte
461 2672 567 2699 natura,
583 2666 675 2693 volens
695 2666 849 2700 unigenitus
869 2667 915 2694 Dei
935 2667 979 2694 Fi-

187 2703 238 2729 lius
253 2711 312 2730 cum
321 2707 432 2738 paterno
447 2703 543 2737 placito
554 2702 689 2729 hominem
702 2702 840 2733 reducere,
852 2702 980 2736 illumque

187 2738 221 2764 ab
235 2737 405 2773 impendente
430 2738 530 2765 ultione
551 2737 665 2772 eripere,
691 2742 795 2771 tempus
821 2742 848 2764 et
870 2738 978 2765 modum

187 2774 279 2800 auxilii
294 2774 441 2808 excogitat;
458 2781 573 2807 tempus,
588 2777 615 2800 ut
629 2779 779 2806 opportune
798 2773 831 2800 ad
846 2773 977 2800 medelam

188 2808 274 2844 adsit;
291 2807 410 2842 modum,
424 2809 471 2844 qui
493 2809 524 2835 ad
550 2807 716 2844 purgandum
740 2812 766 2844 et
784 2808 977 2844 restituendum

189 2842 262 2869 illum
278 2848 349 2871 esset
373 2842 493 2871 idoneus.
517 2842 614 2879 Factus
638 2843 717 2878 igitur
739 2843 831 2876 homo,
855 2843 979 2879 Deusque

189 2885 310 2910 manens,
325 2886 372 2913 pro
386 2883 441 2906 toto
456 2878 556 2906 mundo
572 2885 665 2912 passus
679 2879 774 2906 estDe
789 2879 840 2906 hoc
855 2887 926 2913 sa‘pc
936 2887 978 2906 sa-

189 2913 291 2948 crilieio
304 2915 429 2947 loquutus
442 2922 510 2940 sum.
528 2913 607 2940 lliulta
622 2921 706 2948 nuper
721 2913 852 2946 dicebam,
864 2922 897 2941 ex
911 2914 978 2948 ipsis

193 2947 288 2976 Iudaeis
302 2949 415 2976 adducta
426 2953 517 2976 contra
532 2948 649 2980 Judazos,
661 2947 688 2975 et
714 2957 743 2975 ex
759 2949 899 2984 gentilibus
912 2947 977 2977 con-

356 2993 490 3025 PATROL
515 2995 574 3026 Gn.
600 2996 632 3026 LI
641 2998 662 3026 Χ

860 212 892 240 IN
911 211 1044 240 PASCIIA
1066 211 1122 241 Vll.

1758 210 1811 239 ’150

1019 277 1060 298 ira
1075 270 1189 306 gentiles
1199 273 1354 305 argumenta
1367 269 1514 302 sumendo;
1527 275 1554 298 et
1566 270 1635 299 hanc
1648 279 1740 299 necem
1753 271 1810 298 dm-

1017 313 1112 333 monas
1123 306 1252 333 avertisse
1258 310 1284 333 et
1298 306 1463 342 profligasse,
1473 314 1576 333 necnon
1586 308 1703 342 pericula
1715 307 1810 337 etiam.

1019 342 1110 369 hostes
1130 345 1158 369 et
1170 349 1278 368 omnem
1302 341 1492 375 turpitudinem
1518 341 1648 376 eiecisse,
1672 350 1706 370 ex
1730 342 1810 369 rebus

1019 377 1084 412 ipsis
1102 376 1298 408 demonstravi;
1319 383 1407 410 neque
1430 377 1500 404 ultra
1525 383 1616 404 contra
1641 377 1702 405 illos
1723 384 1808 411 agam,

1020 411 1054 440 ne
1069 411 1212 446 propositae
1227 412 1264 438 rei
1279 412 1376 439 seriem
1393 412 1570 446 interpellcm.
1587 413 1654 440 Cum
1671 413 1750 440 vellet
1764 413 1813 446 igi—

1021 452 1064 475 tur
1077 447 1329 483 unigenitusFilios
1353 447 1398 474 [lei
1425 448 1651 476 resurrectionem
1665 448 1739 483 lapso
1762 447 1812 473 lio-

1021 483 1086 510 mini
1102 482 1207 518 largiri,
1224 482 1350 516 illumque
1366 490 1509 512 renovare.
1532 488 1559 510 et
1575 482 1700 518 passione
1723 490 1770 510 sua
1788 483 1813 518 in

1022 518 1161 551 pristinum
1177 517 1285 544 modum
1302 518 1453 549 restituere,
1480 518 1540 545 vide
1555 517 1617 553 quid
1628 518 1731 546 fecerit.
1747 517 1815 552 Quia

1022 555 1079 587 ipse
1091 557 1149 580 erat
1164 554 1241 587 primi
1256 553 1372 579 hominis
1384 553 1506 583 Creator.
1524 553 1581 587 ejus
1592 555 1672 582 etiam
1685 554 1752 588 lapsi
1768 561 1814 580 re-

1022 594 1155 616 staurator
1179 589 1283 615 futurus
1297 593 1364 620 erat,
1380 589 1411 614 ad
1427 589 1640 616 emendationem
1662 590 1744 617 totius
1770 597 1817 615 na-

1023 629 1088 651 tura!
1105 631 1112 650 :
1129 631 1189 651 sese
1201 623 1308 658 quidem
1321 624 1437 658 passiuni
1458 623 1550 655 offert,
1567 629 1651 652 totum
1665 632 1732 652 vero
1745 629 1812 651 tem-

1024 667 1071 693 pus
1091 659 1188 693 accipit
1209 659 1241 685 ad
1268 659 1479 691 renovatione-in,
1503 660 1573 694 quod
1594 660 1627 686 ad
1651 661 1815 687 creationem

1023 699 1177 731 acceperat,
1189 694 1292 731 utgfmis
1306 694 1437 731 principio
1452 700 1649 723 consentaneus
1663 700 1814 731 appareret.

1023 734 1050 755 et
1063 729 1157 756 modus
1173 730 1197 756 in
1210 729 1336 756 Creatore
1354 729 1422 756 idem
1435 735 1516 757 esset.
1531 731 1642 757 Volebat
1656 729 1738 762 enim,
1752 730 1815 765 quia

1024 769 1128 800 tempus
1140 765 1312 798 purissimum
1329 765 1354 791 in
1371 765 1529 792 formatione
1547 767 1625 800 primi
1641 766 1757 792 hominis
1769 766 1819 792 de—

1024 799 1139 834 legerat;
1152 799 1202 827 hoc
1215 807 1278 827 vero
1292 804 1395 834 tempus
1410 801 1537 833 pollutum
1547 799 1636 827 fuerat
1649 809 1696 835 per
1710 809 1814 835 przeva-

1023 835 1192 866 ricationcm,
1206 842 1266 862 cum
1282 836 1340 869 ipso
1353 835 1432 862 etiam
1454 836 1660 870 prawaricatore
1670 857 1677 868 ,
1692 841 1719 863 et
1733 837 1819 870 pollu-

1026 874 1081 896 tum
1107 877 1223 905 sequens
1251 870 1378 897 smcnlum
1406 871 1562 905 apparebat,
1589 872 1675 906 ipsum
1702 871 1816 906 primum

1026 911 1130 939 tempus
1155 906 1180 932 in
1214 906 1383 940 reparatione
1406 906 1522 933 hominis
1539 913 1694 939 assumere;
1716 911 1746 933 ut
1758 913 1819 933 cum

1026 941 1084 975 ipso
1098 941 1206 967 homine
1219 949 1268 975 pcr
1283 942 1466 976 purgationem
1479 949 1510 968 ex
1523 942 1647 976 passione
1662 946 1763 976 partam
1776 950 1819 968 se-

1025 983 1110 1011 quens
1125 976 1253 1003 smculum
1278 984 1292 1002 a
1317 977 1405 1010 capite
1427 977 1518 1010 purius
1545 977 1699 1009 exhiberet;
1725 985 1777 1011 quo
1792 978 1817 1004 iu

1027 1011 1120 1038 eadem
1137 1011 1193 1046 ipsa
1209 1019 1238 1038 re
1251 1012 1339 1038 omnia
1356 1011 1519 1044 ostenderet,
1535 1017 1563 1039 et
1574 1013 1690 1040 hominis
1703 1020 1819 1039 renova-

1027 1047 1139 1080 tionem,
1156 1051 1183 1074 et
1197 1047 1289 1074 smculi
1304 1047 1446 1081 puritatem
1470 1052 1496 1073 et
1511 1052 1692 1081 reparatorcm
1710 1048 1821 1074 Grcam-

1026 1089 1138 1118 remque
1164 1086 1266 1109 natura:
1285 1089 1321 1109 ex
1343 1082 1408 1117 ipsis
1424 1087 1574 1117 temporum
1598 1083 1728 1118 symbolis
1749 1083 1822 1110 clare

1027 1117 1235 1144 demonstraret.

1063 1153 1090 1180 5.
1110 1153 1186 1187 Quod
1211 1156 1252 1179 est
1275 1160 1340 1188 ergo
1360 1152 1475 1188 primum
1496 1153 1623 1188 tempus?
1645 1153 1717 1188 quod
1742 1159 1822 1188 caput

1028 1188 1107 1222 primi
1119 1188 1262 1223 temporis?
1275 1187 1487 1223 IEquihoetium,
1499 1187 1592 1221 frater,
1605 1193 1634 1216 ut
1643 1187 1821 1219 ostendimus.

1028 1231 1089 1250 cum
1102 1223 1160 1251 dies
1172 1228 1200 1251 et
1213 1228 1316 1255 noctes,
1335 1225 1451 1258 aiqualcs
1466 1225 1599 1252 scctiones
1614 1224 1821 1259 exquisivimns;

1028 1263 1057 1286 et
1076 1259 1265 1294 aequinoctium
1288 1267 1400 1286 vernum
1419 1268 1425 1286 :
1443 1264 1547 1294 tempus
1567 1260 1639 1286 enim
1655 1267 1766 1286 vernum
1781 1265 1824 1286 cst

1029 1302 1062 1330 ex
1078 1294 1197 1322 historia:
1213 1294 1292 1320 serie.
1318 1294 1414 1322 Narrat
1434 1295 1532 1330 quippe
1548 1295 1669 1330 Moyses,
1686 1295 1764 1322 tertia
1779 1294 1823 1322 die

1027 1329 1141 1364 jussisse
1155 1330 1238 1356 Deum
1250 1330 1329 1356 ﬂores
1343 1335 1369 1356 et
1381 1330 1491 1358 arbores
1508 1334 1535 1357 ct
1547 1329 1651 1365 plantas
1667 1330 1734 1357 fieri.
1748 1329 1824 1356 Vcris

1030 1365 1088 1392 lure
1097 1364 1227 1400 symbola.
1243 1372 1358 1392 consona
1375 1366 1504 1398 suotarti,
1514 1364 1564 1392 via:
1573 1370 1598 1392 et
1606 1365 1691 1392 ordini
1703 1365 1747 1392 Dei
1759 1373 1824 1392 cun-

1030 1404 1071 1428 cta
1077 1401 1202 1428 creantis.
1213 1400 1278 1434 Quia
1285 1408 1348 1434 ergo
1355 1402 1438 1435 prima
1448 1401 1548 1428 creatio
1557 1401 1674 1427 hominis
1680 1406 1738 1435 post
1745 1401 1824 1435 aequi-

1029 1436 1147 1463 noctium
1158 1435 1226 1462 facta
1234 1440 1292 1473 est»,
1302 1440 1374 1473 sexta
1388 1437 1539 1473 :eqiiiiioctii
1549 1436 1592 1473 die
1607 1435 1686 1473 (nam
1703 1436 1728 1462 in
1744 1437 1824 1473 Para-

1030 1476 1221 1499 scevecreatus
1229 1475 1269 1498 est
1279 1470 1383 1507 homo),
1395 1470 1456 1498 luna
1466 1479 1529 1498 vero
1544 1470 1620 1505 plena
1637 1476 1695 1505 post
1703 1471 1824 1506 :eqnino-

1030 1507 1113 1534 ctium
1130 1511 1218 1533 creata
1233 1511 1274 1533 est
1291 1512 1383 1541 quarta
1405 1507 1459 1539 die,
1483 1507 1625 1541 lapsusque
1642 1507 1757 1534 hominis
1777 1514 1824 1541 per

1030 1546 1170 1577 peccatum
1183 1542 1362 1569 acciditzideo
1371 1542 1586 1569 emendationem
1601 1542 1658 1576 r-jus
1671 1547 1698 1569 et
1712 1549 1825 1569 renova-

1031 1578 1150 1609 tionem,
1172 1581 1291 1611 tempore
1309 1584 1324 1603 a
1345 1578 1480 1604 creatione
1497 1578 1554 1611 ejus
1571 1578 1680 1604 definito
1701 1578 1825 1611 assumit,

1031 1613 1218 1647 aequinoctium
1232 1617 1258 1639 et
1273 1612 1402 1648 decimam
1417 1617 1539 1647 quartam
1555 1613 1826 1648 postmquinoctium,

1031 1648 1156 1682 diemque
1169 1652 1271 1675 sextam
1285 1647 1362 1675 simul
1375 1648 1532 1680 conferens;
1547 1653 1574 1674 ut
1588 1648 1628 1675 his
1639 1648 1762 1675 omnibus
1773 1653 1828 1675 sta-

1031 1684 1095 1711 tutis
1109 1682 1274 1717 temporibus
1284 1703 1291 1715 ,
1305 1683 1363 1717 ejus
1376 1684 1421 1717 qui
1437 1690 1530 1717 passus
1543 1687 1585 1710 est
1599 1683 1826 1710 resurrectionem

1031 1718 1202 1748 ostenderet,
1219 1722 1299 1752 atque
1313 1723 1415 1744 natura:
1430 1719 1632 1745 renovationem
1648 1723 1675 1746 et
1689 1722 1826 1746 restaura-

1032 1755 1143 1781 tionem.
1165 1753 1225 1780 ldeo
1240 1753 1383 1785 Apostolus
1406 1753 1474 1780 hanc
1494 1755 1716 1781 restaurationem
1736 1761 1750 1780 a
1771 1753 1827 1781 Deo

1031 1789 1129 1816 factam
1144 1788 1296 1820 declarans,
1313 1788 1421 1815 dicebat
1435 1797 1441 1814 :
1458 1787 1490 1815 In
1506 1789 1574 1815 omni
1591 1789 1716 1824 sapientia
1729 1793 1751 1815 et
1765 1797 1828 1823 pru-

1031 1823 1116 1850 dentia
1131 1832 1140 1850 .'
1154 1828 1182 1850 ut
1194 1828 1279 1849 notum
1295 1825 1386 1858 faceret
1400 1823 1471 1850 nobis
1490 1823 1677 1852 sacramentum
1691 1824 1828 1851 voluntati:

1031 1867 1094 1891 sum,
1108 1858 1244 1886 scctuulum
1257 1858 1439 1895 bcueplucimm
1450 1859 1514 1894 ejus,
1527 1859 1594 1893 quod
1607 1859 1737 1895 proposuit
1749 1859 1776 1886 iu
1786 1868 1825 1893 eo,

1030 1895 1057 1921 in
1071 1894 1281 1929 dispensationem
1294 1894 1457 1929 plenitudinis
1467 1899 1608 1928 temporum
1620 1895 1763 1922 instaurare
1773 1903 1828 1922 om-

1031 1931 1074 1956 nia
1085 1929 1110 1956 in
1122 1929 1231 1961 Christo,
1239 1937 1296 1964 qua:
1305 1930 1332 1956 in
1342 1930 1420 1961 cazlis,
1431 1934 1453 1956 et
1464 1938 1520 1963 qua:
1532 1930 1559 1957 in
1569 1935 1635 1957 terra
1647 1935 1704 1958 sunt
1716 1929 1826 1964 (Ep/tes.

1033 1966 1058 1992 Ι.
1075 1964 1168 1999 8-10).
1190 1964 1267 1992 Vides
1279 1985 1286 1997 ,
1309 1964 1443 1999 quomodo
1470 1966 1692 1993 restaurationem
1712 1973 1825 1998 eorum,

1032 2007 1091 2034 qua:
1107 2004 1169 2026 sunt
1183 2000 1208 2026 in
1226 2004 1311 2032 terra,
1327 2000 1398 2027 dicat
1412 2007 1463 2027 una
1477 2007 1538 2027 cum
1554 2001 1724 2028 caelestibus?
1739 2000 1826 2035 Lapsa

1032 2040 1120 2062 autem
1144 2034 1259 2062 hominis
1282 2035 1432 2068 incidente,
1451 2038 1479 2062 et
1499 2036 1668 2069 separatione
1689 2043 1705 2063 a
1730 2034 1828 2070 pietate

1032 2070 1177 2098 molestiam
1191 2070 1345 2104 angelorum
1356 2090 1363 2102 ,
1377 2070 1488 2104 cupiens
1502 2078 1550 2097 nos
1566 2078 1614 2105 per
1628 2071 1778 2105 passionem
1793 2071 1826 2098 ad

1033 2106 1101 2133 hanc
1116 2105 1244 2132 unitatem
1265 2105 1411 2141 reducere,
1427 2105 1490 2141 quid
1505 2106 1575 2137 aLiud
1590 2110 1731 2140 operatur,
1747 2113 1826 2141 quam

1032 2140 1253 2176 restaurationem
1264 2140 1412 2168 bonorum?
1426 2140 1540 2175 Ideoque
1552 2145 1672 2176 tempora
1683 2142 1828 2169 creationis

1032 2176 1064 2203 ad
1086 2175 1280 2210 reparationem
1299 2176 1411 2202 assumit
1428 2185 1434 2202 :
1451 2183 1482 2203 ac
1503 2175 1659 2211 mysterium
1680 2177 1826 2204 maximum

1032 2211 1125 2238 audire
1144 2211 1253 2245 poteris.
1267 2211 1332 2244 Quia
1347 2211 1418 2238 enim
1434 2211 1491 2238 ha‘c
1506 2217 1624 2246 tempora
1639 2211 1748 2240 difﬁcile
1762 2220 1828 2239 con-

1032 2254 1140 2273 currere
1157 2250 1268 2280 possunt
1281 2246 1428 2273 secundum
1449 2247 1565 2281 priorem
1581 2247 1689 2274 modum
1705 2247 1731 2274 in
1746 2255 1827 2274 unam

1032 2287 1059 2308 et
1072 2281 1191 2317 eamdem
1208 2281 1400 2317 hebdomadam
1417 2281 1590 2316 (consideres
1611 2283 1689 2310 velim
1709 2283 1826 2317 priorem

1032 2317 1112 2352 illam
1125 2316 1317 2352 hebdomadam
1330 2336 1342 2352 ,γ
1355 2316 1380 2343 in
1396 2317 1531 2344 creatione
1545 2317 1606 2345 dico
1616 2339 1623 2350 ,
1638 2316 1826 2352 :rquinoctium

1032 2352 1058 2378 in
1073 2351 1204 2388 principio
1217 2351 1242 2378 in
1258 2358 1287 2378 se
1300 2351 1435 2388 habuisse,
1449 2352 1598 2387 deindcque
1610 2351 1703 2388 quarta
1715 2353 1759 2380 die
1772 2353 1828 2388 ple—

1032 2395 1093 2413 nam
1108 2386 1213 2423 lunam,
1229 2392 1256 2414 et
1270 2387 1350 2423 paulo
1366 2391 1425 2421 post
1438 2392 1539 2414 sextam
1555 2386 1640 2421 diem,
1657 2388 1683 2415 in
1704 2396 1755 2423 qua
1770 2387 1825 2415 for-

1032 2426 1120 2448 matus
1135 2427 1175 2448 est
1189 2422 1269 2448 homo
1283 2431 1289 2448 :
1304 2422 1348 2458 illa
1364 2429 1429 2449 vero
1444 2430 1495 2450 non
1512 2428 1622 2456 possunt
1638 2422 1745 2458 semper
1758 2431 1826 2451 con-

1033 2458 1134 2494 tingere
1159 2457 1184 2483 in
1210 2464 1261 2483 una
1285 2457 1432 2494 eademque
1455 2458 1643 2494 hebdomade)
1661 2468 1667 2485 :
1682 2457 1828 2493 q’uiarergo

1032 2492 1139 2528 difiieile
1154 2496 1220 2523 erat,
1237 2496 1273 2524 ut,
1291 2492 1513 2526 quemadmodum
1535 2491 1560 2520 in
1580 2491 1666 2528 prima
1680 2491 1825 2528 creatione,

1033 2527 1073 2554 Ine
1088 2535 1179 2554 omnes
1201 2532 1349 2561 temporum
1372 2528 1491 2563 rationes
1509 2528 1534 2554 in
1555 2527 1636 2555 unum
1651 2527 1826 2563 cogerentur,

1033 2565 1127 2589 horum
1143 2568 1229 2590 tamen
1240 2570 1371 2590 concursu
1385 2562 1418 2590 ad
1433 2563 1563 2597 passionis
1575 2562 1751 2592 (economiam
1765 2564 1828 2592 Ser‘

1033 2603 1109 2624 valor
1122 2606 1185 2625 usus
1200 2602 1249 2629 est,
1263 2603 1291 2624 ut
1306 2598 1468 2632 propositam
1481 2600 1703 2626 restaurationem
1716 2599 1826 2627 exhibe-

1032 2638 1082 2669 ret.
1100 2633 1214 2668 Ideoque
1231 2640 1291 2660 cum
1309 2641 1381 2669 saepe
1394 2641 1410 2669 a
1424 2633 1523 2661 Judmis
1542 2635 1669 2669 qua-situs
1690 2634 1784 2662 fuisset
1799 2641 1829 2662 ut

1033 2668 1320 2704 interliceretur,quod
1332 2668 1448 2704 nondum
1460 2676 1606 2696 concursus
1619 2670 1663 2697 ille
1676 2674 1827 2704 temporum

1032 2703 1183 2735 accideret,
1200 2703 1312 2738 aufugit.
1334 2703 1413 2738 Legis
1427 2705 1526 2739 quippe
1547 2705 1572 2731 in
1591 2703 1744 2739 Evangeliis
1755 2726 1762 2738 ,
1779 2714 1827 2733 \'o~

1032 2739 1114 2766 luisse
1134 2739 1242 2766 .ludieos
1262 2739 1335 2766 illum
1355 2739 1600 2774 comprehendere,
1614 2741 1661 2767 sed
1680 2741 1766 2775 ipsum
1782 2749 1827 2768 rc-

1032 2775 1165 2810 cessisse;
1182 2774 1241 2801 illos
1260 2782 1339 2808 vero,
1355 2775 1400 2809 qui
1423 2775 1580 2810 mysterium
1602 2774 1774 2810 ignorabant,
1792 2785 1825 2804 cx

1032 2814 1106 2836 metu
1120 2809 1218 2837 factum
1235 2810 1377 2844 putavisse.
1394 2809 1457 2837 Non
1468 2815 1526 2837 erat
1545 2809 1636 2838 autem
1655 2816 1744 2838 metus
1756 2832 1762 2841 .
1777 2812 1825 2838 sed

1032 2852 1178 2881 concursus
1200 2850 1349 2880 temporum
1369 2845 1531 2873 observatio.
1552 2847 1619 2873 Cum
1641 2854 1721 2881 porro
1743 2846 1828 2874 Filius

1033 2880 1079 2916 Dei
1096 2884 1245 2915 temporum
1267 2885 1344 2908 notas
1361 2881 1529 2916 collegisset,
1546 2889 1606 2908 cum
1629 2880 1825 2910 hebdomadam

1031 2914 1103 2952 hanc
1117 2914 1236 2952 ad'illam
1258 2916 1402 2943 creationis
1422 2914 1623 2950 concinnasset,
1643 2922 1724 2952 atque
1741 2918 1826 2952 acqui-

1033 2950 1162 2983 noctium,
1174 2951 1280 2986 plenam
1294 2952 1383 2978 lunam
1397 2956 1424 2979 et
1437 2952 1614 2986 Parascevcn,
1625 2953 1652 2980 in
1666 2950 1716 2988 qua
1732 2950 1827 2988 passu-

1610 3004 1646 3033 lt'i
