3948 6314
578 424 649 479 Η
1943 416 2180 476 θεωει

2284 417 2454 478 ara;
2495 420 2516 475 ι
3781 422 3841 477 ,ε

584 545 792 595 amator
816 537 892 607 (l)
937 535 1069 593 cieri
1098 544 1153 592 et
1183 549 1475 606 pauperum
1503 579 1517 598 .
1546 543 1604 589 et
1630 534 1832 589 clerum
1866 537 2161 605 ampliavit.
2192 543 2244 602 Α
2273 539 2434 601 dreae,
2470 538 2552 590 via
2576 536 2834 590 Lav’eana
2869 551 2921 589 In
2956 534 3174 593 fundum
3200 537 3251 589 in
3284 535 3405 590 villa
3439 544 3668 605 pertuso.
3703 537 3844 595 Fecit

586 632 683 687 llic
726 630 967 685 liberavit
1014 645 1045 684 a
1078 629 1311 695 periculo
1345 628 1496 683 famis
1523 628 1793 683 cixitatem
1844 628 2160 686 Romanam.

480 786 485 793 ὅ
585 723 684 779 llic
731 720 853 776 fecit
894 721 1244 777 constittttud‘t
1283 721 1351 774 de
1386 720 1532 774 omni
1577 718 1836 774 Ecclesia.
1868 717 1943 791 (α)
1997 721 2163 788 ilujls

584 814 912 882 temporibus
940 812 1131 868 iterum
1173 814 1317 867 venit
1349 812 1535 867 r€latio
1573 812 1640 867 de
1661 811 1871 867 Graecia
1897 853 1910 878 ,
1934 822 2003 869 eo
2025 811 2163 881 quod

584 904 749 961 multa
789 904 927 957 mala
960 912 1017 958 et
1062 896 1345 958 homicidia
1392 903 1582 956 flarent
1608 912 1637 954 I
1685 902 1843 957 Petro
1873 911 1927 958 et
1971 904 2168 958 Acacio

583 995 1198 1063 Constantinopolitano.
1248 992 1450 1048 Eodem
1483 1002 1721 1061 tempore
1748 990 1959 1062 fugiens
2004 993 2169 1048 Joan-

586 1104 683 1143 nes
714 1085 1106 1141 Alexandrinus
1131 1084 1415 1156 episcopus
1449 1084 1746 1139 catholicus
1768 1082 1915 1140 venit
1944 1083 2166 1138 Romam

584 1178 650 1231 ad
696 1176 877 1232 sedem
920 1176 1289 1245 apostolicam.
1345 1174 1512 1241 Quem
1545 1174 1604 1228 Β.
1654 1174 1903 1229 Gelasius
1933 1174 2171 1244 suscepit

582 1284 704 1322 cum
735 1266 901 1336 gloria
929 1305 945 1332 ,
984 1267 1070 1319 cui
1110 1265 1271 1319 etiam
1300 1275 1356 1319 et
1384 1264 1673 1319 secundam
1705 1264 1887 1320 sedem
1920 1266 2166 1335 przehuit.

584 1361 716 1427 ipsis
736 1358 1079 1428 temporibus
1102 1357 1225 1412 fecit
1248 1357 1532 1427 synodum,
1559 1367 1613 1410 et
1642 1355 1787 1410 misit
1818 1368 1915 1425 per
1942 1365 2170 1411 tmolum

584 1452 820 1505 Orientis
847 1491 861 1514 ,
894 1460 947 1504 et
972 1450 1163 1505 iterum
1192 1448 1273 1521 (2)
1295 1448 1575 1503 damnavit
1606 1450 1658 1502 in
1686 1458 2002 1520 perpetuum
2035 1451 2173 1505 Aca-

584 1544 725 1596 cium
753 1552 808 1597 et
828 1542 1045 1596 Petrum
1067 1586 1081 1610 ,
1114 1541 1159 1596 si
1192 1556 1296 1596 non
1327 1539 1404 1610 (5)
1437 1541 1792 1611 pmnitentes,
1825 1542 1926 1597 sub
1956 1540 2171 1597 satisfa—

586 1633 763 1685 Clillne
794 1632 978 1695 libelli,
996 1632 1327 1701 postularent
1347 1632 1739 1700 paenitentiam,
1767 1629 1850 1700 (i)
1879 1629 2173 1686 secundum

589 1724 971 1785 humanitatem
1024 1722 1214 1792 prima:
1253 1721 1398 1778 sedis
1446 1721 1719 1777 Ecclesia.
1767 1721 1864 1776 llic
1911 1720 2177 1777 dedicavit

588 1812 866 1868 basilicam
894 1822 1093 1868 senem
1126 1812 1439 1882 Euphemite
1466 1808 1719 1882 martjris
1757 1812 1811 1865 in
1839 1812 2056 1866 civitate
2087 1810 2201 1865 Ti-i

2272 639 2449 707 autem
2482 639 2537 683 et
2568 628 2840 683 basilicam
2889 638 3088 682 sancta:
3134 628 3310 682 Mariae
3340 628 3421 681 via
3448 630 3760 682 Laurentina
3793 633 3840 683 in

2270 704 2435 775 fundo
2478 710 2731 787 Crispini,
2779 718 3026 773 lnilliafio
3075 718 3142 771 ab
3168 704 3433 772 urticae.
3485 718 3558 787 (θ)
3594 716 3687 772 uti:
3716 718 3838 772 fecit

2269 812 2503 880 quinque
2554 802 2721 865 libros
2761 809 3021 864 adversus
3062 808 3363 864 Nestorium
3418 818 3474 864 et
3517 808 3840 877 Eutychen),

2271 896 2457 972 (Β)ρυί
2487 896 2644 955 hodie
2670 902 2727 956 in
2755 892 3076 956 bibliotheca
3100 910 3154 955 at
3181 900 3399 954 archiva
3429 899 3669 954 ecclesia:
3685 902 3848 954 conti-

2272 1002 2487 1047 nentur.
2523 991 2673 1047 Fecit
2711 1000 2765 1045 et
2794 991 3022 1063 hymnos
3053 992 3103 1045 in
3134 991 3350 1046 modum
3402 990 3541 1047 beati
3585 992 3845 1046 Ambro-ii

2271 1081 2529 1151 episcOpi.
2562 1081 2691 1136 item
2735 1081 2870 1135 duos
2921 1082 3086 1136 libros
3139 1075 3399 1136 adversus
3444 1081 3648 1135 Arium.
3707 1080 3851 1135 Fecit

2272 1174 2440 1228 etiam
2489 1182 2545 1228 et
2582 1184 3055 1257 sacramentorum
3100 1171 3442 1242 praefationes
3492 1182 3546 1227 et
3589 1173 3849 1227 orationes

2277 1274 2436 1318 cauto
2456 1278 2729 1330 sermone,
2744 1272 2799 1319 et
2815 1264 3069 1332 epistolas
3091 1262 3213 1319 fidei
3235 1263 3454 1319 elimato
3482 1276 3728 1317 sermone
3750 1261 3847 1331 (6).

2281 1348 2505 1410 Multum
2536 1355 2639 1410 sub
2660 1354 2819 1423 hujus
2845 1354 3154 1424 episcopatu
3180 1354 3357 1410 clerus
3384 1353 3581 1409 crevit.
3614 1352 3709 1406 ilic
3735 1351 3853 1405 fecit

2279 1444 2648 1500 ordinationes
2678 1444 2810 1499 duas
2833 1444 2914 1513 (7)
2947 1446 2999 1499 in
3025 1444 3156 1500 urbe
3197 1446 3365 1500 Roma
3398 1459 3493 1514 per
3519 1457 3726 1497 mensos
3755 1442 3853 1496 Fc-

2282 1535 2554 1590 hruarium
2583 1543 2636 1590 et
2656 1536 3009 1592 Decembrem
3032 1576 3047 1601 ,
3078 1536 3425 1607 presbyteros
3456 1535 3669 1605 triginta
3697 1533 3854 1599 duos,

2280 1626 2534 1681 diaconos
2563 1626 2720 1695 duos,
2775 1627 3060 1696 episcopos
3104 1642 3202 1697 per
3248 1628 3468 1682 diversa
3492 1625 3605 1681 loca
3639 1639 3857 1679 numero

2280 1718 2556 1786 sexaginta
2595 1725 2822 1785 septem.
2846 1717 2946 1785 Qui
2975 1716 3138 1773 etiam
3166 1718 3417 1787 sepultus
3445 1725 3528 1772 est
3557 1718 3611 1773 in
3649 1715 3856 1772 basilica

2281 1810 2428 1864 Beati
2460 1809 2603 1864 Petri
2640 1809 2905 1876 apostoli,
2937 1808 3224 1865 undecimo
3248 1808 3500 1865 calendas
3538 1807 3856 1864 Decembris.

591 1905 828 1969 burtina,
855 1904 1110 1959 milliaria
1129 1902 1201 1959 20
1241 1904 1307 1958 ab
1336 1903 1499 1959 Urbe.
1533 1902 1803 1958 Dedicavit
1828 1911 2005 1957 autem
2035 1901 2174 1957 hasi-
2207 1910 2252 1972 Β
2282 1892 2357 1954 Εἰ
2413 1909 2533 1969 post
2584 1900 2788 1955 obitum
2842 1900 2963 1971 ejus
3029 1901 3266 1957 cessavit
3337 1904 3677 1974 episcopatus
3750 1899 3781 1954 d
3804 1915 3859 1953 es

590 1996 721 2053 licas
748 1995 880 2051 alias
906 2002 1217 2051 sanctorum
1258 1992 1510 2049 Nicandri
1540 2004 1595 2050 et
1644 1993 1939 2048 Elqulerii
1979 2002 2036 2046 et
2066 1992 2181 2045 An-

660 2155 740 2224 (α)
762 2154 891 2221 Quae
922 2154 989 2209 de
1014 2152 1210 2209 Acacio
1235 2160 1291 2208 et
1316 2153 1474 2224 Petro
1490 2194 1515 2224 ν,
1542 2161 1792 2224 tanquam
1822 2153 2123 2207 viventibus
2144 2166 2173 2205 a

593 2222 811 2283 Gelasio
840 2225 1137 2288 damnatis,
1186 2233 1371 2276 auctor
1413 2222 1683 2290 adjungit,
1738 2224 1922 2291 procul
1973 2237 2003 2275 a
2046 2235 2190 2274 vero.

594 2294 887 2349 abhorrent
914 2309 926 2345 :
955 2293 1063 2360 jam
1110 2293 1251 2346 enim
1283 2300 1409 2345 ante
1436 2291 1718 2345 damnatos
1743 2302 1797 2343 et
1827 2291 1931 2344 vita
1961 2291 2174 2345 functos

593 2379 717 2420 esse
755 2361 989 2417 diximus
1028 2376 1187 2427 supra
1227 2361 1280 2415 in
1313 2362 1454 2414 notis
1503 2361 1569 2414 ad
1618 2361 1780 2413 vitam
1813 2370 1866 2414 et
1892 2360 2172 2427 epistolam

594 2442 800 2489 sextam
827 2432 1035 2487 Felicis.
1068 2432 1196 2486 ltem
1228 2430 1280 2484 in
1306 2430 1447 2485 n0tis
1467 2431 1531 2484 ad
1562 2431 1845 2485 concilium
1878 2430 2173 2483 Bouianunt

595 2504 697 2559 sub
721 2502 897 2558 Felice
925 2500 984 2555 ll.
1016 2498 1201 2557 Posset
1229 2499 1355 2563 dici,
1378 2501 1519 2568 quod
1547 2502 1733 2552 horum
1754 2500 1864 2567 jam
1894 2500 2174 2553 damnato-

597 2591 715 2629 rum
745 2583 798 2627 et
829 2580 1157 2626 mortuorum
1199 2572 1482 2624 occasione
1526 2572 1687 2624 multa
1709 2569 2174 2638 Censtantinopuli

596 2653 747 2713 gesta
781 2642 994 2696 fuerint.
1028 2641 1155 2713 δεῖν.
1187 2640 1387 2713 thtus.

668 2713 885 2785 (bitiae
904 2710 1109 2785 grande
1130 2718 1181 2766 et
1196 2710 1518 2785 prteclarutn
1534 2709 1795 2785 _vo_lumen
1820 2709 1983 2785 fuisse
2002 2718 2145 2785 testa
2162 2740 2174 2749 -

598 2778 687 2838 tur
729 2778 1049 2837 Gennadius
1078 2780 1147 2835 de
1192 2778 1387 2849 Scripi.
1436 2779 1735 2833 ecclesiast.
1792 2794 1911 2846 cap.
1962 2778 2046 2842 li,
2096 2778 2178 2832 his

598 2852 778 2908 verbis
813 2872 825 2907 :
878 2850 1112 2905 Gelasius
1166 2848 1514 2903 urbis’Romte
1537 2850 1803 2918 episcOptts
1842 2849 2046 2917 scripsit
2078 2850 2176 2900 ad-

598 2940 771 2978 versus
802 2919 1132 2992 Eutychetem
1156 2928 1203 2973 et
1233 2918 1530 2992 Nestorium
1569 2918 1765 2986 grande
1794 2928 1847 2992 et
1871 2918 2179 2988 praclarum

600 2993 874 3067 volumen,
911 2989 986 3046 ’τι
1041 2999 1284 3067 tractatus
1333 2990 1651 3043 diversarum
1687 2989 2079 3067 _scripturarum
2132 2998 2179 3067 ους

599 3056 1035 3118 sacramentorum
1064 3061 1239 3114 limata
1265 3075 1522 3121 sermone,
1553 3067 1657 3113 etc.
1687 3056 1838 3112 Unde
1864 3068 2003 3124 patet
2034 3057 2178 3127 quod

605 3134 815 3190 libellus
843 3133 942 3186 iste
971 3132 1039 3183 de
1055 3129 1496 3184 DuabusNaturis
1525 3136 1711 3182 contra
1747 3127 2094 3197 Eutychetein
2161 3135 2179 3181 t

601 3202 904 3259 Nestorium
932 3201 985 3254 in
1001 3200 1328 3254 Bibliotheca
1360 3209 1667 3251 sanctorum
1695 3197 1908 3250 Patrum
1938 3209 2176 3252 exstans.

602 3276 787 3339 sicque
832 3271 1091 3340 incipiens
1122 3286 1133 3321 :
1166 3268 1527 3340 Necessarium
1550 3282 1748 3337 quoque
1771 3268 1890 3340 fuit,
1919 3280 2051 3340 e_tc.,
2076 3267 2181 3321 Ge-

602 3338 734 3398 lasio
760 3338 1003 3395 Romano
1032 3339 1263 3408 pontilici
1295 3338 1511 3408 attribui
1546 3353 1652 3391 non
1679 3338 1877 3405 possit,
1911 3338 2181 3408 siquidem

602 3427 823 3482 parvum
853 3406 1116 3482 duntajat
1142 3406 1458 3482 Opusculum
1490 3407 1561 3482 sit
1581 3448 1595 3471 ,
1625 3409 1785 3460 unius
1809 3407 1926 3482 libri
1960 3406 2182 3474 periodo

604 3476 970 3538 ierminatum.
1006 3479 1129 3533 ilzcc
1161 3477 1462 3532 communis
1492 3476 1791 3531 doctiortun
1826 3478 2057 3531 virorum
2088 3494 2184 3530 no-

602 3550 698 3608 stri
723 3549 904 3606 smculi
926 3548 1211 3612 sententia,
1236 3548 1585 3601 confirmatur
1608 3547 1835 3613 primum
1865 3562 1930 3602 es
1955 3562 2020 3602 eo
2041 3547 2183 3616 quod

604 3634 791 3675 auctor
819 3620 1029 3689 allegati
1076 3620 1318 3689 apusculi
1358 3617 1568 3689 Eusebii
1601 3617 1949 3689 Caesariensis
1975 3618 2181 3689 scripta

604 3692 891 3760 plurimum
915 3686 1426 3760 commendatpqum
1451 3686 1693 3760 Gelasius
1716 3686 1950 3755 pontifex
1974 3686 2024 3760 in
2053 3687 2186 3760 actis

604 3756 814 3816 concilii
847 3760 1071 3814 Romani
1103 3757 1238 3813 inira
1271 3759 1411 3813 inter
1437 3757 1741 3825 apocrypha
1775 3757 2060 3812 recensuit.
2090 3756 2186 3812 Se-

604 3832 800 3899 cundo,
834 3829 974 3897 quod
1008 3829 1234 3895 plurima
1265 3828 1573 3899 Grecorum
1606 3826 1845 3899 Patrum,
1876 3826 2183 3899 Latinorum

606 3896 887 3971 pauca'vel
915 3900 1061 3954 nulla
1108 3898 1415 3971 testimonia
1444 3896 1733 3971 producat,
1768 3897 2009 3971 adeoque
2032 3896 2178 3971 G‘raa-

607 3966 701 4028 cus
732 3973 906 4039 potius
929 3983 1085 4038 quam
1118 3968 1339 4039 Latinus
1365 3966 1595 4039 scriptor
1614 3981 1735 4022 esse
1759 3968 2015 4039 videatur.
2052 3966 2184 4039 Cum

606 4037 749 4095 enim
810 4037 1120 4093 adduxisset
1160 4038 1463 4106 quindecim
1522 4037 1709 4093 Patres
1752 4037 2003 4103 Graecos,
2053 4037 2189 4092 duos

608 4120 815 4173 tantum
848 4108 1100 4171 Latinos,
1133 4108 1473 4162 Ambrosium
1515 4115 1572 4160 et
1619 4109 1899 4161 Damasum
1949 4110 2147 4174 profert
2172 4144 2187 4171 ,

608 4181 897 4250 Cyprano,
931 4177 1165 4250 Hilario,
1200 4176 1545 4250 Hieronymo,
1575 4176 1895 4250 Augustino.
1922 4174 2186 4250 inuoco-no

612 4245 728 4315 tio,
763 4248 942 4302 Leone
968 4287 983 4311 ,
1015 4248 1284 4316 Prospero
1305 4285 1318 4306 .
1352 4245 1723 4316 similibusque
1768 4245 1887 4299 aliis
1928 4247 2142 4299 omissis
2174 4265 2185 4301 :

610 4335 743 4390 quos
772 4318 872 4390 sibi
896 4315 1204 4390 notissimas
1225 4315 1473 4390 Gelasius
1495 4315 1730 4390 pontifex
1761 4329 2029 4390 nunquam
2047 4316 2155 4390 orni
2171 4344 2189 4358 -

611 4385 791 4446 sisset.
837 4388 1117 4444 Gennadio
1143 4387 1336 4441 ascribi
1380 4386 1564 4453 nequit
1589 4426 1605 4452 ,
1636 4385 1761 4455 quia
1793 4385 1952 4455 tradit
1981 4401 2041 4440 se
2074 4386 2190 4441 illos

611 4476 706 4516 sex
738 4459 903 4513 libros
926 4473 1030 4511 non
1054 4457 1307 4511 adversus
1340 4454 1687 4525 Eutycbezem
1711 4496 1726 4519 ,
1760 4455 1853 4509 St‘d
1884 4454 2186 4510 Nestorium

612 4532 916 4596 scripsisse.
962 4528 1148 4582 Posset
1184 4526 1460 4591 sustineri,
1507 4526 1651 4594 quod
1701 4541 1764 4580 ex
1802 4526 2187 4596 recentioribus

613 4592 764 4655 aiunt
796 4600 1044 4667 plurimi,
1079 4597 1233 4665 hujus
1267 4596 1427 4650 libelli
1454 4592 1737 4667 auctorem
1760 4610 1888 4667 esse
1915 4592 2186 4651 Gelasium

572 4685 577 4690 '
612 4665 996 4724 [ὶςιξδπῖεηςθῐη
1021 4668 1352 4736 episcopum,
1379 4666 1531 4734 cujus
1554 4665 1796 4720 meminit
1816 4676 2032 4719 sanctus
2065 4667 2190 4721 llie-

614 4754 869 4810 ronymus
898 4738 966 4793 de
1005 4738 1201 4810 Script.
1233 4737 1535 4810 ecclesiast.
1569 4736 1857 4810 eamut),
1886 4737 2027 4810 unde
2056 4753 2187 4810 quu-

612 4792 735 4874 que.
758 4792 1200 4863 Theodoretus'in
1231 4807 1456 4875 dialogis
1486 4792 1863 4875 plura-citavit:
1888 4792 2186 4860 Illustrissi-
2216 4792 2266 4852 Ῑ)

616 4895 733 4932 tuus
762 4877 1049 4933 cardinalls
1085 4877 1342 4931 Baronius
1374 4874 1497 4944 post
1521 4876 1730 4944 longam
1756 4874 1914 4943 hujus
1936 4876 2011 4929 rei
2046 4878 2187 4929 inda-

615 4949 735 5015 μιιιίι
762 4964 912 5005 nem.
961 4947 1312 5002 solertissime
1342 4946 1484 5000 inter
1510 4960 1699 5000 omnes
1738 4946 1873 5015 alios
1912 4948 2188 5002 concludit

2291 2000 2517 2061 septem.

2280 2160 2337 2206 et
2358 2162 2599 2209 actorum
2615 2155 2813 2227 Nicaeni
2836 2156 3075 2223 concilii,
3094 2172 3212 2227 qua:
3239 2171 3403 2226 supra
3426 2164 3557 2212 tom.
3576 2154 3614 2209 Il
3639 2161 3862 2227 exstant,

2282 2237 2445 2302 unum
2477 2226 2835 2302 eumdemque
2884 2242 3003 2281 esse
3039 2225 3317 2283 auctorem
3341 2270 3357 2295 ,
3408 2236 3517 2281 tum
3549 2225 3688 2302 quod
3720 2235 3865 2302 ttlrof

2281 2291 2441 2361 bique
2489 2293 2721 2367 ρηοδιυς
2752 2291 2834 2349 se
2882 2305 3168 2365 utrumque
3214 2291 3352 2367 opus
3380 2291 3785 2367 conscripsisse,
3814 2300 3864 2343 ut

2280 2370 2469 2416 contra
2495 2364 2858 2435 Eutychianos
2889 2362 3171 2420 htereticos
3194 2406 3207 2430 ,
3241 2362 3483 2435 tempore
3508 2362 3743 2420 Basilisci
3773 2362 3865 2414 itu-

2282 2434 2542 2497 peratoris
2596 2436 2737 2489 circa
2786 2449 2984 2489 annum
3036 2435 3246 2490 Domini
3293 2434 3399 2492 476
3455 2435 3863 2494 invalescentes,

2281 2501 2437 2556 fidem
2469 2502 2825 2559 orthodoxam
2863 2504 3212 2570 defenderet;
3246 2518 3356 2559 tum
3404 2510 3565 2562 etiam
3600 2502 3738 2570 quod
3767 2501 3866 2554 Eu-

2278 2572 2487 2646 sebium
2519 2572 2909 2646 Caesariensem
2931 2575 3552 2646 episcopumutrobique
3583 2572 3863 2643 plurimum

2284 2641 2496 2714 laudet,
2529 2657 2758 2713 eumque
2799 2641 2979 2697 titulis
2994 2659 3191 2714 magno
3220 2645 3377 2699 alicui
3407 2641 3707 2701 orthodoxa
3734 2656 3864 2714 con-

2282 2712 2622 2767 venientibus
2651 2712 2904 2777 exornet,
2933 2723 3042 2783 eta
3076 2712 3383 2783 suspicione
3413 2717 3685 2770 haereseos
3716 2712 3867 2783 Aria-

2284 2798 2365 2835 nae
2414 2783 2572 2856 plane
2597 2784 2831 2856 eximat;
2869 2782 3011 2853 quod
3063 2781 3343 2856 utriusque
3388 2785 3758 2856 praefationem
3791 2781 3867 2856 in:

2280 2853 2449 2906 tuenti
2481 2854 2649 2921 prima
2674 2852 2854 2908 fronte
2882 2850 3188 2922 apparebit.
3223 2850 3339 2923 ipsa
3370 2850 3502 2912 vero
3528 2862 3643 2909 acta
3668 2850 3866 2923 i‘iicmni

2282 2920 2493 2976 concilii
2545 2923 2713 2978 tribus
2747 2920 2934 2993 tomis'
2958 2920 3351 2993 comprehensa
3384 2934 3607 2981 auctore
3653 2920 3866 2993 Gelasio

2278 2993 2586 3062 conscripta
2610 3006 2731 3049 esse
2760 2992 2956 3049 fatetur
2982 2987 3206 3049 Pltotius
3227 2996 3282 3050 in
3303 2996 3654 3058 Bibliotheca,
3688 2987 3865 3062 verbis

2285 3061 2391 3131 illis
2422 3059 2541 3131 qua:
2588 3076 2752 3130 supra
2788 3072 2932 3118 tomo
2961 3068 3197 3119 secundo
3226 3066 3590 3121 Conciliorum
3621 3059 3857 3131 ejusdem

2282 3129 2523 3207 historice
2597 3129 3011 3207 prinlixasunt,
3087 3135 3346 3191 Eumdem
3414 3150 3545 3207 ergo
3576 3129 3868 3207 _Gclasiu_m

2284 3199 2612 3271 Cyzicenum
2658 3204 2815 3271 hujus
2846 3204 3009 3258 libelli
3059 3215 3331 3259 auctorem
3372 3199 3530 3270 esse,
3558 3203 3625 3258 de
3644 3214 3748 3271 quo
3777 3199 3866 3271 diu

2286 3267 2617 3341 [uultumque
2663 3267 2920 3328 hactenus
2948 3273 3252 3329 dubitatum
3280 3274 3382 3329 fuit
3407 3315 3421 3337 ,
3452 3267 3576 3330 cum
3607 3267 3865 3328 ca'rdiaali

2286 3340 2543 3395 Baronio’
2577 3341 2808 3397 libenter
2863 3343 3254 3398 concludimus.
3313 3345 3508 3401 Verum
3569 3342 3869 3411 quicunque

2291 3411 2503 3471 tandem
2551 3422 2741 3467 auctor
2794 3412 2950 3480 hujus
2999 3413 3165 3467 libelli
3217 3414 3395 3480 fuerit,
3430 3418 3484 3470 in
3531 3408 3773 3469 doetrina
3803 3408 3869 3460 de

2290 3481 2894 3536 transsubstantiatione
2939 3483 3090 3550 panis
3117 3491 3174 3538 et
3196 3484 3303 3538 vini
3335 3486 3386 3538 in
3417 3491 3753 3540 sacramento
3773 3492 3866 3531 eu-

2288 3550 2555 3605 charistite
2581 3551 2649 3606 ab
2677 3552 2796 3606 aliis
2825 3551 3103 3606 catholicis
3141 3554 3493 3620 scriptoribus
3530 3568 3636 3608 non
3662 3550 3868 3604 discre—

2290 3630 2399 3690 pat.
2428 3620 2577 3687 Quod
2606 3623 2748 3675 enim
2779 3622 2854 3675 ait
2880 3637 2893 3674 :
2928 3620 3047 3675 Non
3071 3622 3255 3676 desinit
3280 3624 3561 3677 substantia
3580 3620 3659 3675 vel
3684 3626 3867 3690 natura

2289 3686 2437 3758 panis
2458 3686 2507 3744 et
2535 3692 2636 3744 viai
2659 3731 2674 3757 ,
2707 3692 3114 3760 intelligendum
3139 3704 3220 3746 est
3250 3693 3317 3748 de
3339 3703 3526 3748 natura
3555 3703 3609 3746 et
3631 3686 3867 3760 essentia

2289 3759 2670 3814 accidentium.
2722 3758 2997 3828 Frequens
3043 3764 3185 3816 enim
3236 3771 3319 3818 est
3368 3773 3423 3816 ut
3466 3758 3742 3817 communi
3773 3768 3870 3809 usu

2286 3830 2501 3885 dicendi
2564 3831 2860 3885 substantia
2885 3846 2981 3898 pro
3015 3841 3198 3885 natura
3222 3842 3277 3887 et
3301 3835 3531 3888 essentia
3556 3830 3867 3898 accipiatur.

2292 3901 2365 3954 lta
2405 3902 2637 3970 expleat
2683 3902 2827 3955 hunc
2873 3903 3045 3956 locum
3096 3902 3449 3957 Bellarminus
3473 3904 3567 3957 lib.
3601 3917 3638 3955 ιι
3673 3898 3740 3953 de
3770 3898 3866 3950 Sa-

2293 3982 2575 4025 cramento
2625 3971 3001 4033 eucltaristiie,
3066 3986 3183 4038 cap.
3240 3972 3344 4034 27;
3406 3972 3669 4026 Batonius
3733 3978 3871 4020 anno

2292 4040 2493 4095 Christi
2544 4042 2671 4105 456,
2713 4056 2861 4095 num.
2919 4042 2985 4096 10
3037 4049 3089 4094 et
3140 4050 3386 4110 aequent.
3420 4044 3560 4098 Ante
3591 4037 3871 4110 victoriam

2292 4126 2423 4183 ergo
2455 4112 2788 4183 triumphant
2805 4110 3096 4183 Lutlterani
3124 4107 3393 4183 haeretici,
3418 4113 3505 4181 qui
3535 4127 3605 4168 ex
3635 4111 3735 4163 hoc
3757 4107 3873 4183 loco

2295 4179 2593 4235 doctrinam
2625 4179 2977 4233 orthodoxam
3004 4180 3072 4233 de
3095 4179 3693 4236 transsubstantiatione
3727 4179 3874 4241 nanis

2293 4262 2348 4305 et
2373 4251 2479 4304 vini
2514 4252 2564 4303 in
2587 4259 2922 4304 sacramento
2947 4249 3285 4304 eucharistitc
3312 4265 3554 4306 eversam
3578 4265 3699 4307 esse
3721 4244 3875 4315 jacxi-

2302 4330 2433 4374 tant.
2472 4320 2693 4390 Reliqua
2734 4335 2853 4390 qua:
2894 4335 2987 4387 per
3023 4320 3342 4375 calumniam
3373 4322 3629 4388 objiciunt
3658 4315 3875 4373 Gelasio

2301 4392 2560 4459 pontifici,
2580 4390 2777 4460 partim
2797 4390 3139 4444 refutavimus
3162 4406 3321 4460 supra
3343 4394 3521 4447 verbis
3547 4391 3721 4455 Huius
3753 4398 3876 4457 tent-

2299 4462 2504 4530 poribtts
2521 4461 2707 4514 inventi
2724 4459 2859 4530 (Col.
2885 4462 2938 4524 9,
2964 4472 3071 4515 n.t.
3099 4462 3168 4529 ε),
3188 4459 3379 4528 partim
3396 4462 3877 4530 infradiluemysdll‘.

2282 4526 2441 4586 tumo
2460 4528 2657 4585 Gelasii
2671 4526 2739 4585 de
2758 4526 3389 4587 AnatltematisVinculo.
3411 4535 3482 4586 De
3497 4533 3713 4599 scriptis
3727 4526 3877 4599 Gela-

2293 4601 2358 4656 sii
2384 4602 2500 4655 vide
2525 4601 2871 4656 Possevinnm
2889 4602 2942 4654 in
2960 4603 3230 4670 Apparatu
3248 4616 3423 4665 sacro,
3442 4596 3879 4656 verbo'b'elasius.

2298 4673 2484 4725 Exstat
2525 4672 2767 4741 apologis
2797 4670 2994 4726 Gelasii
3033 4673 3295 4727 adversus
3325 4671 3765 4725 Andromachutn
3799 4678 3881 4715 sco

2296 4753 2535 4795 natorem
2563 4752 2894 4811 caeterosque
2923 4741 3194 4797 Romanos
3218 4745 3306 4810 qui
3341 4742 3662 4811 Lupercalia
3691 4750 3883 4811 set-nn-

2286 4812 2421 4866 dum
2451 4826 2654 4865 morem
2677 4810 2958 4879 pristinum
2983 4810 3665 4865 colendrconstituebaut.
3689 4810 3881 4879 Quum.

2295 4898 2360 4935 ex
2396 4882 2609 4935 Baronii
2657 4877 2955 4935 Annalibus
2990 4893 3260 4947 acceptam
3283 4921 3297 4941 ,
3330 4882 3515 4933 lectmi
3557 4880 3699 4933 infia
3734 4877 3883 4927 uln-

2282 4952 2521 5006 «bendatn
2540 4965 2661 5007 esse
2694 4953 3021 5021 putavimus.
3055 4952 3183 5005 Ssv.
3218 4951 3419 5005 thtus.

618 5014 773 5086 hujus
800 5018 962 5073 libelli
990 5019 1058 5073 de
1093 5016 1304 5072 Duabus
1335 5015 1548 5070 Naturis
1575 5027 1759 5071 contra
1801 5014 2182 5085 Eutycheteur,
2280 5050 2287 5053 -

687 5170 767 5238 (l)
798 5168 937 5247 βοά.
988 5168 1117 5223 Luc.
1166 5169 1311 5236 480,
1366 5178 1567 5222 amator
1622 5178 1903 5235 pauperum
1934 5205 1947 5231 ,
2008 5158 2055 5221 et
2099 5173 2201 5225 cle-

622 5258 773 5448 m?!)
786 5251 971 5374 titlcem,
1002 5316 1049 5360 es
1074 5308 1253 5360 iterum
1278 5309 1436 5375 misit,
1460 5319 1507 5362 et
1528 5310 1805 5363 damnavit.

695 5380 748 5446 (3
816 5380 975 5441 Idem,
1012 5379 1268 5443 pauitans.

695 5379 773 5446 (3)
816 5380 975 5441 Idem,
1012 5379 1268 5443 pauitans.

694 5450 773 5519 ’4)
815 5451 867 5503 lu
906 5450 1099 5504 eodem
1138 5452 1257 5502 cod.
1311 5450 1582 5501 secundum
1623 5450 1984 5501 [inmanitatem
2023 5451 2200 5517 prima:

2302 5174 2439 5227 sedis
2470 5172 2624 5226 Errle
2653 5174 2715 5227 ias
2752 5173 2927 5228 deest.

2378 5244 2456 5312 (5)
2499 5244 2550 5296 lu
2594 5245 2783 5295 eodem
2818 5246 2940 5297 cuti.
2974 5246 3061 5310 qui
3106 5242 3320 5296 hodie...
3360 5248 3679 5298 continentur
3705 5242 3897 5295 tlceil.‘

2188 5366 2195 5374 _
2284 5328 2288 5331 ‘
2376 5318 2455 5387 (ii)
2496 5313 2813 5387 idettt_(‘tid.,
2843 5330 3075 5387 sermone
3100 5316 3308 5387 attritas.
3344 5315 3449 5367 Sitit
3472 5321 3603 5387 ejus,
3633 5327 3733 5366 i-lc.

2375 5385 2454 5451 (7)
2495 5385 2546 5435 In
2571 5383 2757 5435 eodem
2792 5385 2910 5436 cod.
2947 5387 2996 5434 in
3021 5388 3140 5435 urbe
3171 5382 3332 5438 lloma
3361 5382 3530 5442 uicis}.

2096 5755 2350 5805 «(sua
