3948 6314
554 428 585 480 1
600 425 626 479 ι
1919 414 2163 474 GELASI

2267 414 2431 475 ‘APE
2471 416 2492 471 1
3756 413 3813 469 12

561 548 769 597 amatur
793 538 869 609 (1)
914 536 1047 593 cleri
1076 545 1130 593 at
1161 549 1452 606 pauperum
1480 578 1494 598 ,
1523 543 1580 588 et
1611 533 1809 588 clerum
1842 536 2138 604 ampliavit.
2170 541 2220 600 Α
2250 537 2411 597 arcte,
2447 535 2529 586 via
2552 532 2811 587 [.av’cana
2846 547 2898 585 in
2933 530 3151 589 fundum
3177 532 3227 584 in
3261 530 3383 584 villa
3416 536 3647 597 pertusa.
3682 529 3816 585 Fecit

564 634 660 688 llic
704 632 945 687 liberavit
992 646 1022 684 a
1055 629 1289 696 pericqu
1322 628 1473 683 famis
1499 627 1770 682 cititatem
1821 626 2137 684 Romanam.

458 788 463 795 ν
562 725 662 780 llic
709 721 831 777 fecit
871 722 1221 776 constitutum
1260 721 1328 774 de
1363 719 1509 773 omni
1554 718 1813 773 Ecclesia.
1845 716 1921 790 (α)
1975 719 2141 787 linjls

561 815 890 883 temporibus
917 813 1109 869 iterum
1151 814 1295 867 venit
1326 811 1513 866 rélatib
1551 811 1617 866 de
1640 810 1849 865 Graecia
1874 851 1888 876 ,
1912 820 1981 866 eo
2003 809 2141 879 quod

561 905 727 962 multa
766 905 905 959 maia
938 914 994 959 et
1040 894 1323 957 homicidia
1369 902 1560 956 fierent
1586 912 1615 953 ι
1663 902 1821 955 Petro
1851 909 1905 956 et
1949 901 2146 956 Acacio

560 995 1176 1064 Constantinopolitano.
1225 992 1428 1047 Eodem
1460 1002 1699 1060 tempore
1726 990 1937 1061 fugiens
1982 992 2147 1046 Joan—

565 1105 662 1144 nes
693 1086 1085 1143 Alexandrinus
1109 1084 1393 1156 episcopus
1427 1083 1725 1138 catholicus
1747 1081 1893 1138 venit
1922 1081 2144 1136 Romam

562 1180 629 1233 ad
674 1178 856 1233 sedem
898 1176 1268 1245 apostolicam.
1323 1174 1491 1241 Quem
1523 1173 1582 1228 Β.
1633 1173 1881 1228 Gelasius
1911 1172 2149 1242 suscepit

561 1285 683 1323 cum
714 1267 879 1337 gloria
908 1306 923 1332 ,
962 1266 1049 1320 cui
1088 1265 1251 1319 etiam
1279 1274 1335 1319 et
1364 1264 1653 1318 secundam
1684 1263 1865 1319 sedem
1899 1264 2145 1333 praebuit.

563 1362 694 1428 ipsis
714 1358 1057 1429 temporibus
1081 1358 1204 1412 fecit
1228 1356 1511 1427 synodum,
1538 1366 1591 1410 et
1622 1354 1766 1409 misit
1796 1366 1893 1424 per
1920 1363 2149 1409 tractum

564 1453 799 1506 Orientis
826 1492 841 1515 ,
873 1460 926 1505 et
951 1451 1143 1505 iterum
1171 1448 1253 1521 (2)
1275 1447 1554 1503 damnavit
1585 1449 1637 1501 in
1666 1456 1981 1519 perpetuum
2014 1449 2152 1503 Aca-

564 1546 704 1597 i-inm
733 1552 787 1597 et
808 1543 1024 1597 Petrum
1047 1586 1060 1610 ,
1094 1541 1139 1596 si
1172 1556 1275 1596 non
1307 1539 1384 1610 (5)
1416 1539 1772 1610 ptenitentes,
1804 1540 1906 1595 sub
1936 1538 2150 1594 satisfa-

566 1634 743 1687 ctione
774 1632 958 1697 libelli,
976 1632 1307 1701 postularent
1326 1631 1719 1700 paenitentiam,
1747 1626 1830 1700 (4)
1859 1627 2152 1684 secundum

570 1724 951 1788 humanitatem
1005 1722 1195 1793 primm
1232 1721 1378 1777 sedis
1427 1720 1699 1776 Ecclesia.
1747 1720 1843 1774 llic
1891 1718 2157 1775 dedicavit

568 1814 846 1870 basilicam
874 1822 1074 1869 sanctae
1106 1811 1420 1882 Euphemite
1446 1804 1699 1881 marty’ris
1738 1811 1791 1863 in
1819 1809 2036 1864 civitate
2067 1808 2181 1862 Ti-r

2250 636 2426 683 autem
2459 636 2514 680 et
2545 624 2817 679 basilicam
2866 634 3065 677 sancta:
3111 622 3287 677 Maria:
3317 623 3399 675 via
3426 622 3735 675 Laurentina
3767 624 3812 675 in

2247 700 2412 772 tundo
2456 706 2708 783 Crispini,
2756 714 3003 769 milliain
3052 713 3120 766 ab
3148 698 3411 767 UrbcEO.
3463 711 3537 781 (b)
3573 709 3665 765 ille
3693 711 3810 765 fecit

2247 809 2480 877 quinque
2532 800 2699 862 libros
2738 805 2998 860 advenas
3040 803 3341 860 Nestorium
3396 812 3452 858 et
3494 802 3812 871 Eutychem,

2248 894 2435 969 (5)qdi
2464 894 2621 951 hodie
2648 898 2704 952 in
2734 888 3053 951 bibliotheca
3078 905 3131 951 et
3159 895 3377 949 archiva
3406 893 3647 948 ecclesia:
3662 895 3821 947 conti-

2250 998 2465 1045 nentur.
2502 988 2652 1043 Fecit
2689 996 2743 1041 et
2772 987 2999 1058 hymnos
3031 988 3081 1040 in
3113 986 3328 1041 modum
3380 984 3519 1041 beati
3564 985 3818 1040 Ambro-ii

2249 1077 2507 1149 episcOpi.
2540 1077 2669 1133 Item
2713 1077 2848 1132 duos
2899 1078 3064 1131 libros
3118 1069 3378 1132 adversus
3422 1075 3627 1129 Arium.
3685 1075 3824 1129 Fecit

2250 1170 2419 1225 etiam
2467 1179 2523 1225 et
2560 1180 3032 1253 sacramentorum
3079 1167 3420 1237 praefationes
3470 1176 3525 1221 et
3568 1168 3823 1221 orationes

2256 1270 2415 1315 cauto
2435 1274 2708 1326 sermone,
2722 1270 2777 1314 et
2793 1260 3048 1328 epistolas
3069 1257 3192 1314 fidei
3213 1258 3432 1313 elimato
3460 1271 3706 1312 sermone
3728 1256 3822 1327 (6).

2260 1346 2484 1407 Multum
2515 1351 2617 1406 sub
2639 1350 2797 1419 hujus
2823 1350 3132 1419 episcopatu
3160 1349 3335 1405 clerus
3362 1348 3561 1404 crevit.
3594 1346 3688 1401 Hic
3714 1346 3827 1401 fecit

2259 1441 2626 1497 ordinationes
2657 1441 2789 1496 duas
2812 1442 2893 1509 (7)
2926 1442 2979 1494 in
3004 1439 3135 1495 urbe
3177 1440 3343 1495 Roma
3376 1454 3472 1509 per
3496 1452 3704 1493 menses
3733 1438 3827 1492 Fe-

2261 1532 2533 1587 bruarium
2561 1540 2614 1587 et
2636 1532 2988 1587 Decembrem
3011 1571 3027 1597 ,
3058 1531 3403 1602 presbyteros
3434 1530 3648 1601 triginta
3676 1529 3829 1595 duos,

2260 1623 2514 1678 diaconos
2543 1622 2700 1691 duos,
2755 1623 3040 1692 episcopos
3084 1636 3181 1692 per
3227 1622 3446 1677 diversa
3469 1621 3584 1676 loca
3619 1635 3832 1676 numero

2260 1714 2536 1783 sexaginta
2574 1721 2801 1782 septem.
2826 1713 2926 1780 Qui
2955 1712 3117 1768 etiam
3144 1712 3395 1783 sepultus
3423 1720 3507 1767 est
3536 1714 3592 1769 in
3629 1711 3831 1769 basilica

2262 1806 2408 1861 Beati
2440 1806 2583 1860 Petri
2620 1805 2885 1873 apostoli,
2918 1804 3204 1860 undecimo
3228 1803 3478 1860 calendas
3516 1804 3831 1861 Decembris.

572 1907 808 1970 burtina,
836 1904 1090 1961 milliario
1110 1903 1182 1959 20
1221 1904 1288 1959 ab
1316 1902 1479 1959 Urbe.
1513 1901 1784 1957 Dedicavit
1809 1909 1985 1955 autem
2014 1899 2154 1955 basi-
2188 1907 2232 1970 Β
2263 1888 2337 1951 Et
2393 1906 2513 1966 post
2564 1896 2769 1951 obitum
2822 1896 2943 1967 ejus
3009 1896 3247 1953 cessavit
3317 1898 3658 1969 episc0patus
3729 1897 3760 1953 d
3781 1914 3835 1952 es

570 1998 701 2054 licas
728 1996 861 2052 alias
886 2002 1197 2051 sanctorum
1238 1992 1491 2049 Nicandri
1520 2003 1575 2049 et
1625 1991 1920 2047 Elcu.herii
1960 2000 2016 2045 et
2046 1990 2162 2043 Am

642 2156 720 2226 (α)
743 2155 872 2222 Qua:
903 2155 970 2209 de
996 2153 1191 2209 Acacio
1216 2160 1272 2207 et
1297 2153 1495 2226 Petro,
1522 2160 1773 2226 tanquam
1803 2152 2103 2226 viventibus
2125 2164 2155 2203 a

574 2222 793 2285 Gelasio
821 2226 1119 2289 damnatis,
1168 2232 1353 2276 auctor
1395 2222 1663 2289 adiungit,
1720 2222 1903 2289 procul
1954 2236 1983 2273 a
2028 2233 2171 2272 vero.

574 2296 868 2351 abhorrent
896 2310 907 2345 :
937 2294 1045 2361 jam
1091 2293 1233 2346 enim
1265 2299 1389 2345 ante
1418 2291 1699 2361 damnatus
1724 2301 1778 2341 et
1808 2290 1913 2342 vita
1942 2289 2155 2361 functos

574 2380 699 2421 esse
737 2358 970 2417 diximus
1010 2376 1169 2427 supra
1209 2361 1262 2414 in
1296 2361 1436 2413 notis
1485 2360 1551 2413 ad
1600 2360 1763 2412 vitam
1794 2368 1849 2413 et
1874 2358 2153 2425 epistolam

576 2444 781 2491 sextam
810 2432 1017 2487 Felicis.
1050 2432 1178 2486 Item
1211 2430 1261 2484 in
1288 2430 1428 2483 notis
1449 2430 1513 2483 ad
1543 2430 1827 2483 concilium
1860 2428 2154 2482 Romanum

577 2506 679 2561 sub
703 2502 879 2559 Felice
907 2500 966 2555 ΙΙ.
999 2500 1184 2557 Posset
1210 2498 1337 2563 dici,
1360 2500 1501 2568 quod
1529 2500 1715 2551 borum
1737 2499 1845 2566 jam
1876 2499 2156 2568 damnato-

578 2592 697 2629 rum
727 2584 781 2628 et
810 2581 1139 2627 mortuorum
1182 2567 1464 2623 occasiune
1508 2571 1669 2623 multa
1691 2567 2169 2636 C0ustantinopuli

578 2654 730 2715 gesta
764 2643 976 2715 fuerint.
1010 2642 1137 2715 δεῖν.
1169 2640 1370 2715 thws.

651 2715 728 2785 (b)
757 2713 869 2767 Hoc
886 2710 1091 2785 grande
1112 2718 1163 2765 et
1178 2709 1501 2785 praeclarum
1517 2708 1778 2785 .voiumen
1803 2708 1965 2785 fuisse
1985 2714 2128 2785 testa
2144 2737 2157 2747 -

580 2776 670 2839 tur
711 2776 1032 2838 Gennadius
1060 2780 1129 2835 de
1175 2776 1370 2849 Script.
1419 2778 1718 2832 ecclesiast.
1774 2776 2028 2849 capsit,
2079 2776 2161 2849 his

580 2852 761 2909 verbis
795 2873 808 2907 :
861 2851 1095 2905 Gelasius
1149 2847 1497 2903 urbis'Romaa
1520 2849 1786 2917 cpiscOpus
1824 2847 2029 2917 scripsit
2061 2848 2159 2898 ad-

581 2941 753 2978 versus
784 2920 1115 2992 Eutycbctem
1139 2928 1186 2973 et
1216 2918 1513 2992 Nestorium
1552 2915 1747 2985 grande
1776 2927 1829 2992 _et
1854 2915 2161 2987 praclarum

582 2994 856 3057 uolumen,
892 2987 969 3045 vet
1024 2998 1266 3044 tractatus
1316 2990 1633 3042 diversarum
1674 2987 2061 3057 scripturarum
2115 2995 2162 3057 rt

582 3051 1018 3119 sucrbiiteniorum
1047 3062 1222 3115 limata
1248 3074 1505 3121 sermone,
1536 3066 1641 3112 etc.
1670 3051 1821 3111 Unde
1847 3066 1985 3123 patet
2017 3054 2161 3125 quod

588 3135 799 3191 libellus
826 3134 925 3187 iSIe
954 3132 1022 3185 de
1038 3129 1479 3184 Duabusblaturis
1508 3135 1694 3181 contra
1730 3126 2077 3195 Eutychctetn
2144 3133 2162 3178 t

584 3202 887 3260 Nestorium
916 3202 968 3254 in
984 3200 1311 3253 Bibliotheca
1343 3208 1651 3251 sanctorum
1678 3195 1891 3261 Patrum
1921 3206 2159 3249 exstans.

586 3277 771 3340 sicque
816 3271 1075 3340 incipiens
1106 3286 1117 3321 :
1148 3268 1511 3340 Necessarium
1534 3281 1731 3335 quoque
1754 3266 1873 3340 fuit,
1902 3278 2034 3340 e_tc.,
2059 3264 2164 3340 Ge-

585 3336 718 3399 lasio
744 3336 987 3395 Romano
1016 3338 1247 3408 pontilici
1278 3337 1635 3408 attribuinon
1663 3336 1861 3408 possit,
1895 3336 2167 3408 siquidem.

586 3427 807 3483 parvum
837 3404 1100 3483 duntaxat
1126 3406 1443 3483 Opusculum
1474 3406 1544 3483 sit
1564 3446 1579 3471 ,
1609 3407 1768 3457 unius
1793 3405 1909 3483 libri
1944 3404 2166 3471 periodo

588 3475 955 3539 ierminatum.
991 3480 1113 3533 llmc
1145 3477 1446 3531 communis
1476 3475 1775 3529 doctiortun
1810 3476 2041 3529 virorum
2072 3492 2168 3528 no-

586 3550 683 3608 stri
707 3550 889 3606 smculi
910 3547 1196 3611 sententia,
1220 3546 1570 3601 confirmatur
1592 3545 1819 3612 primum
1850 3559 1914 3599 cx
1940 3560 2004 3600 eo
2025 3545 2167 3614 quod

588 3635 775 3676 anetor
804 3620 1013 3689 aliegati
1061 3618 1303 3689 Opusculi
1342 3615 1553 3689 Eusebii
1586 3615 1933 3689 timsariensis
1959 3616 2166 3689 scripta

589 3692 875 3761 plurimum
900 3684 1410 3761 commetidat,.qu:e
1435 3684 1679 3761 Gelasius
1701 3685 1934 3753 pontifex
1958 3685 2009 3761 iu
2038 3685 2171 3761 actis

589 3753 800 3816 concilii
831 3760 1055 3815 Romani
1088 3756 1222 3813 inira
1256 3758 1395 3812 inter
1421 3755 1726 3879 apocrgpba
1758 3754 2045 3834 recensuit.
2075 3753 2171 3810 Se-

590 3833 783 3879 cunda-
818 3829 959 3879 nuod
992 3830 1219 3879 niurima
1250 3827 1556 3879 Graecorum
1632 3835 1830 3879 atrum.
1861 3824 2168 3878 Latinorum

590 3833 785 3899 cundo,
818 3829 959 3898 quod
992 3830 1219 3894 plurima
1250 3827 1558 3899 Graecorum
1591 3824 1830 3899 Patrum,
1861 3824 2168 3899 Latinorum

591 3918 756 3971 pauca
773 3894 871 3954 'vel
901 3900 1046 3954 nulla
1093 3898 1400 3971 testimonia
1429 3894 1718 3971 producat,
1754 3895 1995 3971 adeoque
2017 3895 2163 3971 (ξι-δε-

592 3964 686 4030 cus
717 3973 891 4039 potius
914 3983 1070 4038 quam
1103 3968 1324 4039 Latinus
1349 3964 1579 4039 scriptor
1599 3979 1719 4020 esse
1744 3966 2001 4039 videatur.
2038 3964 2170 4039 Qum

592 4035 735 4096 enini
795 4035 1105 4092 adduxisset
1146 4036 1448 4106 quindecim
1507 4036 1694 4091 Patres
1737 4036 1988 4101 Graecos,
2039 4035 2174 4090 duos

594 4120 801 4165 tantum
834 4107 1048 4163 Latinos
1069 4147 1086 4171 ,
1118 4106 1459 4161 Ambrosium
1501 4113 1557 4159 et
1604 4108 1884 4159 Damasum
1934 4108 2133 4173 profert
2157 4143 2172 4169 ,

594 4181 736 4251 Cypr
750 4194 883 4251 _ano,
916 4177 1117 4251 Hilario
1136 4215 1150 4242 ,
1186 4175 1531 4251 Hieronymo,
1561 4174 1880 4251 Augustino,
1908 4173 2172 4251 Innoceno

598 4242 714 4316 ηδ’,
748 4242 928 4302 Leune
954 4287 969 4311 ,
1001 4247 1304 4316 Prospero,
1338 4242 1709 4316 similibusque
1754 4244 1872 4296 aliis
1914 4244 2171 4316 omissis:

596 4312 730 4390 quos
758 4318 859 4390 sibi
881 4312 1189 4390 notissimos
1211 4313 1458 4390 Gelasius
1481 4312 1717 4390 pontifex
1747 4327 2015 4390 nunquam
2032 4314 2141 4390 (ιιιιί
2157 4342 2175 4354 -

597 4382 777 4446 sisset.
823 4387 1102 4443 Gennadio
1128 4386 1322 4440 ascribi
1366 4384 1550 4451 nequit
1574 4424 1591 4450 ,
1623 4383 1748 4452 quia
1779 4383 1937 4437 tradit
1967 4399 2027 4437 se
2059 4382 2175 4437 illus

597 4477 692 4516 sex
724 4459 889 4513 libros
912 4472 1016 4511 non
1040 4456 1293 4510 adversus
1327 4453 1673 4523 Eutychezem
1697 4494 1712 4516 .
1746 4452 1840 4507 St'd
1870 4452 2172 4507 Nestorium

599 4531 903 4596 scripsisse.
948 4527 1135 4581 Posset
1170 4524 1446 4596 sustineri,
1493 4524 1635 4592 quod
1688 4538 1751 4578 ex
1789 4523 2174 4596 recentioribus

600 4590 752 4655 aiunt
783 4599 1031 4666 plurimi,
1066 4596 1220 4664 hujus
1253 4594 1413 4649 libelli
1440 4590 1724 4666 auctorem
1745 4607 1874 4666 esse
1901 4590 2173 4666 Gelasium

559 4684 564 4690 ·
599 4663 983 4724 Caesariensem
1008 4663 1339 4735 episcopum,
1366 4664 1518 4733 cujus
1540 4663 2018 4735 metninitaanctu‘
2052 4663 2176 4718 Ilie-

601 4753 856 4809 t-nnyinus
884 4738 953 4792 de
992 4733 1523 4809 script.recc_lesiast.
1556 4733 1844 4809 camilli},
1873 4733 2014 4809 unde
2042 4749 2174 4809 quo-

599 4789 724 4875 ὲιὶιέ
745 4789 1187 4863 Τιιᾷοιιότὸιιιέἰιι
1218 4805 1443 4873 dialogis
1474 4789 1850 4875 plura'citavit'.
1875 4789 2173 4875 Illustrissi-
2203 4789 2253 4850 D

604 4871 721 4932 ntus
750 4877 1037 4933 cardinalis
1073 4876 1329 4930 Baronius
1361 4871 1488 4942 post
1508 4874 1717 4941 longam
1743 4871 1901 4940 hujus
1923 4873 1999 4926 rei
2033 4874 2175 4926 inda-

602 4950 723 5015 μειιίι
749 4964 899 5004 nem.
948 4946 1299 5000 solertissime
1327 4944 1471 5015 inter
1498 4958 1687 4997 omnes
1725 4943 1861 5015 alius
1900 4945 2176 5015 concludit

2272 1997 2498 2058 septem.

2261 2158 2317 2204 et
2339 2159 2580 2206 actorum
2595 2151 2794 2207 Nicarni
2818 2152 3055 2218 concilii,
3075 2166 3193 2222 quac
3219 2166 3379 2221 supra
3404 2160 3535 2207 tom.
3554 2150 3593 2206 ll
3618 2161 3837 2217 exstant,

2263 2234 2426 2300 unum
2458 2222 2816 2300 eumdemque
2865 2237 2985 2277 esse
3020 2232 3295 2278 auctorem
3322 2265 3338 2289 ,
3383 2231 3493 2276 tum
3525 2223 3666 2300 quod
3698 2234 3838 2275 utro-

2262 2289 2423 2358 bique
2470 2290 2703 2362 fateatur
2755 2306 2815 2345 se
2863 2300 3149 2361 utrumque
3195 2307 3333 2362 opus
3360 2289 3763 2361 conscripsisse,
3790 2301 3839 2345 ut

2262 2368 2451 2413 contra
2476 2361 2840 2431 Eutychianos
2870 2362 3153 2431 haereticos
3175 2401 3189 2426 ,
3222 2361 3459 2430 tempore
3484 2362 3723 2416 Basilisci
3752 2363 3840 2415 im-

2264 2431 2523 2495 peratoris
2577 2430 2719 2485 circa
2767 2445 2966 2485 annum
3018 2430 3227 2485 Domini
3274 2434 3379 2487 476
3433 2432 3839 2495 invalescentes,

2263 2498 2419 2570 tidem
2450 2499 2807 2570 orthodoxam
2845 2500 3194 2565 defenderet;
3228 2513 3338 2555 tum
3383 2505 3544 2556 etiam
3580 2502 3721 2570 quod
3749 2503 3843 2555 Eu-

2260 2569 2469 2641 sebium
2501 2569 2891 2641 Caesariensem
2913 2571 3530 2641 episcoptnnutrobique
3562 2569 3843 2640 plurimum

2266 2638 2478 2710 laudet,
2511 2654 2740 2709 eumque
2782 2638 2961 2693 titulis
2976 2654 3172 2710 magno
3202 2640 3359 2695 alicui
3387 2638 3693 2697 or'thoiloxo
3718 2656 3844 2695 con-

2265 2709 2604 2764 venientibus
2633 2721 2886 2773 exornet,
2916 2719 2971 2765 et
2996 2725 3024 2764 a
3058 2709 3366 2779 suspicione
3394 2711 3670 2766 haereseos
3701 2712 3847 2766 Aria-

2266 2796 2347 2832 na:
2396 2781 2554 2851 plane
2579 2781 2813 2851 eximat;
2851 2778 2993 2849 quod
3046 2778 3325 2851 utriusque
3370 2782 3742 2849 prazfationem
3773 2782 3846 2836 in~

2263 2850 2431 2904 tuenti
2463 2851 2632 2918 prima
2656 2848 2836 2905 fronte
2865 2848 3171 2919 apparebit.
3206 2848 3322 2918 ipsa
3352 2848 3481 2907 vero
3508 2859 3627 2905 acta
3657 2852 3846 2905 Νιρεῖρηί

2264 2920 2476 2974 concilii
2527 2920 2695 2975 tribus
2729 2920 2889 2974 tomis
2943 2919 3333 2989 comprehensa
3368 2928 3587 2976 auctore
3638 2921 3845 2989 Gelasio

2261 2990 2569 3068 conscripta
2592 3002 2713 3046 esse
2744 2989 2939 3045 fatetur
2964 2986 3189 3068 Photius
3210 2992 3264 3068 in
3285 2990 3651 3068 Bibliotheca,
3673 2986 3845 3068 verbis

2268 3058 2374 3129 illis
2404 3058 2523 3128 quae
2572 3073 2735 3127 supra
2771 3068 2915 3115 tomo
2945 3064 3180 3115 secundo
3209 3061 3570 3116 Conciliorum
3604 3060 3837 3129 ejusdem

2265 3127 2507 3201 historia:
2580 3130 2797 3198 przeiixa
2834 3139 2994 3201 sunt.
3070 3131 3329 3186 Eumdem
3396 3127 3847 3201 ergo_Gclasium

2266 3197 2591 3271 Cyaicenum
2641 3201 2798 3271 hujus
2829 3200 2993 3271 libelli
3042 3211 3314 3271 auctorem
3355 3197 3511 3265 esse,
3539 3199 3609 3255 de
3627 3216 3730 3271 quo
3759 3202 3846 3254 ditt

2269 3269 2601 3338 multumque
2647 3270 2904 3325 hactenus
2931 3269 3235 3324 dubitatum
3264 3270 3365 3324 fuit
3390 3310 3405 3333 ,
3435 3285 3557 3325 cum
3588 3269 3845 3325 ca‘rdinali

2270 3337 2524 3409 Baronio'
2561 3338 2791 3394 libenter
2847 3339 3238 3394 concludimus.
3297 3340 3490 3395 Verum
3550 3340 3849 3409 quicunque

2193 3424 2243 3490 ο
2275 3408 2505 3490 tandem_
2535 3409 2934 3490 auctornhujus
2983 3410 3148 3490 libelli
3201 3410 3379 3490 fuerit,
3414 3412 3467 3465 in
3513 3410 3756 3465 doetrina
3785 3412 3849 3464 de

2275 3478 2878 3533 transsubstantiatione
2922 3479 3074 3547 panis
3102 3487 3157 3533 et
3180 3480 3287 3533 vini
3320 3480 3370 3533 in
3400 3492 3736 3535 sacramento
3755 3495 3847 3533 eu-

2272 3548 2539 3607 cbaristiae
2565 3548 2633 3603 ab
2662 3548 2781 3602 aliis
2809 3547 3087 3602 catholicis
3125 3549 3476 3616 scriptoribus
3512 3564 3620 3603 non
3647 3550 3849 3604 discre-

2274 3627 2383 3687 pat.
2412 3617 2561 3683 Quod
2590 3620 2733 3671 enim
2764 3618 2838 3671 ait
2864 3633 2878 3670 :
2911 3616 3031 3671 Non
3055 3618 3241 3671 desinit
3264 3620 3545 3673 substantia
3562 3618 3644 3672 vel
3668 3629 3849 3673 natura

2274 3689 2421 3755 panis
2444 3698 2491 3741 et
2520 3688 2621 3740 vini
2644 3727 2659 3753 ,
2692 3688 3098 3755 intelligendum
3123 3700 3205 3741 est
3234 3688 3301 3744 de
3325 3699 3511 3743 natura
3538 3699 3592 3742 et
3614 3690 3849 3744 essentia

2274 3756 2655 3811 accidentium.
2706 3757 2981 3824 Frequens
3028 3759 3170 3811 enim
3221 3767 3304 3813 est
3353 3769 3408 3812 ut
3452 3759 3727 3813 communi
3756 3773 3852 3813 usu

2272 3826 2485 3881 dicendi
2548 3827 2844 3881 substantia
2869 3842 2965 3894 pro
2999 3836 3183 3881 natura
3206 3838 3262 3883 et
3286 3830 3516 3883 essentia
3540 3830 3850 3897 accipiatur.

2276 3898 2350 3951 Ita
2390 3898 2509 3967 expl
2534 3906 2621 3953 cat
2668 3898 2811 3951 hunc
2858 3899 3030 3952 locum
3081 3898 3551 3953 Bellarminusiib.
3585 3913 3623 3951 ιι
3657 3898 3725 3953 de
3754 3901 3849 3953 Sa-

2278 3979 2559 4022 cramento
2610 3968 2986 4029 eucharistiaa,
3051 3982 3168 4034 cap.
3225 3968 3329 4029 ‘27;
3391 3967 3654 4022 Batonius
3718 3983 3854 4023 anno

2277 4038 2479 4093 Christi
2530 4038 2655 4101 456,
2698 4050 2845 4091 num.
2905 4038 2970 4092 10
3022 4046 3075 4090 et
3126 4045 3372 4105 aequent.
3406 4039 3545 4092 Ante
3576 4040 3855 4093 victoriam

2277 4122 2408 4177 ergo
2440 4109 2773 4177 triumphant
2792 4106 3081 4177 Lutherani
3110 4106 3378 4174 bmretici,
3403 4108 3491 4175 qui
3522 4122 3589 4162 ex
3620 4108 3721 4163 hoc
3742 4110 3857 4162 loco

2280 4175 2579 4231 doctrinam
2611 4175 2963 4229 orthodoxam
2990 4176 3059 4229 de
3082 4177 3679 4232 transsubstantiatione
3712 4178 3858 4243 panis

2278 4258 2333 4301 et
2359 4247 2465 4301 vini
2500 4248 2551 4299 in
2572 4255 2907 4300 sacramento
2934 4245 3271 4300 eucharistiae
3297 4260 3539 4301 eversam
3564 4262 3684 4302 esse
3707 4250 3860 4316 jacii-

2288 4326 2419 4370 tant.
2458 4316 2679 4386 Reliqua
2720 4330 2973 4386 quaeper
3009 4316 3327 4371 calumniam
3358 4317 3615 4383 objiciunt
3644 4319 3859 4373 Gelasio

2286 4388 2545 4455 pontiiici,
2566 4385 2759 4455 partim
2783 4385 3125 4440 refutavimus
3148 4401 3306 4455 supra
3329 4389 3507 4442 verbis
3532 4386 3706 4452 Huius
3739 4402 3862 4441 tem-

2285 4454 2490 4524 poribus
2508 4454 2844 4525 inrcnti(Col.
2870 4458 2924 4519 9,
2950 4468 3057 4511 tu.
3085 4458 3153 4525 ο),
3174 4454 3364 4523 partim
3382 4456 3862 4512 infradiluemnsn:

2268 4537 2427 4595 tumo
2447 4524 2642 4580 Gelain
2657 4524 2725 4581 de
2744 4524 3119 4581 Anathematis
3134 4527 3375 4582 Vinculo.
3396 4530 3467 4580 lle
3483 4529 3698 4595 scriptis
3712 4528 3862 4583 Grin-

2280 4597 2344 4652 sii
2370 4597 2486 4651 vide
2512 4596 2857 4651 Possevinum
2876 4598 2928 4649 in
2946 4598 3216 4666 Apparatu
3234 4610 3409 4662 sacro,
3427 4597 3590 4652 verbo
3606 4598 3865 4652 Saluius.

2284 4669 2469 4721 Exstat
2512 4668 2753 4737 apologis
2784 4666 2979 4737 Gelasii
3020 4667 3281 4723 adversus
3310 4668 3746 4721 Andrmnachutn
3782 4684 3862 4722 se.

2283 4749 2522 4791 natorcm
2549 4736 2880 4806 emterosque
2910 4736 3180 4791 Romanos
3204 4740 3292 4806 qui
3326 4738 3645 4803 Lupercalia
3672 4753 3865 4791 set-im-

2270 4808 2407 4863 dum
2438 4822 2640 4861 morem
2664 4810 2944 4874 pristinum
2969 4807 3648 4863 colendaconstituebant.
3671 4813 3863 4873 Quam.

2281 4894 2347 4931 ex
2382 4878 2594 4930 Baronii
2643 4879 2941 4931 Annalibus
2976 4889 3247 4943 aCCPpiaIII
3270 4918 3284 4938 ,
3317 4878 3502 4930 iectmi
3545 4879 3683 4931 infla
3717 4884 3867 4932 eahi-

2270 4948 2509 5002 bendam
2527 4961 2647 5003 esse
2680 4948 3007 5017 putavimus.
3041 4948 3170 5002 Ssv.
3205 4948 3405 5001 illatus.

606 5011 760 5086 hujus
788 5017 950 5073 libelli
978 5018 1046 5072 de
1081 5015 1292 5071 Duabus
1323 5013 1535 5068 Naluris
1562 5024 1747 5069 contra
1789 5011 2169 5082 Eutycltetenr,
2267 5046 2272 5050 -

675 5170 755 5239 (l)
786 5168 925 5247 .Cod.
976 5168 1105 5223 Luc.
1154 5168 1298 5235 490,
1354 5176 1555 5220 amator
1610 5176 1891 5233 pauperum
1921 5202 1935 5227 ,
1997 5156 2043 5219 et
2087 5170 2188 5221 ric-

610 5258 757 5376 n't?)
774 5251 959 5373 ﬁdem,
991 5315 1037 5359 et
1060 5307 1242 5359 iterum
1267 5307 1424 5372 misit,
1448 5316 1495 5359 et
1516 5307 1793 5359 dantnavit.

684 5314 736 5376 ιθ
794 5314 959 5373 Idem,
991 5315 1037 5359 et
1060 5314 1242 5359 iterum

684 5314 761 5448 (ὃς
804 5380 964 5441 Idem,
1000 5378 1257 5442 pauitans.

682 5449 762 5519 ’4)
804 5450 855 5502 ltt
894 5448 1087 5503 eodem
1127 5451 1245 5500 cod.
1299 5448 1570 5499 secundum
1612 5448 1972 5498 Im.~nanitatem
2011 5448 2188 5514 prima:

2289 5170 2426 5224 sedis
2456 5168 2611 5223 'Ecric
2640 5170 2701 5223 ia:
2740 5169 2914 5225 deest.

2365 5240 2443 5309 (5)
2486 5241 2537 5292 lu
2582 5241 2770 5291 eodem
2806 5243 2927 5293 cod.
2962 5241 3047 5306 qui
3092 5238 3307 5291 hodie...
3347 5242 3664 5294 continentur
3691 5241 3885 5297 deest.‘

2176 5363 2183 5371 ,
2272 5324 2275 5327 ‘
2363 5315 2443 5383 (ti)
2484 5309 2625 5383 idem
2645 5310 2801 5383 pud”
2830 5326 3062 5383 sermone
3086 5311 3295 5383 maritas.
3331 5310 3435 5361 Sui)
3459 5317 3590 5383 ejus,
3619 5323 3718 5363 ctc.

2362 5382 2441 5447 (7)
2482 5382 2533 5432 ltt
2559 5380 2745 5431 eodem
2780 5382 2897 5432 cud.
2935 5383 2983 5429 iu
3008 5384 3127 5430 urbe
3158 5377 3319 5433 lioma
3348 5377 3517 5437 uetsi.

2084 5751 2338 5801 -¢(3ﬂ°
