3948 6314
585 400 652 453 15
1937 391 1949 398 ’
1975 388 2148 443 ELAS

2254 389 2431 445 Ἀνῶ
2468 393 2490 444 ἰ
3741 375 3801 433 16

581 508 810 563 cundum
841 517 1118 573 supernam
1141 502 1549 572 dispositionem
1570 501 1821 556 universa
1844 510 2141 567 cunctaque
2173 506 2219 559 Λ
2249 502 2503 554 debemus
2530 519 2541 553 :
2569 502 2618 552 iu
2649 499 2759 554 hrec
2785 500 3008 569 abrupta
3052 497 3240 552 deduci
3269 510 3363 550 nec
3395 508 3685 563 possumus,
3711 505 3800 547 nec

581 595 907 666 inspicientis
933 610 1051 664 quas
1075 595 1140 647 ad
1172 592 1528 647 Ecclesiarum
1559 593 1824 661 pertinent
1868 591 2143 651 unitatem,

578 695 633 740 et
661 685 920 739 adversus
948 684 1215 738 diabolum
1245 682 1679 737 conturbatorem
1707 695 1847 735 verte
1889 681 2034 749 pacis
2064 689 2146 732 at-

577 788 683 840 que
711 770 1000 840 compagis,
1032 779 1089 823 ut
1115 770 1311 824 asseris
1341 770 1550 825 fortiter
1577 769 1896 824 resistentis.
1933 768 1989 822 Si
2019 783 2148 836 ergo

579 865 646 917 de
673 878 761 919 me
790 865 889 918 ista
921 863 1250 932 pronuntias,
1291 869 1384 915 aut
1423 860 1676 916 sectanda
1707 860 1799 915 tibi
1825 870 1948 914 sunt
1976 875 2092 928 qum
2119 875 2148 912 a

575 954 811 1016 Christo,
837 961 903 1006 ut
933 951 1196 1020 perhibes,
1226 951 1509 1005 constituta
1539 958 1690 1014 sunt;
1743 960 1834 1004 aut
1876 950 2046 1019 palam
2075 957 2147 1011 te,

576 1049 718 1114 quod
740 1046 906 1111 absit,
926 1045 1118 1100 Christi
1145 1045 1587 1114 dispositionibus
1610 1043 1827 1098 obviare
1857 1042 2146 1111 depromis,

577 1146 667 1187 aut
688 1136 758 1187 ad
781 1133 994 1188 veniam
1027 1134 1121 1204 [αι.
1149 1131 1358 1201 venam]
1403 1132 1619 1186 luxuria:
1650 1132 1716 1186 de
1745 1146 1830 1185 me
1859 1145 2149 1199 cognosce-

578 1227 650 1279 ris
681 1226 778 1279 ista
801 1226 1024 1292 jactare.
1069 1225 1173 1280 Sed
1215 1233 1606 1292 consequenter
1650 1222 1912 1289 adnectis,
1956 1221 2151 1276 conde-

576 1316 926 1370 scendibilem
950 1330 1037 1370 me
1054 1325 1105 1368 et
1123 1315 1321 1382 Optima
1345 1313 1693 1382 dispositione
1721 1327 1972 1366 revocare
1997 1326 2153 1381 posse

575 1420 619 1456 et
644 1405 937 1458 ncordiam.
971 1403 1221 1469 Proinde,
1249 1403 1497 1472 quoniam
1531 1403 1632 1457 isto
1658 1402 1823 1456 verbo
1850 1401 2154 1469 frequenter

579 1495 807 1558 utimini,
837 1493 961 1562 quid
989 1493 1087 1546 sibi
1117 1493 1262 1559 velit,
1296 1492 1594 1560 explorem.
1646 1490 1858 1559 Optima
1891 1490 2032 1543 enim
2064 1490 2149 1543 illa

577 1595 660 1639 est
683 1585 933 1640 Ecclesiae
959 1583 1238 1638 catholica:
1257 1592 1415 1652 atque
1440 1580 1746 1651 apostolicae
1767 1580 2067 1648 dispositio,
2086 1581 2151 1633 ad

577 1677 799 1732 meliora
836 1675 1166 1745 proficiendo
1189 1673 1638 1737 eundescendere,
1672 1686 1778 1727 non
1806 1671 1873 1725 ad
1904 1671 2151 1725 inferiora

576 1765 1220 1821 descendendodelicere;
1233 1764 1362 1819 Cum
1384 1773 1560 1819 autem
1579 1763 1709 1818 dicis
1722 1762 2151 1817 condescendere

579 1871 677 1910 nos
698 1856 895 1910 debere
917 1855 1210 1920 vobiscum,
1231 1854 1442 1908 interim
1460 1855 1568 1922 jam
1586 1866 1682 1907 vos
1700 1850 2148 1917 autdescendere,
2183 1831 2230 1890 Β

579 1957 668 2002 aut
697 1947 1037 2001 descendisse
1061 1945 1388 1999 monstratis.
1414 1943 1804 2012 Unde,qu:eso,
1821 1942 1906 1997 vel
1927 1955 2033 2011 quo
2054 1941 2153 1995 ista

577 2037 859 2092 descensio
887 2037 1007 2091 εειῖ
1054 2035 1244 2104 Utique
1274 2049 1338 2089 ex
1381 2033 1643 2102 superiori
1681 2031 1910 2101 quodam
1942 2032 2060 2087 loco
2085 2030 2152 2085 ad

577 2129 829 2182 inferiora
859 2140 1081 2196 quaeque
1109 2123 1375 2194 deposito,
1399 2137 1429 2176 a
1451 2123 1711 2177 catholica
1743 2121 1835 2192 [αι.
1866 2122 2149 2191 depositio.

575 2225 618 2272 Α
648 2217 929 2287 catholica]
972 2205 1373 2285 apostolicaque
1409 2214 1796 2268 communione
1843 2213 1910 2267 ad
1941 2213 2153 2267 haereti-

573 2323 691 2362 ram
715 2291 1135 2372 damnata‘mque
1165 2305 1439 2374 prolapsos
1467 2319 1564 2358 vos
1603 2303 1816 2368 videtis,
1867 2305 2148 2373 cognosci-

577 2402 666 2466 tis,
693 2415 796 2452 tton
825 2398 1065 2467 negatis:
1100 2405 1151 2451 et
1185 2410 1288 2449 non
1328 2396 1500 2449 solum
1530 2409 1626 2449 vos
1667 2396 1719 2447 in
1751 2395 1947 2448 inlimis
1973 2396 2153 2463 jacere

577 2493 824 2555 delectat,
849 2491 941 2545 sed
977 2489 1134 2544 etiam
1164 2488 1218 2543 in
1269 2489 1545 2556 superiore
1574 2497 1855 2543 manentes
1884 2488 2010 2544 sede
2040 2489 2151 2542 vul-

576 2583 644 2635 tis
671 2581 889 2649 impelli.
918 2579 1360 2634 Condescendere
1393 2592 1488 2633 nos
1518 2579 1791 2633 vobiscum
1821 2579 2056 2634 invitatis
2080 2579 2147 2633 ad

576 2675 680 2728 ima
705 2674 773 2728 de
805 2673 1050 2737 summis,
1095 2686 1192 2725 nos
1231 2671 1589 2725 coascendere
1617 2685 1712 2726 vos
1756 2671 2030 2725 nobiseum
2058 2686 2149 2725 ro-

577 2779 764 2834 gamus
797 2763 861 2817 ad
912 2776 1115 2816 summa
1160 2760 1228 2814 de
1262 2759 1403 2814 imis.
1435 2761 1579 2814 Nunc
1611 2761 1768 2829 igitur
1797 2760 1896 2813 sub
1924 2775 2150 2829 conspe-

577 2869 662 2912 ctu
695 2858 834 2912 illius
875 2856 1105 2912 excel-m
1139 2855 1359 2924 justitize
1395 2853 1595 2921 judicet
1637 2870 1806 2924 genus
1836 2853 2146 2920 humanum,

575 2950 695 3019 quis
735 2958 972 3002 nostrum
1013 2946 1204 3000 debeat
1247 2946 1400 2999 alteri
1443 2945 1680 3000 obedire.
1716 2947 1730 2976 ¹
1779 2947 1857 2999 An
1888 2946 2044 3011 dicis,
2095 2958 2152 3002 ttt

575 3048 771 3092 ctetera
819 3052 957 3092 nunc
1004 3035 1266 3098 omittam,
1315 3035 1594 3089 descendit
1629 3035 1883 3090 Dominus
1930 3036 2042 3104 ipse
2083 3038 2148 3090 de

576 3131 735 3185 calo.
780 3128 1065 3184 Descendit
1107 3127 1280 3196 plane,
1327 3126 1418 3180 scd
1459 3137 1518 3180 ut
1559 3127 1830 3181 hominem
1871 3127 1938 3180 ab
1965 3143 2150 3182 errore

2253 593 2530 657 debemus,
2562 591 2672 662 qtti,
2719 601 3002 661 praestante
3035 591 3140 644 Deo
3172 601 3378 650 nostro,
3429 589 3680 641 sinceram
3710 600 3796 654 pu-

2255 699 2474 751 ramque
2504 693 2737 751 paternae
2766 683 3064 738 traditionis
3096 682 3250 735 tidem
3290 679 3801 746 communionemque

2252 773 2508 836 retinere,
2537 783 2592 828 et
2619 774 2685 829 ab
2711 774 2853 828 omni
2890 772 3357 841 przevaricatorum
3403 769 3706 837 contagione
3731 767 3802 821 di-

2253 875 2500 925 scretam,
2548 866 2707 918 etiam
2741 863 3000 917 intentato
3032 863 3269 930 pericu'o
3302 860 3506 927 mortis,
3553 869 3800 928 optamus,

2253 955 2511 1024 eligentes
2537 956 2602 1022 (si
2629 955 2754 1009 velit
2775 956 2932 1020 Deus)
2974 955 3224 1023 quaelibet
3269 954 3356 1008 illa
3387 952 3610 1021 perpeti,
3659 966 3801 1021 quam

2253 1059 2441 1099 causas
2470 1043 2703 1099 incidere
2729 1044 3085 1098 damnationis
3126 1054 3356 1097 :eternae.
3389 1043 3540 1108 Date,
3583 1042 3802 1111 inquam,

2253 1135 2484 1198 veniam,
2537 1135 2580 1187 si
2610 1145 2782 1188 tamen
2826 1149 2945 1189 cum
2979 1149 3073 1187 vos
3105 1143 3320 1201 propter
3347 1147 3580 1188 antorem
3610 1132 3807 1201 cujusli-

2255 1224 2342 1279 bet
2373 1224 2598 1278 hominis
2620 1225 2708 1278 vel
2734 1225 2975 1279 timorem
3012 1225 3123 1278 haec
3155 1225 3381 1276 libenter
3408 1224 3696 1287 incurritis,
3723 1239 3809 1276 nos

2256 1326 2472 1382 propter
2500 1328 2735 1368 amorem
2763 1315 2854 1369 Dei
2880 1324 2930 1367 et
2961 1315 3203 1368 timorem
3250 1318 3508 1383 gehennze
3538 1313 3654 1368 talia
3685 1314 3810 1368 relu-

2257 1415 2448 1457 tamus.
2493 1403 2600 1459 Nec
2628 1421 2720 1458 vos
2748 1405 3000 1467 credatis,
3046 1405 3430 1458 dissimulando
3457 1418 3642 1458 causas
3663 1412 3811 1472 atque

2257 1509 2531 1563 personas,
2563 1496 2845 1562 cujuslibet
2873 1497 3118 1551 amicitiis
3146 1512 3304 1565 posse
3326 1497 3655 1565 subrepere?
3700 1495 3812 1564 quia

2255 1600 2427 1653 neque
2461 1597 2555 1639 vos
2582 1586 2651 1639 ita
2684 1585 2903 1640 subtiles
2951 1589 3098 1649 estis,
3151 1587 3241 1653 qui
3273 1601 3376 1639 non
3415 1587 3630 1654 possitis
3674 1585 3815 1638 intel-

2256 1676 2462 1744 ligizet
2513 1690 2628 1740 nos,
2679 1687 2969 1744 przestante
3013 1678 3121 1731 Deu
3169 1686 3384 1743 nostro,
3435 1691 3540 1729 non
3587 1676 3816 1743 reperitis

2256 1766 2514 1819 incautos.
2555 1765 2745 1819 Nonne
2789 1766 2965 1819 missis
2997 1767 3096 1820 huc
3140 1780 3280 1834 saepe
3313 1766 3503 1820 litteris
3536 1766 3816 1826 indicastis,

2257 1869 2378 1908 cum
2407 1854 2613 1908 caeteris
2644 1854 2904 1908 haereticis
2934 1870 3028 1907 vos
3061 1855 3337 1923 Eutychen
3370 1871 3584 1924 quoque
3615 1870 3817 1918 respue-

2259 1948 2355 2000 re?
2377 1945 2490 2000 Hoc
2513 1947 2556 2001 si
2584 1961 2769 2001 verum
2797 1957 2897 2010 est,
2930 1954 3020 1999 aut
3059 1960 3150 2000 eos
3177 1946 3264 2014 qui
3293 1947 3815 2001 communicaverunt

2260 2035 2569 2106 Eutychetis
2607 2036 3005 2092 successoribus
3050 2038 3251 2105 pariter
3279 2037 3546 2104 alidicate,
3587 2048 3676 2091 aut
3699 2038 3818 2090 alio-

2257 2145 2371 2181 rum
2391 2144 2608 2197 quoque
2624 2128 2994 2183 haereticorum
3014 2129 3415 2183 successoribus
3437 2129 3818 2184 communican-

2255 2227 2356 2284 tes,
2386 2219 2667 2273 admittite.
2702 2219 2808 2274 Sed
2843 2219 3098 2284 Acacins,
3147 2220 3341 2288 inquis.
3392 2220 3522 2274 nihil
3555 2229 3734 2274 contra
3768 2219 3819 2270 li-

2255 2309 2398 2373 dem,
2447 2310 2586 2364 sicut
2617 2309 2907 2380 Eutychos,
2935 2319 2988 2363 et
3017 2325 3294 2364 successor
3325 2311 3459 2378 ejus,
3497 2310 3690 2379 legitur
3716 2307 3816 2360 nbi-

2253 2414 2462 2467 cunque
2485 2399 2714 2464 uixisse;
2746 2401 2895 2467 quasi
2934 2415 3036 2454 non
3070 2401 3142 2454 sit
3170 2401 3425 2464 dett-rius,
3455 2408 3510 2454 et
3538 2416 3642 2454 non
3674 2399 3817 2466 igno-

2255 2505 2400 2544 rasse
2445 2492 2721 2545 veritatem
2773 2502 2824 2544 et
2876 2501 3050 2545 tatnen
3118 2491 3545 2546 communicasse
3592 2489 3819 2544 veritatis

2255 2581 2501 2636 inimicis.
2534 2581 2590 2636 Si
2617 2583 2782 2646 enim,
2833 2597 2951 2636 cum
2985 2583 3174 2652 aliquis
3204 2590 3348 2637 recte
3393 2585 3609 2652 sapiens
3637 2583 3702 2636 de
3728 2579 3820 2633 lidc

2252 2672 2514 2726 catholica
2537 2675 2886 2726 communicet
2907 2672 3013 2726 illis
3041 2672 3326 2737 haereticis,
3353 2673 3492 2727 inter
3508 2687 3643 2742 quos
3666 2671 3819 2739 Euly-

2253 2759 2463 2814 ehetem
2497 2761 2766 2828 posuistis,
2801 2761 2884 2815 vel
2929 2763 3330 2816 successoribus
3359 2778 3568 2828 eorum,
3615 2777 3715 2816 non
3745 2770 3820 2814 est

2255 2852 2333 2906 l'as
2364 2867 2460 2907 eos
2497 2853 2636 2906 inter
2660 2854 3040 2908 catholicorum
3073 2855 3258 2908 altaria
3290 2856 3568 2909 nominare
3599 2871 3612 2908 :
3644 2855 3713 2908 ita
3742 2867 3818 2905 cr-

2252 2960 2390 3012 gnne
2419 2945 2561 2998 illius
2587 2945 2898 3015 Eutychetis
2927 2948 3327 3001 succtssoribus
3357 2944 3816 3004 communicando.

2253 3035 2412 3088 sin-ili
2461 3047 2606 3089 sorte
2658 3045 2869 3090 tenetur
2914 3037 3222 3091 obnoxius?
3277 3037 3348 3091 De
3396 3037 3587 3092 talibus
3630 3037 3817 3105 quippe

2255 3127 2634 3180 convenienter
2673 3125 2900 3180 dicitur:
2930 3123 3246 3179 Descendunt
3288 3126 3338 3179 in
3365 3127 3625 3196 infernum
3664 3126 3820 3178 viven—

580 3223 854 3286 liberaret,
887 3235 990 3274 non
1024 3229 1080 3273 ut
1105 3219 1220 3287 ejus
1253 3219 1788 3272 miscereturverrori.
1818 3217 2002 3272 Nonne
2038 3220 2150 3288 ip-e
2179 3191 2224 3252 θ
2257 3227 2327 3270 (ea
2372 3215 2539 3285 (Psal.
2590 3217 2720 3286 uv),
2777 3218 2864 3287 qui
2910 3217 3033 3271 dum
3085 3219 3171 3272 illa
3219 3227 3323 3272 vita
3367 3191 3466 3288 qua
3495 3221 3672 3288 justus
3711 3218 3820 3269 vivit

579 3311 897 3380 przcmonttit
927 3309 1092 3379 utqui
1121 3309 1172 3363 in
1206 3317 1344 3362 tecto
1366 3308 1743 3373 consisterent,
1789 3323 1892 3362 non
1923 3308 2149 3362 descen-

581 3403 790 3466 derent,
821 3415 916 3455 nec
934 3399 1001 3453 de
1016 3415 1075 3453 ea
1099 3415 1213 3468 quae
1241 3396 1292 3452 in
1324 3395 1482 3452 domo
1506 3397 1749 3452 videntur
1773 3413 1891 3452 esse
1918 3398 2147 3453 tollenda

581 3492 794 3564 (Matth.
830 3491 1010 3560 xxiv)?
1041 3489 1226 3544 Nonne
1258 3504 1354 3558 pro
1383 3489 1628 3542 omnibus
1651 3489 1932 3557 Apostolus
1955 3488 2144 3559 (I'Cor.

581 3601 617 3642 ι,
649 3581 704 3652 5)
733 3583 925 3638 clamat
954 3594 1111 3645 unus,
1156 3580 1244 3648 qui
1280 3578 1395 3647 plus
1420 3577 1667 3632 omnibus
1711 3578 1994 3641 laboravit,
2029 3595 2148 3633 cum

583 3676 647 3731 de
671 3675 908 3729 eusto‘dia
939 3672 1179 3726 veritatis
1209 3679 1472 3739 ageretur,
1518 3670 1709 3738 quibus
1740 3685 1837 3723 nec
1865 3670 1930 3723 ad
1964 3669 2146 3724 horam

581 3768 837 3821 cessimus
880 3763 1226 3834 subjeCIionis
1268 3762 1470 3831 gratia,
1523 3769 1580 3814 ut
1628 3759 1825 3815 veritas
1877 3759 2147 3829 Evangelii

581 3863 920 3924 permaneret
956 3853 1094 3922 apud
1123 3852 1248 3906 vos?
1285 3850 1483 3904 \‘idetis
1525 3850 1797 3905 caelestem
1838 3850 2147 3918 magistrum

581 3942 1007 3997 condescendere
1055 3941 1225 3995 noxiis
1271 3941 1640 4009 recusantem?
1672 3940 1950 3995 Postremo
1992 3940 2151 3994 facia-

581 4047 700 4086 mus
729 4032 959 4101 aliquem
987 4029 1272 4093 corruisse,
1297 4030 1359 4081 ad
1381 4045 1536 4098 quem
1569 4029 1949 4097 benignissime
1972 4029 2143 4084 suble-

584 4125 814 4178 vantlum
861 4119 1128 4189 paululum
1160 4118 1420 4187 quispiam
1468 4119 1596 4170 velit
1641 4117 1854 4171 inﬂecti.
1907 4120 2063 4188 Ergo,
2096 4130 2152 4173 ut

583 4211 1036 4282 crigaturjacens,
1086 4209 1426 4262 miserantem
1470 4208 1721 4260 convenit
1747 4209 2012 4272 inclinari,
2044 4225 2148 4263 non

583 4314 638 4356 ut
665 4317 784 4355 eum
811 4300 998 4354 eodem
1027 4295 1385 4368 prmeipitetur
1411 4296 1463 4350 in
1497 4295 1723 4351 foveam.
1765 4295 1925 4366 Igitur
1952 4312 2042 4365 per
2069 4299 2151 4351 lito

583 4404 723 4447 teras
741 4405 870 4459 quas
894 4405 985 4458 per
1007 4387 1305 4442 Sittclitiutn
1329 4387 1606 4441 diaconetn
1623 4386 1948 4452 destinastis,
1977 4386 2044 4442 de
2069 4389 2150 4442 his

581 4498 712 4552 quos
755 4480 1058 4548 baptizavit,
1104 4493 1239 4547 quos
1277 4477 1546 4530 ordinavit
1587 4479 1833 4542 Aeacius,
1883 4479 2144 4545 majorum

537 4604 544 4624 .
583 4575 866 4629 tradilith
907 4572 1205 4626 confectam
1247 4578 1301 4625 et
1327 4584 1532 4631 veram,
1584 4570 1847 4637 praecipue
1890 4570 2149 4639 religiose
2179 4549 2228 4609 Ῐ)

579 4663 926 4720 sollicitudini
945 4675 1228 4730 congruam
1255 4658 1553 4728 pracbemus
1575 4659 1694 4714 sine
1714 4658 2024 4713 difﬁcultate
2047 4676 2153 4715 me-

544 4746 549 4762 ’
581 4759 830 4810 dicinam.
860 4759 974 4819 Quo
995 4768 1093 4806 nos
1124 4752 1282 4805 vultis
1304 4751 1440 4804 ultra
1455 4751 1822 4805 descendere?
1842 4753 1978 4817 Quid
2003 4762 2147 4806 tace-

581 4849 680 4901 tis?
705 4845 837 4912 Quid
867 4842 1293 4899 verecundamini
1315 4843 1490 4896 verbis
1518 4842 1817 4910 exprimere
1835 4843 1975 4912 quod
1990 4844 2153 4898 corde

579 4939 837 5008 gustatis?
867 4936 980 5004 Ipsa
1014 4949 1108 4988 vos
1136 4933 1323 4988 saltem
1359 4932 1696 4997 verecundia,
1738 4934 2154 5002 quodnonnun-

578 5043 733 5094 quatn
764 5027 842 5093 ﬁt,
874 5025 1053 5080 debttit
1080 5036 1444 5078 commouere.
1478 5025 1557 5076 Au
1589 5023 1830 5088 forsitan,
1851 5035 1908 5076 ut
1934 5023 2148 5078 haereti-

577 5132 761 5168 ουηιιιι
790 5116 1268 5182 datttttatorumque
1307 5121 1361 5166 et
1389 5111 1469 5164 his
1501 5112 1583 5166 vel
1610 5127 1792 5166 eorum
1821 5115 2144 5168 Sttccessori-

580 5213 677 5260 bus
700 5207 1208 5260 communicandum
1238 5206 1451 5258 nomina
1479 5204 1873 5258 consentiamus
1903 5204 2147 5260 admitti?

580 5301 692 5352 lloc
732 5313 836 5350 non
867 5303 950 5350 est
989 5295 1418 5351 condescendere
1445 5296 1510 5349 ad
1561 5295 2001 5360 subveniendum,
2037 5298 2145 5351 ~setl

577 5389 853 5444 evidenter
900 5387 951 5440 in
997 5385 1199 5438 inferna
1245 5383 1499 5452 demergi.
1571 5386 1796 5451 Parcite,
1826 5403 2047 5456 quaeso,
2093 5401 2142 5443 et

583 5485 735 5538 nabis
757 5491 816 5535 et.
835 5481 1000 5535 vobis.
1035 5478 1182 5545 Quod
1215 5478 1258 5530 si
1286 5492 1464 5531 curam
1493 5491 1594 5530 ves.
1611 5479 1652 5531 ri
1678 5481 1812 5533 adeo
1845 5494 1946 5533 neu
1967 5481 2142 5534 .habe-

583 5585 672 5629 tis.
701 5575 820 5628 date
851 5572 1055 5627 veniam
1086 5568 1256 5624 nobis.
1309 5567 1495 5622 Dolere
1524 5579 1576 5621 et
1607 5569 1734 5622 {lere
1774 5586 2054 5639 possumus
2093 5584 2143 5627 et

654 5756 668 5782 ¹
710 5751 867 5805 Forte
897 5747 1110 5812 rectius,
1158 5746 1216 5797 At
1247 5746 1391 5801 dicis.
1424 5742 1682 5798 "ARDL’IN.

2253 3306 2428 3372 (Rom.
2467 3310 2531 3372 t),
2583 3322 2705 3362 vera
2733 3317 2891 3377 atque
2919 3309 3178 3363 catholica
3209 3319 3464 3377 putantur
3492 3311 3693 3372 vivere,
3739 3324 3818 3360 re-

2251 3405 2412 3465 pente
2437 3407 2528 3450 aut
2559 3399 2608 3450 iu
2639 3412 2803 3466 pruna
2836 3399 3129 3464 pravitatis,
3169 3409 3269 3452 aut
3303 3399 3354 3452 in
3387 3399 3654 3454 hatreticte
3681 3412 3819 3454 com-

2253 3487 2519 3541 muniOuis
2547 3486 2756 3541 inferna
2787 3497 3026 3558 vergunt.
3084 3488 3220 3543 Ecce
3249 3489 3430 3557 quales
3457 3489 3672 3544 Christo
3699 3487 3821 3543 dici-

2254 3578 2319 3630 tis
2345 3592 2465 3631 esse
2511 3577 2921 3646 praeponendos,
2972 3592 3090 3631 cum
3143 3579 3229 3632 ille
3261 3593 3356 3632 nec
3388 3580 3590 3633 animas
3623 3590 3822 3632 nostras

2251 3665 2764 3735 sibitnetprzecipiat
2811 3666 3082 3735 anteponi.
3137 3667 3244 3720 ltno
3293 3678 3344 3721 et
3389 3666 3559 3721 adhuc
3587 3663 3822 3737 quaeritis

2253 3757 2465 3825 quando
2529 3755 2690 3810 fuerit
2736 3755 3017 3810 damnatus
3067 3759 3328 3822 Aeacius,
3387 3757 3537 3827 quasi
3595 3769 3818 3814 revera.

2250 3848 2458 3902 etiamsi
2489 3863 2609 3901 eunt
2653 3848 2828 3901 nullus
2871 3857 2994 3901 ante
3049 3847 3376 3912 damnasset,
3428 3863 3534 3904 non
3583 3846 3821 3904 debuerit

2251 3937 2568 3992 orthodoxae
2616 3947 2669 3991 et
2697 3938 3002 4005 apostolica:
3026 3939 3418 3992 communionis
3444 3979 3458 4000 ,
3507 3939 3663 4008 cujus
3690 3953 3820 4006 prmo

2251 4030 2514 4084 varicator
2541 4030 2741 4084 exstitit
2773 4040 2826 4082 et
2855 4030 3122 4093 desertor,
3153 4029 3562 4096 participatione
3587 4025 3817 4086 secludi;

2252 4124 2389 4175 sicut
2431 4119 2589 4174 etiam
2619 4120 2838 4188 qttilibet
2867 4119 2956 4187 qui
3006 4121 3161 4171 fuerit
3189 4129 3310 4171 ante
3347 4117 3665 4182 catholicus,
3714 4116 3820 4170 cui-

2251 4226 2459 4280 cunque
2507 4211 2694 4263 ltzcresi
2743 4211 3178 4272 communicatis,
3241 4213 3434 4264 merito
3481 4211 3749 4277 judicatur
3794 4223 3820 4257 a

2253 4310 2433 4354 nostra
2475 4301 2729 4355 societate
2776 4300 3156 4363 removendus;
3209 4311 3299 4353 aut
3350 4300 3401 4352 in
3432 4299 3521 4353 tali
3551 4311 3694 4353 s'ute
3725 4299 3818 4348 tle-

2252 4391 2482 4456 l‘unctus,
2515 4392 2652 4445 inter
2680 4390 3064 4445 catholicorum
3098 4391 3310 4444 nomina
3345 4391 3645 4448 nullatenus
3671 4405 3816 4442 rom-

2250 4488 2445 4556 putari.
2498 4487 2748 4540 Miramur
2779 4496 2951 4538 tamen
2985 4485 3248 4554 quomodo
3291 4486 3389 4537 ista
3422 4484 3688 4553 pnl‘ertis.
3725 4483 3822 4534 huc

2255 4589 2412 4633 estet
2456 4577 2714 4648 synodum
2755 4577 3246 4631 Chalcedonensem
3282 4592 3374 4630 vus
3418 4578 3684 4643 su'cipcre
3729 4587 3822 4640 pro

2257 4669 2360 4722 ﬁde
2391 4668 2647 4721 catholica
2681 4668 3065 4736 proﬁteamini;
3115 4675 3170 4721 et
3211 4681 3304 4721 eos
3348 4682 3482 4735 quos
3530 4669 3753 4719 damnav
3782 4672 3820 4722 t,

2257 4759 2571 4813 sectantium
2621 4758 3121 4824 communicatores,
3173 4773 3278 4812 non
3309 4757 3700 4827 particulariter
3735 4769 3821 4822 ge-

2261 4849 2612 4916 neraliterque
2638 4851 2830 4917 putetis
2860 4849 3020 4904 fuisse
3050 4848 3350 4902 damnatos.
3401 4848 3676 4902 Ostendite
3698 4858 3823 4910 ergo

2257 4955 2376 5007 qua:
2417 4937 2650 5006 synodus
2695 4937 2747 4990 in
2793 4951 3108 5007 unaquaque
3155 4937 3342 4991 haeresi
3390 4951 3507 4989 cum
3553 4935 3824 4989 erroribus

2253 5044 2588 5084 successores
2599 5043 2783 5084 eorum
2799 5029 2878 5082 his
2891 5028 3343 5083 communicantes
3359 5026 3619 5091 simulque
3634 5038 3820 5075 omnes

2253 5136 2356 5173 non
2385 5120 2602 5173 damnet
2631 5128 2681 5172 ct
2711 5119 3019 5186 complices.
3052 5117 3230 5183 Itaque
3258 5115 3348 5167 ille
3376 5125 3550 5167 vester
3573 5114 3821 5176 Aeacius,

2251 5214 2338 5281 qui
2386 5209 2726 5280 Eutychianis
2769 5209 3036 5262 haereticis
3096 5204 3395 5260 detestabili
3448 5205 3820 5258 columuninne

2253 5301 2420 5354 [actus
2448 5309 2530 5354 est
2572 5300 2854 5369 particeps,
2903 5299 2970 5351 ab
2999 5297 3183 5351 eadem
3228 5295 3431 5364 synodo
3470 5297 3586 5350 siue
3616 5296 3814 5347 dubita-

2253 5392 2394 5445 tione
2425 5390 2704 5444 damnatus
2734 5398 2837 5452 est,
2865 5403 2987 5456 qua:
3028 5397 3078 5440 et
3112 5385 3379 5456 Eutychen
3411 5386 3818 5450 Dioscurmuqtm

2252 5500 2370 5538 cum
2394 5499 2486 5537 suc
2521 5482 2790 5536 essorihus
2822 5494 3006 5533 eorum
3041 5478 3225 5547 hisque
3257 5481 3648 5533 communicant
3685 5494 3707 5528 s
3737 5490 3817 5540 sy-

2256 5574 2447 5626 nodico
2488 5585 2666 5626 tenore
2696 5581 2996 5639 proStravit.

2709 5735 2732 5745 ,ι
