3948 6314
143 408 184 459 17
1265 395 1617 452 EPISTULA:
1657 395 1745 450 ΕΤ
1786 396 2115 450 DECll‘ETA.
3270 399 3325 451 Η

189 519 258 572 Sic
281 525 507 582 sequaces
538 525 753 581 quoque
782 526 988 575 eorum,
1031 509 1368 562 Timotheum
1399 509 1639 562 Petrnm-
1669 508 1720 567 Α
1749 523 1931 574 preces
1945 507 2197 577 deposco,
2215 522 2330 576 qua:
2346 516 2717 574 per-totannos
2736 505 2802 558 ab
2826 505 2928 558 illis
2948 506 3014 559 Pa
3044 508 3188 560 ribus
3205 510 3324 577 glu-

139 625 215 680 que
232 607 365 660 simili
393 603 698 659 deﬁnitione
741 603 954 671 dejecit.
1011 601 1238 655 Proinde
1268 602 1312 655 si
1362 616 1421 654 ea
1446 615 1563 669 quae
1593 599 1646 652 in

138 700 298 771 synodo
321 696 730 752 Chalcedonensi
773 710 871 763 pro
915 693 1019 746 lide
1049 702 1111 746 ets
1146 692 1523 746 communione
1552 706 1644 746 ca-

137 791 291 844 tholica
315 788 419 856 lege
443 786 736 854 apostolica
776 784 993 838 deﬁnita
1037 793 1184 852 sunt,
1233 797 1364 837 vere
1394 791 1648 850 certeque

134 880 383 945 sectamini,
409 879 536 933 sicut
562 888 745 932 vestra
790 876 1119 946 professione
1165 875 1442 944 multiplici
1474 875 1647 928 conti-

138 983 294 1035 netur;
335 979 410 1023 aut
435 983 773 1023 successores
811 970 877 1021 ab
909 969 995 1022 illa
1042 967 1246 1036 synodo
1273 967 1646 1020 damnatorum

139 1062 293 1130 hisque
312 1058 743 1113 communicantes
768 1059 1010 1127 abjicite;
1037 1068 1149 1124 aut,
1182 1059 1224 1113 si
1254 1058 1388 1112 istos
1413 1057 1652 1111 admitti-

139 1154 204 1216 tis,
239 1165 288 1205 ea
313 1165 415 1218 quae
443 1150 494 1203 in
526 1150 617 1203 illa
661 1150 871 1220 synodo
914 1165 1008 1218 pro
1042 1150 1145 1205 ﬁde
1189 1157 1248 1204 et
1270 1148 1645 1203 communione

139 1242 340 1296 catholica
369 1254 417 1295 et
441 1242 731 1311 apostolica
759 1251 883 1296 sunt
913 1251 1146 1311 peracta,
1189 1256 1292 1295 non
1318 1242 1487 1295 solum
1515 1240 1649 1295 falso

140 1348 206 1386 vos
244 1333 454 1387 retinere
506 1332 838 1402 perpenditis
863 1373 879 1397 ,
929 1332 1022 1387 sed
1069 1331 1286 1401 insuper
1327 1330 1654 1386 labefactare

138 1423 367 1486 mnatnini,
397 1433 447 1477 et
476 1424 527 1476 in
553 1423 944 1492 Eutycltianam
977 1422 1223 1477 haeresim
1249 1423 1366 1477 sine
1397 1430 1653 1476 retracta-

137 1519 243 1569 tione
267 1514 505 1580 reciditis,
533 1515 834 1583 meritoque
860 1529 889 1567 a
910 1513 1184 1568 catholicis
1213 1512 1509 1582 probantini
1533 1527 1652 1567 esse

135 1607 288 1658 vitandi
312 1623 324 1656 :
347 1606 460 1674 quia
490 1615 548 1660 ut
583 1605 741 1659 talem
786 1605 1141 1674 pestilentiam
1185 1613 1443 1672 perpetuo
1471 1616 1654 1673 posse-

134 1714 223 1751 mus
244 1697 473 1762 evadere,
519 1711 586 1750 ea
615 1711 735 1765 quae
784 1703 969 1750 contra
1016 1696 1182 1764 ipsam
1225 1694 1294 1748 ab
1331 1708 1393 1748 ea
1423 1707 1650 1762 congre-

134 1791 299 1855 gatione
320 1797 624 1842 sanctorum
656 1786 872 1840 Patrum
902 1787 1190 1840 salubriter
1228 1783 1441 1839 decreta
1473 1785 1652 1855 legun-

1752 601 1926 665 rio~is,
1960 600 2159 655 illibata
2190 599 2493 669 intactaque
2522 607 2864 654 serrata-est.
2891 598 3015 651 lla'c
3033 600 3172 652 enim
3213 609 3325 667 est,

1751 693 1886 746 sicut
1919 692 2031 761 ipse
2058 692 2210 756 dicis,
2255 706 2412 758 quam
2449 691 2585 744 Deus
2607 689 2883 745 nosterde
2912 691 3329 746 omnibus-bene

1752 782 1999 844 futuram,
2027 790 2079 836 et
2099 780 2389 835 secundum
2413 767 2562 834 suam
2585 779 2863 835 veritatem
2887 790 2938 834 et
2963 782 3199 851 regulam
3225 797 3324 852 gu-

1751 871 2102 935 bernandam,
2143 878 2197 925 et
2233 872 2485 938 pra'scius
2529 881 2652 926 ante
2693 872 2984 936 constituit,
3019 883 3072 927 et
3101 872 3326 943 singalis

1751 962 2049 1031 quibusque
2078 961 2408 1030 temporibus
2441 975 2534 1015 sna
2564 961 2911 1032 dispositione
2942 951 3333 1019 convenienter

1750 1053 2126 1121 aptavit..ll:ec
2153 1051 2506 1106 estvolnntas
2539 1053 2652 1118 Dei,
2679 1052 2830 1122 cujus
2862 1060 2918 1106 tu
2946 1053 3142 1120 ingeris
3171 1068 3324 1106 men-

1755 1146 1973 1207 tionem,
2020 1158 2178 1211 quam
2216 1157 2314 1210 ego
2354 1156 2568 1211 quoque
2595 1157 2691 1211 pro
2729 1157 2848 1197 meo
2886 1143 3120 1208 modulo,
3166 1157 3326 1212 quem

1757 1236 2010 1290 Dominus
2041 1236 2240 1289 donare
2283 1235 2560 1304 dignatur,
2612 1235 2767 1303 cupio
2811 1250 3028 1305 prorsus
3077 1234 3325 1303 implere,

1755 1340 1811 1383 ut
1853 1343 1956 1382 non
2000 1344 2123 1384 rcus
2167 1328 2234 1382 de
2279 1327 2434 1396 hujus
2478 1327 2661 1380 talenti
2705 1326 2945 1380 caelestis
2975 1325 3330 1391 diminutione

1755 1421 1993 1489 reperiar
2022 1437 2035 1473 :
2067 1419 2160 1474 sed
2192 1420 2242 1474 in
2274 1419 2374 1473 hoc
2407 1420 2604 1473 talento
2647 1419 2808 1488 (sicut
2838 1420 2950 1489 ipse
2987 1433 3198 1490 quoque
3229 1434 3330 1473 nos

1754 1511 2028 1580 admonet)
2061 1510 2444 1565 incrementum
2473 1509 2669 1563 Christi
2698 1509 2865 1578 gratia
2899 1508 3111 1577 postulo
3140 1522 3330 1562 conse-

1755 1601 1866 1670 qui,
1899 1611 1954 1655 et
1981 1599 2178 1653 nullum
2214 1613 2430 1668 prorsus
2472 1599 2709 1655 incidere
2738 1598 3140 1653 detrimentum.
3193 1597 3330 1651 lline

1755 1692 2004 1761 estquod
2034 1691 2296 1760 prioribus
2330 1691 2633 1746 dilectionis
2665 1701 2765 1745 tute
2805 1690 3016 1754 litteris,
3058 1690 3194 1743 sicut
3239 1698 3328 1742 tua

1756 1798 1966 1853 quoque
1996 1783 2523 1853 paginadesignavit,
2555 1795 2650 1850 pro
2694 1791 2871 1835 vestra
2916 1781 3117 1848 sumpsi
3158 1779 3330 1834 salute

134 1890 211 1942 tur,
237 1879 519 1932 nullatenus
553 1876 870 1941 tnutilanda,
902 1892 1007 1931 non
1049 1877 1218 1931 solum
1250 1875 1392 1930 sedis
1441 1885 1652 1947 aposto-
1685 1868 1730 1927 Β
1760 1875 2051 1939 tristitiam,
2081 1873 2167 1926 ubi
2203 1875 2438 1942 comperi
2474 1872 2614 1942 quod
2658 1882 2772 1927 erat
2823 1871 2973 1926 vobis
3001 1872 3246 1934 noxium,
3277 1881 3333 1924 et

134 1971 221 2024 lictc
246 1970 498 2038 prmsules,
548 1970 647 2026 sed
679 1969 838 2024 etiam
869 1970 1216 2025 Orientalium
1263 1971 1540 2038 regionum
1569 1985 1656 2025 ca-

134 2059 274 2113 tholici
299 2075 547 2114 censuere
576 2059 877 2129 pontiﬁces.
922 2063 1000 2114 An
1045 2059 1260 2114 Petrum
1291 2059 1467 2114 dicitis
1496 2060 1658 2114 fuisse

135 2160 380 2219 purgatum,
419 2152 503 2205 cui
550 2150 973 2205 communicavit
1002 2150 1260 2204 Aeacius?
1304 2149 1452 2206 Veris
1477 2165 1657 2204 asser-

135 2243 321 2296 tionibus
342 2242 582 2307 edoeete,
614 2242 716 2296 hcc
735 2241 1019 2306 ostendite,
1044 2240 1146 2296 hoc
1171 2241 1411 2310 probate,
1464 2241 1658 2310 quibus

134 2336 200 2389 ille
230 2334 403 2398 modis,
444 2335 644 2404 quibus
697 2335 785 2389 ille
825 2334 1020 2404 regulis
1054 2335 1120 2388 ab
1148 2333 1474 2404 Eutychiana
1505 2333 1660 2386 fuerit

135 2425 413 2493 prole-sione
455 2425 537 2479 vel
595 2427 971 2478 communione
1001 2423 1287 2478 mundatus
1319 2440 1333 2477 :
1375 2431 1432 2477 ut
1458 2437 1578 2476 cum
1608 2422 1659 2477 id

133 2518 425 2572 nihilominus
448 2516 688 2572 evidenti
719 2531 899 2570 rerum
921 2515 1172 2570 claruerit
1206 2515 1662 2570 demonstratione

129 2609 403 2675 convictum,
433 2609 615 2678 palam
653 2615 946 2676 aperteque
991 2606 1206 2676 possitis
1235 2606 1538 2674 advertere,
1571 2612 1662 2659 aut

130 2715 200 2752 vos
220 2700 399 2755 debere
427 2700 630 2754 cedere
658 2698 891 2765 veritati,
922 2708 1013 2752 aut
1041 2697 1304 2751 adversus
1333 2696 1470 2750 hanc
1491 2695 1663 2750 mani-

129 2787 230 2842 festa
254 2787 592 2843 dimicatione
617 2787 923 2857 conﬂigere.
973 2787 1080 2842 Nec
1107 2787 1256 2842 vobis
1290 2785 1660 2852 blandiamini,

128 2881 221 2943 quia
244 2877 386 2934 ﬁdem
427 2877 766 2933 catholicam.
808 2877 1131 2946 proﬁtemini
1161 2891 1256 2932 vos
1283 2884 1489 2939 tenere,
1539 2876 1662 2945 quia

131 2967 388 3038 Eutychetis
432 2982 635 3022 nomen
676 2967 971 3030 ademistis,
1021 2966 1142 3036 quia
1191 2982 1251 3021 ea
1283 2967 1444 3021 veluti
1473 2966 1664 3035 prazdi-

131 3075 222 3112 care
249 3060 538 3122 videamini,
580 3074 701 3129 qua:
729 3059 1023 3113 orthodoxa
1071 3058 1381 3128 praedicavit
1433 3058 1662 3128 antiqui-

134 3157 205 3202 tas.
226 3150 412 3205 Clamat
439 3151 582 3205 enim
614 3151 770 3204 nobis
797 3151 884 3204 illa
910 3151 1213 3219 evangelica
1240 3151 1528 3205 sententia:
1562 3151 1662 3204 Aut

135 3243 248 3307 facile
270 3243 487 3296 arborem
511 3244 734 3309 bonam,
751 3253 798 3295 et
827 3243 1022 3312 {ructus
1042 3243 1152 3309 eius
1181 3243 1334 3296 bonos
1349 3259 1368 3308 ;
1394 3253 1481 3296 aut
1507 3245 1661 3313 facite

131 3333 316 3385 arborem
342 3335 527 3386 tantum
550 3345 600 3388 et
630 3338 831 3403 {ructus
848 3338 958 3402 ejus
986 3336 1147 3388 malos
1169 3351 1186 3388 :
1207 3351 1239 3388 a
1261 3334 1505 3405 fructibus
1527 3337 1659 3389 enim

131 3422 246 3473 arbor
277 3426 588 3493 cognoscitur
637 3423 854 3494 (Matth.
901 3425 1045 3494 xu):
1093 3425 1283 3489 idest,
1331 3426 1376 3479 si
1421 3440 1568 3489 voce,
1614 3426 1658 3480 si

135 3512 234 3574 ﬁde,
261 3515 300 3567 si
331 3515 665 3582 professione
695 3513 956 3569 catholica
1000 3524 1054 3569 et
1095 3516 1387 3584 apostolica
1433 3515 1659 3572 ﬁdeliter

135 3605 441 3674 veraciterque
467 3605 806 3675 gloriamini,
855 3604 1008 3674 hujus
1037 3614 1090 3659 et
1118 3606 1548 3659 communionem
1576 3620 1660 3661 re-

136 3695 276 3763 cipite.
316 3697 364 3751 Si
412 3713 536 3751 vero
564 3696 970 3762 htcreticoram,
1020 3697 1226 3751 scilicet
1267 3697 1657 3762 damnatorum,

136 3788 292 3841 velhis
313 3797 397 3842 aut
433 3787 848 3845 successoribus
896 3801 1080 3843 eorum
1128 3789 1656 3853 communicantiutn,

134 3882 385 3934 communio
406 3883 554 3935 vobis
587 3880 791 3949 placet,
813 3879 935 3949 quid
958 3880 1145 3934 statis?
1192 3880 1316 3948 quid
1347 3880 1661 3949 circumspi-

132 3970 250 4024 citis?
289 3973 508 4027 simulet
533 3987 732 4028 eorum
765 3979 950 4038 aperte
991 3971 1392 4040 manifestoque,
1442 3971 1661 4025 remotis

133 4060 388 4127 obstaculis,
429 4063 630 4133 dogma
664 4060 954 4116 defendite.
993 4061 1126 4127 Quid
1159 4062 1300 4116 enim
1327 4062 1507 4129 juvat?
1553 4061 1660 4115 imo

133 4160 171 4203 et
193 4154 299 4207 satis
323 4165 524 4223 gravat,
577 4152 742 4207 dictis
772 4152 1006 4221 polliceri
1034 4153 1174 4220 quod
1223 4152 1375 4208 factis
1417 4162 1658 4223 negatur,

134 4251 276 4296 utnon
301 4246 462 4299 solum
500 4246 620 4315 ipsa
654 4260 748 4313 per
779 4259 837 4299 se
867 4244 1084 4298 haeresis
1115 4245 1468 4315 Eutycltiana,
1501 4261 1658 4315 quam

134 4333 183 4384 sit
201 4334 701 4390 luncstaChristiano
722 4345 1076 4404 sacramento,
1105 4336 1319 4404 possitis
1347 4351 1656 4405 agnoscere,

136 4437 152 4470 ε
177 4424 200 4473 ιι
224 4437 392 4491 quanta
421 4438 476 4481 et
505 4441 677 4496 quam
708 4426 884 4496 gravia
915 4427 1136 4481 haeresis
1161 4427 1262 4481 i5ta
1285 4428 1335 4481 in
1367 4427 1445 4481 sui
1473 4427 1662 4483 delini-

136 4515 242 4570 tinne
264 4519 540 4574 contineat.
594 4519 740 4573 Ecce
767 4519 832 4571 ad
859 4534 974 4588 qua:
1013 4533 1108 4572 nos
1155 4519 1440 4587 pracc‘pitta
1465 4522 1662 4575 conde-

138 4609 340 4662 accudere
363 4611 691 4678 provocatis,
743 4620 902 4679 atque
930 4610 995 4663 ad
1023 4612 1156 4678 qua!
1171 4626 1269 4666 nos
1296 4612 1421 4665 vita:
1448 4621 1664 4667 retentae

140 4702 321 4761 pericula
345 4708 536 4774 cupitis
581 4707 864 4760 inclinare.
902 4706 1011 4759 lloc
1041 4705 1300 4758 descensu
1345 4706 1550 4760 salvare
1581 4715 1666 4760 est

141 4802 446 4858 tamtamen,
489 4813 557 4850 an
587 4811 715 4849 cum
757 4795 1038 4864 languente
1081 4796 1536 4850 consumiillaec
1560 4796 1664 4851 erit

141 4881 289 4934 Olim
323 4884 602 4954 dispositio
660 4885 802 4938 illius
850 4887 1007 4953 quam
1057 4899 1324 4939 memoras
1353 4885 1664 4954 reparanda:

143 4974 401 5039 concordiae,
438 4989 504 5028 an
535 4975 633 5029 illa
667 4974 865 5042 potius,
918 4983 971 5026 ιιι
1001 4974 1212 5043 rejectis
1243 4975 1501 5043 contagiis
1543 4991 1665 5044 per-

142 5059 336 5124 titlornm.
375 5066 584 5134 integra
631 5065 758 5128 ﬁde,
805 5066 1009 5119 sincera
1052 5064 1135 5120 sui
1164 5067 1538 5120 communione
1570 5081 1665 5135 po-

143 5158 154 5195 ι
175 5161 270 5200 atnr
283 5157 562 5210 communio
585 5155 858 5210 catholica
883 5165 1039 5225 atque
1063 5155 1377 5224 apostolica,
1403 5169 1470 5209 ne
1495 5155 1666 5212 haere-

143 5237 329 5294 ticorum
366 5245 474 5301 tabe
511 5245 772 5314 depulsa,
821 5244 1190 5299 intemeratam
1234 5259 1348 5299 sua:
1380 5243 1501 5298 ﬁdei
1545 5258 1666 5299 con-

141 5328 379 5386 tessionem
415 5339 617 5392 nitatur
660 5347 939 5399 astruere,
982 5345 1141 5405 atque
1187 5337 1415 5391 invicem
1439 5337 1656 5392 sibimet

142 5425 425 5490 congruentis
443 5428 764 5483 orthodoxa:
787 5424 1130 5495 professionis
1158 5427 1659 5496 communionisque

144 5512 188 5562 sit
207 5516 384 5571 unitas?
425 5519 572 5574 lianc
599 5518 770 5588 (sicut
795 5516 1093 5571 dilectionis
1123 5527 1224 5571 tua:
1255 5516 1445 5570 littera:
1467 5517 1660 5571 cohor-

145 5607 293 5673 tantur)
318 5610 441 5664 meis
461 5625 688 5679 quoque
716 5609 1038 5676 temporibus
1061 5607 1338 5672 custodiri,
1383 5623 1482 5675 qua
1509 5608 1656 5664 valeo

196 5718 203 5745 ¹
228 5720 360 5775 Forlc
386 5728 550 5786 potius
579 5726 808 5779 animos.
840 5723 1092 5776 llannvts.

1760 1965 1901 2036 quod
1931 1979 2068 2019 vera:
2097 1965 2209 2033 paci
2237 1965 2559 2018 contrarium
2587 1963 2782 2033 reperi.
2816 1963 3168 2017 Contristatur
3187 1962 3329 2015 enim

1762 2054 2048 2124 Apostolus
2077 2052 2162 2122 (11
2187 2053 2302 2107 Cor.
2324 2055 2415 2120 vtt)
2445 2052 2513 2107 de
2536 2067 2722 2108 errore
2749 2052 3096 2113 deviantium,
3116 2060 3168 2104 et
3201 2051 3333 2102 laeti-

1762 2149 1888 2200 tiam
1937 2145 2126 2214 recipit
2154 2145 2222 2198 de
2263 2144 2464 2199 eisdem
2509 2159 2601 2198 sua
2635 2143 3011 2212 przedieatione
3053 2143 3331 2194 correctis.

1761 2237 1816 2295 Si
1844 2245 2023 2292 autem
2055 2246 2137 2290 tua
2170 2235 2383 2301 caritas,
2411 2244 2465 2288 ut
2493 2234 2647 2300 dixit,
2679 2234 2857 2287 nescio
2887 2248 3109 2302 quarum
3143 2246 3332 2286 neces-

1761 2329 1915 2383 sitate
1941 2328 2337 2397 constringitur,
2361 2327 2499 2396 quod
2529 2329 2679 2396 (pace
2702 2334 2787 2379 tua
2810 2324 3056 2393 dixerim)
3083 2323 3334 2378 sacerdos

1763 2436 1858 2492 pro
1896 2424 2120 2476 veritate
2165 2421 2455 2490 promenda
2497 2435 2598 2474 nec
2642 2421 2817 2475 facere
2859 2419 3079 2473 deberet
3118 2419 3335 2471 omnito

1764 2528 1863 2568 nec
1896 2513 2104 2577 dicere;
2147 2513 2385 2581 ignoscat
2426 2511 2578 2565 nobis
2618 2510 2920 2565 hominibus
2960 2509 3333 2575 timidissimis,

1763 2605 1807 2659 si
1838 2612 2140 2658 coarctante
2169 2618 2265 2657 nos
2295 2601 2512 2657 terribili
2544 2611 2594 2656 et
2622 2601 2786 2656 divini
2819 2600 2999 2667 judicii
3028 2598 3214 2669 grandi
3243 2614 3335 2653 ne-

1763 2695 2011 2751 cessitate
2035 2694 2469 2764 constringimur,
2490 2696 2627 2747 sicut
2649 2692 3043 2762 qualescunque
3065 2689 3336 2744 m‘nistros

1764 2788 1958 2844 Christi
1989 2788 2162 2850 decet,
2195 2789 2211 2819 ¹
2238 2800 2335 2841 nos
2373 2786 2576 2840 animas
2607 2794 2814 2839 nostras
2847 2798 3045 2852 ponere
3074 2799 3170 2850 pro
3198 2781 3331 2835 veri-

1765 2891 1873 2936 tate
1895 2880 2196 2944 salvandas,
2224 2894 2380 2948 quam
2406 2892 2496 2933 eas
2528 2876 2720 2932 lucrari
2753 2875 2887 2931 velle
2919 2874 3153 2930 vetitatis
3181 2871 3338 2926 dimi-

1766 2973 1984 3026 nutione
2007 2969 2324 3040 perdendus,
2349 2977 2406 3023 ut
2433 2984 2536 3023 non
2559 2968 2752 3031 dicam,
2782 2976 2964 3022 contra
2992 2966 3146 3020 ﬁdem
3177 2964 3340 3018 libiti.‘

1765 3059 2044 3130 cujuslibet
2075 3058 2419 3114 abdicandas.
2461 3060 2578 3113 Ista:
2610 3058 2738 3112 mihi
2787 3066 2911 3113 sunt
2940 3057 3094 3125 (quas
3121 3053 3337 3108 dilectio

1766 3154 1852 3204 tua
1897 3149 2255 3218 commendat)
2301 3159 2462 3204 certa:
2492 3148 2612 3203 ﬁdei
2643 3157 2910 3217 perpetua:
2954 3161 3074 3200 cum
3105 3158 3188 3211 eo,
3222 3142 3338 3212 qui-

1763 3260 1973 3315 cunque
2005 3242 2250 3308 voltterit,
2279 3243 2330 3296 in
2363 3240 2561 3296 Christi
2595 3241 2890 3295 visceribus
2920 3237 3188 3291 amicitim.
3241 3233 3338 3288 llic

1764 3351 1868 3389 non
1890 3347 1993 3388 tam
2013 3343 2258 3403 Optamus
2286 3333 2518 3402 praeponi
2544 3332 2683 3396 aliis,
2707 3331 2844 3384 sicut
2871 3329 3126 3397 praedicis
3142 3368 3156 3393 ,
3173 3340 3336 3395 quam

1762 3442 1882 3481 eum
1909 3425 2150 3481 ﬁdelibus
2170 3424 2374 3481 cunctis
2395 3433 2635 3480 sanctum
2661 3433 2713 3478 et
2736 3423 2842 3477 Deo
2866 3421 3113 3490 placitum
3140 3419 3338 3472 habere

1762 3520 2111 3574 consortium.
2153 3517 2278 3572 Hme
2310 3517 2438 3572 mihi
2483 3519 2660 3586 (quam
2706 3515 2921 3569 mandat
2968 3512 3181 3567 dilectio
3223 3511 3338 3573 tua)

1764 3623 1864 3678 pax
1892 3608 2083 3672 solida,
2121 3606 2451 3672 inconvulsa,
2489 3617 2542 3661 et
2574 3606 2855 3675 perennis;
2889 3604 2987 3658 hoe
3023 3617 3182 3656 nnunt
3221 3602 3338 3653 vin-

1763 3702 1938 3756 eulntl
1967 3701 2130 3773 (sicut
2151 3699 2311 3755 etiam
2343 3701 2458 3769 ipse
2487 3698 2783 3769 desideras)
2813 3697 3048 3753 salutare
3077 3711 3145 3761 qn
3171 3717 3180 3740 ι
3207 3709 3339 3746 cun-

1762 3801 1844 3846 cta
1887 3791 2023 3847 uniri
2065 3791 2230 3860 possit
2256 3790 2511 3846 Ecclesia.
2563 3790 2674 3843 lloc
2713 3784 2904 3858 quibus
2949 3794 3032 3840 Cal
3076 3784 3336 3839 cretlitttttt

1765 3885 1924 3953 (sicut
1957 3893 2011 3939 et
2049 3887 2163 3952 ipse
2193 3881 2518 3952 deprecaris)
2558 3878 2819 3948 protectio
2858 3876 3035 3933 divina
3075 3873 3333 3944 perﬁciat.

1766 3963 1887 4030 llaec
1917 3985 2016 4039 est,
2061 3990 2176 4045 qua:
2206 3974 2344 4027 Deus
2381 3981 2480 4036 est,
2524 3971 2709 4026 caritas
2748 3968 2798 4040 (ι
2837 3969 2995 4024 Joan.
3033 3967 3128 4035 tv),
3178 3981 3338 4035 quam

1766 4066 1938 4136 poscis
1977 4066 2040 4118 de
2075 4066 2225 4119 corde
2259 4080 2410 4134 puro,
2442 4073 2487 4117 et
2526 4062 2826 4117 conscientia
2855 4063 3005 4124 bona,
3037 4067 3084 4112 ct
3109 4056 3212 4124 ﬁde
3239 4073 3341 4110 non

1766 4160 1884 4226 ﬁcta
1915 4159 1963 4230 (Ι
1993 4158 2125 4210 Tim.
2159 4156 2221 4223 t).
2253 4155 2529 4223 Quomodo
2556 4169 2683 4223 ergo
2710 4154 2779 4205 de
2798 4151 2950 4205 corde
2976 4165 3128 4216 puro,
3158 4147 3200 4200 si
3232 4146 3342 4199 late-

1762 4248 2053 4304 reticorum
2113 4248 2270 4302 fuerit
2314 4245 2717 4314 participatione
2770 4241 2966 4310 polluta
2985 4241 3018 4294 ?'
3062 4239 3345 4305 Quomodo

1765 4341 2070 4395 conscientia
2099 4341 2252 4404 bona,
2286 4339 2327 4392 si
2362 4338 2621 4392 malorum
2664 4335 2820 4390 fuerit
2862 4333 3185 4387 confusione
3225 4347 3347 4397 per.

1767 4430 1972 4483 mixta?
2012 4429 2290 4497 Quomodo
2328 4429 2430 4496 ﬁd‘e
2455 4443 2556 4479 non
2587 4427 2727 4492 ﬁcta,
2760 4425 2801 4478 si
2833 4423 2991 4477 fuerit
3020 4421 3186 4475 mixta
3222 4436 3343 4472 cum

1767 4519 2018 4588 perﬁdis?
2056 4519 2251 4585 Quaesi
2283 4517 2556 4586 prudentia
2591 4526 2683 4569 tua
2706 4515 2867 4583 (sicut
2887 4527 3003 4567 eam
3037 4514 3344 4580 precamur)

1690 4593 1744 4654 Ῑ)
1769 4610 2048 4679 diligenter
2080 4609 2345 4669 advertat,
2371 4605 2622 4676 perspicit
2646 4604 2991 4673 apostolicam
3021 4601 3203 4654 sedem
3240 4615 3345 4651 non

1767 4702 1934 4754 vitare
1990 4715 2210 4768 mecm,
2263 4699 2358 4753 sed
2430 4697 2800 4755 haereticorum
2859 4693 3346 4758 damnatorntnque

1768 4793 1936 4845 vitare
1983 4792 2198 4857 vestigia
2232 4789 2324 4859 lat.
2359 4785 2642 4856 contagia].
2693 4784 2821 4852 Quae
2865 4784 3148 4838 ctiamvos
3177 4779 3339 4832 ratio-

1768 4880 2014 4935 nabiliter
2036 4879 2319 4942 intuentes,
2343 4876 2561 4932 creditis
2583 4878 2602 4906 ²
2618 4869 3341 4940 commonendumpopnlmn

1766 4971 2451 5040 Constantinopolitanum,
2508 4984 2612 5022 non
2664 4967 2971 5034 permittere
3033 4959 3341 5014 submovcri

1769 5067 1984 5119 nomine
2036 5063 2377 5132 perltdorntn.
2425 5060 2680 5126 Quisnam
2713 5057 2812 5110 hoc
2851 5056 2900 5108 in
2940 5051 3174 5106 Ecclesia
3223 5049 3339 5115 Dei,

1769 5173 1949 5226 crta-so
1978 5166 2049 5222 te,
2084 5155 2245 5224 possit
2279 5152 2479 5215 audire,
2513 5166 2633 5203 cum
2667 5149 2846 5216 utique
2877 5158 3145 5218 pastorem
3188 5150 3341 5218 sequi

1769 5264 1896 5318 grex
1945 5248 2135 5303 debeat
2179 5245 2246 5300 ad
2281 5259 2471 5314 pascua
2512 5241 2764 5296 salutaria
2815 5251 3186 5304 revocantem,
3235 5257 3340 5295 non

1772 5354 1865 5408 per
1904 5339 2052 5394 devia
2085 5353 2296 5408 gregem
2330 5343 2509 5404 pastor
2547 5331 2863 5388 errantem?
2915 5333 3006 5385 Dic
3033 5331 3184 5395 mihi,
3213 5345 3343 5399 rego

1774 5442 1846 5498 te,
1873 5446 1997 5500 grex
2031 5445 2126 5499 pro
2149 5439 2221 5492 te,
2249 5443 2316 5481 an
2349 5437 2403 5481 tu
2426 5441 2523 5496 pro
2553 5439 2711 5494 grege
2739 5423 3044 5479 redditurus
3075 5437 3133 5475 es
3174 5422 3342 5475 ratio-

1769 5523 1933 5578 nem?
1981 5524 2138 5576 Certe
2171 5521 2216 5575 si
2260 5519 2408 5574 vobis
2436 5518 2539 5572 hoc
2571 5518 2759 5585 plaeet,
2788 5515 2951 5569 multo
2987 5512 3152 5580 magis
3180 5526 3337 5564 causa

1766 5625 1846 5668 est
1877 5613 2027 5667 nobis
2055 5612 2266 5679 justior,
2310 5612 2396 5678 qui
2445 5611 2694 5680 populum
2727 5607 3023 5660 Romanum
3053 5622 3080 5656 :t
3116 5603 3215 5658 fide
3245 5603 3334 5657 illa

193 5786 362 5847 'Furte
403 5795 864 5852 commovendum;
905 5795 954 5848 in
995 5792 1212 5857 licllma,
1261 5793 1635 5878 opponendtutt.
1668 5794 1926 5852 "sancta.
