3948 6314
151 305 209 366 Ξ(
1375 310 1729 369 EPISTOLE
1772 312 1858 368 ΕΤ
1901 312 2232 369 ΟΕΕΒΕΤᾹ.
3365 317 3458 368 221

160 438 352 484 nostra
396 433 612 483 natura
656 426 711 487 in
761 440 823 483 se
874 432 1182 483 renovatam
1226 422 1487 479 doceret:
1520 433 1576 479 et
1622 425 1747 492 quia
1777 428 1824 493 Α
1853 437 2047 497 gnatus
2078 441 2136 481 es
2164 466 2180 489 ,
2228 426 2445 480 domine
2477 406 2987 496 sancte-apostolice
3032 435 3085 481 et
3132 428 3453 486 beatissime-

165 517 450 579 secundum
481 516 711 581 beatam
737 513 1035 579 divinitatis
1072 513 1424 573 substantiam
1467 514 1748 569 inconver-

346 648 365 672 ,
408 605 873 671 incommutabilis
899 645 917 670 ,
968 605 1311 683 impassibilis
1335 650 1348 674 ,
1399 604 1747 669 imtnoxtalis,

169 700 361 761 militis
387 697 653 767 indigens,
684 696 976 766 perliciws
1006 711 1191 755 omnes
1222 697 1512 767 passiones.
1545 711 1603 751 se
1634 711 1755 765 per»

175 793 323 849 ntisit
388 791 597 862 proprio
645 790 836 847 inferri
870 789 1093 859 templo,
1138 790 1279 858 quod
1313 790 1505 854 virtute
1542 788 1752 857 propria

167 885 469 950 suscitavit,
509 893 559 939 et
597 897 698 951 per
726 882 1001 954 propriam
1032 882 1418 954 perfectionem
1464 882 1644 949 templi
1675 882 1753 935 sui

172 977 565 1037 retrove-ticum
588 981 794 1033 nostrae
816 981 1023 1031 natura:
1047 984 1305 1043 operatus
1327 980 1425 1029 est.
1451 972 1549 1039 Qui
1578 980 1753 1029 autem

173 1065 353 1129 dicunt
392 1064 649 1131 subtilem
679 1062 957 1119 hominem
987 1062 1278 1125 Christum,
1320 1071 1411 1117 aut
1448 1062 1755 1131 passibilem

174 1156 334 1211 Deum
360 1195 375 1219 ,
416 1163 513 1209 aut
555 1154 613 1208 in
658 1168 826 1211 carne
875 1168 1120 1220 versum,
1152 1162 1245 1213 aut
1288 1168 1395 1213 non
1436 1154 1450 1183 ¹
1482 1150 1753 1223 cognitum

170 1245 419 1303 habuisse
467 1258 699 1314 corpus,
742 1253 836 1305 aut
883 1244 953 1301 de
998 1244 1136 1299 ctelo
1182 1244 1285 1299 hoc
1329 1242 1615 1308 detulisse,
1666 1250 1757 1299 aut

171 1340 484 1408 phantasma
526 1350 673 1407 esse,
704 1346 795 1393 aut
826 1336 1104 1393 morta!em
1135 1336 1396 1398 dicentes,
1432 1335 1596 1389 Deum
1624 1332 1756 1388 Ver-

171 1428 288 1484 bum
338 1428 638 1499 indiguisse
681 1436 740 1482 ut
786 1442 819 1483 a
857 1427 1013 1481 Patre
1066 1426 1452 1491 suscitaretur,
1497 1434 1585 1478 aut
1639 1423 1757 1479 sine

169 1521 351 1581 animt
381 1534 617 1588 corpus,
645 1528 737 1584 aut
770 1520 889 1572 sine
927 1530 1088 1573 sensu
1119 1514 1392 1570 hominem
1431 1512 1753 1583 suscepisse,

169 1620 258 1669 aut
276 1609 415 1669 duas
437 1608 769 1669 substantias
790 1604 1009 1672 Christi,
1034 1605 1324 1663 secundum
1350 1602 1757 1674 permixtionem

171 1703 438 1769 contusas,
494 1716 657 1761 unam
701 1698 896 1763 lactant
936 1694 1100 1754 luisSe
1143 1696 1519 1760 substantiam,
1557 1704 1612 1751 et
1649 1710 1758 1759 non

1858 526 2006 585 pater
2038 526 2265 583 patrum.
2312 516 2570 573 Desiderii
2602 517 2839 579 enim-et
2878 520 2986 575 voti
3017 519 3183 581 nostri
3220 533 3299 576 est
3326 523 3437 591 jus-

1857 605 2098 663 sionihus
2122 606 2316 674 vestris
2346 608 2400 661 in
2440 610 2690 664 omnibus
2715 610 2932 667 obedire
2955 651 2971 677 ,
3014 620 3069 664 et
3096 613 3439 680 quorundum-

1858 697 1981 751 dum
2013 712 2042 751 a
2074 698 2312 767 patribus
2342 699 2541 755 nostris
2568 700 2899 773 accepimus,
2935 701 3077 757 sedis
3106 704 3437 771 apostolicae,

1856 804 1975 857 qua:
2002 788 2123 843 vita:
2151 798 2205 844 et
2230 789 2432 844 meritis
2462 792 2657 845 vestris
2686 792 2859 852 delata
2898 802 2979 849 est
2998 834 3013 859 ,
3053 804 3318 865 prus-cepta
3352 794 3434 848 itt-

1859 885 2114 937 temerate
2143 886 2382 945 servare,
2421 888 2579 950 atque
2607 881 2913 952 religionem
2941 883 3311 947 orthodoxam,
3342 896 3441 937 eu-

1855 968 1941 1035 jus
1969 968 2097 1022 estis
2123 968 2497 1039 praedicatores
2521 1010 2535 1034 ,
2586 969 2725 1025 lidt-li
2757 979 2811 1027 et
2840 972 3100 1041 inculpata
3131 972 3436 1037 devotione,

1864 1067 2021 1126 prout
2067 1070 2263 1114 nostra:
2314 1061 2623 1115 rusticitatis
2663 1077 2852 1119 sensus
2882 1063 3078 1131 patitur
3102 1100 3116 1126 ,
3146 1061 3435 1117 custodire.

1862 1151 2118 1223 Eutycltis
2147 1156 2289 1207 enim
2317 1154 2397 1207 vel
2432 1154 2571 1208 Petri
2603 1154 2887 1224 Acaciique
2922 1164 2975 1209 et
3003 1154 3238 1209 omnium
3269 1164 3442 1208 secta-

1862 1252 2033 1296 torum
2070 1244 2187 1313 ejus
2224 1252 2381 1313 atque
2424 1245 2779 1309 consortium,
2814 1247 2954 1300 velut
2992 1245 3232 1314 quaedam
3281 1245 3441 1313 pesti-

1861 1336 1971 1391 fera
1995 1338 2259 1406 contagia,
2291 1347 2413 1393 ante
2443 1348 2669 1393 vestram
2700 1355 2911 1410 quoque
2943 1318 3221 1393 vitavitnus
3245 1339 3441 1407 jussit)-

1861 1445 1982 1483 nem
2004 1470 2017 1494 ,
2058 1441 2111 1483 et
2140 1430 2305 1483 multo
2334 1432 2500 1500 mag’s
2543 1445 2681 1485 nunc
2711 1440 2828 1498 post
2856 1418 3270 1484 admonitio’netn
3298 1428 3442 1481 sedis

1861 1520 2166 1587 apostolica:
2190 1562 2203 1586 ,
2247 1528 2300 1573 et
2344 1519 2411 1573 ab
2439 1520 2623 1574 eadem
2661 1534 2757 1573 nos
2800 1519 3084 1589 pollu'iune
3116 1533 3332 1572 "CCt'SSC
3361 1527 3442 1571 est

1862 1609 2131 1665 abstinere
2162 1628 2174 1662 :
2202 1620 2255 1667 et
2286 1610 2330 1666 si
2363 1611 2450 1672 qui
2482 1610 2571 1664 alii
2600 1610 2840 1680 ejusdem
2883 1609 3193 1679 Eutycl.etis
3218 1618 3440 1673 sectam,

1864 1700 1948 1754 vel
1978 1700 2116 1755 Petri
2143 1708 2200 1761 et
2226 1699 2430 1765 Acacii,
2452 1708 2542 1754 aut
2567 1701 2735 1755 secuti
2760 1708 2884 1755 sunt
2909 1710 3001 1754 aut
3026 1709 3332 1771 sequentur,
3364 1701 3442 1752 vel

172 1793 489 1853 conﬁtentes
515 1791 802 1849 Dominum
840 1798 1082 1847 nostrum
1113 1787 1295 1849 Jesum
1326 1785 1595 1843 Christum
1626 1783 1758 1839 duas
1789 1764 1837 1827 Β
1863 1794 2171 1849 eorumdem
2201 1810 2319 1850 sese
2347 1795 2693 1865 complicibus
2731 1804 2889 1865 atque
2929 1794 3263 1848 consortibus
3302 1810 3329 1845 ιι
3349 1793 3444 1846 sti-

174 1899 291 1942 esse
340 1892 559 1940 naturas
609 1881 955 1946 inconiusas,
1005 1895 1161 1936 unam
1208 1886 1387 1935 autem
1437 1890 1755 1946 personam,

174 1973 463 2031 secundum
510 1970 653 2042 quod
703 1985 837 2027 unus
874 1968 1154 2037 Christus,
1205 1983 1341 2025 unus
1388 1967 1528 2022 idem
1569 1966 1755 2035 Filius,

176 2064 301 2121 istos
327 2062 753 2119 anathematizat
782 2059 1044 2115 catholica
1082 2069 1135 2116 et
1165 2059 1454 2129 ap0stolica
1495 2057 1754 2113 Ecclesia.

180 2163 298 2219 llaec
328 2177 457 2232 ergo
478 2170 625 2226 sunt.
656 2160 823 2217 frater
843 2157 1215 2221 dilectissime,
1247 2172 1365 2225 qua:
1390 2171 1485 2226 pro
1517 2155 1761 2211 antidoto

180 2232 486 2317 uos'deliere
516 2255 734 2310 mittere
773 2251 1047 2322 ﬂagitasti,
1077 2250 1217 2321 quod
1252 2248 1455 2307 nullum
1494 2261 1756 2310 amarum,

182 2356 343 2417 neque
373 2346 537 2403 dulce
571 2345 793 2403 noxium
826 2341 1114 2399 videndum
1149 2340 1400 2409 refugite,
1442 2353 1563 2394 nam
1598 2347 1652 2393 et
1692 2336 1761 2392 de

180 2449 356 2498 uestro
408 2447 682 2495 conventu
729 2436 1166 2506 disposueramus
1208 2432 1465 2504 quosdam
1504 2431 1755 2499 dirigere,

179 2531 221 2586 si
258 2532 394 2589 ratio
434 2529 487 2587 id
540 2530 798 2597 temporis
838 2526 955 2585 ﬁeri
997 2524 1321 2601 permisisset
1354 2542 1366 2577 :
1411 2522 1552 2593 quod
1581 2522 1761 2577 facere

177 2622 441 2681 aedituus
474 2628 799 2690 Opportune,
834 2632 957 2674 cum
991 2617 1201 2672 illarum
1234 2616 1464 2687 partium
1498 2615 1759 2673 correctio

177 2714 241 2773 ad
266 2728 387 2777 nos.
422 2714 646 2783 iuvante
670 2711 921 2772 Domino,
950 2708 1214 2779 legatione
1259 2707 1591 2779 plenissima,
1620 2706 1759 2761 sicut

174 2804 491 2863 conﬁdimus
535 2804 695 2861 fuerit
743 2801 1004 2865 nuntiata.
1047 2801 1338 2872 Sperantes
1380 2801 1541 2859 etiam
1572 2799 1639 2853 de
1662 2798 1754 2852 Dei

179 2901 339 2955 nostri
364 2896 765 2961 misericordia,
798 2902 858 2951 ut
879 2893 1002 2949 huic
1034 2893 1397 2963 praedicationi
1424 2900 1620 2953 nostra:
1646 2892 1728 2946 c'e
1744 2919 1757 2931 -

179 2990 545 3046 acutissimus
569 2998 625 3045 et
652 2986 1142 3044 Christianissimus
1171 2986 1461 3054 imperator
1493 2983 1757 3040 unanimi-

177 3091 331 3137 tate.
371 3094 533 3137 suam
581 3079 949 3148 auxiliumque
992 3078 1300 3149 coniungat,
1347 3089 1608 3146 quatenus
1654 3093 1752 3147 pro

175 3171 388 3240 Eleum
421 3171 616 3237 pollet,
643 3169 696 3222 in
721 3168 830 3223 illis
859 3168 1167 3237 regionibus
1193 3178 1457 3230 coerceat,
1481 3168 1611 3237 quin
1640 3168 1752 3223 suis

1779 3127 1827 3192 C

1864 1893 2010 1938 mant
2037 1884 2415 1940 immiscendos
2440 1926 2455 1952 ,
2490 1894 2543 1942 et
2571 1900 2598 1938 a
2647 1884 2797 1940 nobis
2821 1926 2836 1949 ,
2870 1884 2960 1955 qui
2996 1883 3108 1939 sedi
3140 1896 3303 1952 apestu
3331 1885 3445 1937 l'cu

1862 1974 2154 2029 secundum
2186 1975 2363 2029 divina
2403 1984 2665 2045 prmcepta
2694 1982 2748 2029 et
2786 1975 2999 2029 Patrum
3040 1984 3235 2030 stat:.ta
3276 1976 3445 2028 incul-

1866 2068 1972 2133 pati
2003 2066 2205 2123 servire
2232 2066 2597 2122 desideramus
2616 2105 2631 2133 ,
2661 2066 2805 2120 omni
2834 2067 3041 2121 ratione
3070 2064 3265 2119 vi'andi
3299 2075 3443 2117 sunt.

1865 2157 1933 2211 Et
1957 2160 1999 2211 si
2028 2156 2116 2226 qui
2150 2158 2287 2213 forte
2318 2172 2474 2225 prava
2503 2156 2799 2217 intentione
2831 2155 2991 2227 (quod
3020 2170 3189 2226 neque
3214 2155 3445 2209 arbitra—

1865 2266 1983 2305 mur
2013 2265 2184 2318 neque
2214 2248 2483 2321 optamus)
2509 2264 2537 2302 a
2572 2249 2696 2304 sede
2724 2249 3013 2315 apostolica
3044 2264 3099 2303 sc
3124 2248 3445 2303 crediderint

1861 2341 2218 2412 segregandos
2243 2380 2259 2406 ,
2307 2341 2374 2395 ab
2420 2356 2605 2395 eorum
2657 2354 2754 2394 nos
2792 2340 2999 2394 alienos
3032 2354 3149 2394 esse
3173 2342 3446 2393 consortio

1863 2432 2200 2500 proﬁtemur;
2231 2432 2480 2500 quOniam
2501 2471 2516 2495 ,
2548 2442 2607 2486 ut
2631 2431 2829 2486 dictum
2859 2440 2972 2498 est,
3007 2430 3218 2485 Patrum
3248 2430 3299 2484 iu
3327 2446 3445 2485 om-

1863 2523 2018 2577 nibus
2057 2521 2422 2577 custodientes
2465 2532 2764 2591 praecepta,
2802 2530 2858 2576 et
2901 2521 3221 2577 inviolabilia
3267 2537 3446 2575 sacro-

1860 2627 2165 2673 sanctorum
2197 2630 2459 2670 canonum
2507 2616 2745 2670 instituta
2795 2624 3099 2681 sectantes,
3139 2617 3445 2687 apostolica:

1860 2719 1913 2765 et
1940 2708 2197 2785 singulari
2216 2709 2290 2764 illi
2317 2708 2432 2765 sedi
2455 2719 2646 2765 vestrae
2672 2711 2940 2770 communi
2970 2711 3072 2767 lide
3092 2722 3142 2773 et
3165 2712 3446 2766 devotione

1860 2810 2048 2871 parere
2077 2800 2470 2855 contendimus.
2502 2802 2566 2856 Ει
2589 2801 2837 2869 quoniam
2864 2803 3181 2872 suggerendi
3206 2802 3444 2856 fomitem

1858 2890 2010 2946 nobis
2033 2906 2127 2960 pro
2157 2890 2307 2947 insita
2335 2888 2433 2945 s’ibi
2463 2892 2787 2962 benignitate
2819 2893 3089 2949 beatitudo
3116 2904 3288 2949 veStra
3317 2908 3445 2948 cou-

1855 2983 2035 3054 cessit,
2068 2984 2241 3053 aliqua
2274 2992 2566 3049 memento
2606 2984 2881 3056 Tryphoni
2908 2985 3023 3039 viro
3058 2986 3307 3055 religioso
3336 2985 3445 3039 lilio

1856 3083 2062 3142 nostro,
2089 3083 2475 3145 praeceptorum
2500 3084 2798 3132 vestrorum
2830 3076 3094 3146 portitori,
3113 3076 3442 3145 suggerenda

1855 3165 2241 3223 mandavimus.
2278 3164 2343 3222 Et
2367 3175 2424 3220 ut
2452 3166 2842 3237 suggestionem
2884 3168 3031 3239 ejus,
3075 3178 3328 3239 quantutn
3356 3182 3445 3222 ar-

170 3258 591 3329 quatiunculis,
636 3268 692 3314 et
734 3256 1029 3313 secundum
1070 3258 1333 3313 elementa
1379 3258 1585 3325 mundi,
1614 3257 1755 3313 sicut
1852 3257 2110 3312 bitramur
2132 3258 2327 3327 justam
2354 3270 2403 3315 et
2433 3258 2797 3315 rationabilem
2821 3275 2917 3331 pro
2942 3262 3324 3331 supplicatione
3350 3276 3444 3315 no-

173 3366 259 3408 vas
280 3352 569 3408 electionis
598 3359 725 3406 ante
755 3349 1023 3420 pndixit,
1056 3350 1325 3421 superﬂua
1357 3366 1597 3420 vanaque
1625 3366 1754 3407 con-

172 3444 362 3509 cilim,
392 3445 649 3501 nolentes
673 3443 936 3501 contineri
965 3443 1283 3501 salutaribus
1303 3443 1595 3510 disciplinis
1621 3462 1632 3496 :
1660 3444 1753 3501 sed

171 3552 269 3599 τοι.
296 3538 437 3591 sicut
463 3537 543 3589 ait
575 3535 716 3593 idem
751 3535 1047 3603 ap0$10105,
1076 3551 1178 3591 non
1210 3535 1282 3599 ita
1310 3535 1574 3599 didicistis,
1606 3534 1759 3593 Chri-

172 3626 543 3688 mlColou.
575 3626 663 3690 ιι),
700 3625 746 3680 si
789 3636 963 3681 tamen
1013 3625 1157 3683 illum
1202 3624 1445 3691 audistis,
1478 3634 1532 3680 et
1572 3625 1630 3681 itt
1665 3626 1757 3681 illo

174 3716 309 3773 dixti
349 3718 501 3778 estis,
528 3718 673 3771 sicut
701 3724 785 3779 est
820 3714 1015 3777 veritas
1055 3714 1108 3779 in
1142 3714 1346 3787 Jesum,
1376 3729 1533 3784 quam
1575 3716 1757 3784 utique

174 3806 261 3862 ilie
291 3806 710 3875 apprehendere
739 3805 934 3874 poterit
954 3805 1043 3875 qui
1072 3805 1493 3867 orthodoxorum
1517 3805 1754 3871 Patrum,

170 3899 303 3953 sicut
345 3912 456 3961 iam
505 3913 653 3962 smne
694 3897 896 3955 dictum
935 3904 1039 3963 est,
1079 3896 1448 3953 observaverit
1493 3895 1755 3955 instituta.

174 3985 311 4042 Deus
333 3998 385 4047 te
416 3986 741 4045 incolumem
769 3985 1059 4050 custodiat,
1089 3971 1255 4043 frater
1283 3986 1577 4043 οέιιὶδείιιιθ.

758 4094 1189 4153 RESCRIPTUM

310 4202 665 4242 ενιεεθνοιιυιι
708 4201 982 4240 ΒΛΕΒΑΝΙΒ
1021 4202 1087 4240 ΔΩ
1125 4201 1382 4243 οειιωωι
1420 4204 1611 4244 PAPAH.

179 4277 375 4332 Grotius
398 4290 557 4348 agunt
584 4278 723 4343 quod
752 4277 893 4344 ipsos
919 4279 1167 4332 monuerit
1193 4294 1225 4329 a
1262 4280 1445 4347 quibus
1479 4280 1759 4337 cavendum

243 4351 336 4472 git;
369 4360 415 4403 et
461 4365 644 4419 cupere
683 4348 823 4416 ipsos
856 4348 917 4401 ab
942 4348 1223 4423 apostolico
1250 4349 1367 4405 sed:
1401 4350 1593 4404 visitari
1627 4352 1759 4404 scri-

277 4430 385 4472 ιιιι.

277 4436 385 4475 ιιιι.

249 4529 473 4584 Domino
498 4536 691 4587 sancto
725 4526 970 4594 apostolo
1009 4526 1106 4599 [αι.
1136 4526 1451 4597 apostolico]
1478 4537 1530 4582 et
1561 4528 1759 4583 beatis-

192 4620 313 4673 sine
340 4621 477 4687 patri
509 4629 723 4687 patrum
756 4616 972 4677 Gelasio
1001 4632 1151 4690 papte
1177 4620 1321 4677 urbis
1352 4619 1555 4685 Romae,
1588 4620 1761 4676 humi-

193 4712 261 4764 les
285 4713 515 4779 episcopi
547 4710 847 4767 Dardania.

252 4801 604 4858 Salubscrima
632 4801 960 4869 apostolatus
990 4802 1148 4861 Vestri
1176 4810 1439 4872 praecepta
1472 4802 1759 4874 Tryphone

203 4903 300 4942 tuo
325 4891 575 4960 relig‘oso
605 4891 714 4944 lilio
744 4899 928 4947 nostro
955 4891 1229 4951 deferente
1250 4931 1266 4960 ,
1296 4908 1399 4963 qua
1430 4903 1639 4963 oportet
1666 4896 1760 4953 de-

204 4980 395 5034 votione
420 4983 777 5050 suscepimus,
800 4989 855 5037 et
882 4980 1142 5041 maximas
1170 4981 1280 5039 Deo
1305 4982 1681 5054 omnipotenti,
1707 4993 1761 5040 et

204 5068 484 5129 beatitudini
512 5085 709 5129 vestra:
737 5068 1017 5131 referimus
1044 5071 1265 5141 gratias,
1289 5074 1429 5142 quod
1457 5088 1555 5129 nos
1580 5085 1757 5141 pasto-

202 5158 657 5222 raliadaoitione
694 5170 751 5219 et
792 5160 1102 5230 evangelica
1144 5161 1384 5225 doctrina
1435 5164 1650 5229 visitare
1677 5167 1756 5223 ιι-

254 5351 278 5380 ι
316 5339 791 5414 υφδωερὶιιιοιὶε
810 5339 1091 5414 admonuit
1109 5338 1351 5401 Gelasius
1374 5341 1605 5414 pontifex
1633 5346 1749 5414 cpi-

192 5427 364 5479 scost
394 5408 671 5466 Dardania:
694 5454 709 5476 ,
745 5420 805 5465 ut
832 5408 1287 5478 Eutychiunorutn
1318 5408 1752 5468 communionem

192 5483 352 5535 κιιυιο
394 5483 649 5539 vitarent.
695 5482 941 5537 Priorem
990 5481 1130 5552 (qua:
1170 5480 1395 5552 excidit)
1443 5482 1585 5536 misit
1660 5500 1753 5552 per

192 5552 536 5621 Tryphonem;
574 5553 643 5607 ad
674 5565 841 5622 quam
874 5548 1185 5620 prtecedeus
1198 5548 1423 5619 cpiszo'la
1452 5552 1516 5607 ob
1545 5548 1750 5622 episco-

242 5690 257 5719 ⁸
277 5690 406 5747 [λιιι.
436 5690 597 5746 Rom.
622 5683 831 5746 meiitts
862 5683 1018 5741 habet,
1046 5680 1303 5739 counituni

1850 3359 1956 3405 stra
1984 3350 2166 3405 libenti
2196 3352 2375 3406 animo
2398 3353 2720 3422 apostolatus
2758 3361 2935 3411 vester
2971 3353 3217 3425 dignetur
3254 3352 3445 3408 aduri?-

1854 3441 2157 3507 tere,justis
2182 3442 2424 3511 precibus
2446 3457 2729 3500 exoramus
2743 3445 2904 3517 (quod
2927 3447 3241 3514 suppl'catio
3264 3455 3443 3501 nostra

1856 3538 2093 3587 meretur
2112 3531 2400 3603 eth-ctum)
2418 3548 2581 3603 unum
2608 3548 2671 3590 ex
2695 3535 2933 3606 angelica
2963 3536 3090 3591 sede
3122 3545 3295 3593 vestra
3318 3552 3439 3590 cum

1856 3636 1999 3687 saepe
2047 3623 2190 3675 dicto
2243 3624 2357 3676 viro
2407 3623 2658 3692 religioso
2714 3624 2779 3683 ad
2819 3640 2917 3680 nos
2968 3642 3131 3693 usque
3174 3627 3442 3693 prrrcipite

1856 3710 2150 3774 destinare,
2179 3721 2235 3765 ιιι
2259 3712 2360 3765 sub
2380 3712 2494 3781 ejus
2518 3715 2798 3782 praesentia
2824 3729 2940 3785 qum
2965 3714 3098 3771 ﬁdes
3122 3714 3441 3777 orthodoxa,

1858 3810 1911 3855 et
1940 3812 2128 3855 vestra:
2172 3801 2428 3872 jussionis
2476 3803 2754 3856 sinceritas
2787 3804 3055 3871 postulat,
3108 3803 3442 3858 ordinentur.

1860 3891 1926 3945 Et
1954 3893 2276 3965 subscriptio.

1927 3983 2161 4038 Joannes
2187 3985 2468 4061 episcopus
2506 3994 2861 4041 sacrosancte
2905 3984 3155 4040 Ecclesiae
3196 3985 3443 4054 Scopiute

1861 4074 2282 4144 metropolitano:
2319 4076 2551 4130 civitatis
2594 4076 2717 4129 huic
2752 4077 3014 4143 rescripto
3052 4090 3080 4129 a
3124 4075 3277 4130 nobis
3317 4076 3443 4132 dato

1862 4163 2239 4228 consentiens,
2297 4165 2361 4221 ad
2410 4166 2588 4223 omnia
2642 4181 2759 4235 qua:
2807 4165 3050 4234 superius
3100 4156 3440 4221 continentur

1863 4267 2021 4305 manu
2054 4253 2260 4323 propria
2292 4254 2601 4321 subscripsi.

1936 4343 2172 4396 Bonosus
2197 4344 2392 4409 episco,
2414 4360 2476 4397 us
2501 4354 2552 4397 ut
2586 4360 2743 4413 supra
2774 4344 3089 4414 subscripsi.

1788 4462 1836 4522 ο
1933 4434 2146 4488 Samuel
2175 4433 2458 4503 episc0pus
2489 4444 2542 4488 ut
2580 4450 2737 4502 supra
2766 4435 3078 4505 subscripsi.

1938 4525 2197 4581 Verianus
2226 4527 2508 4596 episcopus
2533 4540 2626 4595 per
2645 4526 2979 4581 Valentinum
3007 4525 3447 4581 arcltidiacouutu

1866 4625 1921 4669 ut
1946 4632 2104 4686 supra
2136 4616 2447 4686 subscripsi.

1937 4706 2223 4763 Faustinus
2248 4707 2529 4781 episcopus
2558 4715 2615 4760 ut
2642 4720 2804 4775 supra
2843 4708 3150 4776 subscripsi.

1939 4797 2163 4854 Ursinus
2196 4797 2478 4872 episcopus
2507 4808 2566 4857 ut
2592 4810 2750 4869 supra
2781 4800 3089 4871 subscripsi.

2387 4940 2414 4971 ι
2452 4930 2785 4993 EPISTOLA
2823 4930 2910 4991 Ill.

2294 5064 2360 5101 ΑΙ)
2400 5059 2674 5101 ενιεεοιιθε
2713 5058 3011 5101 ολιιωιιιιιυ.

1864 5175 2094 5241 Nuntiat
2122 5193 2174 5233 se
2196 5176 2484 5247 pontiﬁcem
2503 5174 2751 5241 electum;
2778 5173 3049 5230 catholicas
3070 5173 3191 5245 ﬁdei
3221 5176 3444 5237 Metium

1861 5348 1941 5421 pis
1977 5347 2256 5405 Dardania:
2291 5348 2550 5421 rescripta
2592 5347 2706 5421 fuit.
2742 5347 3107 5421 Posterioretn
3141 5344 3277 5421 hanc
3304 5344 3439 5421 ejus-

1860 5414 1981 5470 dem
2009 5418 2315 5489 argumenti
2339 5414 2482 5473 tnisit
2512 5434 2604 5487 per
2632 5418 2957 5480 Ursicinum,
2988 5424 3146 5489 prout
3178 5414 3274 5481 ipsi
3306 5414 3437 5479 peti-

1861 5486 2093 5542 ιιθιίιιιι.⁷
2122 5488 2463 5558 Ettryclicattt
2514 5486 2573 5542 et
2626 5486 3334 5558 circularemluissepatet
3373 5495 3436 5534 ex

1865 5558 2040 5612 verbis
2081 5552 2319 5627 epistola:
2364 5559 2416 5613 iu
2458 5558 2603 5623 line._
2634 5560 2708 5613 Et:
2740 5574 2805 5612 co
2828 5554 2967 5625 quod
3000 5555 3067 5609 ab
3106 5553 3254 5610 initio
3282 5552 3436 5619 Eutr
