3948 6314
579 401 652 453 25
1930 399 2132 453 GELAE

2244 397 2433 456 ΡᾹΡΛΕ
2475 403 2492 457 1
3736 407 3794 461 ει

650 512 965 574 transmittit,
1013 509 1340 582 hortaturque
1394 513 1446 561 nl
1485 525 1601 582 rmn
1626 498 2021 582 Eutychiantstu
2048 532 2148 569 non
2178 524 2230 578 Α
2257 531 2344 568 sus
2371 515 2642 582 apostolus
2666 513 2857 567 Paulus
2878 512 3084 580 qualem
3110 510 3265 567 hodie
3289 511 3505 567 credere
3531 514 3791 570 debeamus

589 581 594 584 ’
648 583 1041 646 communicent,
1073 592 1116 634 et
1144 580 1340 633 mulieri
1359 581 1604 650 pastorafi
1631 580 1911 652 inuigilent.

646 692 1012 748 Dilectissimis
1041 692 1292 748 fratribus
1320 693 1576 747 universis
1601 694 1864 764 episcOpis
1891 710 1986 765 per
2009 696 2141 752 Dar-

573 784 783 836 daniam
811 784 1109 839 constitutis
1143 785 1384 839 Gelasius
1418 784 1719 855 episcopus.

584 939 588 941 ἢ
645 873 741 928 Ubi
774 876 999 942 primum
1031 875 1292 944 respirare
1321 875 1400 931 fas
1441 885 1523 931 est
1551 892 1581 930 a
1611 888 1982 934 continuorum
2011 891 2146 934 tem-

571 973 777 1028 pestate
810 965 1091 1030 bellorum,
1121 980 1238 1033 qua:
1277 967 1328 1020 in
1359 967 1464 1022 illis
1493 970 1797 1037 provinciis,
1828 973 1910 1025 vel
1942 971 1994 1025 in
2029 972 2143 1026 istis

571 1053 900 1122 temporibus
927 1056 1150 1121 qualitas
1171 1057 1499 1112 incessanter
1524 1060 1776 1123 exercuit,
1803 1072 2022 1117 cunctos
2051 1079 2143 1130 per

572 1143 888 1198 Dardaniam
919 1145 1127 1200 Domini
1157 1146 1463 1203 sacerdotes
1491 1148 1739 1205 fraterna:
1768 1152 2141 1211 sollicitudinis

567 1232 792 1288 caritate
818 1233 1063 1289 duximus
1087 1236 1431 1306 alloquendos
1461 1254 1475 1291 :
1506 1240 1730 1308 primum
1761 1242 1879 1310 quia
1906 1245 2141 1313 regimen

568 1324 871 1389 apostolica:
893 1325 1036 1381 sedis
1058 1327 1256 1396 adepti,
1281 1330 1502 1396 strepitu
1529 1331 1756 1398 publico,
1782 1333 1919 1388 sicut
1939 1334 2139 1391 dictum

537 1418 678 1481 ἐει,
716 1418 1053 1485 retardante,
1086 1421 1431 1476 commissum
1473 1423 1626 1478 nobis
1654 1439 1820 1479 sacra:
1860 1426 2139 1496 dispensa-

571 1507 733 1564 tionis
752 1509 1007 1578 ofliciunt,
1032 1513 1279 1581 prOpriis,
1311 1523 1368 1567 ut
1390 1529 1502 1567 mos
1529 1526 1662 1579 erat,
1689 1517 1880 1572 litteris
1909 1521 1923 1551 ⁸
1957 1523 2142 1589 nequi-

567 1613 685 1652 mus
711 1599 965 1670 indicare,
989 1617 1094 1673 quo
1128 1614 1300 1658 vestra
1333 1606 1730 1664 fraternitas'de
1754 1612 2141 1667 communionis

566 1689 776 1747 Domini
804 1693 1077 1750 nobiscum
1111 1711 1331 1750 munere
1355 1698 1667 1767 gratuletur.
1696 1699 1916 1767 Deinde,
1944 1712 1999 1757 ut
2022 1715 2140 1772 post

566 1792 738 1839 tantas
757 1787 1070 1844 acerbitates
1092 1787 1662 1861 ineomrnodltatesque
1684 1794 1997 1861 mundanas,
2016 1813 2140 1866 qua-

565 1872 686 1928 liter
715 1875 940 1931 invicem
973 1878 1291 1942 valeremus,
1323 1890 1536 1934 mutuus
1563 1895 1740 1936 sermo
1765 1861 2136 1953 depromeret;
2174 1861 2215 1921 Β

563 1972 836 2029 postremo
856 1967 900 2021 si
927 1982 1030 2037 qua
1056 1969 1122 2024 de
1152 1971 1526 2025 ecclesiasticis
1556 1971 1834 2028 referenda
1861 1987 1986 2029 sunt
2011 1993 2140 2032 cau-

563 2053 638 2107 sis
662 2091 676 2116 ,
716 2071 833 2124 qum
875 2066 1093 2126 propter
1123 2059 1339 2113 insidias
1370 2062 1606 2130 perpetui
1639 2062 1808 2117 hostis
1831 2103 1847 2129 ,
1889 2068 2142 2133 pastorali

563 2157 686 2201 sunt
710 2148 908 2218 jugiter
936 2149 1411 2220 circumspicienda
1450 2154 1716 2222 vigilantia
1743 2196 1758 2220 ,
1800 2156 2142 2224 significatio-

560 2237 719 2297 nibus
746 2241 1098 2308 panderemus
1118 2242 1355 2297 alternis.
1381 2243 1474 2297 ilis
1506 2245 1662 2313 igitur
1689 2246 1892 2301 incitati
1915 2262 2008 2315 per
2033 2249 2141 2305 fra-

562 2339 698 2384 trem
735 2340 788 2384 et
817 2332 1190 2400 coepiscOpum
1228 2344 1464 2390 nostrum
1513 2335 1813 2392 Ursicinum
1856 2343 2141 2409 praesentia

560 2421 792 2491 dirigere
819 2425 1014 2492 scripta
1051 2426 1387 2494 curavimus,
1433 2441 1706 2498 prmeuute
1739 2434 1904 2500 gratia
1943 2436 2140 2491 saluta-

561 2512 751 2578 tionis,
783 2525 999 2571 orantes
1025 2525 1082 2574 nt
1109 2520 1517 2588 magnanimiter
1543 2523 1739 2577 auxilio
1771 2523 1976 2578 Domini
2006 2528 2141 2582 tole-

561 2604 730 2660 raudo
771 2620 946 2661 rerum
990 2610 1376 2664 transeuntium
1422 2613 1766 2680 vastitatem,
1813 2615 1982 2685 magis
2020 2631 2140 2672 esse

557 2694 848 2752 debeamus
877 2701 1099 2766 attenti,
1143 2717 1209 2756 ne
1230 2743 1244 2768 ,
1275 2704 1414 2771 quod
1447 2705 1622 2773 absit,
1653 2717 1921 2775 perpetua:
1949 2706 2136 2764 subea-

560 2803 677 2842 mus
708 2789 827 2843 vita:
855 2789 1210 2861 dispendium.
1241 2793 1576 2866 Proindeque
1604 2797 1881 2854 catholica:
1902 2801 2139 2856 veritatis

558 2880 728 2948 poscit
756 2882 952 2936 utilitas
984 2884 1328 2952 praecavenda
1356 2926 1370 2951 ,
1404 2887 1617 2941 dilectio
1650 2898 1826 2943 vestra
1867 2891 2139 2961 paulisper

559 2969 814 3025 advertat.
868 2971 1018 3041 Apud
1077 2973 1336 3039 Graccus.
1387 2977 1575 3047 quibus
1645 2980 1839 3035 multas
1905 2981 2136 3037 hmreses

558 3061 828 3122 abundare
860 3081 965 3124 non
997 3065 1212 3119 dubium
1241 3077 1352 3133 est,
1379 3070 1487 3137 jam
1525 3079 1649 3126 ante
1674 3088 1842 3126 annos
1869 3073 1978 3129 fere
2008 3091 2135 3144 qua-

562 3152 801 3224 draginta
832 3167 884 3212 et
911 3158 1146 3227 quinque
1162 3160 1228 3211 de
1258 3160 1464 3215 Domini
1487 3164 1650 3218 nostri
1671 3165 2027 3222 etSalvatoris
2055 3169 2135 3222 in-

558 3245 814 3298 earnatio:
839 3260 870 3299 e
899 3255 1020 3303 nata
1050 3251 1379 3319 conqumstin
1401 3261 1485 3306 est
1540 3271 1551 3304 :

555 3335 864 3410 presbytero
902 3335 1492 3412 ConSIaminopolitano
1521 3343 1572 3398 in
1619 3343 1978 3413 blasphemias
2013 3362 2134 3416 pro-

557 3433 778 3493 ruente,
809 3441 901 3497 per
929 3443 1059 3499 quas
1094 3431 1297 3490 diceret
1327 3446 1483 3486 unam
1515 3436 1909 3503 tantummodo,
1949 3439 1996 3490 id
2028 3449 2128 3504 est,

556 3518 724 3571 solam
761 3519 1059 3574 Divinitatis
1089 3531 1359 3588 naturam,
1394 3524 1507 3578 sive
1552 3525 1902 3581 subStantiam
1949 3530 1998 3580 in
2033 3530 2072 3582 D
2109 3559 2133 3571 -

556 3609 703 3663 mino
727 3609 849 3665 Jesu
875 3611 1087 3666 Christo
1113 3613 1332 3674 credere
1363 3629 1458 3670 nos
1483 3615 1703 3680 debere,
1727 3628 1986 3686 susceptae
2017 3635 2132 3673 car-

558 3699 640 3754 nis
669 3702 888 3757 veritate
916 3717 1136 3774 prorsus
1166 3705 1363 3760 abolita
1402 3723 1413 3758 :
1447 3707 1587 3775 quod
1627 3709 1807 3776 utique
1834 3710 2130 3779 improbum

557 3803 914 3854 commentum
939 3793 1308 3858 Marcionistis,
1334 3795 1744 3866 Manichmisque
1765 3798 2127 3868 conjunctum,

554 3892 724 3940 totum
755 3885 869 3938 sine
895 3883 1058 3939 dubio
1101 3887 1289 3940 salutis
1327 3897 1522 3942 nostrae
1557 3888 1788 3960 solveret
1826 3904 2131 3945 sacramen-

556 3987 696 4039 tum;
728 3977 988 4045 siquidem
1011 3989 1262 4047 quantum
1285 3989 1338 4034 et
1357 3981 1645 4050 Scriptum
1667 3983 1982 4040 venerabilis
2003 3983 2130 4039 dicit

528 4064 862 4136 auctoritas,
889 4076 943 4122 et
974 4068 1232 4134 majorum
1270 4079 1491 4123 testatur
1532 4072 1769 4134 doctrina
1803 4083 2124 4138 nostrorum,

555 4158 944 4228 redemptorem
983 4159 1163 4222 mundi
1199 4161 1383 4222 Deum,
1417 4171 1580 4214 totmn
1613 4163 1767 4225 simul
1812 4163 1996 4230 Deum,
2044 4179 2125 4217 ιο-⁸

553 4229 774 4319 tumque
795 4249 1060 4305 hominem
1083 4267 1143 4303 ex
1168 4250 1328 4304 Maria
1355 4249 1567 4318 Virgine
1590 4250 1750 4305 fuisse
1772 4229 2122 4318 progenitum.

555 4341 619 4394 Et
649 4339 772 4397 huic
797 4342 994 4396 mundo
1022 4351 1225 4397 certum
1255 4351 1336 4395 est
1365 4343 1630 4395 exstitisse
1657 4343 2023 4411 conspicuum,
2051 4345 2127 4397 sic

555 4445 787 4500 passum,
819 4442 977 4500 atque
1000 4433 1356 4490 resurrexisse
1378 4442 1584 4487 constat
1610 4450 1638 4488 a
1666 4436 1907 4491 mortuis.
1947 4435 2126 4504 Itaque

2253 605 2533 659 Dominum
2568 615 2804 659 nostrum
2843 602 3021 658 Jesum
3053 603 3316 658 Christum
3348 605 3516 672 palam
3547 605 3795 672 professus

2249 708 2352 765 est,
2381 697 2563 752 dicens
2594 716 2606 749 :
2639 697 2705 750 In
2733 713 2831 766 quo
2859 697 3050 750 habitat
3081 698 3242 751 omnis
3269 696 3524 766 plenitudo
3541 696 3796 751 divinitatis

2248 789 2579 858 corporaliter
2628 784 2847 857 (Coloss.
2881 787 2977 856 tt),
3010 788 3149 856 quod
3193 787 3342 842 brevi
3388 785 3614 856 capitulo
3654 789 3795 841 simul

2251 879 2496 933 Arianam
2521 890 2744 948 pestem,
2767 888 2820 934 et
2840 879 2973 934 hanc
2991 895 3148 950 quam
3175 879 3412 937 diximus
3431 880 3791 950 Eutychianam

2246 969 2452 1023 caelesti
2485 969 2860 1038 praedicatione
2886 970 3164 1037 subvertit,
3195 971 3316 1039 quia
3351 983 3404 1025 et
3432 971 3588 1024 homo
3617 971 3794 1024 nihilo-

2247 1060 2420 1114 minus
2467 1072 2587 1126 est,
2629 1061 2716 1116 ubi
2755 1061 2930 1116 omnis
2978 1061 3235 1130 plenaque
3277 1061 3534 1116 Divinitas
3577 1061 3795 1117 habitare

2248 1152 2553 1219 perhibetur
2573 1194 2588 1218 ,
2633 1161 2687 1208 et
2715 1154 3058 1223 corporaliter
3097 1155 3442 1223 exprimendo
3467 1195 3482 1222 ,
3512 1155 3562 1210 in
3594 1156 3796 1211 veritate

2247 1243 2534 1309 persistere
2564 1245 2727 1298 nostri
2759 1245 2998 1313 corporis
3040 1247 3383 1314 approbatur.

2314 1334 2486 1402 Super
2509 1346 2686 1390 autem
2716 1337 2798 1390 his
2826 1337 3129 1407 frequenter
3155 1337 3221 1391 ab
3255 1338 3542 1407 apostolica
3571 1338 3722 1400 sedc,
3751 1348 3798 1392 et

2246 1437 2338 1491 per
2359 1423 2525 1478 beata:
2555 1427 2829 1481 memoria:
2856 1437 3093 1482 sanctum
3123 1427 3372 1494 Leonem,
3401 1440 3455 1484 et
3484 1443 3577 1498 per
3600 1444 3795 1484 succes-

2244 1530 2395 1569 sores
2415 1517 2529 1584 ejus
2557 1529 2760 1573 certum
2788 1531 2900 1584 est,
2931 1523 3146 1575 Crmcos
3171 1521 3335 1577 fuisse
3358 1522 3646 1588 convictos,
3675 1524 3799 1576 sicut

2246 1607 2478 1673 ipsorum
2507 1609 2704 1664 chartis
2733 1625 2864 1681 quas
2892 1614 3029 1680 apud
3063 1627 3159 1667 nos
3189 1614 3464 1679 habemus,
3496 1615 3611 1669 sine
3638 1615 3797 1668 ambi-

2243 1697 2442 1765 guitate
2473 1708 2813 1754 monstratur.
2857 1701 3005 1755 Nunc
3031 1717 3156 1756 vero
3181 1705 3421 1772 quamvis
3449 1704 3616 1772 ipsam
3647 1704 3797 1772 pesti-

2246 1787 2462 1840 lcnliattt
2496 1802 2598 1842 non
2630 1790 2859 1845 audeant
2889 1792 3153 1859 profiteri,
3177 1807 3270 1847 eos
3296 1803 3471 1847 tamen
3501 1793 3590 1863 qui
3622 1794 3800 1847 talibus

2243 1877 2789 1946 cornmunicaverint,
2836 1881 3131 1951 meritoque
3179 1883 3468 1938 secundum
3519 1884 3795 1940 Chalcedo-

2245 1967 2428 2022 nensis
2471 1968 2682 2024 decreti
2729 1971 2938 2025 concilii
2984 1972 3052 2026 ab
3089 1973 3375 2041 apostolica
3408 1973 3535 2030 sede
3581 1972 3800 2028 damnati

2245 2071 2409 2130 sunt,
2458 2062 2815 2132 obstinatique
2859 2064 2910 2116 in
2956 2062 3140 2118 eadem
3180 2063 3519 2120 damnatione
3556 2064 3800 2129 defuncti,

2248 2153 2548 2219 pernicioso
2577 2155 2754 2209 furore
2794 2155 3112 2220 defendunt,
3142 2165 3194 2210 et
3235 2170 3419 2210 eorum
3451 2157 3802 2211 recitationem

2248 2243 2500 2301 Ecclesia:
2527 2247 2803 2302 catholica:
2829 2248 3118 2304 moliuntur
3148 2250 3406 2317 ingerere.
3435 2248 3587 2316 Quod
3613 2250 3801 2316 utique,

2243 2335 2385 2402 quod
2417 2336 2573 2399 absit,
2603 2341 2850 2407 receptis,
2881 2341 3041 2394 etiam
3072 2340 3374 2410 contagium
3411 2342 3704 2410 pravitatis,
3727 2340 3803 2393 Cui

2242 2439 2302 2480 sc
2339 2429 2713 2484 communione
2745 2431 3045 2500 sociarum,
3076 2442 3466 2502 consequenter
3505 2429 3803 2493 incurritur.

2242 2519 2686 2588 quemadmodum
2711 2521 2879 2592 (quod
2923 2523 3176 2577 Dominus
3215 2524 3472 2593 avertat!)
3517 2525 3559 2578 si
3595 2525 3700 2578 Arii
3729 2523 3806 2576 vel

2245 2610 2527 2678 cnjuslibet
2569 2612 2805 2668 haretici
2857 2613 2924 2667 ad
2979 2614 3389 2669 ecclesiasticam
3454 2616 3808 2669 recitationem

2245 2717 2437 2756 nomen
2468 2703 2792 2772 admittitur,
2833 2705 2988 2759 simul
3024 2715 3078 2760 et
3118 2707 3446 2761 consortium
3487 2705 3807 2761 detestabilis

2241 2795 2441 2848 erroris
2470 2796 2778 2851 assumitur.
2807 2795 2956 2851 Unde
2985 2797 3102 2865 quia
3134 2811 3371 2851 errorem
3401 2795 3617 2867 quidem
3651 2796 3812 2852 laten-

2243 2893 2356 2948 tur,
2397 2885 2489 2939 sed
2534 2900 2594 2940 ea
2644 2885 2744 2940 sibi
2789 2896 2973 2956 putant
3020 2890 3448 2941 communionem
3496 2887 3808 2942 catholicam

2241 2975 2547 3030 conditione
2579 2975 2883 3040 laxandam,
2910 2985 2967 3030 ut
2992 2977 3203 3031 nomina
3233 2990 3416 3031 eorum
3445 2975 3534 3046 qui
3566 2979 3812 3046 praevari-

2241 3067 2341 3119 cati
2375 3075 2496 3120 sunt
2526 3066 2631 3121 illis
2663 3067 2716 3120 in
2746 3068 2970 3122 ecclesia
3015 3067 3239 3122 recitare
3269 3066 3336 3120 sit
3365 3067 3558 3121 licitum
3581 3109 3596 3132 ,
3630 3077 3682 3124 et
3711 3084 3809 3122 non

2243 3168 2348 3212 tam
2385 3159 2484 3226 ipsi
2513 3159 2784 3227 corrigere
2813 3173 2970 3228 quam
3003 3159 3361 3212 sinceritatem
3391 3157 3704 3214 catholicam
3735 3160 3812 3212 in-

1606 3253 1841 3326 Eutyche
1867 3259 2134 3325 quondam
2162 3225 2205 3285 ε
2243 3225 2419 3305 ηερε
2451 3225 2686 3302 nitantur
2741 3225 2986 3317 contagio
3042 3247 3362 3316 perfidorum
3397 3264 3411 3312 ;
3476 3247 3809 3304 dilectionrm

2239 3352 2468 3394 veStram
2499 3339 2746 3392 fraternm
2773 3339 3009 3392 caritatis
3040 3337 3227 3391 affectu
3260 3353 3363 3391 non
3394 3338 3694 3394 destitimus
3721 3339 3811 3393 ads

2238 3448 2477 3499 monere,
2504 3433 2624 3486 utsi
2650 3431 2735 3501 qui
2763 3431 2884 3484 talia
2914 3431 3238 3484 seminantes
3261 3431 3322 3480 ad
3347 3440 3548 3484 Vt‘SiI’ﬂS
3571 3431 3812 3501 regiones

2237 3523 2371 3578 forte
2402 3523 2774 3592 pervenerint,
2812 3521 2982 3575 modis
3024 3520 3268 3575 munibus
3307 3519 3678 3588 excludantur,
3713 3537 3810 3575 vo-

2237 3615 2420 3684 bisque
2445 3630 2562 3670 cum
2589 3615 2714 3668 sede
2741 3613 2880 3667 beati
2908 3612 3135 3682 apostoli
3166 3612 3328 3676 Petri,
3351 3613 3488 3665 sicut
3514 3629 3538 3662 a
3571 3614 3809 3680 patribus

2236 3706 2430 3760 nostris
2459 3715 2542 3760 cst
2573 3705 2766 3759 tradita
2797 3703 2994 3757 illibata
3023 3703 3330 3758 communio
3367 3711 3524 3770 atque
3568 3717 3634 3756 ex
3666 3704 3810 3758 omni

2236 3806 2383 3864 pirte
2443 3795 2751 3851 inconvulsa
2822 3793 3094 3859 perduret.
3155 3793 3313 3847 Certe
3376 3793 3419 3846 si
3474 3792 3589 3861 quis
3654 3808 3811 3847 aures

2235 3897 2436 3944 vestras
2465 3889 2532 3943 de
2565 3887 2663 3942 hac
2688 3885 2976 3942 crediderit
3003 3885 3344 3952 subreptione
3373 3882 3675 3950 pulsandas,
3700 3899 3727 3937 s
3765 3885 3811 3935 l-

2233 3979 2510 4035 licitudine
2549 3979 2799 4049 pastorali
2831 3977 2898 4030 ad
2933 3991 3031 4029 nos
3070 3990 3226 4043 quam
3255 3972 3413 4027 citius
3452 3972 3652 4028 referre
3692 3990 3810 4042 pro-

2232 4073 2430 4139 peretis
2453 4110 2468 4133 ,
2500 4081 2558 4124 ut
2585 4069 2855 4124 communi
2887 4067 3065 4122 studio
3089 4106 3104 4132 ,
3145 4065 3511 4132 catholicoque
3559 4075 3807 4132 tractatu,

2233 4176 2329 4229 pro
2358 4161 2520 4214 domo
2570 4162 2728 4214 unius
2778 4158 2984 4212 Domini
3029 4156 3208 4210 cuncti
3243 4156 3485 4209 catholici
3535 4157 3666 4210 conia
3691 4166 3811 4209 rant

2231 4250 2576 4313 sacerdotes;
2623 4264 2677 4303 ut
2721 4264 2838 4318 qua:
2890 4246 3204 4301 orthodoxa:
3257 4244 3549 4300 definitioni
3593 4260 3811 4313 compc-

2231 4347 2349 4391 tunt
2372 4379 2387 4402 ,
2423 4339 2731 4392 intemerata
2758 4347 3074 4400 serventur;
3126 4347 3176 4391 et
3219 4345 3481 4403 quatenus
3505 4337 3812 4390 errantibus

2229 4427 2422 4481 debeat
2448 4427 2748 4502 subveniri,
2781 4427 3079 4481 rationabili
3117 4425 3500 4482 deliberatione
3530 4435 3808 4477 noscatur.

551 4523 897 4592 quadraginta
913 4523 1098 4582 diebus
1120 4526 1282 4584 fuisse
1297 4539 1416 4578 cum
1437 4525 1711 4593 discipulis
1728 4535 2120 4592 conversatum,
2155 4547 2203 4606 ι)
2235 4519 2357 4573 Ιιωε
2395 4527 2571 4573 autem
2610 4529 2782 4572 vestra
2813 4518 3030 4572 dilectio
3065 4519 3224 4573 etiam
3267 4517 3334 4570 ad
3380 4516 3658 4606 contiguas
3705 4517 3808 4568 sibi

549 4615 602 4667 in
633 4614 826 4673 coelum
869 4613 1191 4676 ascendisse,
1234 4614 1382 4681 plena
1426 4614 1544 4668 luce
1580 4616 1647 4668 sit
1686 4615 1912 4682 clarum,
1953 4631 2122 4686 eoque

553 4705 711 4757 modo
737 4703 934 4764 dictum
957 4744 972 4767 ,
1010 4703 1074 4756 ad
1098 4703 1353 4772 judicium
1374 4743 1390 4769 ,
1427 4705 1614 4772 angelo
1645 4714 1870 4759 testante
1891 4748 1903 4771 ,
1936 4715 2124 4759 ventu-

548 4810 686 4856 rum,
716 4801 774 4846 ut
803 4801 856 4848 et
896 4792 1061 4854 Filius
1096 4791 1354 4856 hominis,
1399 4807 1556 4862 quem
1596 4793 1782 4849 beatus
1820 4793 2123 4864 Stephanus

547 4894 751 4955 martyr
776 4899 806 4938 a
835 4882 1038 4939 dextris
1064 4884 1275 4938 virtutis
1306 4884 1399 4939 Dei
1444 4884 1575 4938 vidit
1609 4894 1869 4941 astantem
1896 4927 1911 4952 ,
1955 4887 2123 4941 mani-

549 4979 714 5032 festus
740 4987 1010 5048 appareat,
1035 4985 1088 5032 et
1110 4991 1268 5046 quem
1297 4986 1726 5044 compunxerunt
1753 4986 2120 5048 persecutores

548 5067 664 5135 ejus
688 5108 702 5130 ,
731 5069 990 5138 aspiciant
1023 5084 1039 5124 ε
1066 5066 1209 5138 quod
1237 5067 1486 5122 nimirum
1521 5067 1638 5122 sine
1665 5066 1842 5120 carnis
1871 5066 2119 5120 humanm

550 5172 656 5215 non
686 5168 860 5227 potest
878 5168 1126 5215 constare
1155 5159 1376 5214 materia
1403 5197 1417 5223 ,
1447 5157 1601 5226 cujus
1634 5153 1928 5224 assumptio
1957 5155 2119 5224 glori-

549 5250 702 5303 licata
733 5258 817 5303 est
839 5249 1033 5303 deitate
1059 5289 1074 5313 ,
1119 5265 1224 5303 non
1266 5264 1487 5319 prorsus
1533 5249 1832 5318 absumpta.
1874 5246 2028 5302 Unde
2066 5256 2122 5302 et

550 5342 735 5400 beatus
761 5341 1027 5410 apostolus
1051 5340 1279 5396 Joannes
1303 5342 1430 5396 dicit
1456 5359 1469 5394 :
1496 5343 1592 5406 Qui
1619 5351 1762 5411 negat
1789 5339 2048 5393 Christum
2068 5341 2120 5392 in

549 5448 700 5492 carne
724 5433 930 5496 venisse,
962 5432 1042 5484 hic
1069 5440 1139 5486 cst
1163 5429 1486 5483 antichristus
1510 5429 1684 5487 (Joan.
1711 5429 1798 5494 tt);
1839 5439 1892 5485 et
1921 5429 2118 5498 glorio-

545 5586 750 5640 chianm
773 5587 1056 5651 hereseos,
1085 5603 1207 5652 qua:
1228 5585 1434 5655 detecta
1462 5583 1560 5637 fuit
1585 5598 1722 5635 anno
1754 5584 1856 5640 “8
1882 5584 1980 5637 hoc
2003 5584 2120 5638 loco

545 5668 824 5709 enunieret
849 5672 1014 5710 annos
1046 5657 1147 5719 43,
1186 5665 1405 5723 apparet
1443 5669 1562 5709 eam
1601 5670 1740 5707 anno
1780 5655 2120 5730 'ponltlicalus

622 5791 636 5822 ⁸
679 5788 1019 5852 Εὐίιηῐῖοιηη
1056 5789 1378 5855 νιηιηινυκυε.

2231 4625 2467 4680 quasque
2500 4608 2797 4675 provincias
2837 4609 3149 4678 vicinosque
3193 4607 3472 4677 pontifices
3519 4605 3813 4674 prudenter

2229 4702 2386 4755 faciat
2414 4700 2718 4769 pervenire,
2748 4709 2804 4753 ιιι
2837 4699 3190 4754 Ecclesiarum
3227 4697 3512 4766 praesules,
3545 4696 3810 4746 universas

2227 4791 2463 4845 veritatis
2494 4780 2841 4845 instructione
2867 4798 3135 4857 percepta,
3181 4787 3509 4840 mortiferam
3537 4786 3812 4838 declinare

2227 4883 2435 4936 valeant
2475 4881 2778 4935 falsitatem.
2826 4877 2894 4932 Et
2930 4877 3272 4946 subscriptio:
3305 4875 3443 4929 Deus
3471 4887 3566 4927 vos
3594 4874 3809 4927 incolu-

2227 4989 2340 5030 mes
2372 4973 2660 5037 custodiat,
2689 4971 2882 5026 fratres
2910 4968 3196 5023 carissimi.

2714 5059 3036 5116 EPISTOLA
3079 5055 3140 5110 Ill
3181 5053 3232 5093 bi
3248 5065 3294 5108 ⁸.

2376 5169 2529 5208 Βελτι
2569 5167 2711 5205 PAF!)
2750 5164 2951 5205 GELASII
2993 5163 3059 5202 AD
3098 5159 3344 5199 ΝΑτΑιιῖκ
3384 5157 3646 5195 ΔΒΒΛΤΕἊ.

2295 5244 2648 5301 Dilectissimo
2680 5241 2785 5295 filio
2815 5239 2984 5294 Natali
3016 5236 3191 5290 abbati
3218 5232 3460 5288 Gelasius
3489 5232 3796 5299 epismpus.

2295 5337 2547 5402 Quamvis
2586 5347 2681 5401 pro
2711 5331 2848 5386 beati
2880 5327 3024 5384 Petri
3053 5324 3276 5394 apostoli
3317 5321 3676 5378 moderamine
3720 5320 3803 5369 ιι.-

2227 5429 2424 5480 vinitus
2455 5423 2716 5478 instituto.
2748 5435 2853 5476 ouo
2892 5417 3035 5472 sedis
3073 5415 3189 5470 eius
3228 5413 3410 5469 vicarii
3441 5412 3645 5468 cunctis
3675 5419 3801 5461 sunt

2229 5581 2422 5636 tlclasii
2447 5582 2616 5650 primo
2642 5578 2890 5646 scriptam
2916 5589 3055 5630 esse.
3087 5573 3211 5630 Sev.
3245 5573 3419 5632 Duun-
