3948 6314
155 352 206 404 35
1301 313 1650 397 srmone
1695 342 1778 396 ET
1820 343 2154 398 neuneu.
3288 341 3351 402 a'

158 457 353 517 ecclesiis
387 455 668 518 debitores,
697 453 766 507 ad
806 451 994 506 fratres
1041 462 1094 506 et
1135 453 1483 523 coepiscopos
1525 469 1674 508 meos
1707 458 1750 513 Α
1784 470 1900 509 mus
1927 471 2148 524 operam
2187 455 2432 524 quidem,
2466 456 2509 510 si
2554 455 2763 524 aliquos
2809 471 2874 510 ex
2923 456 3056 521 illis,
3103 471 3341 526 operatur

158 569 228 620 per
262 549 543 603 Dardaniam
587 546 908 599 constitutos
950 546 1306 614 competentia
1349 547 1547 614 scripta
1581 547 1673 600 de-

165 641 369 701 ietitlllls,
412 637 639 703 antiqua:
685 636 806 688 fidei
856 633 1249 688 communionis
1267 650 1356 702 lue
1406 636 1672 690 tramitem

133 791 137 793 _
162 736 500 798 utbseqtientes,
524 737 578 780 ut
603 739 794 780 cavere
819 726 1029 780 valeant
1054 727 1294 795 contagia
1325 726 1670 793 perﬁdorum,

161 836 192 874 et
233 821 471 872 nobiscum
525 817 791 869 illibatum
847 825 1033 870 tenere
1078 817 1444 879 consortium;
1498 826 1674 870 tamen

159 911 444 963 dilertionem
476 922 686 975 quoque
734 916 877 958 tuam
927 920 1030 958 non
1065 906 1079 935 ί
1119 905 1422 959 destitimus
1461 905 1675 960 deside-

159 1008 306 1054 rantes
331 999 483 1059 affari,
509 998 662 1064 cujus
695 995 1109 1050 Sollicitudinem
1138 996 1204 1050 de
1243 996 1418 1050 noxiis
1459 997 1680 1065 quihus-

160 1107 244 1160 que
282 1089 502 1151 vitandis,
545 1097 599 1141 et
655 1088 706 1140 in
766 1087 1057 1140 retinendis
1110 1101 1230 1154 qua:
1281 1086 1345 1139 ad
1395 1087 1676 1140 utilitatem

160 1185 374 1250 pertinent
395 1180 776 1243 Christianam,
810 1178 1130 1233 laudabilem
1163 1178 1529 1247 perspeximus
1557 1193 1678 1232 esse

161 1274 399 1336 fervorem,
440 1286 499 1324 ex
546 1269 742 1322 litteris
772 1271 790 1299 ’
833 1268 1036 1323 scilicet
1083 1284 1214 1336 quas
1253 1268 1318 1321 ad
1369 1268 1584 1323 fratrem
1627 1277 1682 1323 et

158 1363 470 1428 mepiscOpum
503 1375 684 1413 meum
715 1359 974 1414 Serenum
1018 1367 1106 1412 tua
1141 1360 1334 1412 caritas
1370 1357 1674 1412 destinavit.

158 1454 382 1507 'l’roinde
406 1451 840 1506 coltaborandum
871 1451 970 1504 sibi
1013 1459 1097 1503 tua
1143 1450 1361 1506 dilectio
1399 1451 1680 1519 perpendit

159 1545 392 1611 Evangelia
432 1543 550 1608 Dei,
597 1552 653 1596 et
690 1542 710 1572 ⁸
745 1552 963 1597 aeterna:
1002 1542 1186 1595 salutis
1227 1541 1474 1594 intuitum
1521 1541 1679 1594 etiam

155 1633 436 1688 adtcrsantia
463 1648 690 1701 quiaque
718 1632 992 1685 tolerando
1022 1642 1359 1696 constanter;
1392 1641 1449 1684 ut
1479 1632 1680 1684 nullum

155 1728 328 1784 subeas,
359 1724 488 1794 quod
530 1725 702 1788 abit,
737 1724 972 1779 caelestis
1021 1724 1168 1793 regni
1209 1725 1580 1793 dispendium,
1614 1724 1679 1778 ad

1784 543 2030 611 Domino,
2064 546 2270 599 salvare
2304 544 2568 613 possimus
2602 562 2614 596 :
2656 544 2922 612 alioquin,
2953 547 3090 602 sicut
3119 547 3190 602 ait
3221 549 3346 618 Apo-

1779 635 1967 700 stolus,
1999 646 2044 690 te
2069 638 2235 706 ipsum
2261 647 2453 691 castum
2483 637 2678 689 custodi
2712 634 2764 706 (1
2793 635 2922 689 Tim.
2953 653 3003 702 v,
3027 637 3144 706 22).
3178 638 3351 697 Perire

1779 727 2068 780 vo'entiutn
2115 727 2345 780 nitamur
2384 727 2656 782 declinare
2705 728 3029 796 perniciem;
3077 739 3167 797 et,
3218 729 3354 800 quod

1781 821 1954 874 sutum
1997 820 2175 876 facere
2217 821 2527 884 debeamus,
2571 821 2804 876 divinam
2847 837 2944 891 pro
2988 822 3092 877 illis
3132 838 3355 882 exorare

1781 911 2150 975 clementiam,
2179 920 2237 964 ut
2283 911 2597 981 resipiscam
2623 927 2652 965 a
2693 911 2887 965 diaboli
2932 912 3135 981 laqueis
3178 928 3208 966 a
3253 929 3360 982 quo

1781 1002 1918 1072 capti
1952 1003 2258 1058 detinentur
2288 1001 2314 1040 δ
2345 1002 2414 1056 ab
2462 1002 2626 1071 ipsius
2658 1004 2966 1057 voluntate:
2999 1013 3055 1058 ut
3088 1005 3154 1058 ab
3197 1005 3360 1060 obsti-

1784 1097 1998 1148 natione
2026 1093 2299 1146 mortifera
2342 1092 2690 1161 respirantes,
2739 1103 2937 1159 pestem
2969 1108 3125 1162 quam
3158 1107 3216 1146 se
3257 1093 3359 1147 hu-

1790 1185 2021 1238 tnanitus
2063 1183 2311 1237 incidisse
2345 1184 2506 1238 etiam
2548 1183 2645 1250 ipsi
2684 1185 2953 1247 sentiunt,
2997 1183 3164 1236 inutili
3209 1198 3361 1238 verc-

1783 1273 1989 1326 cundia:
2021 1273 2274 1341 languore
2313 1271 2578 1338 deposito,
2624 1271 2688 1323 ad
2712 1271 3072 1339 recuperanda
3121 1273 3359 1326 remedia

1783 1363 2100 1431 sempiterni
2136 1363 2304 1416 libero
2335 1362 2494 1415 corde
2533 1362 2864 1428 resipiscant.
2901 1362 2990 1414 llis
3019 1378 3148 1432 ergo
3176 1365 3359 1430 eogni-

1786 1455 1850 1507 tis
1876 1469 1994 1521 quae
2023 1454 2160 1507 sicut
2187 1453 2417 1506 diximus
2459 1453 2524 1506 ad
2572 1454 2848 1521 regionum
2893 1462 3188 1506 vestrarum
3234 1463 3361 1507 sunt

1785 1544 1985 1597 directa
2029 1543 2337 1611 pontiﬁces,
2382 1553 2438 1597 et
2481 1543 2580 1611 ipsi
2630 1551 2940 1611 protegente
2997 1557 3089 1596 vos
3137 1543 3360 1597 Domino

1788 1633 1994 1687 debetis
2039 1647 2160 1687 esse
2211 1633 2595 1687 convenienter
2649 1633 2923 1698 instructi,
2973 1643 3025 1686 et
3073 1634 3360 1701 provinciis

1786 1724 1970 1777 eadem
2001 1724 2298 1792 quibusque
2329 1723 2349 1751 ⁶
2380 1722 2642 1788 contiguis
2689 1721 3003 1776 ﬁducialiter
3047 1724 3357 1790 praedicare.

155 1814 259 1882 quod
286 1825 445 1882 utique
482 1814 581 1866 nisi
621 1813 853 1882 legitime
882 1814 1185 1876 certaveris,
1224 1830 1326 1867 non
1377 1825 1524 1883 potes
1558 1830 1679 1881 per-
1711 1809 1754 1867 B
1783 1814 1919 1868 Nihil
1949 1823 2031 1868 est
2059 1814 2197 1876 enim
2230 1814 2368 1882 quod
2413 1827 2611 1881 pavere
2648 1813 2962 1876 debeamus,
3003 1827 3121 1866 cum
3153 1824 3358 1866 certum

154 1908 311 1959 venire.
345 1905 508 1959 Tanto
542 1905 727 1968 enim,
776 1913 1064 1974 praestante
1113 1904 1359 1968 Domino,
1405 1904 1556 1958 nobis
1598 1914 1679 1957 est

153 1998 402 2051 instandum
433 1996 896 2066 vigilandumque,
932 2004 1128 2064 quanto
1163 1997 1261 2050 sub
1291 1996 1406 2065 ipso
1439 1995 1544 2050 ﬁne
1568 1996 1678 2065 jam

153 2089 292 2141 mundi
318 2087 678 2141 vehementior
721 2086 937 2140 humani
976 2086 1188 2155 generis
1232 2086 1401 2141 hostis
1433 2088 1679 2142 insistere

154 2195 231 2232 nun
268 2180 487 2245 quiescit.
532 2177 680 2232 Nihil
728 2177 1091 2246 signiﬁcamus
1140 2177 1426 2243 omissum,
1471 2187 1496 2214 ο
1539 2179 1678 2248 quod

153 2283 215 2321 aut
242 2270 530 2323 correctioni
561 2284 744 2322 rerum
787 2283 920 2337 quas
951 2269 1002 2322 in
1035 2269 1297 2324 Ecelesias
1321 2270 1554 2324 Orientis
1593 2285 1679 2326 se-

155 2361 324 2414 minatit
345 2362 609 2426 inimicus,
643 2361 857 2414 Patrum
884 2359 1080 2429 regulis
1107 2371 1487 2430 congruentem
1515 2362 1682 2430 possit

152 2452 355 2505 adhibere
383 2452 730 2504 medicinam.
770 2449 874 2504 Sed
905 2449 1029 2519 quid
1063 2449 1322 2505 facimus?
1362 2452 1482 2520 quia
1512 2451 1682 2507 obdu-

152 2543 247 2595 ratis
271 2542 466 2596 auribus
501 2557 692 2595 vocem
735 2539 1002 2610 refugiunt
1035 2523 1276 2596 veritatis
1313 2541 1520 2609 audire,
1565 2552 1680 2596 tan-

150 2643 269 2702 taque
292 2636 360 2687 vis
385 2633 552 2688 morbi
588 2633 864 2686 saevientis
895 2631 1163 2698 ineubuit,
1196 2641 1255 2686 ut
1283 2648 1464 2687 secum
1495 2635 1680 2689 malint

149 2729 284 2780 salvos
306 2741 533 2796 quosque
575 2724 851 2779 lcthaliter
881 2732 1168 2793 aagrotare,
1208 2737 1366 2792 quam
1406 2724 1678 2793 ipsi-reci-

148 2833 242 2885 pere
265 2818 565 2879 sanitatem;
605 2829 744 2868 nunc
777 2812 1074 2867 inﬁciantcs
1104 2813 1348 2867 universa
1380 2829 1498 2882 quas
1539 2813 1679 2883 ipso-

148 2923 233 2960 rum
259 2907 459 2976 cbartis,
491 2909 735 2978 ipsorum
763 2905 1243 2974 subscriptionibus
1280 2903 1673 2976 approbamus;

149 3019 254 3057 nunc
287 3018 396 3056 cum
444 3001 733 3056 manifesta
777 3015 953 3054 rerum
1009 3000 1202 3054 fuerint
1250 2999 1368 3054 luce
1415 3001 1673 3066 convicti,

151 3093 281 3160 palam
314 3103 591 3162 apetteqtte
622 3091 852 3144 fatentes
901 3104 1134 3144 errorem
1160 3131 1174 3155 ,
1215 3089 1355 3143 nolle
1400 3105 1458 3145 se
1499 3101 1674 3146 tamen

1781 1905 1905 1958 sita
1937 1903 2138 1970 cmlesti
2188 1901 2422 1956 Praesule
2462 1917 2567 1956 non
2606 1901 2903 1968 derelinqui
2943 1917 3077 1969 quos
3107 1918 3220 1955 suae
3261 1917 3355 1957 ve-

1783 1999 1953 2053 ritatis
1985 1997 2230 2065 prmstitit
2256 2011 2401 2050 arma
2435 2004 2694 2058 tractare;
2730 2010 2827 2048 nec
2857 1995 3142 2064 quidquam
3177 1996 3357 2048 vitlea-

1783 2103 1902 2142 mus
1943 2090 1990 2142 ei
2037 2089 2308 2140 ullatenus
2349 2085 2770 2153 preferendum,
2819 2099 2936 2136 eum
2979 2085 3118 2151 ipsas
3156 2085 3358 2138 animas

1783 2188 1993 2234 nostras
2026 2193 2122 2248 pro
2157 2191 2343 2232 earum
2388 2191 2488 2230 nos
2517 2175 2747 2228 voluerit
2790 2175 2961 2227 salute
2993 2181 3358 2228 contemnere.

1781 2273 2020 2339 Qualiter
2065 2279 2241 2324 autem
2274 2269 2354 2323 vel
2389 2268 2629 2336 proﬁciat
2675 2267 2867 2320 ibidem
2911 2265 3179 2334 religionis
3213 2265 3358 2324 jnte.

1780 2367 1978 2437 gritas,
2033 2363 2114 2418 vel
2168 2363 2293 2430 quid
2347 2361 2566 2415 forsitan
2615 2367 2911 2419 asscratur,
2961 2358 3154 2425 saepius
3207 2357 3358 2412 nobis

1781 2466 1959 2511 vestra
1989 2454 2203 2510 dilectio
2232 2468 2336 2506 non
2367 2453 2577 2506 omittat
2602 2449 2917 2513 ostendere;
2950 2443 3004 2501 tit
3033 2449 3354 2514 necessaria,

1780 2548 1994 2602 Christo
2019 2547 2313 2614 tribuente,
2356 2544 2592 2600 subsidia
2636 2543 2906 2612 responsis
2946 2541 3358 2611 congruentibus

1781 2641 2166 2695 ministremus.

1912 2730 2121 2785 Subscri
2126 2731 2230 2795 ptio
2260 2745 2425 2799 papas.

1783 2825 1920 2880 Deus
1952 2834 2003 2879 te
2029 2823 2344 2878 incolumem
2376 2821 2662 2888 cuSEOtlial,
2693 2821 2764 2874 ﬁli
2795 2819 3159 2874 dilectissime.

1937 2959 2263 3014 EPISTULA
2305 2958 2369 3012 IV
2409 2958 2537 3012 SEU
2584 2969 2604 2995 ε
2645 2955 3215 3010 ΟΟΜΜΟΝΙΤΟΒΙΗΜ

1854 3067 1916 3104 Αι
1952 3053 1970 3067 ’
2007 3065 2245 3107 γλυετωι
2284 3065 2578 3105 κλοιετηωι
2625 3063 2939 3102 FUNGl-TNTEII
2981 3063 3287 3102 LEGATIONIS

2187 3135 2393 3174 OFFICIO
2430 3132 2932 3173 CONSTA‘NTINOPOLI.

151 3191 298 3241 reverti
333 3190 392 3240 ad
420 3189 556 3241 viam
600 3201 752 3257 pura:
793 3186 1143 3242 confessionis
1178 3190 1673 3257 communionisquc

1788 3213 2017 3264 Acacium
2033 3213 2152 3281 jure
2173 3229 2202 3263 a
2224 3212 2343 3263 sede
2367 3211 2645 3279 apostolica
2674 3213 2992 3281 damnatum,
3019 3217 3064 3260 rt
3085 3208 3135 3260 in
3157 3224 3351 3281 exeam.

152 3279 436 3344 '.estantur;
467 3278 559 3332 sed
603 3292 708 3331 nos
751 3279 928 3347 potius
973 3289 1278 3346 exspectant
1319 3281 1426 3335 suis
1473 3296 1674 3349 pracva-

152 3371 410 3423 ricatortbus
445 3369 736 3438 implicari.
779 3368 1132 3438 Quapropter,
1176 3371 1430 3441 largiente
1477 3371 1674 3426 Christi

153 3459 303 3523 gratia,
331 3461 523 3528 magnis
553 3457 754 3512 studiis
785 3468 866 3513 est
903 3461 1194 3528 agendum,
1225 3469 1283 3515 ut
1323 3463 1444 3530 quia
1474 3462 1541 3516 de
1571 3465 1673 3516 vita

155 3556 353 3614 perpetua
392 3549 467 3601 vel
498 3546 801 3600 amittenda
842 3561 927 3601 res
971 3549 1145 3617 agitur
1173 3552 1255 3604 vel
1303 3552 1527 3606 tenenda
1584 3553 1675 3608 dc-

209 3688 229 3715 ⁸
255 3681 377 3745 Quod
411 3693 496 3736 aut
667 3694 755 3736 aut
805 3692 1008 3749 Patrum
1047 3684 1250 3751 regulis.
1291 3684 1378 3739 Sic
1421 3686 1676 3741 blaﬁ‘eius.

159 3751 242 3802 Sed
266 3768 363 3804 eum
390 3753 791 3807 incommodum
821 3754 889 3806 sit
917 3755 1205 3807 secundum
1234 3764 1354 3820 aut,
1380 3757 1680 3812 redundare

159 3821 332 3874 oroiode
359 3823 554 3876 videtur
585 3831 644 3876 et
677 3826 926 3885 primum.

250 3890 382 3945 Deest
405 3895 536 3958 apud
573 3891 846 3946 Maﬁ‘eiom
877 3892 1178 3960 prtepos’tio
1201 3894 1285 3949 ab.

245 3965 352 4014 Cum
376 3963 744 4016 Theudoricus
764 3961 1056 4016 Gothorum
1086 3978 1200 4027 rex,
1237 3972 1353 4030 post
1377 3964 1672 4026 Odoacrem

158 4043 294 4095 regem
333 4031 640 4086 Herulornm
688 4033 957 4085 devictum
999 4041 1049 4085 et
1091 4035 1355 4094 occisum,
1407 4052 1506 4088 una
1554 4053 1674 4091 cum

159 4098 354 4170 flavenna
383 4106 583 4170 integra
621 4101 774 4154 Italia
818 4102 1010 4166 potitus
1038 4112 1211 4165 esset,
1254 4103 1396 4157 bello
1423 4106 1675 4158 diutttruo

159 4165 350 4242 fatigatus
368 4174 427 4225 ad
447 4165 798 4242 Anastasium
822 4165 1194 4242 imperatorem
1213 4173 1672 4242 Constantinopoli

159 4234 413 4313 degentem,
454 4242 590 4296 duos
623 4234 793 4294 hosce
834 4234 1036 4313 legatos
1068 4242 1318 4313 Faustum
1365 4234 1671 4313 magistrum

160 4306 429 4379 ofttdorum,
467 4323 521 4366 et
554 4313 822 4364 Irenmum
853 4306 1145 4378 ablegavit,
1185 4314 1270 4379 qtti
1300 4314 1365 4366 ad
1395 4306 1671 4368 obtentum

162 4375 281 4449 Italia:
304 4395 501 4446 regnum
531 4380 738 4435 rectius
767 4375 1174 4445 stabiliendum,
1203 4375 1387 4449 pacem
1418 4385 1518 4438 sibi
1548 4400 1676 4439 con-

164 4447 245 4522 cedi
279 4460 491 4514 peterent
535 4460 588 4506 et
623 4451 999 4522 impetrarent.
1052 4449 1161 4522 llac
1199 4447 1484 4507 occasione
1519 4454 1678 4508 Gela-

165 4519 242 4590 suis
267 4535 407 4584 papa,
447 4536 588 4578 anno
618 4519 960 4586 pontiﬁcatus
988 4521 1070 4572 sui
1095 4520 1165 4583 2,
1198 4522 1350 4575 alteri
1382 4524 1672 4590 legatorum

1851 3279 2192 3334 nutnicatione
2220 3290 2473 3332 mortuum
2501 3297 2598 3333 non
2626 3295 2772 3348 posse
2805 3279 3018 3344 absolvi,
3047 3287 3091 3330 et
3121 3294 3234 3348 cum
3264 3279 3351 3331 illo

1850 3369 1948 3404 non
1984 3351 2477 3404 communicandum.
2627 3343 2637 3348 ⁷
3121 3343 3147 3361 ’

1851 3466 1960 3536 Ego
1987 3480 2194 3536 quoque
2227 3473 2409 3520 mente
2448 3463 2659 3532 percepi
2702 3463 2794 3535 [aL
2846 3462 3096 3533 prmcepi]
3139 3463 3354 3519 Graecos

1779 3563 1830 3614 in
1861 3576 1956 3615 sua
1981 3558 2339 3613 obstinatione
2368 3571 2668 3617 mansuros,
2699 3571 2797 3610 nec
2821 3555 2901 3609 cui
2937 3556 3078 3609 velut
3112 3557 3352 3619 inspera-

1781 3701 1964 3746 contra
2011 3689 2313 3759 pontiﬁcem
2361 3689 2657 3759 Romanum
2704 3687 2965 3759 Anastasii
3017 3687 3352 3759 imperatoris

1782 3756 2057 3825 invidiam,
2092 3761 2145 3814 in
2175 3761 2363 3826 vulgus
2391 3758 2649 3826 sparserit
2679 3758 2850 3826 ipst
2879 3756 3216 3826 Auastasium
3254 3757 3353 3810 im-

1687 3883 1694 3892 ,
1782 3841 2103 3898 peratorent,
2135 3825 2306 3897 neque
2336 3829 2403 3880 ab
2432 3827 2683 3898 episcopo
2715 3825 2862 3898 urbis
2891 3825 3091 3888 ltom-r,
3127 3840 3296 3891 neque
3322 3842 3352 3881 a

1783 3894 2025 3954 Romano
2053 3894 2236 3953 senatu
2267 3897 2462 3964 recipi,
2493 3895 2734 3962 adeoque
2764 3894 3136 3964 imperatorem
3163 3904 3352 3964 contra

1784 3971 1978 4024 Urbem
2012 3978 2066 4023 et
2094 3963 2402 4035 episcopum
2430 3965 2801 4035 commoverit.
2854 3963 2930 4019 Ne
2973 3963 3352 4035 igitur-horum

1781 4040 2062 4094 occasione
2094 4033 2328 4091 llomana
2359 4035 2592 4089 Ecclesia
2641 4036 2692 4087 in
2738 4034 3024 4087 discrimen
3061 4033 3352 4091 adducere-

1783 4120 1889 4173 tur,
1909 4118 2068 4177 atque
2094 4108 2234 4161 inter
2256 4107 2390 4160 duos
2419 4103 2992 4177 ltmrcticosprlncipes
3015 4104 3350 4177 Anastasium

1780 4190 1834 4233 et
1853 4173 2243 4232 Theotloricum
2273 4185 2496 4238 arctata,
2524 4174 2828 4229 durioribus
2853 4173 3113 4241 angustiis
3141 4188 3352 4242 preme-

1782 4258 1949 4314 retur,
1992 4248 2189 4301 Fausto
2218 4245 2514 4299 ofﬁciorum
2545 4245 2817 4312 magistro,
2848 4243 2963 4296 viro
2997 4243 3348 4314 pientissimo,

1784 4313 1943 4372 tante
1975 4318 2130 4372 molis
2174 4316 2442 4381 negotium
2470 4315 2724 4377 credidit,
2776 4321 2833 4366 ut
2876 4328 2996 4365 cum
3033 4322 3186 4381 esset
3211 4313 3350 4366 (lon-

1782 4389 2156 4453 stantinopoli,
2207 4380 2415 4452 objecta
2456 4383 2722 4447 dilueret,
2772 4390 2968 4453 tentata
3003 4380 3348 4453 destrueret,

1782 4467 1940 4525 atque
1978 4451 2255 4526 sequester
2278 4451 2439 4526 pacis
2469 4455 2746 4526 existens,
2775 4451 3351 4526 _Orient:_alis_Ecclesi:e

1782 4519 1900 4581 cum
1933 4519 2260 4580 Occidentali
2291 4519 2601 4576 conciliator
2629 4521 2936 4576 accederet.
2969 4519 3244 4574 l’rofectus
3271 4530 3353 4574 est

170 4583 632 4668 liaustctoﬁici‘oruni
660 4590 932 4668 magistro
960 4603 1184 4668 causam
1225 4591 1366 4645 illam
1393 4583 1526 4668 qua:
1553 4609 1672 4668 cum
1707 4611 1755 4668 ι)
1787 4598 2046 4659 Faustus,
2091 4596 2437 4668 gnaviterquc
2476 4603 2779 4668 susceptum
2813 4590 3080 4668 negotium
3115 4591 3351 4668 peregi};

170 4651 400 4718 Euphemio
446 4651 1048 4723 Constantinopolitano
1099 4659 1275 4713 adhuc
1327 4651 1674 4717 schismatico

169 4726 426 4798 ferebatur,
458 4727 887 4789 commendavit,
920 4737 976 4780 ttt
1006 4731 1322 4797 aequissimis
1348 4733 1676 4798 jussionibus

172 4791 361 4870 Ecclesiae
391 4797 639 4851 Romanae
673 4799 978 4870 obtempera
989 4791 1082 4860 ns,
1098 4791 1365 4870 ejusdetn'
1382 4803 1676 4855 communi-

169 4867 370 4919 cationem
399 4870 659 4921 hactenus
691 4867 884 4919 frustra
931 4869 1220 4933 expetitatn
1269 4874 1523 4934 consepti
1569 4889 1678 4927 ute-

173 4942 342 5006 t’fretur.
369 4936 524 5003 Hujus
547 4938 755 5005 negotii
776 4937 1088 5002 expediendi
1113 4939 1248 4992 ratio
1279 4943 1559 4995 commissa
1597 4953 1680 4995 est

174 4995 319 5079 fausto
351 5021 410 5079 ea
440 4995 506 5061 de
547 4995 750 5079 eausa,
794 4995 930 5079 quod
979 5007 1304 5074 Euphemius
1347 5013 1674 5078 patriarcha,

175 5067 324 5149 belasii
345 5076 566 5149 epistolis
597 5067 1162 5149 duabus-admouiius,
1203 5067 1394 5131 nomen
1426 5083 1601 5133 Acacii
1648 5067 1678 5134 ὁ

174 5136 325 5218 {abit-is
346 5136 488 5218 sueris
515 5161 624 5200 non
655 5147 949 5218 modo‘non
975 5136 1312 5213 exputt’xertt,
1343 5150 1436 5202 sed
1462 5159 1516 5203 et
1539 5151 1681 5218 ejus-

171 5204 272 5258 dem
297 5212 569 5285 (Μαιάεωί
624 5215 982 5285 patrocinium
1031 5204 1360 5283 susceperit,
1416 5204 1586 5285 atque.
1619 5237 1680 5274 ea

171 5290 265 5356 ψιεε
282 5282 680 5356 εοΙειιεδξτειίδὶ
707 5293 762 5338 et
783 5283 1106 5356 schismatici
1135 5282 1318 5340 contra
1346 5282 1526 5342 sedem
1554 5305 1682 5356 ap..-

173 5345 366 5402 atolicatn
382 5351 683 5420 etfutiverit;
707 5354 956 5424 quodque
976 5355 1213 5421 demum,
1232 5357 1296 5411 ad
1314 5345 1684 5414 concitandam

224 5466 234 5535 ξ
261 5467 308 5519 1η
333 5469 470 5535 edit.,
499 5473 819 5525 desistimus.
911 5495 918 5500 ’

222 5533 237 5608 ξ
263 5536 308 5608 lu
330 5533 468 5602 edit.,
490 5559 551 5596 ea:
582 5543 774 5595 litteris
798 5543 1066 5608 siquidem.

223 5603 238 5676 θ
263 5606 390 5661 Deest
419 5613 466 5663 in
493 5613 655 5675 θύη..
687 5603 917 5675 proinde.

227 5681 237 5754 ξ
265 5676 305 5754 lu
331 5682 446 5754 edit.
473 5691 644 5742 recte,
675 5681 741 5732 ob
766 5691 984 5743 tetri-tne.
1015 5695 1115 5737 etc.

233 5747 237 5764 ⁵
264 5746 307 5800 lt!
334 5751 472 5816 (κύμη
500 5760 763 5818 testantes,
793 5761 841 5805 el
875 5756 1004 5806 tatl'ta
1034 5763 1392 5823 exspectantes.

1780 4669 1872 4720 setl
1905 4683 2008 4719 non
2039 4659 2417 4725 ett—sententia,
2469 4674 2524 4714 ttt
2568 4659 2686 4716 erat
2739 4661 2790 4713 iu
2840 4661 3056 4722 otitatis,
3104 4659 3352 4722 absolvi',

1781 4738 2083 4804 refragante
2134 4734 2448 4800 Euphemio,
2497 4732 2795 4804 etmmajora
2841 4731 3079 4804 rixarum
3123 4729 3354 4785 fotttcnta

1783 4798 2061 4859 niseéute.
2112 4798 2228 4870 Qui
2254 4814 2306 4857 et
2337 4804 2402 4856 de
2429 4802 2676 4853 omnibus
2707 4815 2824 4868 qur.
2849 4814 2970 4870 cum
3013 4798 3130 4865 ipso
3184 4807 3355 4870 trans-

1785 4886 1900 4928 acta
1930 4885 2111 4935 erant.
2138 4869 2282 4928 datis
2311 4872 2378 4926 ad
2403 4871 2675 4926 Gelasium
2707 4869 2898 4923 litteris
2919 4883 3040 4921 eum
3072 4869 3356 4920 certiorem

1789 4945 2035 5000 reddidit.
2067 4945 2270 5007 Quibus
2299 4941 2808 5014 acceptis‘Gelasius
2835 4938 2900 4991 ad
2930 4952 3052 5014 eum
3085 4936 3356 5014 rescripsit

1787 5015 1925 5068 hanc
1951 5006 2340 5084 defensionem,
2365 5006 2465 5084 qua
2493 5010 2921 5084 adversariorum
2957 5006 3248 5084 calumnias
3263 5021 3357 5084 _re-

1789 5086 1977 5138 fellere
2020 5094 2216 5150 posset.
2273 5078 2422 5136 Unde
2465 5097 2570 5132 non
2616 5078 2885 5150 immerito
2926 5078 3359 5150 comtttouitorium

1789 5144 2142 5221 nuncupatur,
2191 5169 2310 5206 eum
2357 5167 2418 5204 eo
2450 5151 2582 5221 ipso
2629 5165 2657 5201 a
2709 5146 2957 5221 pontiﬁce
2985 5144 3360 5221 admoneatur,

1789 5215 2018 5292 quonam
2052 5215 2208 5276 modo
2233 5215 3044 5292 calumniantiumpetulantiam
3079 5215 3361 5292 validc_re-

1793 5284 2016 5346 tundere
2041 5301 2216 5361 queat.
2254 5291 2376 5361 llaec
2405 5304 2467 5343 ex
2501 5284 2728 5342 Barouio
2758 5301 2899 5341 anno
2927 5284 3052 5349 ‘93,
3080 5300 3224 5337 num.
3251 5285 3284 5337 5
3313 5293 3360 5337 ct

1792 5360 2158 5432 sequentibus.
2200 5363 2326 5417 Sev.
2363 5360 2558 5412 Bittius.

1863 5477 1883 5505 ⁸
1916 5475 2072 5528 Deest
2103 5476 2154 5528 itt
2186 5474 2315 5528 edit.
2338 5473 2608 5542 contiguis.

1863 5548 1880 5574 ⁷
1921 5546 2059 5598 Sunt
2094 5546 2179 5612 qui
2225 5545 2433 5597 Festum
2471 5536 2646 5594 dicant
2678 5540 2776 5610 legi
2807 5546 3056 5612 oportere
3090 5550 3243 5612 :_ncc
3273 5536 3358 5612 sel

1796 5615 2007 5670 Gelasio
2039 5607 2171 5682 papa
2209 5616 2347 5667 hunc:
2384 5615 2608 5681 legatum
2640 5607 2812 5684 fuisse
2851 5607 3357 5684 Cttnstatttititttittlitt

1793 5703 1819 5736 a
1851 5676 2185 5737 'l‘lteotlorico
2215 5701 2356 5752 rege,
2388 5676 2477 5738 sed
2508 5684 2602 5734 sub
2625 5678 2904 5733 Anastasio
2938 5676 3131 5730 (ἔειλεῐί
3160 5692 3354 5728 sutces

1795 5770 1930 5810 sure.
1969 5754 2228 5810 litantis.
