  <div class='ocr_page' id='page_1' title='image "/cluster/home/n/w/nwhite01/storage/ocr_20150623/59/hvd.32044073505257/043.png"; bbox 0 0 3948 6314; ppageno 0'>
   <div class='ocr_carea' id='block_1_1' title="bbox 540 361 3776 439">
    <p class='ocr_par' dir='ltr' id='par_1_1' title="bbox 540 361 3776 439">
     <span class='ocr_line' id='line_1_1' title="bbox 540 361 3776 439; baseline 0.012 -33"><span class='ocrx_word' id='word_1_1' title='bbox 540 383 605 435; x_wconf 60' lang='grc' dir='ltr'><strong>ε,</strong></span> <span class='ocrx_word' id='word_1_2' title='bbox 1884 368 2149 424; x_wconf 62' lang='lat' dir='ltr'><strong>causa</strong></span> <span class='ocrx_word' id='word_1_3' title='bbox 2192 368 2389 423; x_wconf 64' lang='lat' dir='ltr'><strong>Pan-r2</strong></span> <span class='ocrx_word' id='word_1_4' title='bbox 3350 436 3353 439; x_wconf 85' lang='lat'><strong>.</strong></span> <span class='ocrx_word' id='word_1_5' title='bbox 3715 361 3776 417; x_wconf 69' lang='grc' dir='ltr'><strong>εδ</strong></span> 
     </span>
    </p>
   </div>
   <div class='ocr_carea' id='block_1_2' title="bbox 539 480 3775 557">
    <p class='ocr_par' dir='ltr' id='par_1_2' title="bbox 539 480 3775 557">
     <span class='ocr_line' id='line_1_2' title="bbox 539 480 3775 557; baseline -0.002 -16"><span class='ocrx_word' id='word_1_6' title='bbox 539 502 646 545; x_wconf 87' lang='lat' dir='ltr'><strong>tum</strong></span> <span class='ocrx_word' id='word_1_7' title='bbox 678 489 842 542; x_wconf 72' lang='lat' dir='ltr'><strong>videri</strong></span> <span class='ocrx_word' id='word_1_8' title='bbox 876 496 1069 557; x_wconf 86' lang='lat' dir='ltr'><strong>potest,</strong></span> <span class='ocrx_word' id='word_1_9' title='bbox 1094 484 1233 555; x_wconf 90' lang='lat' dir='ltr'><strong>quod</strong></span> <span class='ocrx_word' id='word_1_10' title='bbox 1267 494 1348 541; x_wconf 82' lang='lat' dir='ltr'><strong>est</strong></span> <span class='ocrx_word' id='word_1_11' title='bbox 1377 492 1499 538; x_wconf 90' lang='lat' dir='ltr'><strong>ante</strong></span> <span class='ocrx_word' id='word_1_12' title='bbox 1530 483 1621 555; x_wconf 83' lang='grc' dir='ltr'><strong>[αι.</strong></span> <span class='ocrx_word' id='word_1_13' title='bbox 1653 482 1706 536; x_wconf 90' lang='lat' dir='ltr'><strong>in</strong></span> <span class='ocrx_word' id='word_1_14' title='bbox 1736 480 1881 552; x_wconf 87' lang='lat' dir='ltr'><strong>ante]</strong></span> <span class='ocrx_word' id='word_1_15' title='bbox 1910 495 2110 551; x_wconf 66' lang='grc' dir='ltr'><strong>ριξηαρ-</strong></span> <span class='ocrx_word' id='word_1_16' title='bbox 2140 491 2193 548; x_wconf 76' lang='grc' dir='ltr'>Α</span> <span class='ocrx_word' id='word_1_17' title='bbox 2218 496 2307 541; x_wconf 90' lang='lat' dir='ltr'><strong>aut</strong></span> <span class='ocrx_word' id='word_1_18' title='bbox 2334 501 2391 539; x_wconf 88' lang='lat' dir='ltr'><strong>se</strong></span> <span class='ocrx_word' id='word_1_19' title='bbox 2423 499 2579 538; x_wconf 44' lang='lat' dir='ltr'><strong>noss‘</strong></span> <span class='ocrx_word' id='word_1_20' title='bbox 2611 482 2909 535; x_wconf 75' lang='lat' dir='ltr'><strong>dissimulat</strong></span> <span class='ocrx_word' id='word_1_21' title='bbox 2929 522 2943 543; x_wconf 86' lang='lat'><strong>,</strong></span> <span class='ocrx_word' id='word_1_22' title='bbox 2992 481 3042 534; x_wconf 93' lang='lat' dir='ltr'><strong>in</strong></span> <span class='ocrx_word' id='word_1_23' title='bbox 3075 495 3175 549; x_wconf 86' lang='lat' dir='ltr'><strong>qua</strong></span> <span class='ocrx_word' id='word_1_24' title='bbox 3207 481 3387 548; x_wconf 89' lang='lat' dir='ltr'><strong>utique</strong></span> <span class='ocrx_word' id='word_1_25' title='bbox 3415 494 3509 546; x_wconf 90' lang='lat' dir='ltr'><strong>per</strong></span> <span class='ocrx_word' id='word_1_26' title='bbox 3533 495 3775 533; x_wconf 72' lang='lat' dir='ltr'><strong>numero-</strong></span> 
     </span>
    </p>
   </div>
   <div class='ocr_carea' id='block_1_3' title="bbox 538 573 2111 651">
    <p class='ocr_par' dir='ltr' id='par_1_3' title="bbox 538 573 2111 651">
     <span class='ocr_line' id='line_1_3' title="bbox 538 573 2111 651; baseline -0.004 -16"><span class='ocrx_word' id='word_1_27' title='bbox 538 584 761 651; x_wconf 81' lang='lat' dir='ltr'><strong>gnitutn.</strong></span> <span class='ocrx_word' id='word_1_28' title='bbox 784 582 1122 649; x_wconf 77' lang='lat' dir='ltr'><strong>Quapropter</strong></span> <span class='ocrx_word' id='word_1_29' title='bbox 1148 580 1161 609; x_wconf 79' lang='lat'>&#39;</span> <span class='ocrx_word' id='word_1_30' title='bbox 1188 592 1290 632; x_wconf 93' lang='lat' dir='ltr'><strong>non</strong></span> <span class='ocrx_word' id='word_1_31' title='bbox 1316 578 1423 645; x_wconf 91' lang='lat' dir='ltr'><strong>jam</strong></span> <span class='ocrx_word' id='word_1_32' title='bbox 1451 584 1667 645; x_wconf 80' lang='lat' dir='ltr'><strong>propter</strong></span> <span class='ocrx_word' id='word_1_33' title='bbox 1692 573 1963 644; x_wconf 77' lang='lat' dir='ltr'><strong>religionis</strong></span> <span class='ocrx_word' id='word_1_34' title='bbox 1985 589 2111 630; x_wconf 86' lang='lat' dir='ltr'><strong>cau-</strong></span> 
     </span>
    </p>
   </div>
   <div class='ocr_carea' id='block_1_4' title="bbox 538 667 2117 741">
    <p class='ocr_par' dir='ltr' id='par_1_4' title="bbox 538 667 2117 741">
     <span class='ocr_line' id='line_1_4' title="bbox 538 667 2117 741; baseline -0.004 -13"><span class='ocrx_word' id='word_1_35' title='bbox 538 688 625 728; x_wconf 80' lang='lat' dir='ltr'><strong>sas</strong></span> <span class='ocrx_word' id='word_1_36' title='bbox 654 674 871 727; x_wconf 83' lang='lat' dir='ltr'><strong>student</strong></span> <span class='ocrx_word' id='word_1_37' title='bbox 896 670 1328 741; x_wconf 76' lang='lat' dir='ltr'><strong>dispositionibus</strong></span> <span class='ocrx_word' id='word_1_38' title='bbox 1368 668 1590 738; x_wconf 82' lang='lat' dir='ltr'><strong>publicis</strong></span> <span class='ocrx_word' id='word_1_39' title='bbox 1629 667 1866 733; x_wconf 84' lang='lat' dir='ltr'><strong>obviare,</strong></span> <span class='ocrx_word' id='word_1_40' title='bbox 1894 668 1989 723; x_wconf 88' lang='lat' dir='ltr'><strong>sed</strong></span> <span class='ocrx_word' id='word_1_41' title='bbox 2022 682 2117 736; x_wconf 82' lang='lat' dir='ltr'><strong>po-</strong></span> 
     </span>
    </p>
   </div>
   <div class='ocr_carea' id='block_1_5' title="bbox 539 758 2115 833">
    <p class='ocr_par' dir='ltr' id='par_1_5' title="bbox 539 758 2115 833">
     <span class='ocr_line' id='line_1_5' title="bbox 539 758 2115 833; baseline -0.004 -15"><span class='ocrx_word' id='word_1_42' title='bbox 539 765 646 818; x_wconf 89' lang='lat' dir='ltr'><strong>tius</strong></span> <span class='ocrx_word' id='word_1_43' title='bbox 669 779 763 833; x_wconf 90' lang='lat' dir='ltr'><strong>per</strong></span> <span class='ocrx_word' id='word_1_44' title='bbox 782 763 1116 819; x_wconf 76' lang='lat' dir='ltr'><strong>occasionem</strong></span> <span class='ocrx_word' id='word_1_45' title='bbox 1142 760 1419 830; x_wconf 89' lang='lat' dir='ltr'><strong>legationis</strong></span> <span class='ocrx_word' id='word_1_46' title='bbox 1440 759 1599 829; x_wconf 62' lang='lat' dir='ltr'><strong>regia:</strong></span> <span class='ocrx_word' id='word_1_47' title='bbox 1620 758 1932 813; x_wconf 84' lang='lat' dir='ltr'><strong>catholicam</strong></span> <span class='ocrx_word' id='word_1_48' title='bbox 1956 758 2115 812; x_wconf 88' lang='lat' dir='ltr'><strong>fidem</strong></span> 
     </span>
    </p>
   </div>
   <div class='ocr_carea' id='block_1_6' title="bbox 540 848 2118 921">
    <p class='ocr_par' dir='ltr' id='par_1_6' title="bbox 540 848 2118 921">
     <span class='ocr_line' id='line_1_6' title="bbox 540 848 2118 921; baseline -0.004 -12"><span class='ocrx_word' id='word_1_49' title='bbox 540 855 831 909; x_wconf 88' lang='lat' dir='ltr'><strong>moliuntur</strong></span> <span class='ocrx_word' id='word_1_50' title='bbox 849 863 1111 917; x_wconf 77' lang='lat' dir='ltr'><strong>evertere,</strong></span> <span class='ocrx_word' id='word_1_51' title='bbox 1134 862 1187 905; x_wconf 92' lang='lat' dir='ltr'><strong>et</strong></span> <span class='ocrx_word' id='word_1_52' title='bbox 1209 852 1296 905; x_wconf 84' lang='lat' dir='ltr'><strong>tali</strong></span> <span class='ocrx_word' id='word_1_53' title='bbox 1324 859 1627 904; x_wconf 90' lang='lat' dir='ltr'><strong>commento</strong></span> <span class='ocrx_word' id='word_1_54' title='bbox 1656 849 1749 921; x_wconf 84' lang='grc' dir='ltr'><strong>[αι.</strong></span> <span class='ocrx_word' id='word_1_55' title='bbox 1774 848 2118 918; x_wconf 80' lang='lat' dir='ltr'><strong>commercio]</strong></span> 
     </span>
    </p>
   </div>
   <div class='ocr_carea' id='block_1_7' title="bbox 544 938 2118 1016">
    <p class='ocr_par' dir='ltr' id='par_1_7' title="bbox 544 938 2118 1016">
     <span class='ocr_line' id='line_1_7' title="bbox 544 938 2118 1016; baseline -0.006 -14"><span class='ocrx_word' id='word_1_56' title='bbox 544 949 782 1003; x_wconf 84' lang='lat' dir='ltr'><strong>nituntur</strong></span> <span class='ocrx_word' id='word_1_57' title='bbox 801 957 1009 1016; x_wconf 87' lang='lat' dir='ltr'><strong>sperata</strong></span> <span class='ocrx_word' id='word_1_58' title='bbox 1041 952 1311 1011; x_wconf 68' lang='lat' dir='ltr'><strong>prmstare.</strong></span> <span class='ocrx_word' id='word_1_59' title='bbox 1346 942 1481 1007; x_wconf 85' lang='lat' dir='ltr'><strong>Quid</strong></span> <span class='ocrx_word' id='word_1_60' title='bbox 1512 941 1610 994; x_wconf 92' lang='lat' dir='ltr'><strong>sibi</strong></span> <span class='ocrx_word' id='word_1_61' title='bbox 1642 940 1755 994; x_wconf 87' lang='lat' dir='ltr'><strong>vult</strong></span> <span class='ocrx_word' id='word_1_62' title='bbox 1781 948 1955 995; x_wconf 87' lang='lat' dir='ltr'><strong>autem</strong></span> <span class='ocrx_word' id='word_1_63' title='bbox 1977 938 2118 1011; x_wconf 87' lang='lat' dir='ltr'><strong>quod</strong></span> 
     </span>
    </p>
   </div>
   <div class='ocr_carea' id='block_1_8' title="bbox 554 1030 2114 1107">
    <p class='ocr_par' dir='ltr' id='par_1_8' title="bbox 554 1030 2114 1107">
     <span class='ocr_line' id='line_1_8' title="bbox 554 1030 2114 1107; baseline -0.006 -16"><span class='ocrx_word' id='word_1_64' title='bbox 554 1039 746 1093; x_wconf 67' lang='lat' dir='ltr'><strong>dixerit</strong></span> <span class='ocrx_word' id='word_1_65' title='bbox 777 1040 1083 1107; x_wconf 88' lang='lat' dir='ltr'><strong>imperator,</strong></span> <span class='ocrx_word' id='word_1_66' title='bbox 1106 1051 1133 1089; x_wconf 92' lang='lat' dir='ltr'><strong>a</strong></span> <span class='ocrx_word' id='word_1_67' title='bbox 1166 1034 1316 1088; x_wconf 88' lang='lat' dir='ltr'><strong>nobis</strong></span> <span class='ocrx_word' id='word_1_68' title='bbox 1346 1048 1403 1088; x_wconf 92' lang='lat' dir='ltr'><strong>se</strong></span> <span class='ocrx_word' id='word_1_69' title='bbox 1426 1033 1479 1085; x_wconf 92' lang='lat' dir='ltr'><strong>in</strong></span> <span class='ocrx_word' id='word_1_70' title='bbox 1508 1032 1761 1101; x_wconf 78' lang='lat' dir='ltr'><strong>religione</strong></span> <span class='ocrx_word' id='word_1_71' title='bbox 1783 1030 2114 1095; x_wconf 88' lang='lat' dir='ltr'><strong>damnatum,</strong></span> 
     </span>
    </p>
   </div>
   <div class='ocr_carea' id='block_1_9' title="bbox 542 1119 2119 1201">
    <p class='ocr_par' dir='ltr' id='par_1_9' title="bbox 542 1119 2119 1201">
     <span class='ocr_line' id='line_1_9' title="bbox 542 1119 2119 1201; baseline -0.008 -17"><span class='ocrx_word' id='word_1_72' title='bbox 542 1145 658 1184; x_wconf 90' lang='lat' dir='ltr'><strong>cum</strong></span> <span class='ocrx_word' id='word_1_73' title='bbox 704 1144 864 1201; x_wconf 78' lang='lat' dir='ltr'><strong>super</strong></span> <span class='ocrx_word' id='word_1_74' title='bbox 911 1128 1008 1181; x_wconf 90' lang='lat' dir='ltr'><strong>hac</strong></span> <span class='ocrx_word' id='word_1_75' title='bbox 1053 1135 1202 1194; x_wconf 89' lang='lat' dir='ltr'><strong>parte</strong></span> <span class='ocrx_word' id='word_1_76' title='bbox 1247 1134 1299 1178; x_wconf 84' lang='lat' dir='ltr'><strong>et</strong></span> <span class='ocrx_word' id='word_1_77' title='bbox 1342 1124 1592 1177; x_wconf 81' lang='lat' dir='ltr'><strong>decessor</strong></span> <span class='ocrx_word' id='word_1_78' title='bbox 1619 1136 1769 1176; x_wconf 90' lang='lat' dir='ltr'><strong>meus</strong></span> <span class='ocrx_word' id='word_1_79' title='bbox 1798 1136 1902 1174; x_wconf 87' lang='lat' dir='ltr'><strong>non</strong></span> <span class='ocrx_word' id='word_1_80' title='bbox 1945 1119 2119 1174; x_wconf 90' lang='lat' dir='ltr'><strong>solum</strong></span> 
     </span>
    </p>
   </div>
   <div class='ocr_carea' id='block_1_10' title="bbox 542 1211 2120 1285">
    <p class='ocr_par' dir='ltr' id='par_1_10' title="bbox 542 1211 2120 1285">
     <span class='ocr_line' id='line_1_10' title="bbox 542 1211 2120 1285; baseline -0.006 -10"><span class='ocrx_word' id='word_1_81' title='bbox 542 1221 761 1276; x_wconf 87' lang='lat' dir='ltr'><strong>minime</strong></span> <span class='ocrx_word' id='word_1_82' title='bbox 812 1234 1005 1273; x_wconf 86' lang='lat' dir='ltr'><strong>nomen</strong></span> <span class='ocrx_word' id='word_1_83' title='bbox 1054 1219 1169 1285; x_wconf 80' lang='lat' dir='ltr'><strong>ejus</strong></span> <span class='ocrx_word' id='word_1_84' title='bbox 1217 1216 1486 1285; x_wconf 77' lang='lat' dir='ltr'><strong>attigerit,</strong></span> <span class='ocrx_word' id='word_1_85' title='bbox 1532 1214 1627 1267; x_wconf 88' lang='lat' dir='ltr'><strong>sed</strong></span> <span class='ocrx_word' id='word_1_86' title='bbox 1666 1214 1881 1277; x_wconf 86' lang='lat' dir='ltr'><strong>insuper</strong></span> <span class='ocrx_word' id='word_1_87' title='bbox 1909 1211 2120 1280; x_wconf 86' lang='lat' dir='ltr'><strong>quando</strong></span> 
     </span>
    </p>
   </div>
   <div class='ocr_carea' id='block_1_11' title="bbox 543 1301 2121 1379">
    <p class='ocr_par' dir='ltr' id='par_1_11' title="bbox 543 1301 2121 1379">
     <span class='ocr_line' id='line_1_11' title="bbox 543 1301 2121 1379; baseline -0.004 -18"><span class='ocrx_word' id='word_1_88' title='bbox 543 1312 801 1379; x_wconf 85' lang='lat' dir='ltr'><strong>p:incipia</strong></span> <span class='ocrx_word' id='word_1_89' title='bbox 832 1311 1057 1379; x_wconf 87' lang='lat' dir='ltr'><strong>adeptus</strong></span> <span class='ocrx_word' id='word_1_90' title='bbox 1103 1309 1261 1377; x_wconf 70' lang='lat' dir='ltr'><strong>regia:</strong></span> <span class='ocrx_word' id='word_1_91' title='bbox 1303 1306 1582 1376; x_wconf 83' lang='lat' dir='ltr'><strong>potestatis</strong></span> <span class='ocrx_word' id='word_1_92' title='bbox 1625 1303 1894 1369; x_wconf 88' lang='lat' dir='ltr'><strong>exercuit,</strong></span> <span class='ocrx_word' id='word_1_93' title='bbox 1926 1303 1979 1357; x_wconf 92' lang='lat' dir='ltr'><strong>in</strong></span> <span class='ocrx_word' id='word_1_94' title='bbox 2006 1301 2121 1371; x_wconf 88' lang='lat' dir='ltr'><strong>ejus</strong></span> 
     </span>
    </p>
   </div>
   <div class='ocr_carea' id='block_1_12' title="bbox 548 1394 2122 1467">
    <p class='ocr_par' dir='ltr' id='par_1_12' title="bbox 548 1394 2122 1467">
     <span class='ocr_line' id='line_1_12' title="bbox 548 1394 2122 1467; baseline -0.005 -13"><span class='ocrx_word' id='word_1_95' title='bbox 548 1416 608 1454; x_wconf 90' lang='lat' dir='ltr'><strong>se</strong></span> <span class='ocrx_word' id='word_1_96' title='bbox 647 1402 911 1467; x_wconf 72' lang='lat' dir='ltr'><strong>rescripsit</strong></span> <span class='ocrx_word' id='word_1_97' title='bbox 962 1400 1165 1466; x_wconf 91' lang='lat' dir='ltr'><strong>imperii</strong></span> <span class='ocrx_word' id='word_1_98' title='bbox 1216 1397 1550 1465; x_wconf 88' lang='lat' dir='ltr'><strong>promotione</strong></span> <span class='ocrx_word' id='word_1_99' title='bbox 1597 1394 1829 1463; x_wconf 90' lang='lat' dir='ltr'><strong>gaudere</strong></span> <span class='ocrx_word' id='word_1_100' title='bbox 1872 1411 1885 1446; x_wconf 92' lang='lat'><strong>:</strong></span> <span class='ocrx_word' id='word_1_101' title='bbox 1926 1400 1980 1448; x_wconf 91' lang='lat' dir='ltr'><strong>et</strong></span> <span class='ocrx_word' id='word_1_102' title='bbox 2022 1406 2122 1462; x_wconf 88' lang='lat' dir='ltr'><strong>ego</strong></span> 
     </span>
    </p>
   </div>
   <div class='ocr_carea' id='block_1_13' title="bbox 551 1481 2122 1567">
    <p class='ocr_par' dir='ltr' id='par_1_13' title="bbox 551 1481 2122 1567">
     <span class='ocr_line' id='line_1_13' title="bbox 551 1481 2122 1567; baseline -0.005 -23"><span class='ocrx_word' id='word_1_103' title='bbox 551 1492 693 1545; x_wconf 89' lang='lat' dir='ltr'><strong>nulla</strong></span> <span class='ocrx_word' id='word_1_104' title='bbox 742 1491 908 1567; x_wconf 83' lang='lat' dir='ltr'><strong>ipsius</strong></span> <span class='ocrx_word' id='word_1_105' title='bbox 958 1503 1189 1557; x_wconf 89' lang='lat' dir='ltr'><strong>unquam</strong></span> <span class='ocrx_word' id='word_1_106' title='bbox 1221 1486 1414 1555; x_wconf 91' lang='lat' dir='ltr'><strong>scripta</strong></span> <span class='ocrx_word' id='word_1_107' title='bbox 1446 1486 1746 1554; x_wconf 89' lang='lat' dir='ltr'><strong>percipiens</strong></span> <span class='ocrx_word' id='word_1_108' title='bbox 1768 1526 1783 1551; x_wconf 88' lang='lat'><strong>,</strong></span> <span class='ocrx_word' id='word_1_109' title='bbox 1814 1481 2122 1537; x_wconf 73' lang='lat' dir='ltr'><strong>honorificis</strong></span> 
     </span>
    </p>
   </div>
   <div class='ocr_carea' id='block_1_14' title="bbox 549 1574 2121 1649">
    <p class='ocr_par' dir='ltr' id='par_1_14' title="bbox 549 1574 2121 1649">
     <span class='ocr_line' id='line_1_14' title="bbox 549 1574 2121 1649; baseline -0.004 -16"><span class='ocrx_word' id='word_1_110' title='bbox 549 1578 633 1649; x_wconf 79' lang='lat' dir='ltr'><strong>(ut</strong></span> <span class='ocrx_word' id='word_1_111' title='bbox 664 1581 851 1649; x_wconf 78' lang='lat' dir='ltr'><strong>nostis)</strong></span> <span class='ocrx_word' id='word_1_112' title='bbox 895 1594 1014 1633; x_wconf 88' lang='lat' dir='ltr'><strong>eum</strong></span> <span class='ocrx_word' id='word_1_113' title='bbox 1055 1578 1241 1632; x_wconf 70' lang='lat' dir='ltr'><strong>litteris</strong></span> <span class='ocrx_word' id='word_1_114' title='bbox 1270 1578 1502 1632; x_wconf 88' lang='lat' dir='ltr'><strong>salutare</strong></span> <span class='ocrx_word' id='word_1_115' title='bbox 1539 1574 1877 1631; x_wconf 84' lang='lat' dir='ltr'><strong>curaverim?</strong></span> <span class='ocrx_word' id='word_1_116' title='bbox 1924 1574 2121 1647; x_wconf 75' lang='lat' dir='ltr'><strong>Deces-</strong></span> 
     </span>
    </p>
   </div>
   <div class='ocr_carea' id='block_1_15' title="bbox 552 1663 2123 1736">
    <p class='ocr_par' dir='ltr' id='par_1_15' title="bbox 552 1663 2123 1736">
     <span class='ocr_line' id='line_1_15' title="bbox 552 1663 2123 1736; baseline -0.006 -11"><span class='ocrx_word' id='word_1_117' title='bbox 552 1685 703 1725; x_wconf 90' lang='lat' dir='ltr'><strong>sores</strong></span> <span class='ocrx_word' id='word_1_118' title='bbox 735 1670 835 1724; x_wconf 92' lang='lat' dir='ltr'><strong>mei</strong></span> <span class='ocrx_word' id='word_1_119' title='bbox 860 1711 875 1736; x_wconf 93' lang='lat'><strong>,</strong></span> <span class='ocrx_word' id='word_1_120' title='bbox 907 1669 1214 1724; x_wconf 85' lang='lat' dir='ltr'><strong>sacerdotes</strong></span> <span class='ocrx_word' id='word_1_121' title='bbox 1240 1668 1329 1735; x_wconf 89' lang='lat' dir='ltr'><strong>qui</strong></span> <span class='ocrx_word' id='word_1_122' title='bbox 1364 1663 1862 1735; x_wconf 69' lang='lat' dir='ltr'><strong>praevaricatoribus</strong></span> <span class='ocrx_word' id='word_1_123' title='bbox 1892 1678 1950 1717; x_wconf 91' lang='lat' dir='ltr'><strong>se</strong></span> <span class='ocrx_word' id='word_1_124' title='bbox 1978 1677 2123 1717; x_wconf 89' lang='lat' dir='ltr'><strong>com-</strong></span> 
     </span>
    </p>
   </div>
   <div class='ocr_carea' id='block_1_16' title="bbox 552 1747 2122 1829">
    <p class='ocr_par' dir='ltr' id='par_1_16' title="bbox 552 1747 2122 1829">
     <span class='ocr_line' id='line_1_16' title="bbox 552 1747 2122 1829; baseline -0.006 -13"><span class='ocrx_word' id='word_1_125' title='bbox 552 1777 660 1816; x_wconf 81' lang='lat' dir='ltr'><strong>mu:</strong></span> <span class='ocrx_word' id='word_1_126' title='bbox 685 1763 854 1815; x_wconf 90' lang='lat' dir='ltr'><strong>icasse</strong></span> <span class='ocrx_word' id='word_1_127' title='bbox 886 1760 1096 1829; x_wconf 83' lang='lat' dir='ltr'><strong>prepria</strong></span> <span class='ocrx_word' id='word_1_128' title='bbox 1126 1773 1254 1812; x_wconf 88' lang='lat' dir='ltr'><strong>voce</strong></span> <span class='ocrx_word' id='word_1_129' title='bbox 1283 1747 1519 1811; x_wconf 82' lang='lat' dir='ltr'><strong>confessi</strong></span> <span class='ocrx_word' id='word_1_130' title='bbox 1549 1764 1703 1820; x_wconf 90' lang='lat' dir='ltr'><strong>sunt,</strong></span> <span class='ocrx_word' id='word_1_131' title='bbox 1733 1771 1761 1807; x_wconf 86' lang='lat' dir='ltr'><strong>a</strong></span> <span class='ocrx_word' id='word_1_132' title='bbox 1793 1754 2122 1808; x_wconf 87' lang='lat' dir='ltr'><strong>communio-</strong></span> 
     </span>
    </p>
   </div>
   <div class='ocr_carea' id='block_1_17' title="bbox 2218 569 3779 639">
    <p class='ocr_par' dir='ltr' id='par_1_17' title="bbox 2218 569 3779 639">
     <span class='ocr_line' id='line_1_17' title="bbox 2218 569 3779 639; baseline -0.003 -8"><span class='ocrx_word' id='word_1_133' title='bbox 2218 582 2330 631; x_wconf 84' lang='lat' dir='ltr'><strong>sam</strong></span> <span class='ocrx_word' id='word_1_134' title='bbox 2363 574 2685 629; x_wconf 64' lang='lat' dir='ltr'><strong>sententiam</strong></span> <span class='ocrx_word' id='word_1_135' title='bbox 2719 574 3056 627; x_wconf 80' lang='lat' dir='ltr'><strong>sacerdotum</strong></span> <span class='ocrx_word' id='word_1_136' title='bbox 3102 572 3302 626; x_wconf 88' lang='lat' dir='ltr'><strong>erroris</strong></span> <span class='ocrx_word' id='word_1_137' title='bbox 3340 569 3497 639; x_wconf 83' lang='lat' dir='ltr'><strong>hujus</strong></span> <span class='ocrx_word' id='word_1_138' title='bbox 3541 579 3779 626; x_wconf 86' lang='lat' dir='ltr'><strong>auctores</strong></span> 
     </span>
    </p>
   </div>
   <div class='ocr_carea' id='block_1_18' title="bbox 2216 662 3779 732">
    <p class='ocr_par' dir='ltr' id='par_1_18' title="bbox 2216 662 3779 732">
     <span class='ocr_line' id='line_1_18' title="bbox 2216 662 3779 732; baseline -0.003 -12"><span class='ocrx_word' id='word_1_139' title='bbox 2216 675 2423 721; x_wconf 88' lang='lat' dir='ltr'><strong>constat</strong></span> <span class='ocrx_word' id='word_1_140' title='bbox 2455 664 2616 718; x_wconf 79' lang='lat' dir='ltr'><strong>fuisse</strong></span> <span class='ocrx_word' id='word_1_141' title='bbox 2642 664 2957 727; x_wconf 87' lang='lat' dir='ltr'><strong>damnatos;</strong></span> <span class='ocrx_word' id='word_1_142' title='bbox 3007 663 3141 717; x_wconf 87' lang='lat' dir='ltr'><strong>sicut</strong></span> <span class='ocrx_word' id='word_1_143' title='bbox 3171 663 3223 717; x_wconf 93' lang='lat' dir='ltr'><strong>in</strong></span> <span class='ocrx_word' id='word_1_144' title='bbox 3255 676 3569 732; x_wconf 86' lang='lat' dir='ltr'><strong>unaquaque</strong></span> <span class='ocrx_word' id='word_1_145' title='bbox 3599 662 3706 715; x_wconf 72' lang='lat' dir='ltr'><strong>hacr</strong></span> <span class='ocrx_word' id='word_1_146' title='bbox 3738 665 3779 716; x_wconf 91' lang='lat' dir='ltr'><strong>si</strong></span> 
     </span>
    </p>
   </div>
   <div class='ocr_carea' id='block_1_19' title="bbox 2218 752 3781 829">
    <p class='ocr_par' dir='ltr' id='par_1_19' title="bbox 2218 752 3781 829">
     <span class='ocr_line' id='line_1_19' title="bbox 2218 752 3781 829; baseline -0.005 -16"><span class='ocrx_word' id='word_1_147' title='bbox 2218 775 2246 812; x_wconf 85' lang='lat' dir='ltr'><strong>a</strong></span> <span class='ocrx_word' id='word_1_148' title='bbox 2280 759 2537 829; x_wconf 90' lang='lat' dir='ltr'><strong>principio</strong></span> <span class='ocrx_word' id='word_1_149' title='bbox 2564 756 2881 811; x_wconf 68' lang='lat' dir='ltr'><strong>Christiana:</strong></span> <span class='ocrx_word' id='word_1_150' title='bbox 2908 756 3180 824; x_wconf 73' lang='lat' dir='ltr'><strong>religionis</strong></span> <span class='ocrx_word' id='word_1_151' title='bbox 3208 764 3261 809; x_wconf 92' lang='lat' dir='ltr'><strong>et</strong></span> <span class='ocrx_word' id='word_1_152' title='bbox 3288 754 3482 808; x_wconf 88' lang='lat' dir='ltr'><strong>factum</strong></span> <span class='ocrx_word' id='word_1_153' title='bbox 3514 752 3702 815; x_wconf 81' lang='lat' dir='ltr'><strong>inisse,</strong></span> <span class='ocrx_word' id='word_1_154' title='bbox 3734 764 3781 805; x_wconf 89' lang='lat' dir='ltr'><strong>ct</strong></span> 
     </span>
    </p>
   </div>
   <div class='ocr_carea' id='block_1_20' title="bbox 2222 844 3787 915">
    <p class='ocr_par' dir='ltr' id='par_1_20' title="bbox 2222 844 3787 915">
     <span class='ocr_line' id='line_1_20' title="bbox 2222 844 3787 915; baseline -0.008 -10"><span class='ocrx_word' id='word_1_155' title='bbox 2222 853 2366 915; x_wconf 85' lang='lat' dir='ltr'><strong>fieri,</strong></span> <span class='ocrx_word' id='word_1_156' title='bbox 2403 849 2683 909; x_wconf 78' lang='lat' dir='ltr'><strong>manifesta</strong></span> <span class='ocrx_word' id='word_1_157' title='bbox 2715 864 2895 902; x_wconf 89' lang='lat' dir='ltr'><strong>rerum</strong></span> <span class='ocrx_word' id='word_1_158' title='bbox 2925 847 3132 908; x_wconf 78' lang='lat' dir='ltr'><strong>ratione</strong></span> <span class='ocrx_word' id='word_1_159' title='bbox 3160 854 3510 903; x_wconf 75' lang='lat' dir='ltr'><strong>monstratur.</strong></span> <span class='ocrx_word' id='word_1_160' title='bbox 3543 844 3727 897; x_wconf 76' lang='lat' dir='ltr'><strong>decess</strong></span> <span class='ocrx_word' id='word_1_161' title='bbox 3758 870 3787 893; x_wconf 72' lang='grc' dir='ltr'><strong>ε.</strong></span> 
     </span>
    </p>
   </div>
   <div class='ocr_carea' id='block_1_21' title="bbox 2224 936 3776 1012">
    <p class='ocr_par' dir='ltr' id='par_1_21' title="bbox 2224 936 3776 1012">
     <span class='ocr_line' id='line_1_21' title="bbox 2224 936 3776 1012; baseline -0.008 -15"><span class='ocrx_word' id='word_1_162' title='bbox 2224 956 2441 1012; x_wconf 78' lang='lat' dir='ltr'><strong>temque</strong></span> <span class='ocrx_word' id='word_1_163' title='bbox 2473 956 2646 996; x_wconf 90' lang='lat' dir='ltr'><strong>meum</strong></span> <span class='ocrx_word' id='word_1_164' title='bbox 2675 949 3047 999; x_wconf 79' lang='lat' dir='ltr'><strong>exsecutorem</strong></span> <span class='ocrx_word' id='word_1_165' title='bbox 3080 938 3245 999; x_wconf 79' lang='lat' dir='ltr'><strong>fuisse</strong></span> <span class='ocrx_word' id='word_1_166' title='bbox 3274 936 3470 991; x_wconf 86' lang='lat' dir='ltr'><strong>veteris</strong></span> <span class='ocrx_word' id='word_1_167' title='bbox 3498 938 3776 1002; x_wconf 71' lang='lat' dir='ltr'><strong>constituti,</strong></span> 
     </span>
    </p>
   </div>
   <div class='ocr_carea' id='block_1_22' title="bbox 2223 1028 3786 1095">
    <p class='ocr_par' dir='ltr' id='par_1_22' title="bbox 2223 1028 3786 1095">
     <span class='ocr_line' id='line_1_22' title="bbox 2223 1028 3786 1095; baseline -0.006 -5"><span class='ocrx_word' id='word_1_168' title='bbox 2223 1028 2325 1092; x_wconf 82' lang='lat' dir='ltr'><strong>non</strong></span> <span class='ocrx_word' id='word_1_169' title='bbox 2355 1050 2509 1090; x_wconf 75' lang='lat' dir='ltr'><strong>nova:</strong></span> <span class='ocrx_word' id='word_1_170' title='bbox 2537 1033 2933 1090; x_wconf 86' lang='lat' dir='ltr'><strong>constitutionis</strong></span> <span class='ocrx_word' id='word_1_171' title='bbox 2962 1031 3282 1086; x_wconf 81' lang='lat' dir='ltr'><strong>auctorem?</strong></span> <span class='ocrx_word' id='word_1_172' title='bbox 3310 1029 3459 1095; x_wconf 87' lang='lat' dir='ltr'><strong>Quod</strong></span> <span class='ocrx_word' id='word_1_173' title='bbox 3489 1044 3592 1082; x_wconf 91' lang='lat' dir='ltr'><strong>non</strong></span> <span class='ocrx_word' id='word_1_174' title='bbox 3620 1030 3786 1082; x_wconf 86' lang='lat' dir='ltr'><strong>solum</strong></span> 
     </span>
    </p>
   </div>
   <div class='ocr_carea' id='block_1_23' title="bbox 2223 1120 3787 1195">
    <p class='ocr_par' dir='ltr' id='par_1_23' title="bbox 2223 1120 3787 1195">
     <span class='ocr_line' id='line_1_23' title="bbox 2223 1120 3787 1195; baseline -0.004 -17"><span class='ocrx_word' id='word_1_175' title='bbox 2223 1127 2435 1195; x_wconf 66' lang='lat' dir='ltr'><strong>praesuli</strong></span> <span class='ocrx_word' id='word_1_176' title='bbox 2464 1125 2765 1195; x_wconf 90' lang='lat' dir='ltr'><strong>apostolico</strong></span> <span class='ocrx_word' id='word_1_177' title='bbox 2796 1123 2975 1179; x_wconf 82' lang='lat' dir='ltr'><strong>facere</strong></span> <span class='ocrx_word' id='word_1_178' title='bbox 3003 1122 3157 1185; x_wconf 84' lang='lat' dir='ltr'><strong>licet,</strong></span> <span class='ocrx_word' id='word_1_179' title='bbox 3207 1120 3301 1176; x_wconf 84' lang='lat' dir='ltr'><strong>sed</strong></span> <span class='ocrx_word' id='word_1_180' title='bbox 3328 1122 3629 1187; x_wconf 86' lang='lat' dir='ltr'><strong>cuicunque</strong></span> <span class='ocrx_word' id='word_1_181' title='bbox 3660 1134 3787 1184; x_wconf 90' lang='lat' dir='ltr'><strong>pon-</strong></span> 
     </span>
    </p>
   </div>
   <div class='ocr_carea' id='block_1_24' title="bbox 2223 1209 3788 1284">
    <p class='ocr_par' dir='ltr' id='par_1_24' title="bbox 2223 1209 3788 1284">
     <span class='ocr_line' id='line_1_24' title="bbox 2223 1209 3788 1284; baseline -0.007 -13"><span class='ocrx_word' id='word_1_182' title='bbox 2223 1217 2381 1281; x_wconf 85' lang='lat' dir='ltr'><strong>t&#39;fici,</strong></span> <span class='ocrx_word' id='word_1_183' title='bbox 2432 1226 2487 1269; x_wconf 91' lang='lat' dir='ltr'><strong>ut</strong></span> <span class='ocrx_word' id='word_1_184' title='bbox 2534 1215 2801 1284; x_wconf 86' lang='lat' dir='ltr'><strong>quoslibet</strong></span> <span class='ocrx_word' id='word_1_185' title='bbox 2835 1222 2888 1267; x_wconf 89' lang='lat' dir='ltr'><strong>et</strong></span> <span class='ocrx_word' id='word_1_186' title='bbox 2922 1213 3209 1281; x_wconf 81' lang='lat' dir='ltr'><strong>quemlibet</strong></span> <span class='ocrx_word' id='word_1_187' title='bbox 3247 1211 3453 1274; x_wconf 87' lang='lat' dir='ltr'><strong>locum,</strong></span> <span class='ocrx_word' id='word_1_188' title='bbox 3501 1209 3788 1265; x_wconf 87' lang='lat' dir='ltr'><strong>secundum</strong></span> 
     </span>
    </p>
   </div>
   <div class='ocr_carea' id='block_1_25' title="bbox 2223 1300 3789 1375">
    <p class='ocr_par' dir='ltr' id='par_1_25' title="bbox 2223 1300 3789 1375">
     <span class='ocr_line' id='line_1_25' title="bbox 2223 1300 3789 1375; baseline -0.006 -14"><span class='ocrx_word' id='word_1_189' title='bbox 2223 1306 2456 1375; x_wconf 82' lang='lat' dir='ltr'><strong>regulam</strong></span> <span class='ocrx_word' id='word_1_190' title='bbox 2501 1306 2768 1367; x_wconf 70' lang='lat' dir='ltr'><strong>haereseos</strong></span> <span class='ocrx_word' id='word_1_191' title='bbox 2797 1304 2960 1372; x_wconf 89' lang='lat' dir='ltr'><strong>ipsius</strong></span> <span class='ocrx_word' id='word_1_192' title='bbox 2988 1311 3111 1356; x_wconf 87' lang='lat' dir='ltr'><strong>ante</strong></span> <span class='ocrx_word' id='word_1_193' title='bbox 3136 1301 3430 1364; x_wconf 59' lang='lat' dir='ltr'><strong>damnatas,</strong></span> <span class='ocrx_word' id='word_1_194' title='bbox 3474 1315 3502 1353; x_wconf 92' lang='lat' dir='ltr'><strong>a</strong></span> <span class='ocrx_word' id='word_1_195' title='bbox 3532 1300 3789 1355; x_wconf 85' lang='lat' dir='ltr'><strong>catholica</strong></span> 
     </span>
    </p>
   </div>
   <div class='ocr_carea' id='block_1_26' title="bbox 2223 1391 3791 1462">
    <p class='ocr_par' dir='ltr' id='par_1_26' title="bbox 2223 1391 3791 1462">
     <span class='ocr_line' id='line_1_26' title="bbox 2223 1391 3791 1462; baseline -0.004 -12"><span class='ocrx_word' id='word_1_196' title='bbox 2223 1396 2598 1457; x_wconf 89' lang='lat' dir='ltr'><strong>communione</strong></span> <span class='ocrx_word' id='word_1_197' title='bbox 2618 1394 2944 1449; x_wconf 88' lang='lat' dir='ltr'><strong>discernant.</strong></span> <span class='ocrx_word' id='word_1_198' title='bbox 2970 1394 3194 1447; x_wconf 79' lang='lat' dir='ltr'><strong>Aeacius</strong></span> <span class='ocrx_word' id='word_1_199' title='bbox 3218 1394 3411 1462; x_wconf 81' lang='lat' dir='ltr'><strong>quippe</strong></span> <span class='ocrx_word' id='word_1_200' title='bbox 3434 1408 3536 1445; x_wconf 89' lang='lat' dir='ltr'><strong>non</strong></span> <span class='ocrx_word' id='word_1_201' title='bbox 3562 1391 3657 1445; x_wconf 86' lang='lat' dir='ltr'><strong>fuit</strong></span> <span class='ocrx_word' id='word_1_202' title='bbox 3676 1391 3791 1444; x_wconf 84' lang='lat' dir='ltr'><strong>novi</strong></span> 
     </span>
    </p>
   </div>
   <div class='ocr_carea' id='block_1_27' title="bbox 2225 1482 3793 1555">
    <p class='ocr_par' dir='ltr' id='par_1_27' title="bbox 2225 1482 3793 1555">
     <span class='ocr_line' id='line_1_27' title="bbox 2225 1482 3793 1555; baseline -0.004 -14"><span class='ocrx_word' id='word_1_203' title='bbox 2225 1488 2312 1541; x_wconf 92' lang='lat' dir='ltr'><strong>vel</strong></span> <span class='ocrx_word' id='word_1_204' title='bbox 2347 1487 2542 1555; x_wconf 89' lang='lat' dir='ltr'><strong>proprii</strong></span> <span class='ocrx_word' id='word_1_205' title='bbox 2584 1487 2828 1539; x_wconf 84' lang='lat' dir='ltr'><strong>inventor</strong></span> <span class='ocrx_word' id='word_1_206' title='bbox 2858 1484 3089 1547; x_wconf 83' lang='lat' dir='ltr'><strong>erroris,</strong></span> <span class='ocrx_word' id='word_1_207' title='bbox 3141 1491 3198 1537; x_wconf 90' lang='lat' dir='ltr'><strong>ut</strong></span> <span class='ocrx_word' id='word_1_208' title='bbox 3235 1483 3288 1537; x_wconf 90' lang='lat' dir='ltr'><strong>in</strong></span> <span class='ocrx_word' id='word_1_209' title='bbox 3324 1498 3446 1537; x_wconf 91' lang='lat' dir='ltr'><strong>eum</strong></span> <span class='ocrx_word' id='word_1_210' title='bbox 3489 1496 3621 1536; x_wconf 77' lang='lat' dir='ltr'><strong>novo</strong></span> <span class='ocrx_word' id='word_1_211' title='bbox 3667 1482 3793 1535; x_wconf 81' lang='lat' dir='ltr'><strong>sci&#39;a</strong></span> 
     </span>
    </p>
   </div>
   <div class='ocr_carea' id='block_1_28' title="bbox 2226 1574 3795 1651">
    <p class='ocr_par' dir='ltr' id='par_1_28' title="bbox 2226 1574 3795 1651">
     <span class='ocr_line' id='line_1_28' title="bbox 2226 1574 3795 1651; baseline -0.005 -18"><span class='ocrx_word' id='word_1_212' title='bbox 2226 1582 2500 1650; x_wconf 88' lang='lat' dir='ltr'><strong>prodirent</strong></span> <span class='ocrx_word' id='word_1_213' title='bbox 2542 1578 2632 1651; x_wconf 84' lang='grc' dir='ltr'><strong>[αι.</strong></span> <span class='ocrx_word' id='word_1_214' title='bbox 2664 1576 3035 1648; x_wconf 87' lang='lat' dir='ltr'><strong>procederent]</strong></span> <span class='ocrx_word' id='word_1_215' title='bbox 3057 1617 3071 1640; x_wconf 95' lang='lat'><strong>,</strong></span> <span class='ocrx_word' id='word_1_216' title='bbox 3116 1575 3209 1635; x_wconf 83' lang='lat' dir='ltr'><strong>sed</strong></span> <span class='ocrx_word' id='word_1_217' title='bbox 3238 1576 3416 1629; x_wconf 84' lang='lat' dir='ltr'><strong>alieno</strong></span> <span class='ocrx_word' id='word_1_218' title='bbox 3448 1574 3664 1627; x_wconf 58' lang='lat' dir='ltr'><strong>facinori</strong></span> <span class='ocrx_word' id='word_1_219' title='bbox 3702 1588 3795 1627; x_wconf 89' lang='lat' dir='ltr'><strong>sua</strong></span> 
     </span>
    </p>
   </div>
   <div class='ocr_carea' id='block_1_29' title="bbox 2225 1666 3796 1736">
    <p class='ocr_par' dir='ltr' id='par_1_29' title="bbox 2225 1666 3796 1736">
     <span class='ocr_line' id='line_1_29' title="bbox 2225 1666 3796 1736; baseline -0.004 -13"><span class='ocrx_word' id='word_1_220' title='bbox 2225 1671 2599 1735; x_wconf 62' lang='lat' dir='ltr'><strong>communione</strong></span> <span class='ocrx_word' id='word_1_221' title='bbox 2646 1684 2703 1729; x_wconf 85' lang='lat' dir='ltr'><strong>se</strong></span> <span class='ocrx_word' id='word_1_222' title='bbox 2754 1669 2985 1729; x_wconf 87' lang='lat' dir='ltr'><strong>miscuit.</strong></span> <span class='ocrx_word' id='word_1_223' title='bbox 3036 1668 3215 1736; x_wconf 86' lang='lat' dir='ltr'><strong>Itaque</strong></span> <span class='ocrx_word' id='word_1_224' title='bbox 3259 1681 3479 1723; x_wconf 82' lang='lat' dir='ltr'><strong>nece-se</strong></span> <span class='ocrx_word' id='word_1_225' title='bbox 3526 1674 3609 1721; x_wconf 91' lang='lat' dir='ltr'><strong>est</strong></span> <span class='ocrx_word' id='word_1_226' title='bbox 3651 1675 3707 1719; x_wconf 87' lang='lat' dir='ltr'><strong>ut</strong></span> <span class='ocrx_word' id='word_1_227' title='bbox 3747 1666 3796 1718; x_wconf 90' lang='lat' dir='ltr'><strong>in</strong></span> 
     </span>
    </p>
   </div>
   <div class='ocr_carea' id='block_1_30' title="bbox 2228 1758 3797 1828">
    <p class='ocr_par' dir='ltr' id='par_1_30' title="bbox 2228 1758 3797 1828">
     <span class='ocr_line' id='line_1_30' title="bbox 2228 1758 3797 1828; baseline -0.005 -13"><span class='ocrx_word' id='word_1_228' title='bbox 2228 1763 2373 1816; x_wconf 89' lang='lat' dir='ltr'><strong>illam</strong></span> <span class='ocrx_word' id='word_1_229' title='bbox 2408 1761 2665 1815; x_wconf 85' lang='lat' dir='ltr'><strong>recideret</strong></span> <span class='ocrx_word' id='word_1_230' title='bbox 2704 1760 2847 1828; x_wconf 85' lang='lat' dir='ltr'><strong>jnsta</strong></span> <span class='ocrx_word' id='word_1_231' title='bbox 2879 1760 3029 1813; x_wconf 88' lang='lat' dir='ltr'><strong>lance</strong></span> <span class='ocrx_word' id='word_1_232' title='bbox 3060 1758 3380 1817; x_wconf 87' lang='lat' dir='ltr'><strong>sententiam</strong></span> <span class='ocrx_word' id='word_1_233' title='bbox 3404 1799 3419 1821; x_wconf 88' lang='lat'><strong>,</strong></span> <span class='ocrx_word' id='word_1_234' title='bbox 3473 1772 3635 1823; x_wconf 83' lang='lat' dir='ltr'><strong>quam</strong></span> <span class='ocrx_word' id='word_1_235' title='bbox 3682 1771 3797 1810; x_wconf 90' lang='lat' dir='ltr'><strong>cum</strong></span> 
     </span>
    </p>
   </div>
   <div class='ocr_carea' id='block_1_31' title="bbox 547 1842 3801 1921">
    <p class='ocr_par' dir='ltr' id='par_1_31' title="bbox 547 1842 3801 1921">
     <span class='ocr_line' id='line_1_31' title="bbox 547 1842 3801 1921; baseline -0.003 -12"><span class='ocrx_word' id='word_1_236' title='bbox 547 1867 615 1909; x_wconf 90' lang='lat' dir='ltr'><strong>ne</strong></span> <span class='ocrx_word' id='word_1_237' title='bbox 644 1851 931 1921; x_wconf 87' lang='lat' dir='ltr'><strong>apostolica</strong></span> <span class='ocrx_word' id='word_1_238' title='bbox 963 1849 1366 1904; x_wconf 89' lang='lat' dir='ltr'><strong>submoverunt.</strong></span> <span class='ocrx_word' id='word_1_239' title='bbox 1409 1846 1465 1903; x_wconf 91' lang='lat' dir='ltr'><strong>Si</strong></span> <span class='ocrx_word' id='word_1_240' title='bbox 1494 1846 1579 1900; x_wconf 89' lang='lat' dir='ltr'><strong>isti</strong></span> <span class='ocrx_word' id='word_1_241' title='bbox 1610 1845 1701 1917; x_wconf 77' lang='grc' dir='ltr'><strong>[αι.</strong></span> <span class='ocrx_word' id='word_1_242' title='bbox 1737 1842 1827 1915; x_wconf 89' lang='lat' dir='ltr'><strong>ita]</strong></span> <span class='ocrx_word' id='word_1_243' title='bbox 1863 1844 2038 1912; x_wconf 76' lang='lat' dir='ltr'><strong>placet</strong></span> <span class='ocrx_word' id='word_1_244' title='bbox 2065 1855 2122 1897; x_wconf 79' lang='lat' dir='ltr'><strong>se</strong></span> <span class='ocrx_word' id='word_1_245' title='bbox 2154 1845 2203 1904; x_wconf 86' lang='lat' dir='ltr'><strong>B</strong></span> <span class='ocrx_word' id='word_1_246' title='bbox 2229 1854 2339 1908; x_wconf 89' lang='lat' dir='ltr'><strong>suis</strong></span> <span class='ocrx_word' id='word_1_247' title='bbox 2369 1851 2768 1906; x_wconf 87' lang='lat' dir='ltr'><strong>successoribus</strong></span> <span class='ocrx_word' id='word_1_248' title='bbox 2795 1864 2887 1920; x_wconf 89' lang='lat' dir='ltr'><strong>per</strong></span> <span class='ocrx_word' id='word_1_249' title='bbox 2909 1848 3332 1905; x_wconf 85' lang='lat' dir='ltr'><strong>convenientiam</strong></span> <span class='ocrx_word' id='word_1_250' title='bbox 3365 1848 3677 1917; x_wconf 87' lang='lat' dir='ltr'><strong>synodalem</strong></span> <span class='ocrx_word' id='word_1_251' title='bbox 3711 1861 3801 1900; x_wconf 90' lang='lat' dir='ltr'><strong>su-</strong></span> 
     </span>
    </p>
   </div>
   <div class='ocr_carea' id='block_1_32' title="bbox 545 1934 2123 2008">
    <p class='ocr_par' dir='ltr' id='par_1_32' title="bbox 545 1934 2123 2008">
     <span class='ocr_line' id='line_1_32' title="bbox 545 1934 2123 2008; baseline -0.006 -12"><span class='ocrx_word' id='word_1_252' title='bbox 545 1944 772 1997; x_wconf 82' lang='lat' dir='ltr'><strong>mlsccre</strong></span> <span class='ocrx_word' id='word_1_253' title='bbox 813 1941 1111 2004; x_wconf 86' lang='lat' dir='ltr'><strong>damnatis,</strong></span> <span class='ocrx_word' id='word_1_254' title='bbox 1148 1940 1300 1994; x_wconf 91' lang='lat' dir='ltr'><strong>nobis</strong></span> <span class='ocrx_word' id='word_1_255' title='bbox 1332 1952 1438 1994; x_wconf 91' lang='lat' dir='ltr'><strong>non</strong></span> <span class='ocrx_word' id='word_1_256' title='bbox 1469 1945 1645 2008; x_wconf 90' lang='lat' dir='ltr'><strong>potest</strong></span> <span class='ocrx_word' id='word_1_257' title='bbox 1679 1936 1957 2005; x_wconf 78' lang='lat' dir='ltr'><strong>imputari;</strong></span> <span class='ocrx_word' id='word_1_258' title='bbox 1987 1934 2029 1988; x_wconf 93' lang='lat' dir='ltr'><strong>si</strong></span> <span class='ocrx_word' id='word_1_259' title='bbox 2056 1936 2123 1989; x_wconf 91' lang='lat' dir='ltr'><strong>ab</strong></span> 
     </span>
    </p>
   </div>
   <div class='ocr_carea' id='block_1_33' title="bbox 543 2030 2125 2101">
    <p class='ocr_par' dir='ltr' id='par_1_33' title="bbox 543 2030 2125 2101">
     <span class='ocr_line' id='line_1_33' title="bbox 543 2030 2125 2101; baseline -0.005 -12"><span class='ocrx_word' id='word_1_260' title='bbox 543 2036 621 2089; x_wconf 91' lang='lat' dir='ltr'><strong>eis</strong></span> <span class='ocrx_word' id='word_1_261' title='bbox 650 2035 778 2088; x_wconf 80' lang='lat' dir='ltr'><strong>velit</strong></span> <span class='ocrx_word' id='word_1_262' title='bbox 802 2032 1093 2087; x_wconf 87' lang='lat' dir='ltr'><strong>abscedere</strong></span> <span class='ocrx_word' id='word_1_263' title='bbox 1118 2074 1132 2097; x_wconf 91' lang='lat'><strong>,</strong></span> <span class='ocrx_word' id='word_1_264' title='bbox 1179 2040 1324 2085; x_wconf 91' lang='lat' dir='ltr'><strong>tanto</strong></span> <span class='ocrx_word' id='word_1_265' title='bbox 1361 2031 1526 2101; x_wconf 89' lang='lat' dir='ltr'><strong>magis</strong></span> <span class='ocrx_word' id='word_1_266' title='bbox 1555 2044 1585 2083; x_wconf 93' lang='lat' dir='ltr'><strong>a</strong></span> <span class='ocrx_word' id='word_1_267' title='bbox 1631 2030 1782 2083; x_wconf 90' lang='lat' dir='ltr'><strong>nobis</strong></span> <span class='ocrx_word' id='word_1_268' title='bbox 1813 2042 1917 2080; x_wconf 91' lang='lat' dir='ltr'><strong>non</strong></span> <span class='ocrx_word' id='word_1_269' title='bbox 1952 2035 2125 2095; x_wconf 54' lang='lat' dir='ltr'><strong>potest</strong></span> 
     </span>
    </p>
   </div>
   <div class='ocr_carea' id='block_1_34' title="bbox 543 2118 2126 2189">
    <p class='ocr_par' dir='ltr' id='par_1_34' title="bbox 543 2118 2126 2189">
     <span class='ocr_line' id='line_1_34' title="bbox 543 2118 2126 2189; baseline -0.006 -10"><span class='ocrx_word' id='word_1_270' title='bbox 543 2139 664 2179; x_wconf 90' lang='lat' dir='ltr'><strong>esse</strong></span> <span class='ocrx_word' id='word_1_271' title='bbox 690 2124 1001 2188; x_wconf 87' lang='lat' dir='ltr'><strong>damnatus,</strong></span> <span class='ocrx_word' id='word_1_272' title='bbox 1042 2121 1136 2177; x_wconf 88' lang='lat' dir='ltr'><strong>sed</strong></span> <span class='ocrx_word' id='word_1_273' title='bbox 1170 2121 1343 2188; x_wconf 87' lang='lat' dir='ltr'><strong>potius</strong></span> <span class='ocrx_word' id='word_1_274' title='bbox 1373 2119 1440 2173; x_wconf 90' lang='lat' dir='ltr'><strong>ad</strong></span> <span class='ocrx_word' id='word_1_275' title='bbox 1474 2120 1696 2189; x_wconf 83' lang='lat' dir='ltr'><strong>gratiam</strong></span> <span class='ocrx_word' id='word_1_276' title='bbox 1725 2118 1948 2172; x_wconf 75' lang='lat' dir='ltr'><strong>sincera:</strong></span> <span class='ocrx_word' id='word_1_277' title='bbox 1979 2130 2126 2170; x_wconf 84' lang='lat' dir='ltr'><strong>com-</strong></span> 
     </span>
    </p>
   </div>
   <div class='ocr_carea' id='block_1_35' title="bbox 546 2207 2127 2277">
    <p class='ocr_par' dir='ltr' id='par_1_35' title="bbox 546 2207 2127 2277">
     <span class='ocr_line' id='line_1_35' title="bbox 546 2207 2127 2277; baseline -0.007 -8"><span class='ocrx_word' id='word_1_278' title='bbox 546 2215 814 2269; x_wconf 82' lang='lat' dir='ltr'><strong>munionis</strong></span> <span class='ocrx_word' id='word_1_279' title='bbox 841 2213 1121 2267; x_wconf 90' lang='lat' dir='ltr'><strong>admissus.</strong></span> <span class='ocrx_word' id='word_1_280' title='bbox 1151 2210 1228 2264; x_wconf 79' lang='lat' dir='ltr'><strong>Ad</strong></span> <span class='ocrx_word' id='word_1_281' title='bbox 1253 2218 1495 2265; x_wconf 88' lang='lat' dir='ltr'><strong>senatum</strong></span> <span class='ocrx_word' id='word_1_282' title='bbox 1526 2224 1654 2263; x_wconf 88' lang='lat' dir='ltr'><strong>vero</strong></span> <span class='ocrx_word' id='word_1_283' title='bbox 1677 2208 1905 2277; x_wconf 90' lang='lat' dir='ltr'><strong>pertinet</strong></span> <span class='ocrx_word' id='word_1_284' title='bbox 1932 2207 2127 2259; x_wconf 83' lang='lat' dir='ltr'><strong>Roma-</strong></span> 
     </span>
    </p>
   </div>
   <div class='ocr_carea' id='block_1_36' title="bbox 546 2302 2129 2371">
    <p class='ocr_par' dir='ltr' id='par_1_36' title="bbox 546 2302 2129 2371">
     <span class='ocr_line' id='line_1_36' title="bbox 546 2302 2129 2371; baseline -0.004 -11"><span class='ocrx_word' id='word_1_285' title='bbox 546 2316 773 2368; x_wconf 82' lang='lat' dir='ltr'><strong>ltum,‘ut</strong></span> <span class='ocrx_word' id='word_1_286' title='bbox 796 2320 1001 2359; x_wconf 86' lang='lat' dir='ltr'><strong>memor</strong></span> <span class='ocrx_word' id='word_1_287' title='bbox 1027 2304 1147 2358; x_wconf 88' lang='lat' dir='ltr'><strong>fidei</strong></span> <span class='ocrx_word' id='word_1_288' title='bbox 1177 2317 1334 2371; x_wconf 89' lang='lat' dir='ltr'><strong>quam</strong></span> <span class='ocrx_word' id='word_1_289' title='bbox 1359 2319 1387 2355; x_wconf 92' lang='lat' dir='ltr'><strong>a</strong></span> <span class='ocrx_word' id='word_1_290' title='bbox 1418 2302 1723 2371; x_wconf 87' lang='lat' dir='ltr'><strong>parentibus</strong></span> <span class='ocrx_word' id='word_1_291' title='bbox 1747 2315 1807 2356; x_wconf 88' lang='lat' dir='ltr'><strong>se</strong></span> <span class='ocrx_word' id='word_1_292' title='bbox 1827 2302 2129 2369; x_wconf 84' lang='lat' dir='ltr'><strong>suscepisse</strong></span> 
     </span>
    </p>
   </div>
   <div class='ocr_carea' id='block_1_37' title="bbox 547 2394 2127 2465">
    <p class='ocr_par' dir='ltr' id='par_1_37' title="bbox 547 2394 2127 2465">
     <span class='ocr_line' id='line_1_37' title="bbox 547 2394 2127 2465; baseline -0.001 -16"><span class='ocrx_word' id='word_1_293' title='bbox 547 2396 807 2459; x_wconf 88' lang='lat' dir='ltr'><strong>meminit,</strong></span> <span class='ocrx_word' id='word_1_294' title='bbox 847 2397 1088 2465; x_wconf 64' lang='lat' dir='ltr'><strong>conjagia</strong></span> <span class='ocrx_word' id='word_1_295' title='bbox 1120 2396 1248 2449; x_wconf 81' lang='lat' dir='ltr'><strong>vitet</strong></span> <span class='ocrx_word' id='word_1_296' title='bbox 1273 2394 1664 2450; x_wconf 85' lang='lat' dir='ltr'><strong>communionis</strong></span> <span class='ocrx_word' id='word_1_297' title='bbox 1704 2403 1970 2457; x_wconf 72' lang='lat' dir='ltr'><strong>externm,</strong></span> <span class='ocrx_word' id='word_1_298' title='bbox 2005 2408 2071 2448; x_wconf 89' lang='lat' dir='ltr'><strong>ne</strong></span> <span class='ocrx_word' id='word_1_299' title='bbox 2098 2408 2127 2447; x_wconf 88' lang='lat' dir='ltr'><strong>a</strong></span> 
     </span>
    </p>
   </div>
   <div class='ocr_carea' id='block_1_38' title="bbox 547 2478 2135 2555">
    <p class='ocr_par' dir='ltr' id='par_1_38' title="bbox 547 2478 2135 2555">
     <span class='ocr_line' id='line_1_38' title="bbox 547 2478 2135 2555; baseline -0.002 -14"><span class='ocrx_word' id='word_1_300' title='bbox 547 2488 921 2541; x_wconf 82' lang='lat' dir='ltr'><strong>communione</strong></span> <span class='ocrx_word' id='word_1_301' title='bbox 945 2484 1099 2554; x_wconf 85' lang='lat' dir='ltr'><strong>hujus</strong></span> <span class='ocrx_word' id='word_1_302' title='bbox 1123 2484 1267 2540; x_wconf 85' lang='lat' dir='ltr'><strong>sedis</strong></span> <span class='ocrx_word' id='word_1_303' title='bbox 1292 2484 1597 2553; x_wconf 68' lang='lat' dir='ltr'><strong>apostolicae</strong></span> <span class='ocrx_word' id='word_1_304' title='bbox 1629 2484 1791 2555; x_wconf 91' lang='lat' dir='ltr'><strong>(quod</strong></span> <span class='ocrx_word' id='word_1_305' title='bbox 1820 2483 1981 2552; x_wconf 90' lang='lat' dir='ltr'><strong>absit)</strong></span> <span class='ocrx_word' id='word_1_306' title='bbox 2010 2478 2135 2538; x_wconf 44' lang='lat' dir='ltr'><strong>red;</strong></span> 
     </span>
    </p>
   </div>
   <div class='ocr_carea' id='block_1_39' title="bbox 548 2580 2130 2654">
    <p class='ocr_par' dir='ltr' id='par_1_39' title="bbox 548 2580 2130 2654">
     <span class='ocr_line' id='line_1_39' title="bbox 548 2580 2130 2654; baseline -0.001 -17"><span class='ocrx_word' id='word_1_307' title='bbox 548 2583 703 2637; x_wconf 90' lang='lat' dir='ltr'><strong>datur</strong></span> <span class='ocrx_word' id='word_1_308' title='bbox 742 2593 1015 2638; x_wconf 74' lang='lat' dir='ltr'><strong>evternus.</strong></span> <span class='ocrx_word' id='word_1_309' title='bbox 1057 2583 1280 2638; x_wconf 81' lang='lat' dir='ltr'><strong>Veniam</strong></span> <span class='ocrx_word' id='word_1_310' title='bbox 1324 2582 1420 2637; x_wconf 85' lang='lat' dir='ltr'><strong>sibi</strong></span> <span class='ocrx_word' id='word_1_311' title='bbox 1452 2582 1567 2636; x_wconf 89' lang='lat' dir='ltr'><strong>dari</strong></span> <span class='ocrx_word' id='word_1_312' title='bbox 1616 2580 1709 2654; x_wconf 83' lang='grc' dir='ltr'><strong>[αι.</strong></span> <span class='ocrx_word' id='word_1_313' title='bbox 1734 2582 1878 2635; x_wconf 82' lang='lat' dir='ltr'><strong>addit</strong></span> <span class='ocrx_word' id='word_1_314' title='bbox 1911 2580 2130 2652; x_wconf 83' lang='lat' dir='ltr'><strong>debere]</strong></span> 
     </span>
    </p>
   </div>
   <div class='ocr_carea' id='block_1_40' title="bbox 548 2670 2129 2743">
    <p class='ocr_par' dir='ltr' id='par_1_40' title="bbox 548 2670 2129 2743">
     <span class='ocr_line' id='line_1_40' title="bbox 548 2670 2129 2743; baseline 0.001 -18"><span class='ocrx_word' id='word_1_315' title='bbox 548 2682 868 2743; x_wconf 87' lang='lat' dir='ltr'><strong>proponunt.</strong></span> <span class='ocrx_word' id='word_1_316' title='bbox 894 2673 1139 2741; x_wconf 73' lang='lat' dir='ltr'><strong>Legatur.</strong></span> <span class='ocrx_word' id='word_1_317' title='bbox 1165 2689 1229 2727; x_wconf 86' lang='lat' dir='ltr'><strong>ex</strong></span> <span class='ocrx_word' id='word_1_318' title='bbox 1251 2688 1358 2743; x_wconf 92' lang='lat' dir='ltr'><strong>quo</strong></span> <span class='ocrx_word' id='word_1_319' title='bbox 1378 2682 1461 2727; x_wconf 89' lang='lat' dir='ltr'><strong>est</strong></span> <span class='ocrx_word' id='word_1_320' title='bbox 1488 2672 1676 2742; x_wconf 89' lang='lat' dir='ltr'><strong>religio</strong></span> <span class='ocrx_word' id='word_1_321' title='bbox 1694 2671 2023 2738; x_wconf 88' lang='lat' dir='ltr'><strong>Christiana,</strong></span> <span class='ocrx_word' id='word_1_322' title='bbox 2046 2670 2129 2727; x_wconf 85' lang='lat' dir='ltr'><strong>vel</strong></span> 
     </span>
    </p>
   </div>
   <div class='ocr_carea' id='block_1_41' title="bbox 550 2761 2131 2831">
    <p class='ocr_par' dir='ltr' id='par_1_41' title="bbox 550 2761 2131 2831">
     <span class='ocr_line' id='line_1_41' title="bbox 550 2761 2131 2831; baseline 0.001 -15"><span class='ocrx_word' id='word_1_323' title='bbox 550 2774 693 2817; x_wconf 83' lang='lat' dir='ltr'><strong>certe</strong></span> <span class='ocrx_word' id='word_1_324' title='bbox 733 2764 889 2817; x_wconf 89' lang='lat' dir='ltr'><strong>detur</strong></span> <span class='ocrx_word' id='word_1_325' title='bbox 930 2763 1233 2831; x_wconf 84' lang='lat' dir='ltr'><strong>exemplum</strong></span> <span class='ocrx_word' id='word_1_326' title='bbox 1261 2804 1277 2828; x_wconf 91' lang='lat'><strong>,</strong></span> <span class='ocrx_word' id='word_1_327' title='bbox 1321 2763 1372 2815; x_wconf 93' lang='lat' dir='ltr'><strong>in</strong></span> <span class='ocrx_word' id='word_1_328' title='bbox 1416 2761 1651 2817; x_wconf 63' lang='lat' dir='ltr'><strong>Ecclesia</strong></span> <span class='ocrx_word' id='word_1_329' title='bbox 1686 2762 1814 2825; x_wconf 90' lang='lat' dir='ltr'><strong>Dei,</strong></span> <span class='ocrx_word' id='word_1_330' title='bbox 1843 2776 1871 2815; x_wconf 88' lang='lat' dir='ltr'><strong>a</strong></span> <span class='ocrx_word' id='word_1_331' title='bbox 1912 2762 2131 2829; x_wconf 81' lang='lat' dir='ltr'><strong>quibus-</strong></span> 
     </span>
    </p>
   </div>
   <div class='ocr_carea' id='block_1_42' title="bbox 551 2852 2131 2923">
    <p class='ocr_par' dir='ltr' id='par_1_42' title="bbox 551 2852 2131 2923">
     <span class='ocr_line' id='line_1_42' title="bbox 551 2852 2131 2923; baseline -0.001 -17"><span class='ocrx_word' id='word_1_332' title='bbox 551 2854 678 2907; x_wconf 88' lang='lat' dir='ltr'><strong>libet</strong></span> <span class='ocrx_word' id='word_1_333' title='bbox 711 2852 1077 2920; x_wconf 87' lang='lat' dir='ltr'><strong>pontificibus,</strong></span> <span class='ocrx_word' id='word_1_334' title='bbox 1121 2853 1188 2907; x_wconf 90' lang='lat' dir='ltr'><strong>ab</strong></span> <span class='ocrx_word' id='word_1_335' title='bbox 1235 2852 1364 2922; x_wconf 88' lang='lat' dir='ltr'><strong>ipsis</strong></span> <span class='ocrx_word' id='word_1_336' title='bbox 1407 2853 1696 2921; x_wconf 85' lang='lat' dir='ltr'><strong>apostolis,</strong></span> <span class='ocrx_word' id='word_1_337' title='bbox 1733 2853 1801 2907; x_wconf 91' lang='lat' dir='ltr'><strong>ab</strong></span> <span class='ocrx_word' id='word_1_338' title='bbox 1840 2853 1956 2923; x_wconf 92' lang='lat' dir='ltr'><strong>ipso</strong></span> <span class='ocrx_word' id='word_1_339' title='bbox 1982 2852 2131 2907; x_wconf 90' lang='lat' dir='ltr'><strong>deni-</strong></span> 
     </span>
    </p>
   </div>
   <div class='ocr_carea' id='block_1_43' title="bbox 552 2941 2132 3013">
    <p class='ocr_par' dir='ltr' id='par_1_43' title="bbox 552 2941 2132 3013">
     <span class='ocr_line' id='line_1_43' title="bbox 552 2941 2132 3013; baseline 0.001 -18"><span class='ocrx_word' id='word_1_340' title='bbox 552 2958 651 3011; x_wconf 85' lang='lat' dir='ltr'><strong>que</strong></span> <span class='ocrx_word' id='word_1_341' title='bbox 677 2941 955 2999; x_wconf 86' lang='lat' dir='ltr'><strong>Salvatore</strong></span> <span class='ocrx_word' id='word_1_342' title='bbox 975 2943 1182 2997; x_wconf 81' lang='lat' dir='ltr'><strong>veniam</strong></span> <span class='ocrx_word' id='word_1_343' title='bbox 1207 2942 1305 2997; x_wconf 84' lang='lat' dir='ltr'><strong>nisi</strong></span> <span class='ocrx_word' id='word_1_344' title='bbox 1329 2942 1716 3013; x_wconf 84' lang='lat' dir='ltr'><strong>corrigentibus</strong></span> <span class='ocrx_word' id='word_1_345' title='bbox 1742 2956 1803 2999; x_wconf 77' lang='lat' dir='ltr'><strong>se</strong></span> <span class='ocrx_word' id='word_1_346' title='bbox 1823 2942 1985 2999; x_wconf 77' lang='lat' dir='ltr'><strong>fuisse</strong></span> <span class='ocrx_word' id='word_1_347' title='bbox 2004 2957 2132 2997; x_wconf 88' lang='lat' dir='ltr'><strong>con-</strong></span> 
     </span>
    </p>
   </div>
   <div class='ocr_carea' id='block_1_44' title="bbox 553 3032 2133 3101">
    <p class='ocr_par' dir='ltr' id='par_1_44' title="bbox 553 3032 2133 3101">
     <span class='ocr_line' id='line_1_44' title="bbox 553 3032 2133 3101; baseline 0 -16"><span class='ocrx_word' id='word_1_348' title='bbox 553 3047 779 3089; x_wconf 68' lang='lat' dir='ltr'><strong>cessam.</strong></span> <span class='ocrx_word' id='word_1_349' title='bbox 828 3032 1081 3087; x_wconf 81' lang='lat' dir='ltr'><strong>Auditum</strong></span> <span class='ocrx_word' id='word_1_350' title='bbox 1122 3040 1299 3088; x_wconf 84' lang='lat' dir='ltr'><strong>autem</strong></span> <span class='ocrx_word' id='word_1_351' title='bbox 1336 3032 1436 3089; x_wconf 77' lang='lat' dir='ltr'><strong>Sub</strong></span> <span class='ocrx_word' id='word_1_352' title='bbox 1474 3033 1579 3088; x_wconf 72' lang='lat' dir='ltr'><strong>ieto</strong></span> <span class='ocrx_word' id='word_1_353' title='bbox 1620 3034 1761 3089; x_wconf 77' lang='lat' dir='ltr'><strong>cu-lo</strong></span> <span class='ocrx_word' id='word_1_354' title='bbox 1803 3048 1901 3087; x_wconf 90' lang='lat' dir='ltr'><strong>nec</strong></span> <span class='ocrx_word' id='word_1_355' title='bbox 1941 3033 2133 3101; x_wconf 82' lang='lat' dir='ltr'><strong>legitur</strong></span> 
     </span>
    </p>
   </div>
   <div class='ocr_carea' id='block_1_45' title="bbox 556 3124 2126 3193">
    <p class='ocr_par' dir='ltr' id='par_1_45' title="bbox 556 3124 2126 3193">
     <span class='ocr_line' id='line_1_45' title="bbox 556 3124 2126 3193; baseline 0.001 -17"><span class='ocrx_word' id='word_1_356' title='bbox 556 3124 788 3187; x_wconf 78' lang='lat' dir='ltr'><strong>omnino,</strong></span> <span class='ocrx_word' id='word_1_357' title='bbox 822 3140 920 3178; x_wconf 90' lang='lat' dir='ltr'><strong>nec</strong></span> <span class='ocrx_word' id='word_1_358' title='bbox 947 3125 1162 3187; x_wconf 87' lang='lat' dir='ltr'><strong>dicitur,</strong></span> <span class='ocrx_word' id='word_1_359' title='bbox 1204 3124 1346 3191; x_wconf 89' lang='lat' dir='ltr'><strong>quod</strong></span> <span class='ocrx_word' id='word_1_360' title='bbox 1377 3139 1565 3178; x_wconf 82' lang='lat' dir='ltr'><strong>eorum</strong></span> <span class='ocrx_word' id='word_1_361' title='bbox 1592 3140 1725 3178; x_wconf 89' lang='lat' dir='ltr'><strong>voce</strong></span> <span class='ocrx_word' id='word_1_362' title='bbox 1755 3124 2086 3193; x_wconf 72' lang='lat' dir='ltr'><strong>depromitur</strong></span> <span class='ocrx_word' id='word_1_363' title='bbox 2112 3140 2126 3178; x_wconf 91' lang='lat'>:</span> 
     </span>
    </p>
   </div>
   <div class='ocr_carea' id='block_1_46' title="bbox 2227 1942 3799 2014">
    <p class='ocr_par' dir='ltr' id='par_1_46' title="bbox 2227 1942 3799 2014">
     <span class='ocr_line' id='line_1_46' title="bbox 2227 1942 3799 2014; baseline -0.005 -13"><span class='ocrx_word' id='word_1_364' title='bbox 2227 1954 2470 2014; x_wconf 71' lang='lat' dir='ltr'><strong>serperat</strong></span> <span class='ocrx_word' id='word_1_365' title='bbox 2512 1954 2696 2001; x_wconf 91' lang='lat' dir='ltr'><strong>auctor</strong></span> <span class='ocrx_word' id='word_1_366' title='bbox 2727 1943 2944 1998; x_wconf 90' lang='lat' dir='ltr'><strong>erroris.</strong></span> <span class='ocrx_word' id='word_1_367' title='bbox 2988 1942 3010 1973; x_wconf 73' lang='grc' dir='ltr'>δ</span> <span class='ocrx_word' id='word_1_368' title='bbox 3033 1942 3196 1996; x_wconf 86' lang='lat' dir='ltr'><strong>Nobis</strong></span> <span class='ocrx_word' id='word_1_369' title='bbox 3232 1948 3508 2010; x_wconf 91' lang='lat' dir='ltr'><strong>opponunt</strong></span> <span class='ocrx_word' id='word_1_370' title='bbox 3545 1955 3799 2003; x_wconf 73' lang='lat' dir='ltr'><strong>canones,</strong></span> 
     </span>
    </p>
   </div>
   <div class='ocr_carea' id='block_1_47' title="bbox 2227 2031 3803 2102">
    <p class='ocr_par' dir='ltr' id='par_1_47' title="bbox 2227 2031 3803 2102">
     <span class='ocr_line' id='line_1_47' title="bbox 2227 2031 3803 2102; baseline -0.006 -10"><span class='ocrx_word' id='word_1_371' title='bbox 2227 2037 2351 2092; x_wconf 91' lang='lat' dir='ltr'><strong>dum</strong></span> <span class='ocrx_word' id='word_1_372' title='bbox 2386 2036 2629 2093; x_wconf 86' lang='lat' dir='ltr'><strong>nesciunt</strong></span> <span class='ocrx_word' id='word_1_373' title='bbox 2657 2034 2781 2102; x_wconf 91' lang='lat' dir='ltr'><strong>quid</strong></span> <span class='ocrx_word' id='word_1_374' title='bbox 2812 2034 3117 2102; x_wconf 89' lang='lat' dir='ltr'><strong>loquantur.</strong></span> <span class='ocrx_word' id='word_1_375' title='bbox 3161 2032 3360 2087; x_wconf 85' lang='lat' dir='ltr'><strong>Contra</strong></span> <span class='ocrx_word' id='word_1_376' title='bbox 3389 2046 3521 2097; x_wconf 90' lang='lat' dir='ltr'><strong>quos</strong></span> <span class='ocrx_word' id='word_1_377' title='bbox 3558 2032 3661 2085; x_wconf 88' lang='lat' dir='ltr'><strong>hoc</strong></span> <span class='ocrx_word' id='word_1_378' title='bbox 3692 2031 3803 2099; x_wconf 58' lang='lat' dir='ltr'><strong>ip‘o</strong></span> 
     </span>
    </p>
   </div>
   <div class='ocr_carea' id='block_1_48' title="bbox 2228 2123 3803 2196">
    <p class='ocr_par' dir='ltr' id='par_1_48' title="bbox 2228 2123 3803 2196">
     <span class='ocr_line' id='line_1_48' title="bbox 2228 2123 3803 2196; baseline -0.003 -15"><span class='ocrx_word' id='word_1_379' title='bbox 2228 2129 2411 2183; x_wconf 89' lang='lat' dir='ltr'><strong>venire</strong></span> <span class='ocrx_word' id='word_1_380' title='bbox 2443 2142 2499 2180; x_wconf 80' lang='lat' dir='ltr'><strong>se</strong></span> <span class='ocrx_word' id='word_1_381' title='bbox 2530 2126 2792 2193; x_wconf 89' lang='lat' dir='ltr'><strong>produnt,</strong></span> <span class='ocrx_word' id='word_1_382' title='bbox 2825 2125 2962 2196; x_wconf 91' lang='lat' dir='ltr'><strong>quod</strong></span> <span class='ocrx_word' id='word_1_383' title='bbox 2994 2126 3180 2193; x_wconf 77' lang='lat' dir='ltr'><strong>prim-e</strong></span> <span class='ocrx_word' id='word_1_384' title='bbox 3212 2123 3358 2189; x_wconf 90' lang='lat' dir='ltr'><strong>sedi,</strong></span> <span class='ocrx_word' id='word_1_385' title='bbox 3396 2139 3521 2176; x_wconf 86' lang='lat' dir='ltr'><strong>sana</strong></span> <span class='ocrx_word' id='word_1_386' title='bbox 3555 2134 3803 2191; x_wconf 82' lang='lat' dir='ltr'><strong>rectaque</strong></span> 
     </span>
    </p>
   </div>
   <div class='ocr_carea' id='block_1_49' title="bbox 2229 2214 3804 2287">
    <p class='ocr_par' dir='ltr' id='par_1_49' title="bbox 2229 2214 3804 2287">
     <span class='ocr_line' id='line_1_49' title="bbox 2229 2214 3804 2287; baseline -0.003 -16"><span class='ocrx_word' id='word_1_387' title='bbox 2229 2220 2517 2282; x_wconf 90' lang='lat' dir='ltr'><strong>suadenti,</strong></span> <span class='ocrx_word' id='word_1_388' title='bbox 2564 2232 2751 2287; x_wconf 87' lang='lat' dir='ltr'><strong>parere</strong></span> <span class='ocrx_word' id='word_1_389' title='bbox 2798 2216 3021 2285; x_wconf 88' lang='lat' dir='ltr'><strong>fugiunt.</strong></span> <span class='ocrx_word' id='word_1_390' title='bbox 3075 2214 3177 2283; x_wconf 91' lang='lat' dir='ltr'><strong>Ipsi</strong></span> <span class='ocrx_word' id='word_1_391' title='bbox 3225 2222 3348 2269; x_wconf 87' lang='lat' dir='ltr'><strong>sunt</strong></span> <span class='ocrx_word' id='word_1_392' title='bbox 3396 2228 3662 2278; x_wconf 87' lang='lat' dir='ltr'><strong>canones,</strong></span> <span class='ocrx_word' id='word_1_393' title='bbox 3717 2214 3804 2281; x_wconf 89' lang='lat' dir='ltr'><strong>qui</strong></span> 
     </span>
    </p>
   </div>
   <div class='ocr_carea' id='block_1_50' title="bbox 2230 2306 3804 2378">
    <p class='ocr_par' dir='ltr' id='par_1_50' title="bbox 2230 2306 3804 2378">
     <span class='ocr_line' id='line_1_50' title="bbox 2230 2306 3804 2378; baseline -0.005 -13"><span class='ocrx_word' id='word_1_394' title='bbox 2230 2311 2620 2378; x_wconf 77' lang='lat' dir='ltr'><strong>appellationes</strong></span> <span class='ocrx_word' id='word_1_395' title='bbox 2648 2310 2808 2362; x_wconf 88' lang='lat' dir='ltr'><strong>totius</strong></span> <span class='ocrx_word' id='word_1_396' title='bbox 2838 2308 3098 2366; x_wconf 62' lang='lat' dir='ltr'><strong>Ecclesia:</strong></span> <span class='ocrx_word' id='word_1_397' title='bbox 3127 2306 3192 2361; x_wconf 85' lang='lat' dir='ltr'><strong>ad</strong></span> <span class='ocrx_word' id='word_1_398' title='bbox 3223 2306 3380 2375; x_wconf 89' lang='lat' dir='ltr'><strong>hujus</strong></span> <span class='ocrx_word' id='word_1_399' title='bbox 3412 2307 3555 2360; x_wconf 64' lang='lat' dir='ltr'><strong>sedis</strong></span> <span class='ocrx_word' id='word_1_400' title='bbox 3582 2321 3804 2361; x_wconf 71' lang='lat' dir='ltr'><strong>exmnen</strong></span> 
     </span>
    </p>
   </div>
   <div class='ocr_carea' id='block_1_51' title="bbox 2233 2400 3805 2468">
    <p class='ocr_par' dir='ltr' id='par_1_51' title="bbox 2233 2400 3805 2468">
     <span class='ocr_line' id='line_1_51' title="bbox 2233 2400 3805 2468; baseline -0.002 -16"><span class='ocrx_word' id='word_1_401' title='bbox 2233 2402 2452 2455; x_wconf 84' lang='lat' dir='ltr'><strong>volnere</strong></span> <span class='ocrx_word' id='word_1_402' title='bbox 2478 2400 2695 2455; x_wconf 80' lang='lat' dir='ltr'><strong>deferri.</strong></span> <span class='ocrx_word' id='word_1_403' title='bbox 2731 2400 2811 2453; x_wconf 83' lang='lat' dir='ltr'><strong>Ab</strong></span> <span class='ocrx_word' id='word_1_404' title='bbox 2859 2400 2971 2468; x_wconf 89' lang='lat' dir='ltr'><strong>ipsa</strong></span> <span class='ocrx_word' id='word_1_405' title='bbox 3002 2414 3129 2457; x_wconf 88' lang='lat' dir='ltr'><strong>vero</strong></span> <span class='ocrx_word' id='word_1_406' title='bbox 3160 2413 3418 2467; x_wconf 82' lang='lat' dir='ltr'><strong>nusquam</strong></span> <span class='ocrx_word' id='word_1_407' title='bbox 3454 2413 3671 2466; x_wconf 74' lang='lat' dir='ltr'><strong>prorsus</strong></span> <span class='ocrx_word' id='word_1_408' title='bbox 3712 2413 3805 2466; x_wconf 85' lang='lat' dir='ltr'><strong>ap-</strong></span> 
     </span>
    </p>
   </div>
   <div class='ocr_carea' id='block_1_52' title="bbox 2234 2491 3809 2562">
    <p class='ocr_par' dir='ltr' id='par_1_52' title="bbox 2234 2491 3809 2562">
     <span class='ocr_line' id='line_1_52' title="bbox 2234 2491 3809 2562; baseline -0.003 -15"><span class='ocrx_word' id='word_1_409' title='bbox 2234 2494 2414 2562; x_wconf 75' lang='lat' dir='ltr'><strong>pellari</strong></span> <span class='ocrx_word' id='word_1_410' title='bbox 2448 2493 2645 2547; x_wconf 88' lang='lat' dir='ltr'><strong>debere</strong></span> <span class='ocrx_word' id='word_1_411' title='bbox 2673 2501 3001 2556; x_wconf 86' lang='lat' dir='ltr'><strong>sanxerunt;</strong></span> <span class='ocrx_word' id='word_1_412' title='bbox 3050 2507 3112 2545; x_wconf 90' lang='lat' dir='ltr'><strong>ac</strong></span> <span class='ocrx_word' id='word_1_413' title='bbox 3154 2507 3247 2560; x_wconf 90' lang='lat' dir='ltr'><strong>per</strong></span> <span class='ocrx_word' id='word_1_414' title='bbox 3278 2491 3376 2544; x_wconf 90' lang='lat' dir='ltr'><strong>hoc</strong></span> <span class='ocrx_word' id='word_1_415' title='bbox 3404 2491 3546 2545; x_wconf 86' lang='lat' dir='ltr'><strong>illam</strong></span> <span class='ocrx_word' id='word_1_416' title='bbox 3589 2491 3661 2545; x_wconf 86' lang='lat' dir='ltr'><strong>de</strong></span> <span class='ocrx_word' id='word_1_417' title='bbox 3703 2500 3809 2545; x_wconf 88' lang='lat' dir='ltr'><strong>tota</strong></span> 
     </span>
    </p>
   </div>
   <div class='ocr_carea' id='block_1_53' title="bbox 2234 2582 3811 2655">
    <p class='ocr_par' dir='ltr' id='par_1_53' title="bbox 2234 2582 3811 2655">
     <span class='ocr_line' id='line_1_53' title="bbox 2234 2582 3811 2655; baseline -0.004 -14"><span class='ocrx_word' id='word_1_418' title='bbox 2234 2587 2469 2641; x_wconf 87' lang='lat' dir='ltr'><strong>Ecclesia</strong></span> <span class='ocrx_word' id='word_1_419' title='bbox 2504 2585 2776 2653; x_wconf 83' lang='lat' dir='ltr'><strong>judicare,</strong></span> <span class='ocrx_word' id='word_1_420' title='bbox 2818 2584 2985 2654; x_wconf 88' lang='lat' dir='ltr'><strong>ipsam</strong></span> <span class='ocrx_word' id='word_1_421' title='bbox 3016 2583 3078 2637; x_wconf 89' lang='lat' dir='ltr'><strong>ad</strong></span> <span class='ocrx_word' id='word_1_422' title='bbox 3110 2583 3305 2639; x_wconf 84' lang='lat' dir='ltr'><strong>nullius</strong></span> <span class='ocrx_word' id='word_1_423' title='bbox 3337 2596 3645 2638; x_wconf 85' lang='lat' dir='ltr'><strong>commeare</strong></span> <span class='ocrx_word' id='word_1_424' title='bbox 3670 2582 3811 2655; x_wconf 79' lang='lat' dir='ltr'><strong>judi-</strong></span> 
     </span>
    </p>
   </div>
   <div class='ocr_carea' id='block_1_54' title="bbox 2231 2672 3810 2743">
    <p class='ocr_par' dir='ltr' id='par_1_54' title="bbox 2231 2672 3810 2743">
     <span class='ocr_line' id='line_1_54' title="bbox 2231 2672 3810 2743; baseline -0.001 -14"><span class='ocrx_word' id='word_1_425' title='bbox 2231 2677 2402 2741; x_wconf 83' lang='lat' dir='ltr'><strong>cium,</strong></span> <span class='ocrx_word' id='word_1_426' title='bbox 2425 2691 2521 2730; x_wconf 92' lang='lat' dir='ltr'><strong>nec</strong></span> <span class='ocrx_word' id='word_1_427' title='bbox 2542 2674 2609 2729; x_wconf 89' lang='lat' dir='ltr'><strong>de</strong></span> <span class='ocrx_word' id='word_1_428' title='bbox 2637 2674 2752 2743; x_wconf 88' lang='lat' dir='ltr'><strong>ejus</strong></span> <span class='ocrx_word' id='word_1_429' title='bbox 2783 2689 3015 2741; x_wconf 88' lang='lat' dir='ltr'><strong>unquam</strong></span> <span class='ocrx_word' id='word_1_430' title='bbox 3048 2681 3416 2743; x_wconf 66' lang='lat' dir='ltr'><strong>praeceperunt</strong></span> <span class='ocrx_word' id='word_1_431' title='bbox 3441 2672 3645 2742; x_wconf 89' lang='lat' dir='ltr'><strong>judicio</strong></span> <span class='ocrx_word' id='word_1_432' title='bbox 3667 2674 3810 2743; x_wconf 88' lang='lat' dir='ltr'><strong>judi-</strong></span> 
     </span>
    </p>
   </div>
   <div class='ocr_carea' id='block_1_55' title="bbox 2232 2766 3812 2838">
    <p class='ocr_par' dir='ltr' id='par_1_55' title="bbox 2232 2766 3812 2838">
     <span class='ocr_line' id='line_1_55' title="bbox 2232 2766 3812 2838; baseline -0.002 -16"><span class='ocrx_word' id='word_1_433' title='bbox 2232 2768 2363 2830; x_wconf 89' lang='lat' dir='ltr'><strong>cari,</strong></span> <span class='ocrx_word' id='word_1_434' title='bbox 2386 2767 2817 2838; x_wconf 87' lang='lat' dir='ltr'><strong>sententiamque</strong></span> <span class='ocrx_word' id='word_1_435' title='bbox 2845 2766 2987 2820; x_wconf 91' lang='lat' dir='ltr'><strong>illius</strong></span> <span class='ocrx_word' id='word_1_436' title='bbox 3010 2767 3405 2822; x_wconf 88' lang='lat' dir='ltr'><strong>constituerunt</strong></span> <span class='ocrx_word' id='word_1_437' title='bbox 3428 2780 3533 2819; x_wconf 91' lang='lat' dir='ltr'><strong>non</strong></span> <span class='ocrx_word' id='word_1_438' title='bbox 3559 2774 3812 2833; x_wconf 87' lang='lat' dir='ltr'><strong>oportere</strong></span> 
     </span>
    </p>
   </div>
   <div class='ocr_carea' id='block_1_56' title="bbox 2232 2854 3811 2927">
    <p class='ocr_par' dir='ltr' id='par_1_56' title="bbox 2232 2854 3811 2927">
     <span class='ocr_line' id='line_1_56' title="bbox 2232 2854 3811 2927; baseline -0.001 -16"><span class='ocrx_word' id='word_1_439' title='bbox 2232 2858 2482 2925; x_wconf 89' lang='lat' dir='ltr'><strong>dissolvi,</strong></span> <span class='ocrx_word' id='word_1_440' title='bbox 2525 2857 2677 2927; x_wconf 89' lang='lat' dir='ltr'><strong>cujus</strong></span> <span class='ocrx_word' id='word_1_441' title='bbox 2709 2857 2883 2927; x_wconf 89' lang='lat' dir='ltr'><strong>potius</strong></span> <span class='ocrx_word' id='word_1_442' title='bbox 2918 2855 3131 2910; x_wconf 87' lang='lat' dir='ltr'><strong>decreta</strong></span> <span class='ocrx_word' id='word_1_443' title='bbox 3168 2854 3437 2925; x_wconf 81' lang='lat' dir='ltr'><strong>sequenda</strong></span> <span class='ocrx_word' id='word_1_444' title='bbox 3468 2855 3811 2910; x_wconf 87' lang='lat' dir='ltr'><strong>mandarunt.</strong></span> 
     </span>
    </p>
   </div>
   <div class='ocr_carea' id='block_1_57' title="bbox 2233 2945 3814 3019">
    <p class='ocr_par' dir='ltr' id='par_1_57' title="bbox 2233 2945 3814 3019">
     <span class='ocr_line' id='line_1_57' title="bbox 2233 2945 3814 3019; baseline -0.004 -14"><span class='ocrx_word' id='word_1_445' title='bbox 2233 2952 2288 3005; x_wconf 88' lang='lat' dir='ltr'><strong>in</strong></span> <span class='ocrx_word' id='word_1_446' title='bbox 2335 2951 2433 3004; x_wconf 87' lang='lat' dir='ltr'><strong>hac</strong></span> <span class='ocrx_word' id='word_1_447' title='bbox 2474 2949 2585 3019; x_wconf 89' lang='lat' dir='ltr'><strong>ipsa</strong></span> <span class='ocrx_word' id='word_1_448' title='bbox 2627 2962 2784 3005; x_wconf 83' lang='lat' dir='ltr'><strong>cauSa</strong></span> <span class='ocrx_word' id='word_1_449' title='bbox 2816 2947 3132 3003; x_wconf 84' lang='lat' dir='ltr'><strong>Timotheus</strong></span> <span class='ocrx_word' id='word_1_450' title='bbox 3161 2945 3583 3009; x_wconf 77' lang='lat' dir='ltr'><strong>Alexandrinus,</strong></span> <span class='ocrx_word' id='word_1_451' title='bbox 3628 2955 3683 2999; x_wconf 90' lang='lat' dir='ltr'><strong>et</strong></span> <span class='ocrx_word' id='word_1_452' title='bbox 3714 2945 3814 2999; x_wconf 80' lang='lat' dir='ltr'><strong>Pe-</strong></span> 
     </span>
    </p>
   </div>
   <div class='ocr_carea' id='block_1_58' title="bbox 2234 3037 3812 3105">
    <p class='ocr_par' dir='ltr' id='par_1_58' title="bbox 2234 3037 3812 3105">
     <span class='ocr_line' id='line_1_58' title="bbox 2234 3037 3812 3105; baseline -0.004 -9"><span class='ocrx_word' id='word_1_453' title='bbox 2234 3052 2348 3096; x_wconf 89' lang='lat' dir='ltr'><strong>trus</strong></span> <span class='ocrx_word' id='word_1_454' title='bbox 2370 3041 2755 3105; x_wconf 85' lang='lat' dir='ltr'><strong>Antiochenus,</strong></span> <span class='ocrx_word' id='word_1_455' title='bbox 2780 3039 2990 3104; x_wconf 86' lang='lat' dir='ltr'><strong>Petrus,</strong></span> <span class='ocrx_word' id='word_1_456' title='bbox 3016 3037 3230 3101; x_wconf 82' lang='lat' dir='ltr'><strong>Paulus,</strong></span> <span class='ocrx_word' id='word_1_457' title='bbox 3256 3037 3507 3105; x_wconf 88' lang='lat' dir='ltr'><strong>Joannes,</strong></span> <span class='ocrx_word' id='word_1_458' title='bbox 3532 3046 3582 3092; x_wconf 93' lang='lat' dir='ltr'><strong>et</strong></span> <span class='ocrx_word' id='word_1_459' title='bbox 3607 3038 3812 3103; x_wconf 71' lang='lat' dir='ltr'><strong>cmteri,</strong></span> 
     </span>
    </p>
   </div>
   <div class='ocr_carea' id='block_1_59' title="bbox 2234 3128 3813 3198">
    <p class='ocr_par' dir='ltr' id='par_1_59' title="bbox 2234 3128 3813 3198">
     <span class='ocr_line' id='line_1_59' title="bbox 2234 3128 3813 3198; baseline -0.001 -12"><span class='ocrx_word' id='word_1_460' title='bbox 2234 3148 2338 3186; x_wconf 91' lang='lat' dir='ltr'><strong>non</strong></span> <span class='ocrx_word' id='word_1_461' title='bbox 2368 3133 2539 3185; x_wconf 91' lang='lat' dir='ltr'><strong>solum</strong></span> <span class='ocrx_word' id='word_1_462' title='bbox 2573 3146 2730 3197; x_wconf 89' lang='lat' dir='ltr'><strong>unus,</strong></span> <span class='ocrx_word' id='word_1_463' title='bbox 2762 3128 2854 3184; x_wconf 90' lang='lat' dir='ltr'><strong>sed</strong></span> <span class='ocrx_word' id='word_1_464' title='bbox 2883 3129 3061 3198; x_wconf 88' lang='lat' dir='ltr'><strong>plures</strong></span> <span class='ocrx_word' id='word_1_465' title='bbox 3089 3129 3269 3197; x_wconf 82' lang='lat' dir='ltr'><strong>utique</strong></span> <span class='ocrx_word' id='word_1_466' title='bbox 3297 3143 3488 3182; x_wconf 92' lang='lat' dir='ltr'><strong>nomen</strong></span> <span class='ocrx_word' id='word_1_467' title='bbox 3519 3128 3813 3185; x_wconf 79' lang='lat' dir='ltr'><strong>sacerdotii</strong></span> 
     </span>
    </p>
   </div>
   <div class='ocr_carea' id='block_1_60' title="bbox 557 3195 3813 3288">
    <p class='ocr_par' dir='ltr' id='par_1_60' title="bbox 557 3195 3813 3288">
     <span class='ocr_line' id='line_1_60' title="bbox 557 3195 3813 3288; baseline 0 -21"><span class='ocrx_word' id='word_1_468' title='bbox 557 3216 688 3268; x_wconf 85' lang='lat' dir='ltr'><strong>Date</strong></span> <span class='ocrx_word' id='word_1_469' title='bbox 716 3216 869 3267; x_wconf 82' lang='lat' dir='ltr'><strong>nobis</strong></span> <span class='ocrx_word' id='word_1_470' title='bbox 900 3218 1133 3275; x_wconf 85' lang='lat' dir='ltr'><strong>veniam,</strong></span> <span class='ocrx_word' id='word_1_471' title='bbox 1175 3214 1299 3267; x_wconf 89' lang='lat' dir='ltr'><strong>dum</strong></span> <span class='ocrx_word' id='word_1_472' title='bbox 1329 3223 1507 3268; x_wconf 88' lang='lat' dir='ltr'><strong>tamen</strong></span> <span class='ocrx_word' id='word_1_473' title='bbox 1537 3229 1635 3267; x_wconf 88' lang='lat' dir='ltr'><strong>nos</strong></span> <span class='ocrx_word' id='word_1_474' title='bbox 1665 3215 1716 3268; x_wconf 90' lang='lat' dir='ltr'><strong>in</strong></span> <span class='ocrx_word' id='word_1_475' title='bbox 1745 3230 1931 3269; x_wconf 84' lang='lat' dir='ltr'><strong>errore</strong></span> <span class='ocrx_word' id='word_1_476' title='bbox 1962 3215 2126 3269; x_wconf 77' lang='lat' dir='ltr'><strong>duie-</strong></span> <span class='ocrx_word' id='word_1_477' title='bbox 2153 3195 2197 3257; x_wconf 71' lang='grc' dir='ltr'>ο</span> <span class='ocrx_word' id='word_1_478' title='bbox 2234 3221 2605 3288; x_wconf 74' lang='lat' dir='ltr'><strong>prmferentcs,</strong></span> <span class='ocrx_word' id='word_1_479' title='bbox 2653 3195 2766 3275; x_wconf 90' lang='lat' dir='ltr'><strong>sola</strong></span> <span class='ocrx_word' id='word_1_480' title='bbox 2817 3195 2959 3273; x_wconf 80' lang='lat' dir='ltr'><strong>sedis</strong></span> <span class='ocrx_word' id='word_1_481' title='bbox 3005 3195 3314 3287; x_wconf 76' lang='lat' dir='ltr'><strong>apostolica:</strong></span> <span class='ocrx_word' id='word_1_482' title='bbox 3342 3228 3465 3271; x_wconf 88' lang='lat' dir='ltr'><strong>sunt</strong></span> <span class='ocrx_word' id='word_1_483' title='bbox 3493 3218 3813 3273; x_wconf 80' lang='lat' dir='ltr'><strong>aucloritato</strong></span> 
     </span>
    </p>
   </div>
   <div class='ocr_carea' id='block_1_61' title="bbox 560 3303 2128 3377">
    <p class='ocr_par' dir='ltr' id='par_1_61' title="bbox 560 3303 2128 3377">
     <span class='ocr_line' id='line_1_61' title="bbox 560 3303 2128 3377; baseline 0.001 -20"><span class='ocrx_word' id='word_1_484' title='bbox 560 3320 694 3357; x_wconf 90' lang='lat' dir='ltr'><strong>mus.</strong></span> <span class='ocrx_word' id='word_1_485' title='bbox 748 3303 810 3368; x_wconf 75' lang='lat' dir='ltr'><strong>id</strong></span> <span class='ocrx_word' id='word_1_486' title='bbox 836 3320 1047 3374; x_wconf 91' lang='lat' dir='ltr'><strong>quoque</strong></span> <span class='ocrx_word' id='word_1_487' title='bbox 1081 3308 1102 3336; x_wconf 78' lang='grc'>⁸</span> <span class='ocrx_word' id='word_1_488' title='bbox 1134 3305 1329 3373; x_wconf 91' lang='lat' dir='ltr'><strong>pariter</strong></span> <span class='ocrx_word' id='word_1_489' title='bbox 1358 3304 1511 3376; x_wconf 77' lang='lat' dir='ltr'><strong>[forte</strong></span> <span class='ocrx_word' id='word_1_490' title='bbox 1540 3305 1639 3375; x_wconf 84' lang='lat' dir='ltr'><strong>leg.</strong></span> <span class='ocrx_word' id='word_1_491' title='bbox 1674 3320 1770 3374; x_wconf 91' lang='lat' dir='ltr'><strong>par</strong></span> <span class='ocrx_word' id='word_1_492' title='bbox 1799 3303 1903 3377; x_wconf 85' lang='lat' dir='ltr'><strong>est]</strong></span> <span class='ocrx_word' id='word_1_493' title='bbox 1946 3317 2128 3359; x_wconf 82' lang='lat' dir='ltr'><strong>05ten-</strong></span> 
     </span>
    </p>
   </div>
   <div class='ocr_carea' id='block_1_62' title="bbox 557 3397 2130 3466">
    <p class='ocr_par' dir='ltr' id='par_1_62' title="bbox 557 3397 2130 3466">
     <span class='ocr_line' id='line_1_62' title="bbox 557 3397 2130 3466; baseline 0.002 -17"><span class='ocrx_word' id='word_1_494' title='bbox 557 3397 707 3462; x_wconf 86' lang='lat' dir='ltr'><strong>dant,</strong></span> <span class='ocrx_word' id='word_1_495' title='bbox 753 3398 841 3465; x_wconf 91' lang='lat' dir='ltr'><strong>qui</strong></span> <span class='ocrx_word' id='word_1_496' title='bbox 887 3398 1039 3452; x_wconf 87' lang='lat' dir='ltr'><strong>nobis</strong></span> <span class='ocrx_word' id='word_1_497' title='bbox 1080 3412 1316 3453; x_wconf 88' lang='lat' dir='ltr'><strong>canones</strong></span> <span class='ocrx_word' id='word_1_498' title='bbox 1345 3398 1585 3450; x_wconf 86' lang='lat' dir='ltr'><strong>nituntur</strong></span> <span class='ocrx_word' id='word_1_499' title='bbox 1608 3413 1897 3466; x_wconf 79' lang='lat' dir='ltr'><strong>opponere,</strong></span> <span class='ocrx_word' id='word_1_500' title='bbox 1940 3399 2130 3466; x_wconf 88' lang='lat' dir='ltr'><strong>quibus</strong></span> 
     </span>
    </p>
   </div>
   <div class='ocr_carea' id='block_1_63' title="bbox 561 3489 2131 3560">
    <p class='ocr_par' dir='ltr' id='par_1_63' title="bbox 561 3489 2131 3560">
     <span class='ocr_line' id='line_1_63' title="bbox 561 3489 2131 3560; baseline 0.003 -19"><span class='ocrx_word' id='word_1_501' title='bbox 561 3489 659 3543; x_wconf 85' lang='lat' dir='ltr'><strong>hoc</strong></span> <span class='ocrx_word' id='word_1_502' title='bbox 688 3490 1002 3555; x_wconf 88' lang='lat' dir='ltr'><strong>canonibus,</strong></span> <span class='ocrx_word' id='word_1_503' title='bbox 1045 3490 1233 3559; x_wconf 85' lang='lat' dir='ltr'><strong>quibus</strong></span> <span class='ocrx_word' id='word_1_504' title='bbox 1276 3490 1493 3558; x_wconf 88' lang='lat' dir='ltr'><strong>regulis,</strong></span> <span class='ocrx_word' id='word_1_505' title='bbox 1535 3505 1637 3560; x_wconf 90' lang='lat' dir='ltr'><strong>qua</strong></span> <span class='ocrx_word' id='word_1_506' title='bbox 1679 3491 1929 3556; x_wconf 85' lang='lat' dir='ltr'><strong>lectione,</strong></span> <span class='ocrx_word' id='word_1_507' title='bbox 1958 3506 2131 3560; x_wconf 86' lang='lat' dir='ltr'><strong>quove</strong></span> 
     </span>
    </p>
   </div>
   <div class='ocr_carea' id='block_1_64' title="bbox 562 3579 2133 3649">
    <p class='ocr_par' dir='ltr' id='par_1_64' title="bbox 562 3579 2133 3649">
     <span class='ocr_line' id='line_1_64' title="bbox 562 3579 2133 3649; baseline 0.001 -16"><span class='ocrx_word' id='word_1_508' title='bbox 562 3580 628 3633; x_wconf 86' lang='lat' dir='ltr'><strong>do</strong></span> <span class='ocrx_word' id='word_1_509' title='bbox 663 3589 900 3642; x_wconf 83' lang='lat' dir='ltr'><strong>umente.</strong></span> <span class='ocrx_word' id='word_1_510' title='bbox 954 3581 1065 3635; x_wconf 91' lang='lat' dir='ltr'><strong>sive</strong></span> <span class='ocrx_word' id='word_1_511' title='bbox 1114 3579 1405 3648; x_wconf 86' lang='lat' dir='ltr'><strong>majoribus</strong></span> <span class='ocrx_word' id='word_1_512' title='bbox 1450 3579 1681 3645; x_wconf 89' lang='lat' dir='ltr'><strong>nostris,</strong></span> <span class='ocrx_word' id='word_1_513' title='bbox 1727 3580 1840 3635; x_wconf 89' lang='lat' dir='ltr'><strong>sive</strong></span> <span class='ocrx_word' id='word_1_514' title='bbox 1886 3581 1953 3635; x_wconf 89' lang='lat' dir='ltr'><strong>ab</strong></span> <span class='ocrx_word' id='word_1_515' title='bbox 2001 3580 2133 3649; x_wconf 86' lang='lat' dir='ltr'><strong>ipsis</strong></span> 
     </span>
    </p>
   </div>
   <div class='ocr_carea' id='block_1_65' title="bbox 560 3670 2130 3742">
    <p class='ocr_par' dir='ltr' id='par_1_65' title="bbox 560 3670 2130 3742">
     <span class='ocr_line' id='line_1_65' title="bbox 560 3670 2130 3742; baseline 0.001 -18"><span class='ocrx_word' id='word_1_516' title='bbox 560 3671 816 3739; x_wconf 72' lang='lat' dir='ltr'><strong>apostolis</strong></span> <span class='ocrx_word' id='word_1_517' title='bbox 850 3672 1004 3742; x_wconf 87' lang='lat' dir='ltr'><strong>(quos</strong></span> <span class='ocrx_word' id='word_1_518' title='bbox 1052 3673 1287 3741; x_wconf 87' lang='lat' dir='ltr'><strong>potiores</strong></span> <span class='ocrx_word' id='word_1_519' title='bbox 1334 3672 1525 3725; x_wconf 89' lang='lat' dir='ltr'><strong>merito</strong></span> <span class='ocrx_word' id='word_1_520' title='bbox 1564 3671 1728 3725; x_wconf 83' lang='lat' dir='ltr'><strong>luisse</strong></span> <span class='ocrx_word' id='word_1_521' title='bbox 1769 3686 1873 3729; x_wconf 86' lang='lat' dir='ltr'><strong>non</strong></span> <span class='ocrx_word' id='word_1_522' title='bbox 1911 3670 2130 3727; x_wconf 89' lang='lat' dir='ltr'><strong>dubium</strong></span> 
     </span>
    </p>
   </div>
   <div class='ocr_carea' id='block_1_66' title="bbox 561 3760 2130 3831">
    <p class='ocr_par' dir='ltr' id='par_1_66' title="bbox 561 3760 2130 3831">
     <span class='ocr_line' id='line_1_66' title="bbox 561 3760 2130 3831; baseline 0.001 -16"><span class='ocrx_word' id='word_1_523' title='bbox 561 3760 685 3827; x_wconf 82' lang='lat' dir='ltr'><strong>est),</strong></span> <span class='ocrx_word' id='word_1_524' title='bbox 717 3777 809 3816; x_wconf 66' lang='lat' dir='ltr'><strong>seu</strong></span> <span class='ocrx_word' id='word_1_525' title='bbox 851 3761 921 3816; x_wconf 86' lang='lat' dir='ltr'><strong>ab</strong></span> <span class='ocrx_word' id='word_1_526' title='bbox 958 3762 1071 3831; x_wconf 60' lang='lat' dir='ltr'><strong>ipso</strong></span> <span class='ocrx_word' id='word_1_527' title='bbox 1101 3760 1327 3815; x_wconf 66' lang='lat' dir='ltr'><strong>Demino</strong></span> <span class='ocrx_word' id='word_1_528' title='bbox 1355 3760 1654 3825; x_wconf 86' lang='lat' dir='ltr'><strong>Salvatore,</strong></span> <span class='ocrx_word' id='word_1_529' title='bbox 1683 3761 1771 3831; x_wconf 89' lang='lat' dir='ltr'><strong>qui</strong></span> <span class='ocrx_word' id='word_1_530' title='bbox 1799 3761 2130 3829; x_wconf 77' lang='lat' dir='ltr'><strong>iudicaturus</strong></span> 
     </span>
    </p>
   </div>
   <div class='ocr_carea' id='block_1_67' title="bbox 565 3851 2129 3920">
    <p class='ocr_par' dir='ltr' id='par_1_67' title="bbox 565 3851 2129 3920">
     <span class='ocr_line' id='line_1_67' title="bbox 565 3851 2129 3920; baseline 0.001 -17"><span class='ocrx_word' id='word_1_531' title='bbox 565 3852 797 3906; x_wconf 83' lang='lat' dir='ltr'><strong>creditur</strong></span> <span class='ocrx_word' id='word_1_532' title='bbox 822 3854 972 3906; x_wconf 91' lang='lat' dir='ltr'><strong>vivos</strong></span> <span class='ocrx_word' id='word_1_533' title='bbox 1016 3861 1070 3907; x_wconf 92' lang='lat' dir='ltr'><strong>et</strong></span> <span class='ocrx_word' id='word_1_534' title='bbox 1109 3862 1369 3916; x_wconf 88' lang='lat' dir='ltr'><strong>mortuos,</strong></span> <span class='ocrx_word' id='word_1_535' title='bbox 1400 3851 1513 3907; x_wconf 86' lang='lat' dir='ltr'><strong>sive</strong></span> <span class='ocrx_word' id='word_1_536' title='bbox 1544 3851 1740 3904; x_wconf 85' lang='lat' dir='ltr'><strong>factum</strong></span> <span class='ocrx_word' id='word_1_537' title='bbox 1768 3860 1851 3905; x_wconf 89' lang='lat' dir='ltr'><strong>est</strong></span> <span class='ocrx_word' id='word_1_538' title='bbox 1877 3865 2129 3920; x_wconf 89' lang='lat' dir='ltr'><strong>unquam,</strong></span> 
     </span>
    </p>
   </div>
   <div class='ocr_carea' id='block_1_68' title="bbox 566 3942 2135 3999">
    <p class='ocr_par' dir='ltr' id='par_1_68' title="bbox 566 3942 2135 3999">
     <span class='ocr_line' id='line_1_68' title="bbox 566 3942 2135 3999; baseline -0.001 0"><span class='ocrx_word' id='word_1_539' title='bbox 566 3942 646 3999; x_wconf 80' lang='lat' dir='ltr'><strong>vel</strong></span> <span class='ocrx_word' id='word_1_540' title='bbox 695 3942 991 3999; x_wconf 79' lang='lat' dir='ltr'><strong>faciendum</strong></span> <span class='ocrx_word' id='word_1_541' title='bbox 1042 3957 1164 3997; x_wconf 81' lang='lat' dir='ltr'><strong>esse</strong></span> <span class='ocrx_word' id='word_1_542' title='bbox 1210 3943 1513 3997; x_wconf 87' lang='lat' dir='ltr'><strong>mandatur.</strong></span> <span class='ocrx_word' id='word_1_543' title='bbox 1563 3942 1800 3999; x_wconf 81' lang='lat' dir='ltr'><strong>Mortuus</strong></span> <span class='ocrx_word' id='word_1_544' title='bbox 1844 3943 2135 3997; x_wconf 88' lang='lat' dir='ltr'><strong>suscitasse</strong></span> 
     </span>
    </p>
   </div>
   <div class='ocr_carea' id='block_1_69' title="bbox 564 4032 2131 4100">
    <p class='ocr_par' dir='ltr' id='par_1_69' title="bbox 564 4032 2131 4100">
     <span class='ocr_line' id='line_1_69' title="bbox 564 4032 2131 4100; baseline 0.002 -15"><span class='ocrx_word' id='word_1_545' title='bbox 564 4033 783 4100; x_wconf 75' lang='lat' dir='ltr'><strong>legimus</strong></span> <span class='ocrx_word' id='word_1_546' title='bbox 808 4032 1103 4093; x_wconf 83' lang='lat' dir='ltr'><strong>Christum,</strong></span> <span class='ocrx_word' id='word_1_547' title='bbox 1142 4033 1194 4087; x_wconf 91' lang='lat' dir='ltr'><strong>in</strong></span> <span class='ocrx_word' id='word_1_548' title='bbox 1225 4048 1409 4087; x_wconf 82' lang='lat' dir='ltr'><strong>errore</strong></span> <span class='ocrx_word' id='word_1_549' title='bbox 1439 4042 1679 4089; x_wconf 88' lang='lat' dir='ltr'><strong>mortuos</strong></span> <span class='ocrx_word' id='word_1_550' title='bbox 1704 4033 1998 4088; x_wconf 82' lang='lat' dir='ltr'><strong>absolvisse</strong></span> <span class='ocrx_word' id='word_1_551' title='bbox 2025 4048 2131 4088; x_wconf 91' lang='lat' dir='ltr'><strong>non</strong></span> 
     </span>
    </p>
   </div>
   <div class='ocr_carea' id='block_1_70' title="bbox 564 4120 2136 4191">
    <p class='ocr_par' dir='ltr' id='par_1_70' title="bbox 564 4120 2136 4191">
     <span class='ocr_line' id='line_1_70' title="bbox 564 4120 2136 4191; baseline 0 -16"><span class='ocrx_word' id='word_1_552' title='bbox 564 4123 804 4191; x_wconf 79' lang='lat' dir='ltr'><strong>legimus.</strong></span> <span class='ocrx_word' id='word_1_553' title='bbox 860 4122 921 4175; x_wconf 86' lang='lat' dir='ltr'><strong>Et</strong></span> <span class='ocrx_word' id='word_1_554' title='bbox 949 4122 1037 4190; x_wconf 90' lang='lat' dir='ltr'><strong>qui</strong></span> <span class='ocrx_word' id='word_1_555' title='bbox 1068 4129 1217 4177; x_wconf 89' lang='lat' dir='ltr'><strong>certe</strong></span> <span class='ocrx_word' id='word_1_556' title='bbox 1245 4121 1347 4174; x_wconf 85' lang='lat' dir='ltr'><strong>hoc</strong></span> <span class='ocrx_word' id='word_1_557' title='bbox 1376 4120 1603 4175; x_wconf 90' lang='lat' dir='ltr'><strong>faciendi</strong></span> <span class='ocrx_word' id='word_1_558' title='bbox 1642 4122 1789 4174; x_wconf 89' lang='lat' dir='ltr'><strong>solus</strong></span> <span class='ocrx_word' id='word_1_559' title='bbox 1828 4122 2012 4176; x_wconf 89' lang='lat' dir='ltr'><strong>habuit</strong></span> <span class='ocrx_word' id='word_1_560' title='bbox 2041 4136 2136 4190; x_wconf 84' lang='lat' dir='ltr'><strong>po-</strong></span> 
     </span>
    </p>
   </div>
   <div class='ocr_carea' id='block_1_71' title="bbox 563 4210 2130 4280">
    <p class='ocr_par' dir='ltr' id='par_1_71' title="bbox 563 4210 2130 4280">
     <span class='ocr_line' id='line_1_71' title="bbox 563 4210 2130 4280; baseline -0.001 -16"><span class='ocrx_word' id='word_1_561' title='bbox 563 4222 829 4274; x_wconf 85' lang='lat' dir='ltr'><strong>testatem,</strong></span> <span class='ocrx_word' id='word_1_562' title='bbox 859 4213 1013 4266; x_wconf 84' lang='lat' dir='ltr'><strong>beato</strong></span> <span class='ocrx_word' id='word_1_563' title='bbox 1045 4211 1203 4269; x_wconf 85' lang='lat' dir='ltr'><strong>Petro</strong></span> <span class='ocrx_word' id='word_1_564' title='bbox 1233 4211 1592 4280; x_wconf 85' lang='lat' dir='ltr'><strong>principaliter</strong></span> <span class='ocrx_word' id='word_1_565' title='bbox 1618 4210 1830 4265; x_wconf 87' lang='lat' dir='ltr'><strong>mandat</strong></span> <span class='ocrx_word' id='word_1_566' title='bbox 1855 4212 2130 4277; x_wconf 88' lang='lat' dir='ltr'><strong>apostolo:</strong></span> 
     </span>
    </p>
   </div>
   <div class='ocr_carea' id='block_1_72' title="bbox 565 4301 2133 4373">
    <p class='ocr_par' dir='ltr' id='par_1_72' title="bbox 565 4301 2133 4373">
     <span class='ocr_line' id='line_1_72' title="bbox 565 4301 2133 4373; baseline -0.003 -16"><span class='ocrx_word' id='word_1_567' title='bbox 565 4306 691 4367; x_wconf 69' lang='lat' dir='ltr'><strong>Qu’w</strong></span> <span class='ocrx_word' id='word_1_568' title='bbox 718 4304 952 4373; x_wconf 69' lang='lat' dir='ltr'><strong>ligaveris</strong></span> <span class='ocrx_word' id='word_1_569' title='bbox 983 4319 1135 4372; x_wconf 72' lang='lat' dir='ltr'><strong>super</strong></span> <span class='ocrx_word' id='word_1_570' title='bbox 1163 4313 1368 4367; x_wconf 77' lang='lat' dir='ltr'><strong>terram,</strong></span> <span class='ocrx_word' id='word_1_571' title='bbox 1411 4301 1572 4372; x_wconf 77' lang='lat' dir='ltr'><strong>ligata</strong></span> <span class='ocrx_word' id='word_1_572' title='bbox 1606 4309 1753 4356; x_wconf 77' lang='lat' dir='ltr'><strong>erunt</strong></span> <span class='ocrx_word' id='word_1_573' title='bbox 1792 4312 1842 4360; x_wconf 75' lang='lat' dir='ltr'><strong>et</strong></span> <span class='ocrx_word' id='word_1_574' title='bbox 1877 4302 1931 4355; x_wconf 82' lang='lat' dir='ltr'><strong>in</strong></span> <span class='ocrx_word' id='word_1_575' title='bbox 1957 4301 2133 4366; x_wconf 68' lang='lat' dir='ltr'><strong>culis;</strong></span> 
     </span>
    </p>
   </div>
   <div class='ocr_carea' id='block_1_73' title="bbox 565 4380 2136 4463">
    <p class='ocr_par' dir='ltr' id='par_1_73' title="bbox 565 4380 2136 4463">
     <span class='ocr_line' id='line_1_73' title="bbox 565 4380 2136 4463; baseline -0.002 -16"><span class='ocrx_word' id='word_1_576' title='bbox 565 4408 607 4447; x_wconf 66' lang='lat' dir='ltr'><strong>et</strong></span> <span class='ocrx_word' id='word_1_577' title='bbox 637 4410 752 4463; x_wconf 79' lang='lat' dir='ltr'><strong>quw</strong></span> <span class='ocrx_word' id='word_1_578' title='bbox 778 4396 988 4447; x_wconf 76' lang='lat' dir='ltr'><strong>solveris</strong></span> <span class='ocrx_word' id='word_1_579' title='bbox 1025 4410 1179 4461; x_wconf 74' lang='lat' dir='ltr'><strong>super</strong></span> <span class='ocrx_word' id='word_1_580' title='bbox 1208 4406 1416 4457; x_wconf 80' lang='lat' dir='ltr'><strong>terram,</strong></span> <span class='ocrx_word' id='word_1_581' title='bbox 1458 4404 1603 4447; x_wconf 76' lang='lat' dir='ltr'><strong>erunt</strong></span> <span class='ocrx_word' id='word_1_582' title='bbox 1630 4380 1797 4448; x_wconf 74' lang='lat' dir='ltr'><strong>soluta</strong></span> <span class='ocrx_word' id='word_1_583' title='bbox 1836 4401 1881 4446; x_wconf 79' lang='lat' dir='ltr'><strong>et</strong></span> <span class='ocrx_word' id='word_1_584' title='bbox 1914 4394 1969 4446; x_wconf 80' lang='lat' dir='ltr'><strong>in</strong></span> <span class='ocrx_word' id='word_1_585' title='bbox 1998 4392 2136 4445; x_wconf 71' lang='lat' dir='ltr'><strong>catis</strong></span> 
     </span>
    </p>
   </div>
   <div class='ocr_carea' id='block_1_74' title="bbox 558 4483 2134 4555">
    <p class='ocr_par' dir='ltr' id='par_1_74' title="bbox 558 4483 2134 4555">
     <span class='ocr_line' id='line_1_74' title="bbox 558 4483 2134 4555; baseline 0 -19"><span class='ocrx_word' id='word_1_586' title='bbox 558 4486 772 4555; x_wconf 82' lang='lat' dir='ltr'><strong>(.lla&#39;th.</strong></span> <span class='ocrx_word' id='word_1_587' title='bbox 805 4485 939 4555; x_wconf 78' lang='lat' dir='ltr'><strong>xw).</strong></span> <span class='ocrx_word' id='word_1_588' title='bbox 987 4485 1156 4553; x_wconf 87' lang='lat' dir='ltr'><strong>Super</strong></span> <span class='ocrx_word' id='word_1_589' title='bbox 1181 4496 1387 4549; x_wconf 84' lang='lat' dir='ltr'><strong>terram,</strong></span> <span class='ocrx_word' id='word_1_590' title='bbox 1422 4485 1617 4555; x_wconf 88' lang='lat' dir='ltr'><strong>inquit;</strong></span> <span class='ocrx_word' id='word_1_591' title='bbox 1652 4500 1771 4538; x_wconf 90' lang='lat' dir='ltr'><strong>nam</strong></span> <span class='ocrx_word' id='word_1_592' title='bbox 1804 4485 1855 4541; x_wconf 91' lang='lat' dir='ltr'><strong>in</strong></span> <span class='ocrx_word' id='word_1_593' title='bbox 1883 4483 1981 4540; x_wconf 89' lang='lat' dir='ltr'><strong>hac</strong></span> <span class='ocrx_word' id='word_1_594' title='bbox 2007 4484 2134 4555; x_wconf 84' lang='lat' dir='ltr'><strong>liga-</strong></span> 
     </span>
    </p>
   </div>
   <div class='ocr_carea' id='block_1_75' title="bbox 565 4575 2137 4647">
    <p class='ocr_par' dir='ltr' id='par_1_75' title="bbox 565 4575 2137 4647">
     <span class='ocr_line' id='line_1_75' title="bbox 565 4575 2137 4647; baseline 0.001 -20"><span class='ocrx_word' id='word_1_595' title='bbox 565 4576 702 4629; x_wconf 67' lang='lat' dir='ltr'><strong>tione</strong></span> <span class='ocrx_word' id='word_1_596' title='bbox 735 4576 1040 4633; x_wconf 72' lang='lat' dir='ltr'><strong>defunctum</strong></span> <span class='ocrx_word' id='word_1_597' title='bbox 1070 4590 1326 4645; x_wconf 79' lang='lat' dir='ltr'><strong>nusquam</strong></span> <span class='ocrx_word' id='word_1_598' title='bbox 1348 4576 1482 4631; x_wconf 88' lang='lat' dir='ltr'><strong>dixit</strong></span> <span class='ocrx_word' id='word_1_599' title='bbox 1500 4576 1704 4631; x_wconf 83' lang='lat' dir='ltr'><strong>absolvi</strong></span> <span class='ocrx_word' id='word_1_600' title='bbox 1743 4576 1838 4647; x_wconf 81' lang='grc' dir='ltr'><strong>[αι.</strong></span> <span class='ocrx_word' id='word_1_601' title='bbox 1862 4575 2137 4630; x_wconf 76' lang='lat' dir='ltr'><strong>absolven—</strong></span> 
     </span>
    </p>
   </div>
   <div class='ocr_carea' id='block_1_76' title="bbox 560 4665 2139 4736">
    <p class='ocr_par' dir='ltr' id='par_1_76' title="bbox 560 4665 2139 4736">
     <span class='ocr_line' id='line_1_76' title="bbox 560 4665 2139 4736; baseline -0.001 -15"><span class='ocrx_word' id='word_1_602' title='bbox 560 4665 727 4736; x_wconf 81' lang='lat' dir='ltr'><strong>dum].</strong></span> <span class='ocrx_word' id='word_1_603' title='bbox 780 4666 931 4732; x_wconf 84' lang='lat' dir='ltr'><strong>Quod</strong></span> <span class='ocrx_word' id='word_1_604' title='bbox 961 4681 1091 4735; x_wconf 85' lang='lat' dir='ltr'><strong>ergo</strong></span> <span class='ocrx_word' id='word_1_605' title='bbox 1120 4681 1389 4735; x_wconf 84' lang='lat' dir='ltr'><strong>nunquam</strong></span> <span class='ocrx_word' id='word_1_606' title='bbox 1434 4666 1630 4720; x_wconf 85' lang='lat' dir='ltr'><strong>factum</strong></span> <span class='ocrx_word' id='word_1_607' title='bbox 1670 4678 1786 4731; x_wconf 82' lang='lat' dir='ltr'><strong>est,</strong></span> <span class='ocrx_word' id='word_1_608' title='bbox 1830 4667 1910 4721; x_wconf 87' lang='lat' dir='ltr'><strong>vel</strong></span> <span class='ocrx_word' id='word_1_609' title='bbox 1957 4673 2139 4720; x_wconf 87' lang='lat' dir='ltr'><strong>mente</strong></span> 
     </span>
    </p>
   </div>
   <div class='ocr_carea' id='block_1_77' title="bbox 558 4756 2133 4831">
    <p class='ocr_par' dir='ltr' id='par_1_77' title="bbox 558 4756 2133 4831">
     <span class='ocr_line' id='line_1_77' title="bbox 558 4756 2133 4831; baseline 0.002 -22"><span class='ocrx_word' id='word_1_610' title='bbox 558 4756 843 4827; x_wconf 87' lang='lat' dir='ltr'><strong>concipere</strong></span> <span class='ocrx_word' id='word_1_611' title='bbox 865 4756 1234 4823; x_wconf 82' lang='lat' dir='ltr'><strong>formidamus,</strong></span> <span class='ocrx_word' id='word_1_612' title='bbox 1258 4759 1492 4815; x_wconf 89' lang='lat' dir='ltr'><strong>scientes</strong></span> <span class='ocrx_word' id='word_1_613' title='bbox 1523 4759 1577 4817; x_wconf 91' lang='lat' dir='ltr'><strong>in</strong></span> <span class='ocrx_word' id='word_1_614' title='bbox 1602 4759 1780 4813; x_wconf 85' lang='lat' dir='ltr'><strong>divino</strong></span> <span class='ocrx_word' id='word_1_615' title='bbox 1806 4758 2007 4831; x_wconf 76' lang='lat' dir='ltr'><strong>judicio</strong></span> <span class='ocrx_word' id='word_1_616' title='bbox 2024 4772 2133 4827; x_wconf 87' lang='lat' dir='ltr'><strong>non</strong></span> 
     </span>
    </p>
   </div>
   <div class='ocr_carea' id='block_1_78' title="bbox 560 4849 2133 4923">
    <p class='ocr_par' dir='ltr' id='par_1_78' title="bbox 560 4849 2133 4923">
     <span class='ocr_line' id='line_1_78' title="bbox 560 4849 2133 4923; baseline 0.001 -20"><span class='ocrx_word' id='word_1_617' title='bbox 560 4863 717 4915; x_wconf 83' lang='lat' dir='ltr'><strong>posse</strong></span> <span class='ocrx_word' id='word_1_618' title='bbox 744 4849 958 4920; x_wconf 79' lang='lat' dir='ltr'><strong>penitus</strong></span> <span class='ocrx_word' id='word_1_619' title='bbox 980 4851 1250 4905; x_wconf 78' lang='lat' dir='ltr'><strong>excusari.</strong></span> <span class='ocrx_word' id='word_1_620' title='bbox 1300 4850 1356 4909; x_wconf 87' lang='lat' dir='ltr'><strong>Si</strong></span> <span class='ocrx_word' id='word_1_621' title='bbox 1383 4860 1595 4917; x_wconf 78' lang='lat' dir='ltr'><strong>autem,</strong></span> <span class='ocrx_word' id='word_1_622' title='bbox 1640 4850 1783 4919; x_wconf 83' lang='lat' dir='ltr'><strong>quod</strong></span> <span class='ocrx_word' id='word_1_623' title='bbox 1815 4866 1954 4904; x_wconf 87' lang='lat' dir='ltr'><strong>nunc</strong></span> <span class='ocrx_word' id='word_1_624' title='bbox 1995 4865 2133 4923; x_wconf 61' lang='lat' dir='ltr'><strong>pra:-</strong></span> 
     </span>
    </p>
   </div>
   <div class='ocr_carea' id='block_1_79' title="bbox 560 4938 2131 5005">
    <p class='ocr_par' dir='ltr' id='par_1_79' title="bbox 560 4938 2131 5005">
     <span class='ocr_line' id='line_1_79' title="bbox 560 4938 2131 5005; baseline 0.001 -14"><span class='ocrx_word' id='word_1_625' title='bbox 560 4938 812 5003; x_wconf 73' lang='lat' dir='ltr'><strong>tendnnt,</strong></span> <span class='ocrx_word' id='word_1_626' title='bbox 863 4954 895 4993; x_wconf 85' lang='lat' dir='ltr'><strong>a</strong></span> <span class='ocrx_word' id='word_1_627' title='bbox 936 4938 1173 4994; x_wconf 76' lang='lat' dir='ltr'><strong>Romana</strong></span> <span class='ocrx_word' id='word_1_628' title='bbox 1212 4940 1452 4995; x_wconf 83' lang='lat' dir='ltr'><strong>Ecclesia</strong></span> <span class='ocrx_word' id='word_1_629' title='bbox 1500 4955 1560 4994; x_wconf 82' lang='lat' dir='ltr'><strong>se</strong></span> <span class='ocrx_word' id='word_1_630' title='bbox 1606 4951 1731 4994; x_wconf 77' lang='lat' dir='ltr'><strong>sunt</strong></span> <span class='ocrx_word' id='word_1_631' title='bbox 1779 4940 2030 5005; x_wconf 89' lang='lat' dir='ltr'><strong>divisuri,</strong></span> <span class='ocrx_word' id='word_1_632' title='bbox 2081 4940 2131 4994; x_wconf 90' lang='lat' dir='ltr'><strong>id</strong></span> 
     </span>
    </p>
   </div>
   <div class='ocr_carea' id='block_1_80' title="bbox 557 5026 2130 5099">
    <p class='ocr_par' dir='ltr' id='par_1_80' title="bbox 557 5026 2130 5099">
     <span class='ocr_line' id='line_1_80' title="bbox 557 5026 2130 5099; baseline 0.004 -21"><span class='ocrx_word' id='word_1_633' title='bbox 557 5026 663 5095; x_wconf 85' lang='lat' dir='ltr'><strong>jam</strong></span> <span class='ocrx_word' id='word_1_634' title='bbox 697 5027 896 5082; x_wconf 89' lang='lat' dir='ltr'><strong>dudum</strong></span> <span class='ocrx_word' id='word_1_635' title='bbox 937 5028 1128 5085; x_wconf 78' lang='lat' dir='ltr'><strong>fecisse</strong></span> <span class='ocrx_word' id='word_1_636' title='bbox 1164 5039 1549 5089; x_wconf 86' lang='lat' dir='ltr'><strong>monstrantur.</strong></span> <span class='ocrx_word' id='word_1_637' title='bbox 1576 5031 1595 5061; x_wconf 85' lang='grc'>³</span> <span class='ocrx_word' id='word_1_638' title='bbox 1620 5031 1971 5099; x_wconf 84' lang='lat' dir='ltr'><strong>Euphemiam</strong></span> <span class='ocrx_word' id='word_1_639' title='bbox 2002 5044 2130 5085; x_wconf 90' lang='lat' dir='ltr'><strong>vero</strong></span> 
     </span>
    </p>
   </div>
   <div class='ocr_carea' id='block_1_81' title="bbox 557 5117 2131 5197">
    <p class='ocr_par' dir='ltr' id='par_1_81' title="bbox 557 5117 2131 5197">
     <span class='ocr_line' id='line_1_81' title="bbox 557 5117 2131 5197; baseline 0.004 -27"><span class='ocrx_word' id='word_1_640' title='bbox 557 5117 743 5181; x_wconf 68' lang='lat' dir='ltr'><strong>miror,</strong></span> <span class='ocrx_word' id='word_1_641' title='bbox 787 5120 828 5177; x_wconf 82' lang='lat' dir='ltr'><strong>si</strong></span> <span class='ocrx_word' id='word_1_642' title='bbox 866 5120 1223 5189; x_wconf 88' lang='lat' dir='ltr'><strong>ignorantiam</strong></span> <span class='ocrx_word' id='word_1_643' title='bbox 1246 5138 1399 5180; x_wconf 86' lang='lat' dir='ltr'><strong>suam</strong></span> <span class='ocrx_word' id='word_1_644' title='bbox 1427 5123 1543 5197; x_wconf 84' lang='lat' dir='ltr'><strong>ipse</strong></span> <span class='ocrx_word' id='word_1_645' title='bbox 1574 5138 1679 5178; x_wconf 90' lang='lat' dir='ltr'><strong>non</strong></span> <span class='ocrx_word' id='word_1_646' title='bbox 1709 5123 1997 5191; x_wconf 87' lang='lat' dir='ltr'><strong>perspicit,</strong></span> <span class='ocrx_word' id='word_1_647' title='bbox 2041 5122 2131 5187; x_wconf 82' lang='lat' dir='ltr'><strong>qui</strong></span> 
     </span>
    </p>
   </div>
   <div class='ocr_carea' id='block_1_82' title="bbox 555 5205 2131 5282">
    <p class='ocr_par' dir='ltr' id='par_1_82' title="bbox 555 5205 2131 5282">
     <span class='ocr_line' id='line_1_82' title="bbox 555 5205 2131 5282; baseline 0.005 -22"><span class='ocrx_word' id='word_1_648' title='bbox 555 5205 683 5260; x_wconf 85' lang='lat' dir='ltr'><strong>dicit</strong></span> <span class='ocrx_word' id='word_1_649' title='bbox 723 5206 975 5262; x_wconf 77' lang='lat' dir='ltr'><strong>Acacium</strong></span> <span class='ocrx_word' id='word_1_650' title='bbox 1016 5212 1087 5266; x_wconf 80' lang='lat' dir='ltr'><strong>ab</strong></span> <span class='ocrx_word' id='word_1_651' title='bbox 1124 5226 1234 5267; x_wconf 88' lang='lat' dir='ltr'><strong>uno</strong></span> <span class='ocrx_word' id='word_1_652' title='bbox 1264 5228 1372 5269; x_wconf 71' lang='lat' dir='ltr'><strong>non</strong></span> <span class='ocrx_word' id='word_1_653' title='bbox 1403 5214 1641 5282; x_wconf 86' lang='lat' dir='ltr'><strong>potuisse</strong></span> <span class='ocrx_word' id='word_1_654' title='bbox 1668 5212 1934 5268; x_wconf 83' lang='lat' dir='ltr'><strong>damnari.</strong></span> <span class='ocrx_word' id='word_1_655' title='bbox 1982 5211 2131 5268; x_wconf 83' lang='lat' dir='ltr'><strong>itane</strong></span> 
     </span>
    </p>
   </div>
   <div class='ocr_carea' id='block_1_83' title="bbox 555 5290 2133 5375">
    <p class='ocr_par' dir='ltr' id='par_1_83' title="bbox 555 5290 2133 5375">
     <span class='ocr_line' id='line_1_83' title="bbox 555 5290 2133 5375; baseline 0.005 -26"><span class='ocrx_word' id='word_1_656' title='bbox 555 5290 664 5349; x_wconf 76' lang='lat' dir='ltr'><strong>rion</strong></span> <span class='ocrx_word' id='word_1_657' title='bbox 702 5298 980 5365; x_wconf 85' lang='lat' dir='ltr'><strong>perspicit,</strong></span> <span class='ocrx_word' id='word_1_658' title='bbox 1028 5300 1320 5355; x_wconf 86' lang='lat' dir='ltr'><strong>secundum</strong></span> <span class='ocrx_word' id='word_1_659' title='bbox 1354 5302 1583 5358; x_wconf 80' lang='lat' dir='ltr'><strong>formam</strong></span> <span class='ocrx_word' id='word_1_660' title='bbox 1612 5303 1804 5375; x_wconf 84' lang='lat' dir='ltr'><strong>synodi</strong></span> <span class='ocrx_word' id='word_1_661' title='bbox 1834 5302 2133 5357; x_wconf 82' lang='lat' dir='ltr'><strong>Chalcedo-</strong></span> 
     </span>
    </p>
   </div>
   <div class='ocr_carea' id='block_1_84' title="bbox 556 5378 2141 5459">
    <p class='ocr_par' dir='ltr' id='par_1_84' title="bbox 556 5378 2141 5459">
     <span class='ocr_line' id='line_1_84' title="bbox 556 5378 2141 5459; baseline 0.004 -19"><span class='ocrx_word' id='word_1_662' title='bbox 556 5388 757 5452; x_wconf 85' lang='lat' dir='ltr'><strong>nensis,</strong></span> <span class='ocrx_word' id='word_1_663' title='bbox 792 5389 1041 5443; x_wconf 83' lang='lat' dir='ltr'><strong>Acacium</strong></span> <span class='ocrx_word' id='word_1_664' title='bbox 1072 5389 1235 5445; x_wconf 85' lang='lat' dir='ltr'><strong>fuisse</strong></span> <span class='ocrx_word' id='word_1_665' title='bbox 1261 5389 1621 5447; x_wconf 73' lang='lat' dir='ltr'><strong>damnatum?</strong></span> <span class='ocrx_word' id='word_1_666' title='bbox 1660 5409 1759 5449; x_wconf 90' lang='lat' dir='ltr'><strong>nec</strong></span> <span class='ocrx_word' id='word_1_667' title='bbox 1806 5378 1954 5446; x_wconf 69' lang='lat' dir='ltr'><strong>nov&#39;it</strong></span> <span class='ocrx_word' id='word_1_668' title='bbox 1987 5390 2141 5459; x_wconf 69' lang='lat' dir='ltr'><strong>eam,</strong></span> 
     </span>
    </p>
   </div>
   <div class='ocr_carea' id='block_1_85' title="bbox 627 5538 2125 5611">
    <p class='ocr_par' dir='ltr' id='par_1_85' title="bbox 627 5538 2125 5611">
     <span class='ocr_line' id='line_1_85' title="bbox 627 5538 2125 5611; baseline 0.004 -18"><span class='ocrx_word' id='word_1_669' title='bbox 627 5541 643 5573; x_wconf 83' lang='grc'>¹</span> <span class='ocrx_word' id='word_1_670' title='bbox 682 5538 857 5595; x_wconf 80' lang='lat' dir='ltr'><strong>Codex</strong></span> <span class='ocrx_word' id='word_1_671' title='bbox 884 5542 1204 5611; x_wconf 79' lang='lat' dir='ltr'><strong>Veronensis</strong></span> <span class='ocrx_word' id='word_1_672' title='bbox 1223 5542 1438 5609; x_wconf 83' lang='lat' dir='ltr'><strong>capituli</strong></span> <span class='ocrx_word' id='word_1_673' title='bbox 1462 5543 1811 5599; x_wconf 63' lang='lat' dir='ltr'><strong>millenaiiam</strong></span> <span class='ocrx_word' id='word_1_674' title='bbox 1838 5550 2125 5611; x_wconf 69' lang='lat' dir='ltr'><strong>prmierens</strong></span> 
     </span>
    </p>
   </div>
   <div class='ocr_carea' id='block_1_86' title="bbox 554 5610 2124 5675">
    <p class='ocr_par' dir='ltr' id='par_1_86' title="bbox 554 5610 2124 5675">
     <span class='ocr_line' id='line_1_86' title="bbox 554 5610 2124 5675; baseline 0.004 -13"><span class='ocrx_word' id='word_1_675' title='bbox 554 5615 793 5672; x_wconf 67' lang='lat' dir='ltr'><strong>nitatem,</strong></span> <span class='ocrx_word' id='word_1_676' title='bbox 838 5610 1066 5675; x_wconf 84' lang='lat' dir='ltr'><strong>quocum</strong></span> <span class='ocrx_word' id='word_1_677' title='bbox 1102 5611 1205 5666; x_wconf 87' lang='lat' dir='ltr'><strong>hoc</strong></span> <span class='ocrx_word' id='word_1_678' title='bbox 1231 5610 1425 5666; x_wconf 74' lang='lat' dir='ltr'><strong>Gelasi</strong></span> <span class='ocrx_word' id='word_1_679' title='bbox 1456 5610 1922 5673; x_wconf 84' lang='lat' dir='ltr'><strong>commonitorium</strong></span> <span class='ocrx_word' id='word_1_680' title='bbox 1959 5617 2124 5670; x_wconf 83' lang='lat' dir='ltr'><strong>colla-</strong></span> 
     </span>
    </p>
   </div>
   <div class='ocr_carea' id='block_1_87' title="bbox 554 5679 1405 5748">
    <p class='ocr_par' dir='ltr' id='par_1_87' title="bbox 554 5679 1405 5748">
     <span class='ocr_line' id='line_1_87' title="bbox 554 5679 1405 5748; baseline 0.004 -17"><span class='ocrx_word' id='word_1_681' title='bbox 554 5688 662 5731; x_wconf 76' lang='lat' dir='ltr'><strong>tum</strong></span> <span class='ocrx_word' id='word_1_682' title='bbox 690 5687 802 5748; x_wconf 73' lang='lat' dir='ltr'><strong>cst,</strong></span> <span class='ocrx_word' id='word_1_683' title='bbox 838 5679 922 5732; x_wconf 77' lang='lat' dir='ltr'><strong>Ilio</strong></span> <span class='ocrx_word' id='word_1_684' title='bbox 953 5681 1106 5748; x_wconf 85' lang='lat' dir='ltr'><strong>legit.</strong></span> <span class='ocrx_word' id='word_1_685' title='bbox 1145 5698 1247 5734; x_wconf 75' lang='lat' dir='ltr'><strong>non</strong></span> <span class='ocrx_word' id='word_1_686' title='bbox 1282 5690 1405 5733; x_wconf 79' lang='lat' dir='ltr'><strong>tam.</strong></span> 
     </span>
    </p>
   </div>
   <div class='ocr_carea' id='block_1_88' title="bbox 623 5747 1373 5820">
    <p class='ocr_par' dir='ltr' id='par_1_88' title="bbox 623 5747 1373 5820">
     <span class='ocr_line' id='line_1_88' title="bbox 623 5747 1373 5820; baseline 0.003 -17"><span class='ocrx_word' id='word_1_687' title='bbox 623 5750 640 5780; x_wconf 81' lang='grc'>³</span> <span class='ocrx_word' id='word_1_688' title='bbox 665 5747 793 5803; x_wconf 76' lang='lat' dir='ltr'><strong>Cod.</strong></span> <span class='ocrx_word' id='word_1_689' title='bbox 829 5747 1046 5814; x_wconf 58' lang='lat' dir='ltr'><strong>Veronl,</strong></span> <span class='ocrx_word' id='word_1_690' title='bbox 1076 5767 1255 5820; x_wconf 77' lang='lat' dir='ltr'><strong>parum</strong></span> <span class='ocrx_word' id='word_1_691' title='bbox 1283 5762 1373 5805; x_wconf 74' lang='lat' dir='ltr'><strong>eat.</strong></span> 
     </span>
    </p>
   </div>
   <div class='ocr_carea' id='block_1_89' title="bbox 2231 3308 3805 3382">
    <p class='ocr_par' dir='ltr' id='par_1_89' title="bbox 2231 3308 3805 3382">
     <span class='ocr_line' id='line_1_89' title="bbox 2231 3308 3805 3382; baseline -0.002 -15"><span class='ocrx_word' id='word_1_692' title='bbox 2231 3314 2421 3382; x_wconf 89' lang='lat' dir='ltr'><strong>dejecti</strong></span> <span class='ocrx_word' id='word_1_693' title='bbox 2443 3358 2456 3380; x_wconf 88' lang='lat'><strong>,</strong></span> <span class='ocrx_word' id='word_1_694' title='bbox 2497 3312 2648 3381; x_wconf 87' lang='lat' dir='ltr'><strong>cujus</strong></span> <span class='ocrx_word' id='word_1_695' title='bbox 2676 3314 2750 3365; x_wconf 85' lang='lat' dir='ltr'><strong>rei</strong></span> <span class='ocrx_word' id='word_1_696' title='bbox 2785 3310 2934 3366; x_wconf 62' lang='lat' dir='ltr'><strong>testis</strong></span> <span class='ocrx_word' id='word_1_697' title='bbox 2961 3310 3119 3364; x_wconf 89' lang='lat' dir='ltr'><strong>etiam</strong></span> <span class='ocrx_word' id='word_1_698' title='bbox 3164 3308 3279 3377; x_wconf 88' lang='lat' dir='ltr'><strong>ipse</strong></span> <span class='ocrx_word' id='word_1_699' title='bbox 3309 3308 3530 3363; x_wconf 72' lang='lat' dir='ltr'><strong>docetur</strong></span> <span class='ocrx_word' id='word_1_700' title='bbox 3558 3311 3805 3374; x_wconf 68' lang='lat' dir='ltr'><strong>Aracius,</strong></span> 
     </span>
    </p>
   </div>
   <div class='ocr_carea' id='block_1_90' title="bbox 2231 3400 3809 3472">
    <p class='ocr_par' dir='ltr' id='par_1_90' title="bbox 2231 3400 3809 3472">
     <span class='ocr_line' id='line_1_90' title="bbox 2231 3400 3809 3472; baseline -0.003 -14"><span class='ocrx_word' id='word_1_701' title='bbox 2231 3405 2320 3471; x_wconf 90' lang='lat' dir='ltr'><strong>qui</strong></span> <span class='ocrx_word' id='word_1_702' title='bbox 2348 3403 2719 3472; x_wconf 70' lang='lat' dir='ltr'><strong>praeceptionis</strong></span> <span class='ocrx_word' id='word_1_703' title='bbox 2756 3401 2911 3469; x_wconf 86' lang='lat' dir='ltr'><strong>hujus</strong></span> <span class='ocrx_word' id='word_1_704' title='bbox 2940 3400 3140 3454; x_wconf 65' lang='lat' dir='ltr'><strong>exstitit</strong></span> <span class='ocrx_word' id='word_1_705' title='bbox 3168 3408 3476 3454; x_wconf 79' lang='lat' dir='ltr'><strong>exsecutor.</strong></span> <span class='ocrx_word' id='word_1_706' title='bbox 3518 3400 3669 3467; x_wconf 90' lang='lat' dir='ltr'><strong>Quod</strong></span> <span class='ocrx_word' id='word_1_707' title='bbox 3707 3401 3809 3454; x_wconf 47' lang='lat' dir='ltr'><strong>ut’.’</strong></span> 
     </span>
    </p>
   </div>
   <div class='ocr_carea' id='block_1_91' title="bbox 2231 3488 3816 3560">
    <p class='ocr_par' dir='ltr' id='par_1_91' title="bbox 2231 3488 3816 3560">
     <span class='ocr_line' id='line_1_91' title="bbox 2231 3488 3816 3560; baseline 0 -16"><span class='ocrx_word' id='word_1_708' title='bbox 2231 3508 2332 3560; x_wconf 85' lang='lat' dir='ltr'><strong>que</strong></span> <span class='ocrx_word' id='word_1_709' title='bbox 2357 3493 2490 3546; x_wconf 84' lang='lat' dir='ltr'><strong>sicut</strong></span> <span class='ocrx_word' id='word_1_710' title='bbox 2511 3491 2852 3560; x_wconf 89' lang='lat' dir='ltr'><strong>apostolicam</strong></span> <span class='ocrx_word' id='word_1_711' title='bbox 2876 3488 3056 3543; x_wconf 92' lang='lat' dir='ltr'><strong>sedem</strong></span> <span class='ocrx_word' id='word_1_712' title='bbox 3076 3488 3222 3559; x_wconf 80' lang='lat' dir='ltr'><strong>juxta</strong></span> <span class='ocrx_word' id='word_1_713' title='bbox 3250 3488 3472 3543; x_wconf 79' lang='lat' dir='ltr'><strong>formam</strong></span> <span class='ocrx_word' id='word_1_714' title='bbox 3496 3489 3816 3559; x_wconf 82' lang='lat' dir='ltr'><strong>synodicam</strong></span> 
     </span>
    </p>
   </div>
   <div class='ocr_carea' id='block_1_92' title="bbox 2233 3580 3817 3648">
    <p class='ocr_par' dir='ltr' id='par_1_92' title="bbox 2233 3580 3817 3648">
     <span class='ocr_line' id='line_1_92' title="bbox 2233 3580 3817 3648; baseline -0.003 -10"><span class='ocrx_word' id='word_1_715' title='bbox 2233 3584 2424 3638; x_wconf 83' lang='lat' dir='ltr'><strong>fecisse</strong></span> <span class='ocrx_word' id='word_1_716' title='bbox 2462 3582 2801 3637; x_wconf 90' lang='lat' dir='ltr'><strong>manifestum</strong></span> <span class='ocrx_word' id='word_1_717' title='bbox 2841 3589 2955 3648; x_wconf 87' lang='lat' dir='ltr'><strong>est,</strong></span> <span class='ocrx_word' id='word_1_718' title='bbox 3002 3581 3077 3633; x_wconf 88' lang='lat' dir='ltr'><strong>sic</strong></span> <span class='ocrx_word' id='word_1_719' title='bbox 3124 3580 3391 3633; x_wconf 90' lang='lat' dir='ltr'><strong>neminem</strong></span> <span class='ocrx_word' id='word_1_720' title='bbox 3424 3580 3685 3633; x_wconf 87' lang='lat' dir='ltr'><strong>resultare</strong></span> <span class='ocrx_word' id='word_1_721' title='bbox 3720 3595 3817 3648; x_wconf 57' lang='lat' dir='ltr'><strong>po.</strong></span> 
     </span>
    </p>
   </div>
   <div class='ocr_carea' id='block_1_93' title="bbox 2232 3668 3815 3739">
    <p class='ocr_par' dir='ltr' id='par_1_93' title="bbox 2232 3668 3815 3739">
     <span class='ocr_line' id='line_1_93' title="bbox 2232 3668 3815 3739; baseline -0.003 -9"><span class='ocrx_word' id='word_1_722' title='bbox 2232 3676 2398 3730; x_wconf 87' lang='lat' dir='ltr'><strong>tuisse</strong></span> <span class='ocrx_word' id='word_1_723' title='bbox 2439 3674 2816 3729; x_wconf 85' lang='lat' dir='ltr'><strong>certissimum.</strong></span> <span class='ocrx_word' id='word_1_724' title='bbox 2887 3671 2997 3725; x_wconf 82' lang='lat' dir='ltr'><strong>lloc</strong></span> <span class='ocrx_word' id='word_1_725' title='bbox 3045 3671 3205 3739; x_wconf 82' lang='lat' dir='ltr'><strong>igitur</strong></span> <span class='ocrx_word' id='word_1_726' title='bbox 3254 3670 3413 3724; x_wconf 89' lang='lat' dir='ltr'><strong>modo</strong></span> <span class='ocrx_word' id='word_1_727' title='bbox 3457 3668 3706 3724; x_wconf 85' lang='lat' dir='ltr'><strong>recidens</strong></span> <span class='ocrx_word' id='word_1_728' title='bbox 3759 3671 3815 3725; x_wconf 90' lang='lat' dir='ltr'><strong>in</strong></span> 
     </span>
    </p>
   </div>
   <div class='ocr_carea' id='block_1_94' title="bbox 2232 3760 3817 3831">
    <p class='ocr_par' dir='ltr' id='par_1_94' title="bbox 2232 3760 3817 3831">
     <span class='ocr_line' id='line_1_94' title="bbox 2232 3760 3817 3831; baseline -0.004 -10"><span class='ocrx_word' id='word_1_729' title='bbox 2232 3767 2559 3821; x_wconf 86' lang='lat' dir='ltr'><strong>consortium</strong></span> <span class='ocrx_word' id='word_1_730' title='bbox 2586 3764 2984 3825; x_wconf 56' lang='lat' dir='ltr'><strong>damnatorum,</strong></span> <span class='ocrx_word' id='word_1_731' title='bbox 3017 3772 3098 3816; x_wconf 86' lang='lat' dir='ltr'><strong>est</strong></span> <span class='ocrx_word' id='word_1_732' title='bbox 3125 3760 3406 3815; x_wconf 85' lang='lat' dir='ltr'><strong>damnatus</strong></span> <span class='ocrx_word' id='word_1_733' title='bbox 3438 3761 3687 3824; x_wconf 86' lang='lat' dir='ltr'><strong>Aeacius,</strong></span> <span class='ocrx_word' id='word_1_734' title='bbox 3719 3761 3817 3831; x_wconf 89' lang='lat' dir='ltr'><strong>qui</strong></span> 
     </span>
    </p>
   </div>
   <div class='ocr_carea' id='block_1_95' title="bbox 2232 3851 3816 3922">
    <p class='ocr_par' dir='ltr' id='par_1_95' title="bbox 2232 3851 3816 3922">
     <span class='ocr_line' id='line_1_95' title="bbox 2232 3851 3816 3922; baseline -0.005 -9"><span class='ocrx_word' id='word_1_735' title='bbox 2232 3873 2417 3913; x_wconf 91' lang='lat' dir='ltr'><strong>eorum</strong></span> <span class='ocrx_word' id='word_1_736' title='bbox 2445 3856 2863 3920; x_wconf 86' lang='lat' dir='ltr'><strong>damnationem,</strong></span> <span class='ocrx_word' id='word_1_737' title='bbox 2891 3860 3176 3921; x_wconf 86' lang='lat' dir='ltr'><strong>antequam</strong></span> <span class='ocrx_word' id='word_1_738' title='bbox 3208 3851 3587 3922; x_wconf 75' lang='lat' dir='ltr'><strong>prmvaricator</strong></span> <span class='ocrx_word' id='word_1_739' title='bbox 3611 3852 3816 3909; x_wconf 81' lang='lat' dir='ltr'><strong>existe-</strong></span> 
     </span>
    </p>
   </div>
   <div class='ocr_carea' id='block_1_96' title="bbox 2234 3945 3817 4021">
    <p class='ocr_par' dir='ltr' id='par_1_96' title="bbox 2234 3945 3817 4021">
     <span class='ocr_line' id='line_1_96' title="bbox 2234 3945 3817 4021; baseline -0.004 -17"><span class='ocrx_word' id='word_1_740' title='bbox 2234 3960 2336 4017; x_wconf 77' lang='lat' dir='ltr'><strong>ret,</strong></span> <span class='ocrx_word' id='word_1_741' title='bbox 2370 3951 2541 4021; x_wconf 78' lang='lat' dir='ltr'><strong>fuerat</strong></span> <span class='ocrx_word' id='word_1_742' title='bbox 2566 3952 2873 4007; x_wconf 67' lang='lat' dir='ltr'><strong>exsecratus.</strong></span> <span class='ocrx_word' id='word_1_743' title='bbox 2920 3946 3091 4002; x_wconf 79' lang='lat' dir='ltr'><strong>Nobis</strong></span> <span class='ocrx_word' id='word_1_744' title='bbox 3127 3946 3241 4001; x_wconf 73' lang='lat' dir='ltr'><strong>snsi</strong></span> <span class='ocrx_word' id='word_1_745' title='bbox 3282 3955 3404 4001; x_wconf 83' lang='lat' dir='ltr'><strong>sunt</strong></span> <span class='ocrx_word' id='word_1_746' title='bbox 3443 3945 3616 4001; x_wconf 84' lang='lat' dir='ltr'><strong>facere</strong></span> <span class='ocrx_word' id='word_1_747' title='bbox 3640 3960 3817 4005; x_wconf 75' lang='lat' dir='ltr'><strong>cano-</strong></span> 
     </span>
    </p>
   </div>
   <div class='ocr_carea' id='block_1_97' title="bbox 2236 4034 3818 4104">
    <p class='ocr_par' dir='ltr' id='par_1_97' title="bbox 2236 4034 3818 4104">
     <span class='ocr_line' id='line_1_97' title="bbox 2236 4034 3818 4104; baseline -0.003 -9"><span class='ocrx_word' id='word_1_748' title='bbox 2236 4056 2359 4095; x_wconf 88' lang='lat' dir='ltr'><strong>num</strong></span> <span class='ocrx_word' id='word_1_749' title='bbox 2392 4040 2752 4097; x_wconf 74' lang='lat' dir='ltr'><strong>mentionem.</strong></span> <span class='ocrx_word' id='word_1_750' title='bbox 2800 4045 2984 4090; x_wconf 83' lang='lat' dir='ltr'><strong>contra</strong></span> <span class='ocrx_word' id='word_1_751' title='bbox 3022 4049 3156 4104; x_wconf 86' lang='lat' dir='ltr'><strong>quos</strong></span> <span class='ocrx_word' id='word_1_752' title='bbox 3193 4048 3407 4103; x_wconf 82' lang='lat' dir='ltr'><strong>semper</strong></span> <span class='ocrx_word' id='word_1_753' title='bbox 3433 4034 3818 4090; x_wconf 87' lang='lat' dir='ltr'><strong>ambitionibus</strong></span> 
     </span>
    </p>
   </div>
   <div class='ocr_carea' id='block_1_98' title="bbox 2236 4125 3820 4195">
    <p class='ocr_par' dir='ltr' id='par_1_98' title="bbox 2236 4125 3820 4195">
     <span class='ocr_line' id='line_1_98' title="bbox 2236 4125 3820 4195; baseline -0.001 -11"><span class='ocrx_word' id='word_1_754' title='bbox 2236 4130 2434 4185; x_wconf 85' lang='lat' dir='ltr'><strong>illicitis</strong></span> <span class='ocrx_word' id='word_1_755' title='bbox 2456 4131 2476 4161; x_wconf 86' lang='grc'>⁸</span> <span class='ocrx_word' id='word_1_756' title='bbox 2501 4129 2688 4184; x_wconf 80' lang='lat' dir='ltr'><strong>fecisse</strong></span> <span class='ocrx_word' id='word_1_757' title='bbox 2719 4134 3109 4181; x_wconf 90' lang='lat' dir='ltr'><strong>monstrantur.</strong></span> <span class='ocrx_word' id='word_1_758' title='bbox 3158 4125 3270 4193; x_wconf 89' lang='lat' dir='ltr'><strong>Qua</strong></span> <span class='ocrx_word' id='word_1_759' title='bbox 3302 4125 3401 4195; x_wconf 91' lang='lat' dir='ltr'><strong>ipsi</strong></span> <span class='ocrx_word' id='word_1_760' title='bbox 3434 4126 3638 4195; x_wconf 77' lang='lat' dir='ltr'><strong>synodo</strong></span> <span class='ocrx_word' id='word_1_761' title='bbox 3659 4169 3672 4191; x_wconf 91' lang='lat'><strong>,</strong></span> <span class='ocrx_word' id='word_1_762' title='bbox 3722 4127 3820 4182; x_wconf 86' lang='lat' dir='ltr'><strong>vel</strong></span> 
     </span>
    </p>
   </div>
   <div class='ocr_carea' id='block_1_99' title="bbox 2234 4209 3821 4287">
    <p class='ocr_par' dir='ltr' id='par_1_99' title="bbox 2234 4209 3821 4287">
     <span class='ocr_line' id='line_1_99' title="bbox 2234 4209 3821 4287; baseline -0.003 -12"><span class='ocrx_word' id='word_1_763' title='bbox 2234 4219 2528 4275; x_wconf 88' lang='lat' dir='ltr'><strong>secundum</strong></span> <span class='ocrx_word' id='word_1_764' title='bbox 2557 4209 2708 4285; x_wconf 85' lang='lat' dir='ltr'><strong>cujus</strong></span> <span class='ocrx_word' id='word_1_765' title='bbox 2737 4216 2925 4287; x_wconf 82' lang='lat' dir='ltr'><strong>synodi</strong></span> <span class='ocrx_word' id='word_1_766' title='bbox 2955 4216 3177 4272; x_wconf 85' lang='lat' dir='ltr'><strong>formam</strong></span> <span class='ocrx_word' id='word_1_767' title='bbox 3205 4216 3622 4275; x_wconf 85' lang='lat' dir='ltr'><strong>Alexandrinum</strong></span> <span class='ocrx_word' id='word_1_768' title='bbox 3649 4216 3821 4271; x_wconf 74' lang='lat' dir='ltr'><strong>Joan~</strong></span> 
     </span>
    </p>
   </div>
   <div class='ocr_carea' id='block_1_100' title="bbox 2237 4305 3820 4374">
    <p class='ocr_par' dir='ltr' id='par_1_100' title="bbox 2237 4305 3820 4374">
     <span class='ocr_line' id='line_1_100' title="bbox 2237 4305 3820 4374; baseline -0.002 -9"><span class='ocrx_word' id='word_1_769' title='bbox 2237 4325 2357 4365; x_wconf 88' lang='lat' dir='ltr'><strong>nem</strong></span> <span class='ocrx_word' id='word_1_770' title='bbox 2408 4309 2477 4362; x_wconf 90' lang='lat' dir='ltr'><strong>de</strong></span> <span class='ocrx_word' id='word_1_771' title='bbox 2516 4308 2742 4362; x_wconf 88' lang='lat' dir='ltr'><strong>ecclesia</strong></span> <span class='ocrx_word' id='word_1_772' title='bbox 2788 4306 2871 4361; x_wconf 91' lang='lat' dir='ltr'><strong>cui</strong></span> <span class='ocrx_word' id='word_1_773' title='bbox 2920 4305 3199 4361; x_wconf 87' lang='lat' dir='ltr'><strong>ordinatus</strong></span> <span class='ocrx_word' id='word_1_774' title='bbox 3239 4306 3405 4359; x_wconf 69' lang='lat' dir='ltr'><strong>inierat</strong></span> <span class='ocrx_word' id='word_1_775' title='bbox 3450 4307 3820 4374; x_wconf 71' lang='lat' dir='ltr'><strong>expulerunt?</strong></span> 
     </span>
    </p>
   </div>
   <div class='ocr_carea' id='block_1_101' title="bbox 2235 4396 3823 4469">
    <p class='ocr_par' dir='ltr' id='par_1_101' title="bbox 2235 4396 3823 4469">
     <span class='ocr_line' id='line_1_101' title="bbox 2235 4396 3823 4469; baseline -0.002 -16"><span class='ocrx_word' id='word_1_776' title='bbox 2235 4399 2323 4469; x_wconf 91' lang='lat' dir='ltr'><strong>qui</strong></span> <span class='ocrx_word' id='word_1_777' title='bbox 2356 4398 2514 4451; x_wconf 87' lang='lat' dir='ltr'><strong>nullis</strong></span> <span class='ocrx_word' id='word_1_778' title='bbox 2541 4398 2717 4451; x_wconf 77' lang='lat' dir='ltr'><strong>ca‘nsis</strong></span> <span class='ocrx_word' id='word_1_779' title='bbox 2746 4396 3080 4450; x_wconf 87' lang='lat' dir='ltr'><strong>evidentibus</strong></span> <span class='ocrx_word' id='word_1_780' title='bbox 3109 4411 3207 4451; x_wconf 92' lang='lat' dir='ltr'><strong>nec</strong></span> <span class='ocrx_word' id='word_1_781' title='bbox 3232 4407 3355 4450; x_wconf 87' lang='lat' dir='ltr'><strong>ante</strong></span> <span class='ocrx_word' id='word_1_782' title='bbox 3384 4396 3627 4450; x_wconf 78' lang='lat' dir='ltr'><strong>convinci</strong></span> <span class='ocrx_word' id='word_1_783' title='bbox 3649 4438 3663 4456; x_wconf 84' lang='lat'><strong>,</strong></span> <span class='ocrx_word' id='word_1_784' title='bbox 3715 4414 3823 4451; x_wconf 82' lang='lat' dir='ltr'><strong>nr-c</strong></span> 
     </span>
    </p>
   </div>
   <div class='ocr_carea' id='block_1_102' title="bbox 2237 4484 3823 4559">
    <p class='ocr_par' dir='ltr' id='par_1_102' title="bbox 2237 4484 3823 4559">
     <span class='ocr_line' id='line_1_102' title="bbox 2237 4484 3823 4559; baseline -0.003 -14"><span class='ocrx_word' id='word_1_785' title='bbox 2237 4497 2420 4559; x_wconf 89' lang='lat' dir='ltr'><strong>postea</strong></span> <span class='ocrx_word' id='word_1_786' title='bbox 2451 4503 2767 4557; x_wconf 88' lang='lat' dir='ltr'><strong>provocans,</strong></span> <span class='ocrx_word' id='word_1_787' title='bbox 2798 4484 2957 4541; x_wconf 79' lang='lat' dir='ltr'><strong>etiam</strong></span> <span class='ocrx_word' id='word_1_788' title='bbox 2986 4486 3038 4541; x_wconf 91' lang='lat' dir='ltr'><strong>in</strong></span> <span class='ocrx_word' id='word_1_789' title='bbox 3066 4486 3264 4557; x_wconf 88' lang='lat' dir='ltr'><strong>judicio</strong></span> <span class='ocrx_word' id='word_1_790' title='bbox 3294 4487 3613 4559; x_wconf 75' lang='lat' dir='ltr'><strong>competenti</strong></span> <span class='ocrx_word' id='word_1_791' title='bbox 3645 4489 3823 4552; x_wconf 71' lang='lat' dir='ltr'><strong>pontii</strong></span> 
     </span>
    </p>
   </div>
   <div class='ocr_carea' id='block_1_103' title="bbox 2236 4555 3825 4645">
    <p class='ocr_par' dir='ltr' id='par_1_103' title="bbox 2236 4555 3825 4645">
     <span class='ocr_line' id='line_1_103' title="bbox 2236 4555 3825 4645; baseline -0.002 -11"><span class='ocrx_word' id='word_1_792' title='bbox 2236 4555 2499 4639; x_wconf 73' lang='lat' dir='ltr'><strong>accusari.</strong></span> <span class='ocrx_word' id='word_1_793' title='bbox 2546 4578 2698 4645; x_wconf 88' lang='lat' dir='ltr'><strong>Quod</strong></span> <span class='ocrx_word' id='word_1_794' title='bbox 2726 4578 2770 4633; x_wconf 88' lang='lat' dir='ltr'><strong>si</strong></span> <span class='ocrx_word' id='word_1_795' title='bbox 2798 4577 3018 4631; x_wconf 87' lang='lat' dir='ltr'><strong>dicunt:</strong></span> <span class='ocrx_word' id='word_1_796' title='bbox 3051 4555 3346 4644; x_wconf 61' lang='lat' dir='ltr'><strong>tmpcrasor</strong></span> <span class='ocrx_word' id='word_1_797' title='bbox 3374 4555 3474 4631; x_wconf 74' lang='grc' dir='ltr'><strong>ιῖοο</strong></span> <span class='ocrx_word' id='word_1_798' title='bbox 3506 4576 3668 4631; x_wconf 85' lang='lat' dir='ltr'><strong>fecit:</strong></span> <span class='ocrx_word' id='word_1_799' title='bbox 3714 4576 3825 4631; x_wconf 88' lang='lat' dir='ltr'><strong>hoc</strong></span> 
     </span>
    </p>
   </div>
   <div class='ocr_carea' id='block_1_104' title="bbox 2237 4667 3825 4738">
    <p class='ocr_par' dir='ltr' id='par_1_104' title="bbox 2237 4667 3825 4738">
     <span class='ocr_line' id='line_1_104' title="bbox 2237 4667 3825 4738; baseline -0.006 -12"><span class='ocrx_word' id='word_1_800' title='bbox 2237 4674 2407 4731; x_wconf 58' lang='lat' dir='ltr'><strong>ipsum</strong></span> <span class='ocrx_word' id='word_1_801' title='bbox 2435 4670 2623 4738; x_wconf 79' lang='lat' dir='ltr'><strong>quibus</strong></span> <span class='ocrx_word' id='word_1_802' title='bbox 2653 4669 2982 4729; x_wconf 86' lang='lat' dir='ltr'><strong>canonibus;</strong></span> <span class='ocrx_word' id='word_1_803' title='bbox 3028 4667 3220 4737; x_wconf 77' lang='lat' dir='ltr'><strong>quibus</strong></span> <span class='ocrx_word' id='word_1_804' title='bbox 3258 4668 3453 4736; x_wconf 69' lang='lat' dir='ltr'><strong>regulis</strong></span> <span class='ocrx_word' id='word_1_805' title='bbox 3494 4677 3577 4720; x_wconf 90' lang='lat' dir='ltr'><strong>est</strong></span> <span class='ocrx_word' id='word_1_806' title='bbox 3617 4682 3825 4734; x_wconf 64' lang='grc' dir='ltr'><strong>ιπειιοςες</strong></span> 
     </span>
    </p>
   </div>
   <div class='ocr_carea' id='block_1_105' title="bbox 2238 4757 3822 4832">
    <p class='ocr_par' dir='ltr' id='par_1_105' title="bbox 2238 4757 3822 4832">
     <span class='ocr_line' id='line_1_105' title="bbox 2238 4757 3822 4832; baseline -0.004 -18"><span class='ocrx_word' id='word_1_807' title='bbox 2238 4761 2431 4832; x_wconf 80' lang='lat' dir='ltr'><strong>ptum?</strong></span> <span class='ocrx_word' id='word_1_808' title='bbox 2473 4761 2579 4815; x_wconf 90' lang='lat' dir='ltr'><strong>Cur</strong></span> <span class='ocrx_word' id='word_1_809' title='bbox 2607 4759 2730 4813; x_wconf 88' lang='lat' dir='ltr'><strong>huic</strong></span> <span class='ocrx_word' id='word_1_810' title='bbox 2760 4768 2864 4813; x_wconf 91' lang='lat' dir='ltr'><strong>tam</strong></span> <span class='ocrx_word' id='word_1_811' title='bbox 2896 4772 3057 4828; x_wconf 89' lang='lat' dir='ltr'><strong>pravo</strong></span> <span class='ocrx_word' id='word_1_812' title='bbox 3088 4758 3225 4812; x_wconf 81' lang='lat' dir='ltr'><strong>facto</strong></span> <span class='ocrx_word' id='word_1_813' title='bbox 3257 4758 3530 4812; x_wconf 86' lang='lat' dir='ltr'><strong>consensit</strong></span> <span class='ocrx_word' id='word_1_814' title='bbox 3565 4757 3822 4820; x_wconf 82' lang='lat' dir='ltr'><strong>Aeacius,</strong></span> 
     </span>
    </p>
   </div>
   <div class='ocr_carea' id='block_1_106' title="bbox 2236 4844 3823 4912">
    <p class='ocr_par' dir='ltr' id='par_1_106' title="bbox 2236 4844 3823 4912">
     <span class='ocr_line' id='line_1_106' title="bbox 2236 4844 3823 4912; baseline -0.006 -6"><span class='ocrx_word' id='word_1_815' title='bbox 2236 4866 2356 4906; x_wconf 85' lang='lat' dir='ltr'><strong>cum</strong></span> <span class='ocrx_word' id='word_1_816' title='bbox 2384 4849 2675 4905; x_wconf 87' lang='lat' dir='ltr'><strong>auctoritas</strong></span> <span class='ocrx_word' id='word_1_817' title='bbox 2707 4848 2884 4903; x_wconf 87' lang='lat' dir='ltr'><strong>divina</strong></span> <span class='ocrx_word' id='word_1_818' title='bbox 2914 4846 3056 4901; x_wconf 80' lang='lat' dir='ltr'><strong>dicat</strong></span> <span class='ocrx_word' id='word_1_819' title='bbox 3084 4862 3099 4899; x_wconf 90' lang='lat'><strong>:</strong></span> <span class='ocrx_word' id='word_1_820' title='bbox 3144 4845 3266 4899; x_wconf 83' lang='lat' dir='ltr'><strong>Non</strong></span> <span class='ocrx_word' id='word_1_821' title='bbox 3308 4846 3481 4901; x_wconf 77' lang='lat' dir='ltr'><strong>solum.</strong></span> <span class='ocrx_word' id='word_1_822' title='bbox 3502 4846 3590 4912; x_wconf 81' lang='lat' dir='ltr'><strong>qui</strong></span> <span class='ocrx_word' id='word_1_823' title='bbox 3620 4844 3823 4909; x_wconf 77' lang='lat' dir='ltr'><strong>faciunt</strong></span> 
     </span>
    </p>
   </div>
   <div class='ocr_carea' id='block_1_107' title="bbox 2237 4932 3826 5004">
    <p class='ocr_par' dir='ltr' id='par_1_107' title="bbox 2237 4932 3826 5004">
     <span class='ocr_line' id='line_1_107' title="bbox 2237 4932 3826 5004; baseline -0.001 -14"><span class='ocrx_word' id='word_1_824' title='bbox 2237 4955 2390 5004; x_wconf 77' lang='lat' dir='ltr'><strong>prava</strong></span> <span class='ocrx_word' id='word_1_825' title='bbox 2419 4954 2532 4991; x_wconf 80' lang='lat' dir='ltr'><strong>reos</strong></span> <span class='ocrx_word' id='word_1_826' title='bbox 2562 4953 2697 4999; x_wconf 73' lang='lat' dir='ltr'><strong>esse,</strong></span> <span class='ocrx_word' id='word_1_827' title='bbox 2739 4937 2827 4990; x_wconf 73' lang='lat' dir='ltr'><strong>sed</strong></span> <span class='ocrx_word' id='word_1_828' title='bbox 2864 4936 3015 4989; x_wconf 76' lang='lat' dir='ltr'><strong>etiam</strong></span> <span class='ocrx_word' id='word_1_829' title='bbox 3043 4938 3133 5004; x_wconf 81' lang='lat' dir='ltr'><strong>qui</strong></span> <span class='ocrx_word' id='word_1_830' title='bbox 3155 4934 3474 4988; x_wconf 71' lang='lat' dir='ltr'><strong>consentiunt</strong></span> <span class='ocrx_word' id='word_1_831' title='bbox 3504 4932 3826 5001; x_wconf 76' lang='lat' dir='ltr'><strong>facientibus</strong></span> 
     </span>
    </p>
   </div>
   <div class='ocr_carea' id='block_1_108' title="bbox 2232 5021 3824 5103">
    <p class='ocr_par' dir='ltr' id='par_1_108' title="bbox 2232 5021 3824 5103">
     <span class='ocr_line' id='line_1_108' title="bbox 2232 5021 3824 5103; baseline -0.003 -20"><span class='ocrx_word' id='word_1_832' title='bbox 2232 5029 2411 5099; x_wconf 87' lang='lat' dir='ltr'><strong>(Rom.</strong></span> <span class='ocrx_word' id='word_1_833' title='bbox 2442 5028 2524 5099; x_wconf 89' lang='grc' dir='ltr'>ιι).</span> <span class='ocrx_word' id='word_1_834' title='bbox 2557 5028 2760 5103; x_wconf 88' lang='lat' dir='ltr'><strong>Quibus</strong></span> <span class='ocrx_word' id='word_1_835' title='bbox 2787 5025 3080 5081; x_wconf 89' lang='lat' dir='ltr'><strong>canonibus</strong></span> <span class='ocrx_word' id='word_1_836' title='bbox 3107 5024 3365 5093; x_wconf 86' lang='lat' dir='ltr'><strong>quibusve</strong></span> <span class='ocrx_word' id='word_1_837' title='bbox 3394 5021 3590 5091; x_wconf 81' lang='lat' dir='ltr'><strong>regulis</strong></span> <span class='ocrx_word' id='word_1_838' title='bbox 3616 5022 3824 5078; x_wconf 74' lang='lat' dir='ltr'><strong>Calen—</strong></span> 
     </span>
    </p>
   </div>
   <div class='ocr_carea' id='block_1_109' title="bbox 2232 5111 3823 5185">
    <p class='ocr_par' dir='ltr' id='par_1_109' title="bbox 2232 5111 3823 5185">
     <span class='ocr_line' id='line_1_109' title="bbox 2232 5111 3823 5185; baseline -0.001 -12"><span class='ocrx_word' id='word_1_839' title='bbox 2232 5118 2359 5173; x_wconf 89' lang='lat' dir='ltr'><strong>dion</strong></span> <span class='ocrx_word' id='word_1_840' title='bbox 2403 5119 2655 5174; x_wconf 87' lang='lat' dir='ltr'><strong>exclusus</strong></span> <span class='ocrx_word' id='word_1_841' title='bbox 2702 5126 2785 5173; x_wconf 85' lang='lat' dir='ltr'><strong>est</strong></span> <span class='ocrx_word' id='word_1_842' title='bbox 2812 5160 2826 5183; x_wconf 92' lang='lat'><strong>,</strong></span> <span class='ocrx_word' id='word_1_843' title='bbox 2885 5114 2973 5169; x_wconf 89' lang='lat' dir='ltr'><strong>vel</strong></span> <span class='ocrx_word' id='word_1_844' title='bbox 3020 5113 3176 5185; x_wconf 89' lang='lat' dir='ltr'><strong>primi</strong></span> <span class='ocrx_word' id='word_1_845' title='bbox 3222 5112 3431 5169; x_wconf 84' lang='lat' dir='ltr'><strong>urbium</strong></span> <span class='ocrx_word' id='word_1_846' title='bbox 3481 5111 3823 5171; x_wconf 82' lang='lat' dir='ltr'><strong>diversarum</strong></span> 
     </span>
    </p>
   </div>
   <div class='ocr_carea' id='block_1_110' title="bbox 2232 5202 3825 5273">
    <p class='ocr_par' dir='ltr' id='par_1_110' title="bbox 2232 5202 3825 5273">
     <span class='ocr_line' id='line_1_110' title="bbox 2232 5202 3825 5273; baseline -0.006 -6"><span class='ocrx_word' id='word_1_847' title='bbox 2232 5210 2481 5267; x_wconf 76' lang='lat' dir='ltr'><strong>catholici</strong></span> <span class='ocrx_word' id='word_1_848' title='bbox 2506 5208 2857 5267; x_wconf 80' lang='lat' dir='ltr'><strong>sacerdotes?</strong></span> <span class='ocrx_word' id='word_1_849' title='bbox 2903 5206 3017 5271; x_wconf 83' lang='lat' dir='ltr'><strong>Qua</strong></span> <span class='ocrx_word' id='word_1_850' title='bbox 3062 5202 3351 5259; x_wconf 73' lang='lat' dir='ltr'><strong>traditione</strong></span> <span class='ocrx_word' id='word_1_851' title='bbox 3382 5218 3646 5273; x_wconf 67' lang='lat' dir='ltr'><strong>majorum</strong></span> <span class='ocrx_word' id='word_1_852' title='bbox 3682 5220 3825 5273; x_wconf 80' lang='lat' dir='ltr'><strong>apo.</strong></span> 
     </span>
    </p>
   </div>
   <div class='ocr_carea' id='block_1_111' title="bbox 2234 5296 3306 5368">
    <p class='ocr_par' dir='ltr' id='par_1_111' title="bbox 2234 5296 3306 5368">
     <span class='ocr_line' id='line_1_111' title="bbox 2234 5296 3306 5368; baseline -0.008 -11"><span class='ocrx_word' id='word_1_853' title='bbox 2234 5301 2475 5357; x_wconf 80' lang='lat' dir='ltr'><strong>8°olicam</strong></span> <span class='ocrx_word' id='word_1_854' title='bbox 2503 5315 2529 5354; x_wconf 86' lang='lat' dir='ltr'><strong>s</strong></span> <span class='ocrx_word' id='word_1_855' title='bbox 2552 5301 2686 5354; x_wconf 52' lang='lat' dir='ltr'><strong>&#39;dem</strong></span> <span class='ocrx_word' id='word_1_856' title='bbox 2715 5300 2766 5353; x_wconf 90' lang='lat' dir='ltr'><strong>in</strong></span> <span class='ocrx_word' id='word_1_857' title='bbox 2788 5296 3046 5368; x_wconf 89' lang='lat' dir='ltr'><strong>judicium</strong></span> <span class='ocrx_word' id='word_1_858' title='bbox 3073 5296 3306 5349; x_wconf 79' lang='lat' dir='ltr'><strong>vocant?</strong></span> 
     </span>
    </p>
   </div>
   <div class='ocr_carea' id='block_1_112' title="bbox 2308 5386 3822 5456">
    <p class='ocr_par' dir='ltr' id='par_1_112' title="bbox 2308 5386 3822 5456">
     <span class='ocr_line' id='line_1_112' title="bbox 2308 5386 3822 5456; baseline -0.004 -9"><span class='ocrx_word' id='word_1_859' title='bbox 2308 5394 2388 5447; x_wconf 86' lang='lat' dir='ltr'><strong>An</strong></span> <span class='ocrx_word' id='word_1_860' title='bbox 2418 5390 2667 5447; x_wconf 82' lang='lat' dir='ltr'><strong>secundae</strong></span> <span class='ocrx_word' id='word_1_861' title='bbox 2696 5389 2839 5444; x_wconf 90' lang='lat' dir='ltr'><strong>sedis</strong></span> <span class='ocrx_word' id='word_1_862' title='bbox 2863 5387 3163 5453; x_wconf 84' lang='lat' dir='ltr'><strong>antistites,</strong></span> <span class='ocrx_word' id='word_1_863' title='bbox 3203 5395 3256 5441; x_wconf 92' lang='lat' dir='ltr'><strong>et</strong></span> <span class='ocrx_word' id='word_1_864' title='bbox 3291 5386 3461 5443; x_wconf 81' lang='lat' dir='ltr'><strong>tertiae</strong></span> <span class='ocrx_word' id='word_1_865' title='bbox 3484 5430 3496 5450; x_wconf 89' lang='lat'><strong>.</strong></span> <span class='ocrx_word' id='word_1_866' title='bbox 3523 5388 3822 5456; x_wconf 79' lang='lat' dir='ltr'><strong>c‘actcriqnc</strong></span> 
     </span>
    </p>
   </div>
   <div class='ocr_carea' id='block_1_113' title="bbox 2306 5540 3621 5611">
    <p class='ocr_par' dir='ltr' id='par_1_113' title="bbox 2306 5540 3621 5611">
     <span class='ocr_line' id='line_1_113' title="bbox 2306 5540 3621 5611; baseline -0.001 -13"><span class='ocrx_word' id='word_1_867' title='bbox 2306 5546 2327 5576; x_wconf 88' lang='grc'><em>³</em></span> <span class='ocrx_word' id='word_1_868' title='bbox 2353 5545 2486 5599; x_wconf 87' lang='lat' dir='ltr'><strong>Cod.</strong></span> <span class='ocrx_word' id='word_1_869' title='bbox 2512 5544 2803 5604; x_wconf 77' lang='lat' dir='ltr'><strong>Veronen.,</strong></span> <span class='ocrx_word' id='word_1_870' title='bbox 2844 5540 3193 5611; x_wconf 71' lang='lat' dir='ltr'><strong>Euphimium,</strong></span> <span class='ocrx_word' id='word_1_871' title='bbox 3227 5551 3279 5597; x_wconf 87' lang='lat' dir='ltr'><strong>et</strong></span> <span class='ocrx_word' id='word_1_872' title='bbox 3308 5545 3376 5596; x_wconf 72' lang='lat' dir='ltr'><strong>ita</strong></span> <span class='ocrx_word' id='word_1_873' title='bbox 3409 5543 3621 5603; x_wconf 76' lang='lat' dir='ltr'><strong>ubi-me.</strong></span> 
     </span>
    </p>
   </div>
   <div class='ocr_carea' id='block_1_114' title="bbox 2306 5611 3819 5680">
    <p class='ocr_par' dir='ltr' id='par_1_114' title="bbox 2306 5611 3819 5680">
     <span class='ocr_line' id='line_1_114' title="bbox 2306 5611 3819 5680; baseline -0.003 -13"><span class='ocrx_word' id='word_1_874' title='bbox 2306 5614 2326 5644; x_wconf 73' lang='grc'>⁸</span> <span class='ocrx_word' id='word_1_875' title='bbox 2354 5615 2501 5667; x_wconf 83' lang='lat' dir='ltr'><strong>llunc</strong></span> <span class='ocrx_word' id='word_1_876' title='bbox 2532 5613 2707 5665; x_wconf 90' lang='lat' dir='ltr'><strong>locum</strong></span> <span class='ocrx_word' id='word_1_877' title='bbox 2750 5613 2999 5666; x_wconf 78' lang='lat' dir='ltr'><strong>Nicolaus</strong></span> <span class='ocrx_word' id='word_1_878' title='bbox 3039 5626 3170 5680; x_wconf 85' lang='lat' dir='ltr'><strong>papa</strong></span> <span class='ocrx_word' id='word_1_879' title='bbox 3201 5614 3387 5666; x_wconf 83' lang='lat' dir='ltr'><strong>recitat</strong></span> <span class='ocrx_word' id='word_1_880' title='bbox 3416 5628 3479 5665; x_wconf 86' lang='lat' dir='ltr'><strong>ex</strong></span> <span class='ocrx_word' id='word_1_881' title='bbox 3513 5611 3819 5665; x_wconf 72' lang='lat' dir='ltr'><strong>commoni-</strong></span> 
     </span>
    </p>
   </div>
   <div class='ocr_carea' id='block_1_115' title="bbox 2235 5681 3815 5746">
    <p class='ocr_par' dir='ltr' id='par_1_115' title="bbox 2235 5681 3815 5746">
     <span class='ocr_line' id='line_1_115' title="bbox 2235 5681 3815 5746; baseline 0 -11"><span class='ocrx_word' id='word_1_882' title='bbox 2235 5684 2372 5735; x_wconf 88' lang='lat' dir='ltr'><strong>torio</strong></span> <span class='ocrx_word' id='word_1_883' title='bbox 2400 5690 2449 5736; x_wconf 84' lang='lat' dir='ltr'><strong>in</strong></span> <span class='ocrx_word' id='word_1_884' title='bbox 2472 5682 2693 5744; x_wconf 80' lang='lat' dir='ltr'><strong>epistula</strong></span> <span class='ocrx_word' id='word_1_885' title='bbox 2721 5684 2753 5736; x_wconf 64' lang='lat' dir='ltr'><strong>Si</strong></span> <span class='ocrx_word' id='word_1_886' title='bbox 2777 5683 2842 5734; x_wconf 87' lang='lat' dir='ltr'><strong>ad</strong></span> <span class='ocrx_word' id='word_1_887' title='bbox 2875 5681 3182 5737; x_wconf 76' lang='lat' dir='ltr'><strong>Micliaclem</strong></span> <span class='ocrx_word' id='word_1_888' title='bbox 3209 5684 3601 5746; x_wconf 85' lang='lat' dir='ltr'><strong>imperatorem.</strong></span> <span class='ocrx_word' id='word_1_889' title='bbox 3636 5683 3815 5736; x_wconf 71' lang='lat' dir='ltr'><strong>llsnn.</strong></span> 
     </span>
    </p>
   </div>
   <div class='ocr_carea' id='block_1_116' title="bbox 2306 5751 3345 5818">
    <p class='ocr_par' dir='ltr' id='par_1_116' title="bbox 2306 5751 3345 5818">
     <span class='ocr_line' id='line_1_116' title="bbox 2306 5751 3345 5818; baseline -0.003 -13"><span class='ocrx_word' id='word_1_890' title='bbox 2306 5753 2324 5783; x_wconf 81' lang='grc'>⁸</span> <span class='ocrx_word' id='word_1_891' title='bbox 2351 5753 2479 5807; x_wconf 81' lang='lat' dir='ltr'><strong>Cod.</strong></span> <span class='ocrx_word' id='word_1_892' title='bbox 2511 5751 2732 5818; x_wconf 69' lang='lat' dir='ltr'><strong>\‘crou.,</strong></span> <span class='ocrx_word' id='word_1_893' title='bbox 2768 5752 2960 5813; x_wconf 74' lang='lat' dir='ltr'><strong>illicitis</strong></span> <span class='ocrx_word' id='word_1_894' title='bbox 2994 5752 3195 5808; x_wconf 66' lang='lat' dir='ltr'><strong>tenendi</strong></span> <span class='ocrx_word' id='word_1_895' title='bbox 3224 5766 3345 5803; x_wconf 73' lang='lat' dir='ltr'><strong>cur.</strong></span> 
     </span>
    </p>
   </div>
  </div>
