3948 6314
541 352 603 409 81
1908 353 2170 409 GELASII
2212 354 2409 407 PAPJ’.
2452 354 2468 405 l
3723 349 3791 403 52

543 464 700 517 Petro
744 463 1040 518 Salvatoris
1085 462 1252 530 ipsius
1300 460 1467 515 nosui
1515 474 1644 514 voce
1693 459 1929 529 delegata
1979 470 2098 515 est:
2131 463 2374 523 Abeatut
2418 463 2686 515 utetnoria:
2727 461 3109 523 Innocentium,
3153 475 3216 514 ac
3255 459 3446 514 deinde
3493 460 3783 525 Zosinzuut,

544 551 609 604 Et
641 562 692 604 tn
721 567 987 605 conversus
1016 552 1263 618 conﬁrma
1303 552 1482 616 fratres
1513 560 1624 602 tuo:
1653 548 1804 615 (Luc.
1838 549 1994 616 χχιι).
2046 549 2112 603 Et

542 648 700 701 item:
740 644 900 711 l’etre,
921 661 1060 698 amas
1100 645 1224 697 me?
1271 643 1427 696 Pasce
1456 659 1568 696 oves
1597 659 1732 695 meas
1763 639 1940 711 (Joan.
1975 641 2111 712 ιιι).

542 725 888 791 Dissimulare
909 750 1004 790 nec
1029 747 1306 803 possumus
1328 747 1426 786 nec
1445 732 1720 796 debemus,
1740 745 1857 798 qua:
1876 740 2110 785 nostram

540 826 951 880 sollicitudinem
990 825 1156 878 forma
1186 821 1534 891 perstringat,
1581 835 1703 875 cum
1746 821 1903 874 beato
1947 820 2112 873 Paulo

539 917 782 983 apostolo
813 914 1106 968 sentientes
1144 922 1304 981 atque
1340 912 1611 965 dicentes:
1648 910 1770 975 Quis
1798 910 2109 977 inﬁrmatur,

539 1017 585 1057 et
613 1021 704 1075 ego
735 1021 836 1056 non
867 1005 1141 1070 inﬁrmor?
1188 1000 1314 1069 Quis
1343 1001 1748 1065 scandalizatur,
1795 1007 1843 1052 et
1881 1015 1971 1067 ego
2013 1016 2112 1051 non

542 1111 662 1147 uror
689 1092 774 1166 (II
799 1093 923 1148 Cor.
948 1092 1060 1162 xl)?
1083 1094 1153 1145 Ita
1181 1091 1375 1162 quippe
1405 1106 1500 1144 nos
1528 1099 1744 1157 repente
1775 1089 1964 1152 tristis,
1993 1088 2113 1141 hor-

542 1186 703 1238 renda
736 1194 790 1239 et
819 1185 903 1238 vix
933 1183 1202 1238 credibilis
1247 1181 1479 1236 confecit
1522 1180 1721 1249 opinio,
1769 1189 1824 1232 ut
1874 1188 2109 1232 mentem

543 1284 780 1329 nostram
825 1275 1217 1340 confunderet,
1267 1274 1570 1338 sauciaret,
1624 1272 1909 1339 afﬂigeret.
1963 1270 2111 1323 Nun-

545 1367 732 1418 tiatmn
777 1367 931 1418 nobis
963 1376 1044 1420 est
1072 1366 1214 1418 enim
1262 1364 1313 1417 in
1359 1363 1665 1431 regionibus
1710 1363 2109 1428 Dalmatiarum,

544 1455 798 1521 quosdam
819 1455 1047 1508 recidiva
1065 1453 1366 1522 Pelagiana:
1389 1454 1548 1519 restis
1569 1451 1769 1505 zizania
1792 1453 2110 1518 setninassc,

548 1553 856 1612 tantumque
894 1544 1004 1598 iilic
1042 1558 1225 1597 eorum
1271 1543 1562 1611 prmvalcre
1591 1540 2006 1609 blasphemam,
2055 1551 2111 1594 ut

549 1634 816 1701 simplices
873 1648 1113 1701 quosque
1172 1631 1430 1686 mortiferi
1493 1630 1691 1684 furoris
1753 1631 2112 1684 insinuatione

551 1724 831 1791 decipiant.
899 1723 990 1778 Est
1039 1723 1252 1791 quidem
1309 1736 1459 1776 error
1508 1720 1620 1790 ipse
1677 1719 1909 1774 nefarius
1968 1729 2113 1774 tanto

2212 554 2559 617 Bonifacium,
2591 553 2958 615 Ccelestinum,
2984 551 3213 614 Sixtum,
3244 551 3498 614 Leonem,
3520 549 3786 604 continuis

2212 655 2266 698 et
2312 643 2709 696 incessabilibus
2755 642 3034 696 sententiis
3064 641 3228 696 fuisse
3278 649 3651 709 prostratam;
3696 657 3818 697 nec.

2213 742 2414 786 tantum
2460 732 2712 786 Ecclesia:
2756 731 3030 786 catholica:
3075 731 3300 800 legibus,
3352 729 3444 784 sed
3489 728 3786 797 principum

2213 838 2423 892 quoque
2469 823 2829 876 Romanorum
2871 837 2936 875 eo
2983 831 3166 876 tenore
3209 821 3536 884 damnatam,
3583 828 3642 872 ut
3689 833 3787 873 nec

2215 927 2433 981 nsquam
2474 922 2734 967 terrarum
2766 910 2980 965 vivendi
3013 912 3184 965 locum
3215 917 3510 964 sectatores
3541 908 3661 976 ejus
3693 907 3783 960 ha-

2215 1005 2342 1058 bere
2368 1006 2670 1058 sinerentur
2690 1006 2711 1056 ?
2731 1003 2865 1069 Qua:
2888 1003 3062 1056 omnia
3092 1009 3198 1055 tam
3225 1001 3386 1070 gestis
3407 999 3670 1054 Ecclesia:
3695 1013 3788 1068 per

2213 1093 2445 1158 singulas
2475 1107 2711 1160 quasque
2751 1091 2997 1161 regiones
3032 1090 3100 1145 de
3136 1104 3320 1144 eorum
3353 1090 3628 1157 pravitate
3665 1102 3788 1142 con-

2216 1186 2384 1248 fectis,
2421 1201 2576 1254 quam
2611 1199 2851 1239 censurae
2893 1183 3120 1252 publica:
3156 1181 3519 1235 sanctionibus
3559 1179 3792 1235 edocen-

2217 1283 2320 1326 tur.
2352 1273 2490 1327 Ecce
2517 1272 2872 1342 quorumlibet
2896 1286 3050 1325 aures
3069 1270 3358 1325 catholicas
3381 1269 3570 1325 audire
3588 1269 3792 1324 doctri-

2216 1380 2335 1418 nam
2349 1410 2356 1423 ,
2372 1349 2690 1433 quaestiones
2710 1366 2971 1431 accipere,
2987 1370 3215 1417 tractare
3229 1361 3545 1425 tendiculas,
3566 1369 3621 1414 et.
3645 1360 3693 1413 bl
3707 1377 3792 1413 as-

2216 1454 2453 1521 phemias
2484 1453 2742 1521 patienter
2759 1453 3060 1506 admittere.
3091 1452 3134 1506 0
3155 1452 3200 1506 si
3229 1450 3507 1504 studerent
3530 1449 3792 1504 adversus

2215 1558 2311 1596 eos
2354 1543 2610 1612 majorum
2659 1552 2961 1597 nostrorum
3006 1541 3170 1595 libros
3196 1553 3559 1609 responsaque
3591 1553 3787 1608 cogno-

2215 1647 2387 1695 scere,
2438 1633 2543 1685 illic
2597 1631 2767 1684 modis
2811 1629 3058 1684 onmibus
3100 1637 3435 1694 cerneretur,
3492 1628 3626 1682 nihil
3675 1643 3794 1682 esse

2216 1735 2453 1789 prorsus,
2477 1719 2615 1790 quod
2642 1737 2743 1772 non
2773 1727 2826 1773 et
2855 1719 2922 1772 ab
2951 1718 3065 1773 istis
3089 1718 3247 1772 fuerit
3267 1717 3608 1781 ventilatum,
3639 1726 3696 1770 et
3725 1716 3792 1770 ab

554 1815 880 1882 perniciosor
921 1815 985 1866 ad
1025 1811 1443 1881 subripiendum,
1489 1821 1685 1881 quanto
1721 1811 1785 1864 ad
1827 1811 2110 1864 fallendum
2145 1816 2188 1876 Β
2218 1809 2322 1864 illis
2351 1809 2628 1878 magnifica
2656 1808 2879 1862 veritate
2907 1807 3213 1862 contritum.
3247 1805 3444 1875 Sicque
3479 1805 3548 1860 de
3584 1806 3793 1859 cunctis

554 1903 1022 1957 verisimilitudinis
1039 1903 1220 1957 colore
1239 1901 1502 1955 versutior
1525 1917 1538 1953 :
1561 1909 1844 1970 prtestante
1866 1900 2117 1965 Domino,

550 1993 698 2047 adest
739 1993 857 2047 lidei
888 1992 1162 2046 catholicae
1201 2006 1330 2060 pura
1363 1991 1577 2055 veritas,
1613 1990 1965 2044 concordibus
1997 1991 2117 2044 uni-

550 2097 820 2136 versorum
854 2083 1066 2136 Patrum
1093 2081 1403 2149 deprompta
1433 2081 1728 2144 sententiis,
1765 2095 1884 2150 qua:
1910 2090 1962 2134 et
1993 2081 2120 2135 sub-

552 2173 644 2226 tile
675 2175 820 2225 virus
850 2172 1068 2226 funesta:
1099 2170 1375 2238 pravitatis
1401 2179 1651 2238 exponat,
1684 2179 1738 2224 et
1767 2170 2000 2224 humano
2024 2185 2119 2239 ge-

552 2263 665 2316 neri
696 2261 947 2314 salvaudo
975 2259 1214 2313 conferat
1253 2259 1320 2312 de
1359 2259 1750 2326 Scripturarum
1788 2258 2121 2313 confectione

554 2349 886 2404 medicinam.
948 2349 1260 2403 Nullatenns
1319 2349 1478 2418 igitur
1521 2347 1896 2403 discretionem
1943 2363 2118 2403 rerum

553 2442 783 2495 nondum
817 2439 1135 2494 abundantia
1159 2439 1316 2495 corda
1343 2439 1642 2506 conturbet,
1671 2439 1840 2494 donec
1864 2450 1918 2493 et
1944 2440 2122 2493 occul-

555 2542 662 2586 tum
695 2534 880 2585 vulnus
909 2540 1181 2601 appareat,
1211 2541 1266 2586 et
1307 2532 1529 2585 salvatio
1557 2530 1837 2599 singularis
1875 2532 2117 2586 eluceat:

556 2626 804 2691 quoniam
829 2623 1151 2691 quantalibet
1179 2631 1292 2677 arte
1318 2623 1537 2676 fallacia:
1565 2624 1781 2690 spiritus
1811 2623 2122 2691 perditioois

555 2723 805 2776 armetur,
835 2724 1017 2766 sancto
1045 2711 1219 2780 gladio
1250 2712 1479 2781 Spiritus
1515 2713 1816 2781 principalis
1843 2724 1896 2769 et
1923 2715 2125 2784 detegi-

556 2811 637 2854 tur
658 2811 709 2854 et
731 2811 966 2855 necatur.
983 2802 1313 2868 Quapropter
1342 2818 1435 2871 per
1460 2803 1800 2859 dilectionem
1825 2814 1966 2860 tuam
1989 2823 2123 2862 cun-

555 2901 667 2945 ctus
693 2891 881 2945 ibidem
910 2893 1115 2947 Domini
1138 2893 1440 2947 sacerdotes
1465 2892 1698 2950 fraterno
1719 2909 2122 2955 commonemus

554 2981 769 3044 nﬂ'ectu;
809 2989 864 3034 ut
912 2982 996 3049 qui
1043 2997 1160 3035 cum
1210 2983 1486 3036 erttdiente
1533 2997 1625 3036 vos
1667 2985 1894 3040 Domino
1937 2998 2122 3043 cootra

555 3069 781 3122 novitios
821 3070 1066 3137 pugrezis
1110 3084 1340 3136 errores,
1386 3070 1511 3123 olim
1551 3073 1952 3138 perversitatem
2003 3083 2120 3130 toto

2220 1913 2403 1953 eorum
2437 1900 2687 1966 nequitiis
2716 1898 3012 1952 refutandis
3047 1896 3230 1952 fideles
3275 1897 3469 1965 quique
3498 1895 3795 1950 redderen-

2222 1995 2308 2041 tur
2339 1988 2602 2051 instructi,
2634 1998 2688 2040 ut
2711 1987 2841 2041 nihil
2872 1987 3096 2055 amplius
3122 1994 3464 2055 quau-eretur.
3482 1984 3589 2039 Sed
3620 1986 3663 2038 si
3693 1983 3796 2038 for-

2221 2077 2358 2131 sitan
2399 2077 2692 2130 ineruditos
2727 2078 2934 2130 animos
2961 2074 3199 2145 qua-dam
3239 2074 3305 2129 de
3331 2089 3514 2129 eorum
3548 2076 3796 2127 sensibus

2221 2167 2486 2234 proposita
2507 2177 2922 2230 commoverent,
2949 2168 3017 2220 ita
3044 2165 3424 2220 venerabilium
3454 2167 3672 2220 Patrum
3701 2167 3795 2219 do-

2220 2256 2406 2310 ctrinis
2436 2267 2490 2312 et
2516 2257 2688 2311 omnis
2717 2273 2902 2312 eorum
2933 2258 3230 2326 publicatur
3260 2256 3485 2319 insania,
3517 2263 3572 2310 et
3600 2255 3791 2325 quibus

2220 2350 2472 2414 remediis
2503 2360 2741 2416 curetur,
2758 2353 3152 2415 ostenditur,ut
3179 2366 3242 2405 ex
3268 2351 3349 2404 his
3381 2350 3487 2404 Deo
3509 2358 3796 2418 praestante

2221 2442 2486 2511 prmvisis,
2528 2453 2714 2498 cuncta
2749 2460 2868 2512 quae
2907 2444 2975 2498 de
3016 2458 3199 2497 eorum
3230 2445 3368 2498 serie
3397 2451 3714 2506 texuerunt,
3746 2451 3798 2495 et

2221 2531 2515 2598 periculosa
2537 2531 2864 2586 sectantibus
2883 2542 2937 2586 et
2952 2533 3110 2586 stulta
3129 2531 3656 2602 deprehendentibus
3678 2545 3797 2585 esse

2221 2619 2533 2685 videantur;
2563 2622 2635 2676 ita
2661 2632 2716 2676 ut
2743 2623 2787 2676 si
2816 2623 2935 2692 quis
2964 2623 3232 2677 existimet
3259 2623 3653 2687 reluctandum,
3692 2639 3794 2675 non

2221 2717 2396 2763 tamen
2437 2720 2676 2766 veterum
2722 2714 3000 2766 sententiis
3028 2712 3389 2767 contradictor
3433 2715 3658 2773 existat,
3703 2712 3795 2766 sed

2225 2799 2466 2853 humana:
2513 2801 2710 2865 saluti,
2760 2801 3141 2870 catholicteque
3192 2801 3446 2856 doctrina:
3499 2804 3678 2870 palam
3734 2816 3793 2855 se

2221 2898 2511 2958 aperteque
2540 2891 2847 2959 profiteatur
2878 2891 3177 2957 inimicum;
3209 2908 3314 2962 quo
3343 2892 3510 2963 magis
3536 2893 3794 2947 attentius

2223 2978 2441 3048 pervigil
2465 2993 2590 3033 cura
2618 2991 2884 3048 pastorum
2910 2998 2940 3037 a
2962 2983 3129 3037 sacris
3157 2983 3405 3052 gregibus
3432 2984 3679 3051 luporum
3704 2983 3794 3036 dc‘

2223 3067 2309 3121 bet
2355 3082 2540 3124 arcere
2577 3073 2854 3127 saevitiam.
2893 3074 3026 3128 Num
3067 3076 3319 3144 quidqttid
3359 3076 3546 3130 ovibus
3593 3076 3793 3129 sanctis

552 3179 584 3214 ο
617 3161 681 3215 be
702 3162 999 3214 damnatam
1033 3175 1128 3214 nec
1155 3161 1206 3229 ip
1237 3175 1295 3215 os
1323 3162 1560 3228 recipere
1579 3162 1836 3228 debeatis,
1862 3174 1950 3218 aut
1976 3166 2115 3234 quod
2145 3168 2189 3231 ρ
2219 3158 2472 3213 acciderit
2501 3159 2828 3228 detrimenti,
2876 3164 3158 3231 przesulum
3191 3165 3352 3236 (quod
3383 3165 3543 3235 absit)
3573 3165 3792 3218 damnet

553 3262 752 3304 temere
801 3259 1029 3317 putatur,
1075 3264 1192 3304 esse
1232 3251 1568 3316 faciendum;
1609 3268 1726 3321 qum
1764 3269 1866 3307 non
1899 3254 2114 3313 haeresis

551 3340 838 3408 majoribus
867 3339 1059 3393 nostris
1083 3340 1459 3394 convenienter
1486 3342 1742 3396 exstincta
1772 3359 1953 3398 rursus
1986 3362 2114 3415 pro-

549 3444 742 3484 vocare
770 3443 866 3483 nos
894 3429 1106 3495 audeat,
1139 3437 1193 3484 et
1218 3431 1390 3498 palam
1417 3433 1566 3484 novis
1591 3434 1874 3501 resumptis
1917 3436 2116 3492 viribus

547 3528 834 3588 aperteque
862 3519 1125 3587 conﬂ‘gat.
1156 3518 1526 3588 Nunquidnam
1556 3520 1677 3575 licet
1707 3523 1856 3576 nobis
1899 3540 1926 3578 a
1956 3541 2117 3582 vene-

549 3610 732 3665 randis
763 3611 1005 3665 Patribus
1035 3610 1279 3663 damnata
1304 3608 1614 3675 dissolvere,
1647 3611 1788 3665 etab
1814 3613 1920 3667 illis
1941 3617 2116 3670 excisa

549 3704 746 3758 ne'aria
778 3703 1020 3773 dogmata
1053 3702 1374 3756 retractare?
1398 3702 1533 3767 Quid
1564 3711 1645 3756 est
1672 3718 1799 3773 ergo
1839 3707 1978 3775 quod
2006 3723 2116 3762 ma-

545 3809 779 3863 gnopere
819 3807 1208 3862 prrecavemus,
1255 3808 1322 3848 ne
1365 3792 1646 3859 cujuslibet
1692 3793 1906 3850 hzeresis
1953 3799 2115 3854 semel

546 3886 746 3953 tlejeeta
780 3885 1039 3952 pernicies
1068 3884 1132 3936 ad
1156 3899 1378 3938 examen
1399 3883 1573 3938 denuo
1597 3885 1778 3939 venire
1800 3889 2118 3944 contendat?

546 3982 602 4035 Si
632 3995 747 4049 qua:
788 3980 1076 4048 antiquitus
1115 3995 1143 4032 a
1187 3982 1385 4035 nostris
1429 3983 1718 4050 majoribus
1768 3983 2001 4052 cognita,
2032 3982 2115 4036 di-

545 4085 746 4136 scussa,
793 4070 1016 4125 refutatu
1046 4079 1208 4137 sntiat,
1255 4074 1598 4125 restauranda
1645 4075 1906 4137 nitamur;
1940 4088 2116 4128 nonne

546 4162 644 4228 ipsi
669 4177 787 4225 nos,
821 4162 957 4229 quod
985 4161 1141 4224 absit,
1174 4171 1226 4214 et
1256 4162 1394 4230 quod
1427 4178 1694 4232 nunquam
1725 4163 1985 4216 catholica
2019 4178 2114 4230 pa-

547 4254 703 4304 tietur
734 4252 991 4314 Ecclesia,
1023 4253 1341 4306 adversariis
1380 4253 1615 4306 veritatis
1645 4253 1905 4307 universis
1931 4264 2114 4306 contra

547 4356 645 4394 nos
675 4342 982 4411 resurgendi
1008 4345 1352 4411 proponimus
1382 4343 1837 4411 exemplum‘lUbi
1865 4354 1942 4398 est
1974 4344 2112 4412 quod

545 4439 799 4501 scriptum
828 4444 910 4487 est
937 4452 948 4485 :
983 4433 1246 4487 Tcrminos
1276 4443 1479 4502 patrum
1509 4446 1710 4487 tuorum
1739 4451 1837 4486 non
1860 4446 2114 4502 transgre-

2219 3249 2518 3315 incuriam;
2547 3252 2682 3306 sicut
2716 3268 2745 3307 a
2783 3255 3111 3324 regeneratis
3146 3257 3446 3327 agminibus
3482 3257 3790 3311 nocentium

2214 3338 2454 3408 depulsio
2501 3343 2792 3400 bestiarum
2843 3347 3121 3402 custodum
3186 3349 3416 3416 prmmiis
3471 3359 3790 3418 perpetuum

2217 3434 2527 3499 procuravit
2554 3438 2940 3505 augmentum?
2959 3438 3115 3494 Certe
3139 3439 3204 3508 si,
3241 3447 3298 3493 ut
3324 3437 3489 3505 magis
3517 3451 3787 3506 optamus,

2215 3521 2363 3576 falsis
2393 3524 2506 3579 haec
2536 3529 2836 3582 rumoribus
2865 3529 2972 3584 sint
3005 3531 3194 3595 relata,
3228 3530 3543 3599 quantocius
3573 3529 3787 3583 deside-

2216 3627 2394 3667 ramus
2436 3629 2750 3683 agnosccre,
2790 3628 2845 3673 ut
2873 3621 2960 3688 qui
3009 3620 3363 3674 membrorum
3392 3619 3590 3673 Christi
3624 3635 3786 3674 vexa-

2217 3708 2360 3761 tione
2405 3707 2752 3774 trepidamus,
2793 3712 2958 3766 multo
2989 3711 3156 3781 magis
3183 3711 3252 3766 de
3281 3727 3466 3766 eorum
3495 3712 3728 3766 stabilita
3757 3727 3787 3764 e

2217 3799 2476 3853 laetemur.
2515 3799 2642 3854 Data
2679 3817 2708 3853 v
2741 3801 2994 3858 kalendas
3032 3803 3278 3872 Augusti,
3328 3819 3354 3854 a
3396 3811 3421 3839 ι
3455 3803 3652 3857 Fausto
3681 3803 3784 3873 [αι.

2219 3887 2434 3959 Albino]
2454 3889 2516 3945 V.
2540 3891 2600 3947 C.
2630 3892 2850 3946 consule
2877 3894 3038 3963 (anno
3067 3891 3260 3948 Christi
3291 3893 3438 3961 495).

2771 4006 3102 4061 EPISTOLA
3139 4005 3206 4058 Vl

2351 4115 2416 4152 AD
2455 4113 2668 4152 EUMDEI
2706 4112 2973 4152 HONORIUI
3013 4113 3292 4152 DALMATIE
3345 4113 3649 4155 EPISCOPI'M.

2220 4189 2354 4240 Eum
2388 4204 2487 4240 non
2523 4188 2751 4241 debuisse
2780 4188 2956 4240 mirari
2995 4188 3167 4240 scribit
3199 4190 3333 4253 quod
3360 4190 3679 4241 admonuerit
3707 4185 3783 4241 in;

2279 4257 2588 4326 vigilandum
2611 4273 2670 4309 ne
2694 4258 2874 4309 iterum
2892 4256 3174 4325 Pelagiana
3195 4258 3396 4312 hwrcsis
3425 4259 3720 4311 pullularet.

2288 4343 2643 4399 Dilectissimo
2673 4344 2821 4398 fratri
2851 4344 3083 4399 llouorio
3105 4343 3367 4400 Gelasius.

2287 4436 2539 4490 Mirantur
2568 4434 2903 4490 dilectionem
2936 4443 3078 4488 tuam
3108 4435 3268 4490 fuisse
3298 4436 3562 4498 miratam,
3598 4450 3780 4488 curam

549 4523 704 4576 diei-is
736 4523 909 4589 (Deut.
941 4523 1140 4595 uxn);
1170 4535 1261 4579 et:
1290 4523 1550 4595 Interroga
1579 4535 1745 4593 patres
1774 4537 1906 4588 tttos,
1937 4536 1984 4579 et
2020 4542 2113 4579 an-
2143 4516 2192 4574 D
2217 4525 2358 4578 sedis
2399 4525 2724 4593 apostolicae,
2772 4539 2892 4594 quae
2939 4540 3089 4580 more
3140 4526 3397 4594 majorum
3439 4527 3644 4579 cunctis
3690 4541 3782 4592 per

549 4613 852 4665 nuntiabunt
883 4614 1007 4677 tibi;
1048 4623 1094 4666 et
1120 4615 1341 4668 seniores
1375 4623 1507 4678 tuos,
1541 4625 1587 4667 et
1623 4616 1788 4668 dicent
1823 4616 1947 4670 tibi?
1975 4615 2111 4682 Quid

546 4715 673 4768 ergo
703 4701 966 4753 tendimus
990 4702 1126 4756 ultra
1155 4703 1368 4756 definita
1397 4705 1674 4772 majorum.
1707 4713 1798 4757 aut
1825 4720 1920 4758 cur
1959 4706 2111 4758 nobis

545 4804 650 4843 non
692 4790 918 4844 sufficit?
960 4791 1017 4845 Si
1061 4793 1186 4859 quid
1231 4792 1532 4860 ignorantes
1560 4793 1766 4847 discere
1811 4794 2108 4862 cupiamus,

546 4879 772 4945 qualiter
793 4880 858 4935 ab
884 4880 1195 4935 ortltodoxis
1225 4882 1465 4936 Patribus
1496 4890 1548 4934 et
1577 4882 1876 4936 senioribus
1905 4883 2109 4951 singula

549 4986 770 5039 qumque
797 4972 879 5026 vel
918 4972 1126 5025 vitanda
1160 4982 1418 5040 przecepta
1451 4981 1593 5034 sunt,
1645 4972 1726 5024 vel
1769 4973 1994 5040 aptanda
2024 4987 2108 5024 ca-

553 5059 761 5112 tholicae
791 5063 1032 5126 veritati;
1051 5078 1145 5116 cur
1172 5078 1273 5116 non
1305 5062 1384 5114 his
1416 5062 1702 5128 probantur
1721 5076 1840 5116 esse
1863 5063 2112 5114 decreta?

551 5147 794 5217 Nunquid
833 5159 922 5200 aut
947 5152 1298 5217 sapientiores
1327 5151 1432 5206 illis
1459 5167 1660 5214 sumus,
1702 5160 1792 5203 aut
1823 5152 2111 5219 poterimus

549 5241 698 5291 lirma
725 5237 1011 5292 stabilitate
1031 5249 1295 5302 constare,
1321 5243 1361 5294 si
1385 5258 1444 5294 ea
1475 5259 1590 5311 qua:
1611 5243 1678 5296 ab
1701 5243 1803 5296 illis
1824 5243 2106 5296 constituta

545 5335 671 5380 sunt
697 5326 1047 5379 subruamus?
1078 5330 1156 5378 An
1197 5327 1421 5382 fortasse
1455 5333 1670 5385 nescitis
1702 5332 1834 5385 hanc.
1865 5332 2104 5386 heresim

545 5418 611 5470 de
634 5431 734 5485 qua
775 5415 1056 5484 loquimur,
1104 5423 1155 5469 et
1196 5415 1264 5469 ah
1299 5419 1589 5484 apostolica
1620 5420 1817 5474 dudum
1860 5421 1986 5476 sedc
2015 5437 2108 5478 Der

619 5575 640 5598 ι·
683 5563 922 5615 Mendosa
954 5572 1033 5617 est
1063 5571 1115 5616 et
1151 5563 1459 5631 subreptitia
1494 5563 1607 5618 lucc
1635 5567 1928 5619 consolaris
1960 5577 2100 5620 nota.

545 5635 727 5690 Nullus
754 5634 892 5684 enim
925 5634 1099 5686 Fausti
1130 5636 1433 5685 Consulatus
1457 5634 1554 5684 suh
1582 5633 1884 5698 pontiﬁcatu
1909 5636 2103 5690 Gclasii

543 5721 624 5766 rei
642 5705 821 5756 et‘itur.
866 5703 1087 5768 Legatur
1127 5717 1270 5770 ergo,
1303 5702 1481 5756 Albino
1526 5705 1629 5754 viro
1671 5705 1954 5757 clarissimo
1985 5723 2104 5760 con-

2219 4615 2471 4669 mundutn
2512 4614 2737 4671 debetur
2775 4615 3050 4680 Ecclesiis,
3101 4631 3196 4682 ιιι-ο
3235 4625 3429 4670 vestras
3456 4631 3667 4684 quoque
3697 4630 3783 4668 re-

2216 4703 2386 4772 gionis
2420 4704 2523 4758 lide
2557 4703 2721 4758 fuisse
2746 4703 3047 4758 sollicitam.
3076 4705 3315 4772 Cumque
3358 4704 3423 4756 ad
3463 4719 3579 4757 eam
3609 4704 3782 4771 perla-

2216 4802 2325 4846 tum
2355 4793 2660 4860 essetquod
2704 4793 2916 4863 quidam
2959 4809 3054 4862 per
3097 4793 3382 4847 Dalmatias
3422 4793 3781 4861 integritatem

2215 4881 2530 4934 catholicam
2563 4883 2748 4936 vitiare
2777 4883 3090 4946 niterentur,
3125 4889 3181 4936 et
3206 4881 3400 4935 divinis
3431 4881 3781 4946 humanisque

2217 4972 2418 5040 legibus
2446 4979 2570 5026 ante
2597 4971 2903 5026 damnatum
2936 4970 3233 5040 Pelagianae
3263 4970 3575 5038 pestilentiae
3604 4967 3781 5022 denuo

2213 5063 2358 5115 virus
2380 5062 2575 5116 inferre
2593 5079 2608 5126 ;
2626 5077 2728 5116 non
2760 5063 3118 5130 putaverimus
3137 5061 3400 5114 ullatenus
3427 5058 3777 5112 differendum

2211 5153 2497 5220 qumninus
2519 5153 2632 5206 hinc
2658 5153 2964 5222 diligentius
2990 5151 3337 5220 inquirentes,
3369 5161 3454 5202 aut
3479 5150 3522 5203 si
3553 5148 3777 5203 fortasse.

2214 5243 2560 5309 irrepserant,
2589 5244 2654 5297 de.
2687 5245 2933 5309 proximo
2955 5249 3293 5302 sanarentur,
3337 5251 3429 5293 aut
3453 5242 3775 5292 anxietatem

2213 5343 2474 5398 nostram,
2516 5325 2558 5387 si
2605 5333 2740 5386 falso
2774 5332 3124 5400 probarentur
3163 5329 3384 5397 jactata,
3431 5332 3773 5387 relevarent;

2213 5422 2535 5476 :estimanles
2576 5421 2765 5474 melius
2796 5433 2894 5472 nos
2934 5418 3100 5473 videri
3142 5419 3511 5485 impatientius
3547 5417 3666 5470 talia
3698 5415 3777 5466 ir-

2213 5568 2340 5621 sulc.
2395 5572 2488 5619 Aut
2527 5579 2670 5620 (τινι-’ρ
2702 5549 2982 5619 dicendum
3026 5576 3165 5618 esset
3198 5566 3463 5620 Gelasium
3506 5582 3608 5615 non
3639 5579 3774 5611 anno

2213 5639 2316 5758 ﬁt!
2350 5639 2708 5699 [ttulllllltftlllllll
2745 5636 2948 5701 initsse,
2981 5636 3070 5691 sed
3104 5636 3224 5700 «S90,
3249 5637 3332 5688 «lic
3363 5638 3396 5686 ‘2
3426 5635 3616 5686 Martii.
3647 5632 3769 5685 S.,v.

2259 5723 2340 5758 mn
2365 5731 2405 5757 δ.

2259 5723 2340 5759 l.\'lt
2365 5731 2405 5757 δ.
