3948 6314
601 420 669 481 55
1842 386 1846 395 ’
1963 412 2227 474 amas"
2270 416 2465 473 PAP.~E
2505 418 2523 471 ι
3779 416 3838 476 50

597 550 767 601 stcns.
797 536 863 592 de
890 528 1081 605 quibus
1104 530 1291 589 Petrus
1314 529 1733 599 dicitapostolus
1759 546 1773 582 ι
1796 502 1871 582 ili
1894 544 2006 581 vero
2033 528 2166 582 velut
2197 530 2251 595 Α
2278 521 2505 584 habetur
2528 545 2542 581 :
2574 527 2794 596 proinde
2816 522 3071 597 quidquid
3106 526 3190 583 isti
3218 526 3489 598 genituras
3520 524 3586 584 de
3605 532 3698 582 Silo
3722 536 3829 598 ger-

599 630 963 687 irrationabitia
984 642 1185 698 pecora,
1208 624 1509 678 naturaliter
1527 622 1581 675 in
1598 622 1883 692 captionem
1902 630 1948 673 et
1972 620 2025 673 in
2049 636 2170 689 per-

600 723 779 775 niciem
794 721 848 772 in
868 719 948 773 Itis
966 735 1081 789 quae
1100 718 1333 786 ignorant
1355 713 1755 780 blasphemantes
1776 711 1829 763 in
1850 710 2173 777 corruptione

600 830 714 881 sua,
730 812 960 879 peribunt
981 809 1305 880 percipientes
1327 804 1604 859 mercedem
1623 796 1888 874 iujustitia:
1912 799 2002 872 (II
2026 800 2170 861 Petr.

600 905 683 972 it).
715 904 915 956 ltevera
943 900 1085 954 enim
1114 900 1191 951 sic
1219 897 1336 965 ejus
1362 894 1590 949 stolidus
1618 901 1671 948 et
1697 892 1919 947 obtusus
1942 898 2026 945 est
2052 888 2170 944 ani-

600 1014 741 1063 mus,
775 1006 831 1050 ut
859 995 927 1050 de
957 994 1038 1047 bis
1060 992 1300 1057 venenis,
1322 1003 1442 1059 quae
1471 980 1609 1044 male
1640 980 1837 1050 hausit,
1867 993 1922 1039 et
1945 982 2167 1049 vomuit,

599 1094 798 1148 nullam
827 1089 1086 1144 rationem
1108 1086 1190 1141 vel
1218 1085 1464 1153 accipere
1487 1080 1661 1136 valent
1682 1078 1922 1142 omnino,
1937 1072 2018 1131 vel
2047 1064 2171 1129 red-

600 1185 748 1239 dere.
786 1182 891 1238 Sed
935 1180 1210 1235 induratus
1249 1176 1608 1230 obctecatione
1650 1169 1934 1235 diabolica,
1964 1164 2170 1238 sibique

595 1278 705 1347 jam
734 1274 980 1337 traditus,
1012 1268 1189 1326 c0tdis
1214 1268 1296 1323 sui
1325 1266 1527 1320 funesta
1551 1256 1621 1317 sit
1640 1253 1999 1345 obstinatione
2019 1259 2170 1347 dam:

599 1378 795 1431 natus;
826 1360 1063 1433 nihilque
1089 1357 1324 1428 supersit
1352 1357 1425 1423 ei,
1454 1348 1553 1409 nisi
1587 1362 1643 1408 ut
1670 1340 1811 1408 Deus
1841 1358 2047 1414 noster,
2077 1340 2171 1417 qui

597 1462 749 1523 dixit,
780 1473 901 1528 quae
930 1454 1234 1510 hominibus
1260 1447 1611 1517 impossibilia
1642 1444 1911 1507 videntur,
1943 1439 2083 1510 apud
2112 1446 2172 1528 se

598 1567 720 1608 esse
746 1524 919 1604 facilia
950 1546 1168 1618 (Matth.
1204 1540 1337 1611 xix),
1370 1536 1673 1608 hujusntodi
1704 1543 1937 1590 mentem
1962 1524 2169 1603 potenti

597 1641 1005 1711 cotnpunctione
1034 1635 1327 1704 lransligat,
1365 1642 1422 1685 ut
1457 1629 1751 1685 secundum
1790 1628 2002 1687 beatum
2042 1637 2172 1694 apo-

596 1735 792 1789 Stolum
834 1730 1078 1794 Paulum,
1120 1728 1381 1795 resipiscat
1424 1741 1457 1777 a
1497 1722 1689 1776 diaboli
1727 1720 1942 1790 laqueis,
1990 1715 2170 1787 quibus

596 1827 822 1897 captivus
849 1824 1106 1876 detinetur
1132 1819 1213 1888 (ll
1252 1808 1457 1885 Titinii)
1482 1812 1749 1869 sententia
1774 1812 1939 1867 divini
1960 1808 2167 1879 judicii.

2275 622 2418 675 mine
2460 616 2821 689 protulerunt,
2859 630 2993 687 opus
3036 614 3250 689 quidem
3292 619 3383 673 Dei
3414 627 3517 685 est,
3567 617 3833 675 secundum

2274 690 2660 765 institutionem
2687 720 2890 766 naturae
2913 724 2927 775 ;
2953 710 3047 765 sed
3080 720 3184 766 non
3214 709 3415 781 absque
3444 706 3683 781 contagio
3704 706 3835 767 illius

2275 805 2421 872 mali,
2452 798 2593 873 quod
2621 815 2713 858 sua
2743 804 3185 872 praevaricatione
3204 807 3485 859 traxerunt
3517 814 3531 856 τ
3580 802 3632 857 et
3669 808 3837 873 utique

2275 890 2377 950 hoc
2404 894 2543 949 idem
2575 894 2739 965 ipsius
2766 888 2888 949 mali
2915 896 3241 964 contagium,
3264 902 3467 950 certum
3498 898 3579 948 est
3598 898 3832 961 opusnon

2273 1002 2393 1042 esse
2422 980 2682 1042 divinum.
2710 985 2891 1056 Itaque
2921 994 3025 1041 non
3052 994 3116 1040 ex
3138 984 3410 1041 creatione
3432 985 3526 1039 Dt-i
3552 990 3630 1039 est
3659 982 3829 1039 vitium

2272 1078 2415 1148 quod
2447 1077 2749 1133 voluntario
2781 1084 2924 1131 motu
2954 1084 3150 1136 natbra.
3168 1076 3417 1147 collegit;
3463 1071 3555 1131 sed
3594 1075 3745 1130 etiam
3771 1068 3831 1130 de

2272 1168 2452 1222 vitiata
2508 1182 2601 1236 per
2642 1166 2983 1235 semetipsam
3032 1174 3221 1219 natura
3270 1165 3411 1219 Deus
3469 1156 3831 1219 institutionem

2274 1273 2425 1315 suam
2457 1259 2803 1328 quidemsuze
2834 1260 3120 1313 creationis
3150 1257 3493 1325 exsequitur;
3527 1252 3619 1311 Sed
3647 1257 3833 1310 creatio

2241 1350 2478 1421 'profert
2524 1351 2736 1420 vitium,
2777 1348 2919 1419 quod
2953 1358 3057 1403 non
3098 1364 3166 1403 ex
3217 1342 3549 1402 institutione
3581 1339 3831 1401 Creatoris

2273 1442 2500 1511 accepit,
2521 1436 2614 1497 sed
2633 1440 2772 1510 quod
2792 1442 2902 1511 ipsa
2929 1450 3022 1509 per
3048 1439 3254 1506 lapsum
3279 1435 3711 1508 transgressionis
3731 1443 3831 1490 sua:

2272 1530 2578 1601 assumpsit.
2617 1529 2748 1585 Nam
2796 1530 2838 1584 si
2883 1528 2985 1601 ipsi
3010 1520 3170 1599 primi
3200 1524 3443 1582 homines
3466 1542 3535 1582 ex
3564 1527 3739 1590 nullis,
3781 1526 3833 1579 ut

2272 1621 2476 1676 dictum
2497 1631 2598 1685 est,
2627 1618 2935 1689 parentibus
2962 1620 3094 1685 nati,
3124 1629 3177 1674 et
3197 1620 3315 1674 sine
3334 1618 3450 1672 ullo
3482 1616 3689 1672 formati
3715 1624 3831 1671 con-

2275 1710 2437 1781 tagio,
2468 1725 2562 1780 per
2587 1709 2840 1763 ambitum
2866 1707 3293 1781 prmsumptionis
3312 1704 3508 1762 illicitas
3528 1700 3830 1775 Semetipsos

2273 1801 2565 1871 depravare
2595 1802 2898 1869 potuerunt,
2921 1807 2975 1854 et
3000 1799 3052 1852 in
3082 1810 3245 1867 Opere
3271 1794 3369 1852 Dei
3405 1798 3539 1866 Opus
3569 1792 3829 1851 diabolica!

596 1886 756 1975 Mitlta
784 1912 858 1971 illi
893 1928 1014 1984 qua:
1055 1914 1122 1967 de
1144 1886 1449 1979 Pelagianis
1475 1906 1721 1961 sensibus
1749 1914 1847 1958 nec
1877 1903 1930 1956 in
1962 1902 2167 1955 somnis
2197 1927 2244 1988 Β
2278 1893 2477 1948 fraudis
2521 1893 2828 1959 adnectere,
2880 1890 3005 1963 quid
3055 1893 3245 1946 mirum
3290 1892 3334 1977 si
3382 1890 3538 1945 iidem
3573 1886 3831 1959 depravati

594 2010 812 2066 omnino
840 2008 1192 2075 contigerant,
1223 2016 1320 2055 nos
1344 2000 1513 2068 magis
1549 1997 1804 2066 patefacta
1835 1992 2163 2071 prodiditnus

592 2118 678 2167 ea,
717 2117 835 2171 qua:
873 2099 1069 2153 dudum
1098 2094 1340 2149 convicta
1378 2089 1541 2143 fuisse
1570 2084 2000 2143 monstravimus.
2039 2083 2165 2139 lItrc

592 2196 754 2251 etiam
779 2194 912 2261 ipsa,
944 2192 1062 2258 quin
1092 2188 1231 2241 idem
1264 2183 1504 2253 proferre
1532 2179 1831 2241 videbatur,
1859 2176 1985 2231 olitn
2016 2184 2070 2229 et
2096 2175 2164 2229 ab

593 2285 860 2342 haereticis
896 2279 1190 2350 l‘elagianis
1221 2277 1277 2330 in
1307 2273 1539 2328 medium
1575 2272 1831 2340 producta
1860 2269 2161 2329 docuimus,

590 2388 646 2433 et
665 2392 694 2431 a
723 2373 1003 2430 catholicis
1028 2364 1466 2439 praedicatoribus
1498 2370 1868 2428 competenter
1886 2358 2159 2413 elisaJ‘e-

592 2469 807 2535 lagiutu,
833 2461 1162 2527 Calestium,
1188 2457 1481 2519 lulianum,
1505 2462 1837 2522 cmterosque
1855 2450 2161 2519 complures

588 2559 840 2614 oratoriae
876 2552 1135 2609 facundiae
1174 2550 1320 2604 viros
1349 2548 1403 2602 in
1435 2547 1535 2601 bac
1575 2546 1872 2599 assertione
1910 2542 2158 2613 probavi-

590 2664 709 2707 mus
732 2646 895 2704 fuisse
924 2645 1220 2709 convictos,
1251 2649 1309 2696 et
1328 2652 1433 2695 tam
1458 2636 1836 2694 ecclesiasticis
1852 2635 2159 2689 constitutis

588 2754 744 2810 qttam
788 2736 1151 2807 imperialibus
1184 2736 1201 2765 ί
1246 2733 1405 2788 etiam
1437 2744 1717 2800 percussos
1761 2728 1923 2782 fuisse
1951 2740 2157 2795 prame-

587 2834 729 2904 ptis;
770 2830 991 2902 proinde
1024 2830 1180 2882 istum
1208 2825 1352 2881 terre
1387 2840 1493 2879 non
1534 2837 1689 2893 posse
1716 2821 2066 2889 ﬁrmavimus,
2105 2821 2156 2873 in

482 2948 493 2961 -
585 2924 779 2994 quibus
807 2911 885 2976 illi
909 2920 1042 2975 tales
1065 2918 1300 2986 tantique
1323 2914 1574 2985 prostrati
1606 2922 1753 2977 sunt,
1781 2913 1870 2981 qui
1901 2926 1998 2966 nec
2020 2914 2155 2980 ipsa,

585 3031 701 3081 quae
744 3014 809 3068 ab
857 3012 957 3066 illis
996 3019 1123 3065 sunt
1170 3008 1464 3076 disputata,
1504 3005 1587 3059 vel
1632 3004 1901 3059 intellecta
1941 3018 2155 3071 capere,

585 3110 665 3161 vel
706 3104 921 3174 eloquio
956 3102 1119 3157 simili
1163 3100 1330 3168 possit
1366 3110 1629 3152 astruere.
1680 3096 1810 3160 Sed,
1852 3102 1911 3148 ut
1955 3095 2159 3149 dictum

584 3195 953 3264 est,diabotica
982 3208 1121 3245 mens
1143 3190 1474 3260 inspiratione
1494 3188 1814 3258 possessam:
1842 3186 2156 3255 profundunt

2273 1983 2605 2053 protulerunt
2631 1982 2869 2037 sobolem
2899 1980 3283 2052 depravatam?
3312 1974 3501 2041 Nonne
3525 1979 3683 2035 etiam
3716 1990 3828 2033 cum

2269 2066 2410 2129 Deus
2437 2074 2615 2143 utique
2645 2072 2866 2127 liberam
2897 2072 3195 2127 condiderit
3233 2069 3517 2125 humanam
3559 2084 3656 2123 sua
3692 2076 3830 2123 creas

2268 2168 2412 2220 tione
2436 2164 2805 2225 substantiam,
2834 2162 2992 2217 etiam
3021 2156 3159 2230 apud
3193 2154 3457 2215 humanas
3489 2168 3663 2213 tamen
3694 2158 3829 2226 leges

2267 2260 2599 2313 extrinsecus
2627 2256 2884 2311 accedens
2908 2254 3139 2310 servitus
3168 2253 3482 2308 naturaliter
3513 2262 3632 2308 eam
3664 2250 3830 2306 reddit

2265 2350 2574 2403 obsn-ictant
2599 2352 2652 2401 et
2675 2346 2995 2401 obmxiam?
3020 2345 3236 2415 Origine
3256 2346 3580 2417 generanmr
3602 2342 3829 2401 obnoxii,

2264 2446 2319 2494 et
2338 2452 2401 2493 ex
2430 2438 2732 2502 conditione
2764 2435 2938 2491 servili
2960 2436 3244 2506 gignuntur
3269 2432 3499 2499 addicti;
3532 2444 3586 2488 et
3614 2444 3830 2486 nasren-
3900 2492 3904 2497 ,

2263 2529 2332 2584 do
2362 2528 2490 2609 liunt
2515 2529 2657 2599 prius
2680 2526 2897 2598 obligati
2923 2538 3079 2597 quam
3120 2514 3281 2598 geniti
3307 2544 3321 2581 :
3360 2525 3406 2580 si
3436 2525 3537 2580 huc
3565 2526 3739 2594 agitur
3766 2523 3829 2577 tle

2263 2622 2421 2675 rebus
2457 2630 2609 2675 extra
2655 2629 2895 2674 naturam
2936 2619 3143 2689 positis,
3186 2628 3385 2689 quanto
3432 2618 3601 2685 magis
3644 2615 3710 2671 de
3753 2610 3830 2667 ltls

2262 2712 2544 2782 provenire
2574 2725 2677 2763 non
2706 2711 2899 2764 mirum
2929 2714 3031 2772 est,
3055 2708 3245 2778 quibus
3284 2710 3394 2778 ipsa
3440 2700 3669 2761 humana
3702 2703 3827 2759 sub‘

2261 2804 2454 2859 stantia
2483 2801 2771 2872 depravata
2801 2801 3180 2868 cognoscitur?
3218 2814 3282 2855 ac
3325 2806 3421 2870 per
3460 2798 3562 2853 hoc
3608 2800 3746 2852 sicut
3775 2806 3829 2849 se

2260 2897 2372 2963 ipsa
2396 2893 2623 2948 humana
2645 2891 2937 2947 substantia
2956 2891 3022 2945 de
3039 2889 3371 2945 institutione
3392 2882 3598 2943 sincera
3622 2890 3828 2942 actuum

2260 2983 2607 3052 reproborum
2639 2998 2728 3037 rea
2762 2979 2888 3036 fecit
2909 2981 3183 3035 voluntate
3233 2974 3513 3049 pollutam,
3556 2980 3633 3034 sic
3668 2972 3829 3033 edidit

2258 3075 2496 3130 sobolem
2547 3080 2706 3143 atque
2750 3074 3057 3142 progeniem
3104 3080 3308 3125 naturae
3354 3078 3466 3125 sua!
3506 3082 3571 3125 ex
3613 3078 3825 3123 actuum

2257 3185 2473 3225 suorum
2506 3184 2595 3224 rea
2638 3169 2915 3222 voluntate
2957 3166 3312 3229 maculosam;
3360 3164 3481 3234 quia
3524 3158 3829 3233 hujusmodi

584 3252 782 3343 veniens
798 3289 914 3359 jam
935 3283 1187 3336 malorum
1211 3252 1278 3333 ad
1300 3252 1520 3333 remedia
1541 3278 1687 3332 nulla
1707 3252 1952 3331 consentit
1971 3275 2153 3345 (Prov.

2260 3264 2440 3333 genuit
2471 3260 2697 3331 prolem,
2742 3256 3042 3329 cuiusmodi
3079 3273 3137 3313 se
3165 3257 3276 3327 ipsa
3310 3252 3539 3311 reddidit
3583 3255 3830 3325 praevari-

584 3380 756 3448 ttvnt).
776 3379 1113 3445 Quapropter
1128 3373 1193 3426 de
1216 3372 1510 3427 lnnumeris
1531 3370 1977 3439 blasphemiarum
1992 3383 2153 3438 gene-

584 3474 730 3528 ribus
742 3478 873 3539 quas
885 3476 1130 3522 auctores
1145 3465 1436 3533 Pelag‘anm
1455 3463 1676 3516 haeresis
1689 3460 2152 3525 addiderunt,ttia,

583 3579 700 3634 quae
728 3560 831 3616 sibi
855 3559 1119 3627 pracipue
1137 3558 1218 3611 hic
1242 3570 1403 3609 senex
1424 3555 1683 3622 lugendus
1703 3552 2153 3616 ascivit,crcdidi-

583 3670 703 3710 ntus
719 3668 823 3707 non
841 3649 1147 3714 tacenda,ut
1163 3656 1396 3703 reserata
1417 3644 1750 3699 manifestius
1767 3644 2151 3713 ponderent-:r,

581 3755 634 3799 et
657 3746 763 3799 Deo
776 3743 1088 3798 destruente
1110 3738 1317 3794 facilius
1335 3737 1642 3791 viderentur
1658 3750 1868 3790 eversa.
1885 3735 1939 3787 In
1964 3744 2070 3787 utet
2087 3736 2150 3798 is,

586 3839 850 3906 inquiunt,
910 3842 1139 3888 matram
1177 3843 1340 3901 opere
1388 3828 1571 3883 divino
1608 3838 1858 3882 creantur
1902 3827 2101 3881 infante
2136 3860 2151 3891 ,

583 3937 861 3997 propterea
887 3924 1089 3992 justum
1122 3924 1288 3976 videri
1319 3938 1421 3976 non
1454 3930 1640 3990 putant
1664 3937 1731 3989 qu
1758 3920 1801 3973 -d
1828 3920 2025 3975 factura
2058 3919 2151 3974 Dei

581 4019 697 4071 sine
718 4016 840 4067 ollis
872 4013 1100 4080 promis
1126 4012 1424 4067 actionibus
1443 4012 1690 4079 Cuiquam
1721 4020 1937 4080 peccato
1972 4011 2153 4079 gignat

583 4118 668 4162 tur
696 4108 949 4160 obstricta
973 4119 989 4167 ;
1018 4104 1381 4170 injustumque
1407 4102 1573 4155 Deum
1607 4102 1824 4160 faciunt.
1858 4103 1909 4155 si
1936 4103 2011 4156 rei
2038 4103 2153 4157 elli-

580 4204 788 4255 ciantur
816 4206 1100 4265 antequam
1131 4193 1261 4248 nati.
1304 4192 1414 4246 lloe
1461 4193 1605 4245 velut
1652 4193 2019 4247 acutissimum
2068 4193 2151 4247 sui

578 4292 842 4361 dogmatis
863 4296 1093 4343 exerunt
1118 4294 1513 4356 argumentum,
1535 4294 1642 4336 non
1667 4283 2005 4338 advertentes
2029 4286 2149 4351 quin

582 4384 739 4453 primi
765 4381 838 4433 illi
870 4388 1117 4448 parentes
1152 4374 1364 4447 generis
1408 4372 1628 4427 humani
1665 4371 1733 4427 de
1777 4374 1935 4427 nullis
1971 4375 2150 4442 utique

579 4473 931 4544 genitoribus,
953 4468 1046 4523 scd
1069 4470 1135 4522 de
1164 4467 1377 4522 iuncxia
1407 4466 1520 4521 limi
1547 4466 1764 4520 materia
1790 4467 2074 4533 procreati,
2096 4474 2152 4521 et

582 4579 714 4634 pore
752 4574 910 4632 atque
946 4563 1155 4615 sincere
1197 4566 1442 4627 potenter
1482 4565 1596 4611 arte
1638 4556 1814 4610 divina
1860 4557 2145 4624 cotnpncti,

580 4656 810 4726 iactique
858 4652 1172 4717 rationales,

578 4748 748 4804 secuti
773 4745 1060 4809 diabolum,
1100 4743 1283 4813 pravis
1320 4742 1694 4811 cupiditatibus
1730 4752 1824 4810 per
1864 4756 2142 4796 excessum

579 4856 630 4911 p2
645 4835 1030 4893 navaricationis
1054 4834 1233 4889 infecti
1260 4842 1402 4887 sunt.
1430 4832 1485 4886 ln
1506 4832 1698 4900 quibus
1714 4831 1897 4901 utique
1919 4834 2145 4885 humana

577 4945 764 4988 natura
790 4927 1043 5000 peccavit,
1077 4934 1133 4980 et
1156 4925 1385 4979 humana
1408 4931 1495 4977 est
1520 4921 1659 4976 facta
1701 4931 1887 4977 natura
1935 4923 2141 4987 titiOsa,

576 5021 838 5090 receptrix
867 5021 983 5073 sine
1010 5015 1172 5071 dubio
1201 5014 1326 5067 mali
1351 5011 1493 5083 quod
1526 5020 1649 5066 ante
1694 5013 1979 5076 nescierat,
2024 5028 2144 5081 qtue

575 5127 603 5163 a
636 5113 774 5165 bono
797 5119 1047 5179 rectoque
1070 5107 1345 5174 deﬁciens,
1370 5106 1422 5159 in
1450 5104 1693 5161 allectum
1735 5106 1858 5159 mali
1887 5106 2140 5173 pravique

574 5202 812 5257 recidere
838 5200 953 5268 ipso
982 5206 1157 5253 rerum
1191 5198 1626 5268 consequentium
1665 5197 1872 5252 tramite
1920 5195 2142 5251 manife-

572 5301 711 5345 stum
738 5296 839 5343 est.
882 5286 1037 5340 Tales
1074 5286 1230 5355 igitur
1262 5288 1433 5343 etl'ecti
1475 5288 1741 5359 principes
1784 5297 1977 5343 nostra:
2016 5274 2157 5343 sub?

574 5380 802 5441 stantius,
825 5376 1137 5442 semetipsos
1158 5375 1442 5444 passibiles
1470 5388 1525 5432 et
1563 5382 1934 5451 corroptibiles
1962 5383 2140 5436 reddi—

573 5472 799 5531 derunt;
831 5469 882 5521 in
914 5476 1112 5519 tantum
1140 5464 1456 5519 conditionis
1476 5466 1666 5523 divinas
1694 5472 1829 5525 dona
1856 5474 2131 5540 violantes,

576 5570 634 5613 ut
660 5562 841 5613 mortis
867 5559 1062 5612 fut-rint
1087 5558 1283 5621 ultione
1310 5556 1499 5625 puniti.
1524 5556 1631 5611 Hac
1659 5563 1799 5614 enim
1846 5565 1929 5616 die
1976 5564 2138 5619 fuisse

572 5663 812 5705 mortuos
856 5665 957 5718 qua
994 5648 1245 5704 mortales
1291 5646 1466 5705 cﬂ'ecti
1493 5660 1639 5716 sunt,
1678 5657 1979 5724 ambiguum
2029 5674 2133 5715 non

645 5784 664 5817 ⁸
700 5784 941 5847 Honorii,
966 5783 1252 5840 Theodosii
1284 5794 1441 5854 atque
1462 5785 1778 5846 Constantii.

2260 3355 2484 3410 cationis
2531 3368 2774 3408 excessu.
2823 3348 3054 3421 ideoque
3104 3366 3207 3404 non
3237 3351 3405 3403 solum
3448 3349 3515 3403 de
3542 3360 3601 3402 se
3635 3338 3832 3417 profert

2254 3438 2395 3518 quod
2434 3445 2570 3501 bene
2599 3442 2740 3499 Deus
2768 3436 3015 3506 instituit,
3060 3441 3151 3497 sed
3186 3443 3346 3496 etiam
3378 3440 3519 3510 quod
3550 3438 3692 3495 male
3722 3439 3833 3508 ipsa

2254 3518 2705 3604 inconsequenter
2730 3530 2944 3601 adjecit.
2970 3531 3428 3600 Quemadmodum
3454 3536 3633 3586 autem
3659 3530 3832 3598 quali—

2256 3636 2335 3680 tas
2358 3624 2576 3679 interior
2595 3618 3029 3693 appetendivalet
3048 3622 3330 3676 immutare
3353 3631 3617 3685 naturam,
3634 3616 3835 3673 divina!

2256 3715 2499 3770 lectionis
2528 3713 2843 3768 auctoritate
2870 3710 3128 3766 ﬁrmatur.
3174 3712 3265 3767 Sic
3304 3706 3529 3779 denique
3573 3713 3831 3778 pascente

2254 3808 2421 3863 Jacob
2452 3800 2657 3877 (Cenes.
2695 3798 2853 3875 xxx),
2879 3804 3199 3860 commissus
3226 3804 3316 3859 ilfe
3338 3812 3462 3873 grex
3483 3800 3688 3867 Ovium,
3712 3810 3834 3871 ευρ-

2257 3899 2422 3967 posita
2444 3895 2718 3952 canalibus
2743 3895 2996 3951 varietate
3026 3896 3317 3966 virgarum,
3341 3892 3467 3948 dum
3497 3896 3667 3963 potat,
3712 3886 3833 3948 ille-

2254 4003 2372 4047 ctus
2415 3984 2734 4045 aliectionali
2784 3987 3158 4052 delectatione,
3209 3986 3484 4056 concepit,
3532 3987 3675 4057 quod
3703 3996 3833 4065 'non'

2257 4078 2440 4137 itabuit
2464 4081 2516 4132 in
2546 4089 2753 4143 natura,
2784 4080 2837 4133 et
2869 4079 3108 4132 molitum
3142 4078 3386 4132 sensibus
3417 4074 3743 4132 trattsl‘undit
3782 4080 3833 4133 in

2256 4168 2459 4238 prolem
2502 4165 2642 4236 quod
2678 4167 2727 4220 in
2760 4167 3033 4221 creatione
3065 4182 3171 4221 non
3212 4168 3456 4236 sumpsit.
3508 4166 3659 4233 Quod
3709 4176 3834 4221 tunc

2253 4259 2435 4325 utique
2460 4258 2749 4327 figuraliter
2775 4266 2978 4325 gestum
2999 4298 3013 4322 ,
3040 4262 3095 4312 et
3130 4259 3180 4311 in
3210 4258 3591 4312 ecclesiasucis
3620 4252 3833 4327 signiti-

2252 4349 2393 4403 cavit
2431 4347 2681 4416 gregibus
2721 4348 2823 4402 hoc
2858 4349 3112 4411 futurum,
3138 4352 3192 4402 et
3231 4344 3638 4420 Pelagianorum
3691 4344 3834 4401 Deus

2252 4436 2555 4507 prtevidens
2593 4438 2909 4502 calumnias,
2968 4447 3024 4493 et
3067 4439 3381 4495 excitandas
3426 4438 3670 4494 ﬁdelibus
3718 4442 3834 4493 suis

2251 4528 2639 4584 deCertationes
2689 4530 3093 4597 intelligentiam
3128 4534 3464 4600 prteparavit.
3509 4532 3711 4586 Docent
3751 4533 3835 4586 di-

1220 4649 1433 4718 ,‘mpria
1487 4649 1757 4703 minume
1811 4622 2143 4705 seducmmm
2174 4660 2226 4719 Β
2254 4625 2370 4676 vina
2395 4622 2716 4686 testimonia,
2756 4632 2810 4676 et
2844 4623 2955 4691 ipsa
2986 4624 3345 4678 ecclesiastica
3389 4626 3744 4686 sacramenta,
3779 4634 3832 4678 et

2251 4714 2319 4767 ab
2347 4714 2462 4781 ipso
2489 4712 2714 4767 Domino
2741 4710 3017 4768 Salvatore
3047 4710 3430 4769 catholicorum
3470 4714 3684 4768 traditio
3716 4729 3834 4767 ma-

2250 4805 2534 4869 gistrorum
2582 4801 2827 4857 humanm
2857 4805 3221 4873 generationis
3259 4804 3564 4860 decolorata
3600 4806 3835 4872 primor-

2252 4893 2357 4946 dia.
2389 4892 2521 4946 Hinc
2544 4900 2626 4946 est
2648 4892 2786 4961 quod
2810 4894 3001 4947 clamat
3033 4895 3287 4963 prapheta
3320 4912 3332 4945 :
3369 4893 3493 4958 Quis
3522 4892 3834 4962 gloriabitur

2250 4995 2443 5039 castum
2479 4998 2529 5037 se
2564 4986 2745 5039 habere
2781 4998 2897 5050 cor,
2938 4995 3024 5040 aut
3057 4989 3301 5041 mundum
3340 4998 3446 5040 esse
3484 5004 3517 5040 α
3554 4989 3779 5057 peccatis
3810 4995 3834 5045 ?

2251 5091 2341 5128 nec
2360 5075 2552 5143 infans,
2580 5078 2726 5142 cuius
2749 5084 2817 5128 est
2850 5079 3000 5130 unius
3029 5078 3130 5131 diei
3155 5078 3255 5130 vita
3277 5093 3429 5144 super
3461 5086 3647 5131 tetram
3696 5079 3831 5144 (Job

2250 5170 2381 5232 xiv).
2417 5163 2549 5218 Hinc
2573 5173 2657 5217 est
2679 5165 2817 5241 quod
2848 5165 2971 5220 item
2997 5166 3129 5221 dicit
3158 5167 3429 5233 Scriptura
3462 5186 3473 5216 :
3507 5167 3632 5234 Quis
3657 5181 3831 5236 potest

2250 5260 2413 5324 facere
2441 5254 2685 5307 mundum
2714 5256 2776 5308 de
2796 5256 3059 5309 immundo
3081 5267 3371 5326 conceptum
3394 5261 3628 5315 semine?
3655 5275 3831 5316 nonne

2248 5351 2302 5396 tu
2344 5343 2430 5413 qui
2469 5342 2609 5397 solus
2646 5344 2735 5399 es?
2773 5352 2826 5399 et
2862 5346 2988 5399 alibi
3028 5365 3039 5399 :
3073 5344 3206 5410 Quia
3248 5352 3435 5411 semen.
3479 5350 3669 5419 inquit,
3713 5362 3829 5407 erat

2246 5434 2568 5487 maledictum
2592 5433 2746 5504 (Sap.
2775 5435 2903 5501 xit);
2933 5450 3031 5491 nec
3054 5452 3157 5491 non
3184 5438 3344 5492 etiam
3374 5439 3535 5495 David
3562 5440 3828 5509 propheta

2250 5532 2471 5578 testatur
2496 5564 2508 5576 .
2546 5524 2607 5578 In
2630 5525 2979 5594 iniquitatibus
3009 5541 3280 5598 conceptus
3304 5548 3435 5597 sum,
3468 5544 3515 5586 et
3540 5536 3593 5585 in
3622 5534 3829 5590 delictis

2247 5614 2437 5682 peperit
2485 5631 2563 5667 mc
2600 5626 2757 5669 mater
2801 5632 2911 5671 mea
2943 5616 3064 5689 (Ps.
3098 5623 3177 5692 ι).
3225 5622 3291 5676 Et
3329 5622 3372 5677 si
3416 5626 3516 5678 hoc
3549 5625 3638 5678 ille
3665 5625 3827 5691 dicit,

2249 5704 2366 5771 quis
2394 5704 2545 5757 aliter
2583 5719 2641 5760 se
2688 5719 2893 5763 asserat
2938 5708 3319 5781 procreatum?
3368 5706 3559 5768 Beatus
3607 5730 3827 5785 quoque
