3948 6314
661 377 729 434 30
1007 378 1016 385 ’
1996 375 2204 430 (ῖιιῖιηλς

2311 370 2497 428 MM:
2536 378 2552 430 ι
2693 388 2700 394 ν
3241 353 3254 360 ”
3800 387 3871 439 tu

662 493 915 561 tatisjura
937 490 1232 551 descendit,
1264 503 1417 555 quam
1445 488 1716 555 {scriptura
1749 497 1928 541 sancta
1981 489 2061 542 sic
2109 503 2218 540 me-
2253 488 2300 543 Α
2331 497 2536 552 ruerat,
2569 489 2986 544 misericorditer
3004 489 3301 544 absolutum
3330 500 3493 546 esset.
3525 490 3687 562 Hujus
3713 507 3871 549 sacra-

658 593 826 637 tuorat
859 601 873 636 :
909 581 1070 634 Grave
1083 584 1268 652 jugum
1295 596 1444 645 super
1471 581 1603 644 ﬁlios
1625 579 1784 631 Adam
1807 595 1837 630 a
1868 579 1950 632 die
1972 579 2139 632 exitus
2163 582 2226 631 de

657 683 824 726 ventre
860 673 1032 724 matris
1075 687 1247 724 eorum
1277 686 1431 736 usque
1461 671 1513 721 in
1546 671 1676 722 diem
1713 669 1986 738 sepultum
2021 671 2071 721 in
2113 687 2221 723 ma-

655 771 780 816 trent
803 763 1025 816 omnium
1066 759 1286 831 (Eccles.
1320 760 1446 826 ιι);
1493 759 1559 813 de
1593 775 1692 828 qua
1719 773 1888 828 genus
1924 759 2212 812 humanum

655 868 760 906 non
791 853 890 905 nisi
935 853 1083 906 solus
1114 851 1366 904 Dominus
1396 858 1576 904 noster
1603 849 1760 904 Jesus
1788 849 2031 904 Christus
2075 865 2224 904 cont-

655 945 856 998 ntercio
880 957 990 996 sua).
1016 943 1241 996 redemit
1276 941 1556 1010 passionis,
1602 951 1656 995 et
1697 949 1896 994 mutata
1943 940 2219 994 nativitate

655 1049 754 1088 nos
778 1033 953 1088 eruit?
985 1033 1138 1087 Solus
1155 1033 1327 1101 utique
1355 1033 1487 1085 venit
1516 1047 1757 1098 querere,
1791 1040 1838 1084 et
1861 1032 2055 1084 salvare
2080 1032 2214 1100 quod

654 1128 869 1194 perierat
901 1124 1109 1193 (Matth.
1133 1124 1304 1192 xvttt),
1335 1133 1389 1175 ttt
1429 1123 1666 1186 libertas,
1703 1137 1822 1192 qua:
1856 1139 1947 1192 per
1981 1131 2213 1177 temera-

653 1220 784 1267 rium
811 1215 980 1266 fuerat
1008 1214 1212 1282 dejecta
1243 1212 1566 1281 superbiam,
1608 1211 1931 1266 instauretur
1971 1224 2214 1281 reparata

658 1322 750 1371 [Pr
770 1307 1026 1372 gratiam;
1067 1317 1354 1371 mutuaque
1388 1303 1503 1357 vice
1541 1303 1782 1356 humanae
1807 1304 2098 1358 voluntatis
2125 1319 2215 1356 ar-

654 1395 889 1460 bitrium,
914 1394 1049 1470 sicut
1069 1393 1340 1462 sequendo
1369 1393 1655 1456 diabolum,
1694 1394 2053 1462 captivitatem
2099 1409 2214 1448 me-

655 1495 832 1536 ruerat
859 1485 1256 1550 sempiternam,
1293 1485 1370 1537 sic
1397 1482 1698 1537 reformata:
1746 1484 2122 1553 subsequendo
2155 1485 2214 1537 Ii-

656 1578 874 1630 bertatts
917 1589 1217 1637 auctorem,
1259 1576 1512 1628 amissum
1561 1575 1758 1630 rediret
1800 1576 1863 1629 ad
1909 1576 2207 1644 praemium.

645 1669 781 1722 Hinc
802 1680 881 1722 est
909 1668 1049 1735 quod
1095 1669 1220 1736 ipse~
1247 1667 1500 1721 Dominus
1528 1669 1602 1721 ait
1631 1684 1644 1723 :
1679 1668 1806 1720 Cum
1834 1685 1919 1721 vos
1951 1668 2116 1722 Filius
2144 1671 2210 1722 li-

646 1761 908 1823 iteraverit,
937 1770 1058 1812 tunc
1087 1776 1198 1812 rere
1235 1760 1378 1812 liberi
1413 1760 1572 1813 eritis.
1614 1759 1676 1813 Et
1701 1761 1973 1828 apostolus
2025 1760 2208 1815 beatus

2331 579 2494 632 tuenti
2513 580 2881 650 redemptione
2901 591 3023 637 ante
3039 583 3218 637 mundi
3235 583 3551 654 principium
3571 586 3871 655 sempiterna

2327 674 2658 741 providentia
2689 678 2996 744 prteparati,
3021 679 3136 733 sive
3158 680 3388 734 nondum
3412 681 3613 758 prolata
3639 683 3767 752 lege,
3789 700 3870 737 seu

2325 763 2423 816 sub
2437 762 2810 821 observatione
2834 767 3009 836 legali,
3029 767 3330 836 figuralibus
3356 770 3520 840 signis
3548 782 3702 836 atque
3726 775 3870 826 sacri-

2326 853 2459 907 ficiis
2489 856 2724 910 omnium
2755 868 3058 912 sanctorum
3073 861 3303 913 virorum
3321 861 3736 931 feminarumque
3761 878 3870 916 san-

2322 954 2526 998 ctarum
2553 955 2703 1000 vetns
2730 949 2879 1016 origo
2919 949 3167 1003 mundata
3211 959 3313 1015 est,
3347 949 3707 1019 universisque
3728 953 3824 1021 just
3848 969 3869 1004 s

2325 1049 2420 1102 per
2447 1036 2631 1101 gratia:
2660 1036 2903 1104 spiritum
2931 1038 3029 1090 hoc
3056 1038 3123 1092 de
3149 1039 3303 1107 longe
3331 1038 3602 1093 adorando
3631 1042 3868 1111 mysterio

2323 1125 2509 1179 salutis
2535 1128 3017 1180 :tetornzmremedia
3059 1128 3419 1197 contigerunt,
3460 1128 3612 1198 cujus
3647 1129 3699 1184 in
3726 1128 3867 1184 Chri-

2321 1223 2405 1267 sto
2455 1214 2790 1269 manifestata
2832 1216 3081 1284 gentibus
3123 1216 3412 1285 plenitudo,
3462 1217 3712 1272 mundum
3758 1234 3868 1288 pur-

2319 1314 2427 1373 gat,
2461 1314 2515 1358 et
2544 1318 2784 1369 renovat,
2829 1305 3276 1377 beatitudinisque
3303 1319 3568 1376 perpetuat
3594 1322 3718 1364 vere
3758 1309 3869 1364 facit

2320 1409 2437 1449 csse
2472 1396 2777 1464 participes.
2811 1396 3144 1466 Quapropter
3180 1397 3338 1451 nimis
3367 1395 3669 1452 incusamus
3693 1397 3866 1452 fratres

2319 1496 2374 1540 et
2412 1487 2762 1556 coepiscopos
2799 1498 3027 1552 nostros,
3060 1488 3288 1542 maxime
3315 1503 3407 1556 per
3452 1487 3629 1542 Piceni
3659 1489 3861 1558 provin—

2317 1577 2429 1631 cias
2460 1577 2751 1632 Ecclesiam
2785 1577 2991 1631 Domini
3021 1578 3397 1646 gubernantes,
3434 1577 3522 1647 qui
3562 1591 3668 1632 non
3706 1579 3862 1632 solum

2317 1667 2633 1733 ineptissimi
2678 1658 2842 1734 senis,
2885 1667 3212 1736 abjectmtjue
3243 1681 3483 1736 persoluta
3517 1682 3736 1737 pravum
3773 1683 3866 1722 non

2317 1756 2628 1810 deterruere
2651 1756 2996 1824 colloquium,
3041 1771 3223 1809 verum
3249 1765 3303 1810 et
3328 1771 3423 1809 suo
3455 1757 3723 1812 nutrivere
3746 1771 3866 1810 C0"-

645 1850 840 1903 Paulus
887 1850 1233 1918 exsequitur:
1261 1849 1386 1901 Cum
1421 1849 1550 1901 serri
1590 1851 1758 1902 essetis
1800 1852 2009 1917 peccati,
2065 1850 2208 1903 liberi
2243 1832 2288 1891 Β
2316 1859 2498 1900 sensu.
2528 1846 2658 1911 Quis
2698 1846 2917 1898 audiat?
2945 1847 3061 1914 quis
3092 1846 3246 1911 ferat,
3295 1860 3480 1914 passos
3523 1860 3642 1901 esse
3674 1847 3868 1915 pontifi-

643 1941 808 2009 fuistis
821 1941 1059 2010 justirite,
1089 1941 1139 1992 id
1170 1950 1250 1994 est
1288 1940 1445 1994 alieni
1485 1940 1765 2009 ajustitia,
1810 1942 2009 1995 liberati
2040 1953 2210 1996 autem

642 2047 674 2082 a
695 2041 916 2098 peccato,
941 2030 1068 2082 servi
1087 2031 1210 2098 facti
1232 2030 1349 2082 estis
1357 2031 1575 2101 justilitt:
1598 2031 1770 2100 (Rom.
1794 2035 1905 2100 VI);
1933 2043 1987 2086 et
2016 2033 2206 2087 iterum

642 2119 780 2172 idem
806 2121 915 2186 ipse
935 2136 946 2170 :
972 2118 1296 2182 Libertatem,
1315 2119 1505 2188 inquit,
1521 2136 1619 2188 qua
1633 2136 1717 2173 vos
1731 2119 1961 2172 Christus
1983 2121 2209 2173 liberavit

642 2207 841 2273 (Galat.
867 2211 941 2272 v).
966 2210 1149 2262 Nonne
1173 2210 1285 2275 ipse
1309 2224 1396 2261 vas
1411 2209 1687 2263 electionis
1704 2209 1953 2273 afllrmat,
1984 2218 2036 2263 et
2057 2210 2209 2266 dicit:

643 2298 782 2352 Deus
807 2309 878 2352 est
906 2301 990 2366 qui
1023 2311 1258 2368 operatur
1297 2301 1349 2350 in
1381 2301 1515 2354 vobis
1537 2311 1582 2352 et
1610 2301 1733 2354 velle
1756 2311 1802 2353 et
1839 2302 2076 2369 per/icere
2121 2319 2210 2370 pro

640 2391 772 2443 bona
789 2393 1040 2444 rol..ntate
1058 2389 1280 2461 (Philip.
1307 2393 1402 2459 tt)?
1428 2407 1494 2446 ne
1510 2392 1665 2445 etiam
1693 2394 1742 2445 in
1763 2392 1896 2445 mala
1913 2393 2205 2456 voluntate,

642 2491 696 2533 et
719 2481 852 2534 velle
881 2492 933 2533 et
961 2480 1217 2547 perlicere
1245 2482 1384 2535 Deus
1413 2491 1686 2547 putaretur
1705 2484 1935 2550 operari.
1962 2483 2089 2536 Illud
2113 2499 2208 2534 att-

645 2580 752 2623 tem
783 2568 1183 2638 Pelagianorum
1227 2572 1494 2637 peculiare
1537 2571 1682 2626 virus
1710 2583 1811 2634 est,
1852 2573 2084 2640 olimque
2113 2574 2208 2626 de-

647 2660 848 2720 tritum,
887 2675 992 2727 quo
1038 2669 1223 2728 putant
1272 2661 1497 2728 gratiam
1547 2661 1638 2716 Dei
1684 2662 1975 2716 secundum
2023 2665 2208 2715 merita

645 2748 918 2802 hominum
969 2763 1124 2816 posse
1172 2749 1430 2814 conferri,
1483 2751 1622 2820 quod
1672 2750 1812 2804 absit
1860 2766 1889 2804 a
1943 2754 2209 2807 mentibus

642 2838 978 2906 Christianis,
1012 2855 1129 2892 cum
1155 2849 1380 2893 testetur
1414 2841 1698 2910 Apostolus
1727 2859 1741 2895 :
1773 2840 1952 2896 Gratia
1987 2854 2058 2895 est
2097 2860 2211 2911 qtae

640 2931 798 3000 gratis
825 2929 1016 2992 datur;
1053 2931 1277 2996 alioquin
1302 2932 1349 2983 si
1374 2949 1436 2984 ea:
1465 2933 1694 3000 aperibus
1725 2933 1907 3002 gratia,
1949 2935 2064 3004 jam
2111 2950 2206 2984 non

639 3033 708 3075 est
735 3023 897 3091 gratia
919 3022 1093 3092 (Rom.
1119 3035 1215 3089 XI),
1249 3022 1375 3088 quia
1421 3037 1624 3077 merces
1669 3023 1907 3077 redditur
1952 3040 2055 3076 tton
2089 3040 2207 3091 gra-

641 3113 728 3177 tis,
790 3112 930 3165 unde
974 3113 1140 3179 gratia
1196 3128 1392 3167 nomen
1439 3114 1643 3181 accepit
1687 3112 2030 3180 impenditur.
2078 3113 2204 3178 Quis

2315 1950 2425 2000 ces,
2459 1947 2511 1988 ut
2539 1936 2770 1990 cadaver
2798 1937 2979 1990 nescio
3007 1935 3144 2004 quod
3188 1936 3479 2003 indignum,
3512 1937 3865 2006 presbyterum

2315 2025 2414 2079 sibi
2442 2040 2546 2079 non
2576 2026 3001 2092 acquiescentem
3046 2025 3254 2091 audire,
3295 2027 3670 2080 communione
3706 2025 3866 2095 priva»

2296 2119 2432 2172 ret?
2459 2117 2725 2186 quomodo
2755 2118 2873 2171 talis
2901 2117 2982 2170 vel
3031 2125 3306 2184 susceptus
3340 2117 3406 2170 ab
3435 2117 3631 2186 aliquo,
3675 2118 3753 2171 vel
3777 2131 3864 2185 pa-

2317 2208 2506 2262 tienter
2533 2208 2744 2262 auditus
2772 2209 2890 2262 est?
2919 2206 3006 2276 qui
3045 2207 3259 2276 insuper
3285 2207 3428 2276 leges
3452 2207 3615 2273 dedit,
3654 2207 3866 2260 libenter

2321 2301 2334 2330 ⁸
2365 2309 2641 2368 exceptus,
2674 2309 2733 2352 ut
2761 2300 2898 2353 servi
2926 2302 3013 2354 Dei
3044 2313 3164 2352 cmn
3194 2299 3382 2368 puellis
3403 2300 3569 2353 sacris
3591 2315 3632 2352 Ct
3658 2315 3866 2366 ngrega-

2317 2389 2459 2442 tione
2505 2389 2917 2442 dcdecorissima
2969 2389 3364 2444 miscerentur?
3391 2406 3508 2442 nam
3550 2403 3672 2443 cum
3720 2390 3865 2458 spiri-

2315 2481 2481 2533 tuales
2510 2480 2695 2544 animi,
2729 2480 2887 2533 etiam
2917 2495 3036 2534 cum
3062 2480 3232 2535 desint
3258 2479 3355 2534 ista
3379 2481 3666 2544 consortia,
3693 2481 3864 2547 imagi-

2315 2569 2477 2622 nariis
2507 2569 2824 2623 infestentur
2872 2569 3159 2635 illecebris,
3205 2571 3648 2638 quemadmodum
3685 2571 3864 2623 alterni

2313 2675 2473 2714 sexus
2516 2659 2730 2724 intuitu,
2766 2661 2784 2690 ³
2813 2658 2903 2728 qui
2935 2658 3116 2713 illicite
3155 2661 3397 2715 nolentes
3439 2674 3542 2712 non
3581 2659 3863 2713 vehemen-

2313 2754 2415 2807 tius
2447 2747 2732 2806 incitentut"
2751 2752 2772 2805 ἲ
2794 2751 2979 2804 Adhuc
3004 2750 3174 2819 majus
3201 2751 3374 2805 scelus
3397 2751 3670 2815 accrescit,
3696 2761 3750 2805 ut
3773 2752 3863 2804 sub

2310 2851 2596 2911 conspectu
2625 2851 2680 2895 et
2711 2840 2991 2908 praesentia
3019 2839 3371 2906 sacerdotum,
3409 2841 3576 2894 beata:
3602 2839 3864 2894 memoria:

2312 2934 2696 3003 Hieronymum
2717 2941 2876 2999 atque
2901 2931 3252 2999 Augustinum
3280 2931 3756 2984 ecclesiasticarum
3785 2930 3864 2983 lu-

2311 3025 2449 3078 mina
2487 3022 2881 3092 magistrorum,
2922 3038 3093 3074 musca
3139 3021 3405 3084 moritura,
3435 3019 3573 3075 sicut
3615 3021 3863 3090 scriptmu

2309 3125 2409 3180 est,
2437 3114 2782 3166 exterminans
2805 3111 2972 3166 oleum
2993 3112 3252 3164 suavitatis
3280 3109 3499 3179 (Ere/es.
3529 3110 3609 3179 ι),
3637 3111 3864 3165 lacerare

639 3212 817 3255 autem
839 3201 1030 3255 audeat
1052 3201 1231 3255 dicere
1256 3202 1615 3262 Christianus.
1637 3202 1832 3270 aliquid
1862 3201 2059 3255 habere
2083 3202 2202 3256 botii
2233 3185 2278 3248 C
2309 3203 2679 3258 contenderet.
2710 3202 2816 3256 Sed
2845 3201 2971 3270 quid
3005 3201 3258 3254 miremur
3289 3199 3639 3254 Ecclesiarum
3673 3215 3865 3270 praesu-

639 3297 752 3346 sine
776 3294 964 3361 gratia,
987 3293 1200 3361 quando
1222 3293 1476 3362 magister
1498 3293 1731 3362 gentium
1765 3292 1980 3357 clamat,
2011 3304 2201 3346 cuncta

637 3383 874 3440 breviter
903 3385 952 3436 in
997 3399 1056 3436 se
1091 3383 1228 3436 dona
1267 3385 1594 3440 concludens
1627 3399 1643 3440 :
1674 3383 1852 3438 Gratia
1889 3384 1981 3438 Dei
2012 3403 2122 3438 sunt
2151 3387 2206 3437 id

595 3516 600 3520 .
637 3475 772 3544 quod
796 3489 928 3538 sunt,
955 3485 1000 3527 ct
1021 3476 1186 3542 gratia
1209 3476 1322 3543 ejus
1349 3476 1399 3527 in
1429 3492 1504 3529 me
1533 3492 1692 3529 vacua
1731 3493 1830 3528 non
1865 3477 1959 3544 fuit
1997 3475 2055 3546 (l
2083 3476 2180 3529 Cor

638 3565 770 3632 xv);
803 3573 858 3618 ut
882 3565 1185 3619 ostenderet
1216 3569 1340 3631 quia
1365 3569 1560 3620 donum
1591 3569 1774 3635 gratia:
1800 3585 1903 3622 non
1932 3570 2044 3636 ipsc
2077 3584 2202 3636 pra:-

637 3658 877 3725 cesserit,
927 3656 1019 3711 sed
1064 3655 1225 3710 fuerit
1277 3659 1626 3722 subsecutus;
1682 3669 1839 3727 atque
1884 3669 2205 3714 m0nstratet

637 3756 1035 3814 cooperatmetn
1066 3763 1128 3805 se
1153 3763 1276 3804 esse
1305 3751 1489 3818 grana:
1518 3750 1890 3818 subsequendo
1923 3769 1936 3804 :
1967 3751 2055 3804 sed
2094 3753 2205 3817 plus

637 3848 886 3910 omnibus,
936 3846 1136 3913 inquit,
1179 3844 1284 3896 illis
1333 3843 1558 3896 laboravi
1602 3841 1865 3912 (Ibidem).
1907 3843 1983 3897 Ac
2022 3858 2206 3898 rursus

640 3938 839 3988 veritus
882 3950 949 3988 ne
987 3935 1053 3988 de
1096 3949 1154 3988 se
1203 3950 1525 4002 praesumere
1572 3932 1861 3995 videretur,
1915 3933 2199 4001 adiunxit:

635 4045 734 4080 non
763 4042 884 4095 ego,
927 4027 1014 4078 sed
1042 4028 1208 4095 gratia
1243 4028 1332 4080 Dei
1376 4045 1588 4081 mecum.
1636 4029 1746 4082 Non
1796 4030 1926 4082 divit
1962 4048 1974 4082 :
2017 4046 2116 4099 ego
2149 4039 2203 4083 et

633 4117 798 4187 gratia
831 4116 918 4170 Dei
943 4131 1178 4179 mecum;
1215 4115 1308 4170 sed
1337 4119 1864 4186 prteposuitgratiam
1891 4121 2198 4186 prtecedeno

636 4217 740 4260 tem
768 4223 846 4271 se,
877 4215 1033 4276 atque
1057 4206 1348 4274 subjunxit.
1395 4206 1528 4271 Quid
1576 4216 1751 4259 autent
1806 4207 1988 4260 haberi
2036 4211 2201 4277 possit

633 4295 748 4348 sine
771 4295 962 4361 gratia,
993 4311 1113 4348 cum
1143 4295 1211 4348 sit
1251 4294 1382 4348 ﬁdes
1421 4295 1530 4361 ipsa
1563 4310 1658 4363 per
1702 4295 1962 4364 gratiam;
2009 4298 2195 4350 eodem

634 4383 873 4450 apostolo
904 4397 998 4435 nos
1026 4383 1251 4436 docente
1279 4400 1289 4434 :
1323 4382 1723 4435 Misericordium
1746 4395 2043 4438 consecutus
2063 4403 2196 4449 sum,

632 4484 688 4525 ut
711 4474 875 4540 fidelis
907 4489 1064 4526 essem
1092 4472 1142 4538 (Ι
1172 4473 1301 4528 Tim.
1327 4474 1387 4543 t).
1423 4474 1528 4529 Nec
1555 4475 1695 4529 aliud
1725 4487 1806 4531 est
1834 4477 2192 4532 misericordia

633 4567 808 4618 divina
839 4581 996 4633 quam
1025 4565 1214 4633 gratia.
1247 4567 1534 4619 Audiamus
1563 4570 1720 4621 etiam
1746 4570 2190 4637 quemadmodum

633 4656 880 4710 informat
911 4657 1198 4711 Ecclesium
1227 4673 1239 4709 :
1269 4657 1464 4718 (Irata,
1511 4660 1697 4728 inquit,
1742 4659 1871 4713 salvi
1914 4661 2037 4728 facti
2078 4665 2194 4716 estis

627 4765 722 4816 per
750 4748 898 4815 ﬁdem
929 4747 1144 4816 (Ephes.
1173 4756 1261 4813 tt);
1289 4761 1343 4803 ttt
1376 4751 1690 4816 principium
1714 4751 1901 4805 salutis
1929 4763 1979 4805 et
2009 4752 2131 4806 fidei
2165 4771 2194 4807 a

630 4851 795 4908 gratia
827 4841 1057 4908 cmpisse
1081 4842 1391 4916 dissereret,
1424 4845 1558 4896 sicut
1579 4853 1791 4898 secutus
1823 4845 2091 4898 adnectit:
2129 4845 2192 4898 Et

632 4943 728 4983 hoc
757 4947 854 4983 non
879 4947 942 4984 ex
961 4931 1120 4996 vobis,
1144 4934 1231 4985 sed
1254 4932 1345 4986 Dei
1369 4935 1556 4985 donum
1582 4941 1652 4985 est
1677 4949 1694 4998 ;
1725 4951 1825 4986 non
1852 4951 1914 4987 ea:
1941 4937 2191 5002 operibus,

634 5036 695 5072 ne
721 5023 833 5089 quis
855 5024 1134 5076 extollatur
1159 5022 1372 5096 (Ibid).
1409 5023 1549 5076 Idem
1579 5024 1692 5092 ipse
1719 5024 1841 5077 alibi
1872 5027 2196 5093 generaliter

631 5123 687 5167 et
728 5116 971 5170 absolute
1009 5119 1345 5185 pronuntiat,
1388 5115 1572 5170 dicens
1613 5131 1627 5169 :
1679 5114 1814 5180 Quid
1868 5119 2002 5169 enim
2043 5118 2194 5171 habes

631 5208 767 5275 quod
808 5222 907 5258 non
951 5209 1188 5274 accepisti
1211 5211 1235 5262 ἐν
1277 5209 1377 5261 Aut
1417 5209 1466 5261 si
1503 5208 1761 5277 accepisti,
1795 5209 1918 5277 quid
1953 5209 2193 5278 gloriaris

631 5299 777 5366 quasi
807 5314 905 5350 non
925 5300 1175 5364 acceperis
1210 5299 1256 5367 (Ι
1284 5299 1403 5354 Cor.
1433 5299 1548 5369 tv)?
1577 5301 1706 5366 Quis
1734 5299 1962 5354 sufﬁciet
1983 5303 2188 5370 singula

629 5390 946 5444 recensere?
975 5388 1163 5456 quibus
1197 5390 1473 5444 evidenter
1514 5403 1754 5459 apparet,
1791 5409 1892 5446 non
1936 5395 2191 5449 naturalis

633 5482 894 5536 libertatis
909 5483 1181 5536 arbitrium
1205 5486 1426 5552 gratiam
1453 5487 1764 5551 promereri,
1789 5488 1878 5539 sed
1903 5490 2075 5556 potius
2100 5503 2192 5556 pr

629 5573 852 5640 gratiam
881 5577 1133 5642 recipere,
1166 5584 1218 5626 ut
1246 5591 1273 5625 ει
1303 5573 1576 5637 servitute,
1607 5589 1765 5642 quam
1791 5577 2055 5643 peccando
2079 5596 2192 5633 tue-

708 5694 722 5722 ¹
757 5690 913 5744 Forte
941 5703 1190 5759 exceptas.
1224 5692 1473 5746 Ιιλτιουικ.

2226 4523 2276 4581 D

2309 3296 2387 3351 les
2432 3295 2529 3350 ista
2571 3294 2859 3364 negligere,
2909 3306 3042 3360 quos
3086 3291 3225 3348 sicut
3254 3306 3284 3345 a
3331 3292 3513 3346 multis
3541 3292 3864 3356 audivimus,

2306 3398 2490 3442 eontra
2522 3401 2755 3442 canones
2785 3386 2962 3439 omnia
2993 3399 3199 3453 gerere,
3223 3393 3278 3439 et
3306 3393 3490 3437 contra
3531 3384 3865 3451 apostolicam

2307 3481 2349 3554 (Ι
2375 3481 2492 3534 Cor.
2531 3482 2642 3546 xtv)
2673 3478 3006 3546 disciplinam
3039 3478 3234 3545 passim
3262 3485 3450 3530 cuncta
3481 3476 3729 3539 miscere,
3763 3491 3867 3528 ma-

2308 3571 2554 3625 ttifestum
2582 3579 2695 3635 est;
2723 3584 2828 3623 non
2855 3569 3078 3622 servatis
3109 3565 3302 3636 regulis
3325 3566 3589 3630 ordinare,
3623 3565 3869 3634 liciteqne

2307 3678 2410 3714 non
2438 3661 2608 3715 solum
2654 3660 2967 3725 monachos,
3010 3657 3104 3711 sed
3142 3659 3301 3711 etiam
3332 3656 3601 3710 ministros
3629 3657 3869 3710 ecclesiza

2306 3768 2424 3806 cum
2459 3752 2670 3805 feminis
2690 3750 2755 3805 ad
2787 3751 3062 3819 peregrina
3087 3749 3373 3817 migrantes
3393 3763 3633 3803 remeate
3661 3764 3867 3810 rursus,

2307 3855 2356 3897 et
2384 3845 2450 3897 ab
2471 3844 2593 3896 aliis
2621 3844 2884 3910 episcopis
2925 3843 2976 3896 in
3019 3841 3260 3894 militiam
3291 3840 3504 3909 provehi
3535 3839 3869 3894 clericalem?

2305 3937 2434 4003 Qua:
2464 3952 2585 3991 cum
2613 3936 2817 4005 singula
2851 3934 3124 3989 toleranda
3169 3947 3270 3986 non
3305 3933 3431 3998 sint,
3461 3932 3579 4000 quis
3611 3932 3869 3985 sustineat

2307 4035 2384 4080 tot
2431 4037 2484 4080 et
2514 4027 2632 4079 talia
2668 4026 2898 4079 fatiuora
2931 4023 3248 4094 perpetrari.
3279 4022 3470 4089 quibus
3509 4023 3867 4088 speetaculun‘.

2303 4117 2610 4185 gentilibus,
2639 4115 2857 4177 Judzeis,
2889 4123 2942 4167 et
2987 4112 3249 4166 btcrcticis
3289 4126 3392 4164 nou
3439 4111 3700 4164 immerito
3732 4126 3867 4179 pra:-

2307 4208 2511 4271 bentes,
2543 4208 2592 4258 in
2626 4205 2796 4273 ipsum
2828 4203 2990 4272 (quod
3031 4203 3187 4271 absit)
3221 4203 3438 4256 tendere
3467 4200 3705 4254 videatur
3748 4202 3867 4255 reli-

2303 4299 2474 4368 gionis
2502 4298 2762 4352 excidium
2785 4297 2807 4348 ?
2834 4296 3096 4365 digneque
3136 4295 3232 4348 ista
3260 4292 3574 4348 facientibus
3599 4293 3866 4363 aptabitur

2304 4389 2388 4441 illa
2410 4388 2669 4441 sententia
2703 4386 2930 4441 dicentis
2957 4385 3192 4454 Apostoli
3220 4401 3232 4436 :
3269 4384 3468 4436 Nomen
3497 4383 3632 4436 enim
3659 4381 3756 4435 Dei
3782 4400 3867 4450 per

2304 4499 2387 4534 t'os
2411 4480 2790 4548 blasphematur
2810 4477 2862 4529 in
2888 4476 3114 4547 gentibus
3138 4475 3310 4547 (Rom.
3337 4474 3417 4542 tt).
3447 4473 3686 4530 Sufficiat
3711 4474 3867 4542 igitur

2305 4578 2561 4627 hactenus
2603 4574 2765 4625 fuisse
2793 4572 2905 4624 lttec
2947 4568 3255 4633 commissa,
3281 4576 3333 4620 ct
3362 4576 3418 4621 ut
3457 4567 3693 4635 placetur
3731 4565 3867 4618 Deus

2306 4669 2552 4723 humanis
2590 4669 2744 4721 rebus
2773 4665 3053 4718 sollicitius
3083 4663 3260 4716 divina
3287 4670 3560 4714 curentur.
3599 4659 3867 4727 Nusquam

2306 4763 2404 4815 loci
2435 4773 2651 4827 prorsus
2682 4757 2980 4810 inveniatur
3025 4753 3255 4824 praefatae
3286 4751 3449 4822 pestis
3479 4759 3735 4809 assertor.
3773 4766 3867 4802 nec

2305 4865 2576 4906 accessum
2611 4861 2826 4916 prorsus
2858 4845 3100 4900 ecclesia:
3140 4845 3219 4897 vel
3253 4856 3473 4912 usquam
3505 4841 3867 4908 participatio.

2303 4959 2424 4996 nem
2455 4941 2727 4994 catholica:
2771 4937 3163 4990 communionis
3197 4935 3429 4986 inveniat
3456 4932 3543 4998 qui
3594 4930 3865 4982 haeretica.

2303 5050 2418 5086 rum
2465 5033 2662 5085 mavult
2713 5029 2962 5096 subsequi
3012 5025 3209 5079 nefaria
3262 5021 3597 5091 professione
3643 5032 3865 5070 consor-

2306 5127 2470 5187 tium;
2519 5135 2570 5177 el
2613 5122 2664 5174 hi
2711 5136 2832 5174 cum
2864 5118 3058 5187 quibus
3091 5124 3244 5167 antea
3293 5109 3605 5180 probabitur
3649 5112 3865 5161 nox‘unt

2304 5215 2585 5269 nti-cuisse
2608 5212 2956 5278 colloquium,
2986 5207 3084 5260 nisi
3117 5203 3453 5270 resipiscunt,
3477 5211 3528 5253 et
3551 5198 3618 5253 ab
3639 5199 3757 5267 ejus
3783 5216 3865 5252 so.

2301 5307 2497 5359 cietate
2538 5303 2841 5364 discedunt,
2888 5298 2955 5350 ab
2986 5294 3347 5350 ccclesiasdco
3385 5289 3574 5344 remoti
3623 5290 3865 5350 servitu

2301 5399 2488 5450 devota
2522 5393 2723 5445 ultione
2746 5391 3064 5456 plectantur,
3089 5399 3192 5454 quo
3222 5383 3429 5436 cmteris
3467 5382 3688 5436 Cavendi
3716 5380 3865 5432 mini-

2301 5496 2500 5540 stretur
2529 5481 2854 5546 exemplum,
2890 5477 3088 5528 nullum
3119 5474 3293 5538 adeat,
3337 5489 3434 5528 nec
3462 5487 3680 5542 usquam
3727 5472 3865 5538 loqui

2301 5584 2561 5634 damnata!
2607 5575 2732 5624 olim
2784 5569 3126 5635 blaSpbcmizn
3162 5567 3270 5634 jant
3320 5567 3557 5622 sinatttur
3596 5566 3865 5618 :dism'cla

2375 5697 2394 5726 ⁸
2423 5691 2574 5745 Forte
2603 5687 2692 5738 etsi
2716 5685 2908 5737 illicite.
2946 5683 3197 5736 llanomv.
