3948 6314
168 448 213 502 ι,
1294 410 1642 483 ceterum;
1670 423 1770 493 per
1813 420 2156 478 omnem.
2544 470 2547 473 .
2890 460 2895 469 .
2969 441 2981 449 --
3288 419 3371 484 t2

165 557 246 611 suis
267 530 643 607 habitationibus
686 548 925 604 virorum
963 551 1123 615 atque
1156 542 1500 608 feminarum,
1533 543 1671 598 sicut
1702 549 1757 604 Α
1784 540 1910 595 lidei
1945 539 2221 595 catholica:
2267 555 2459 596 ncesse
2498 554 2837 610 comperero.
2873 556 2971 611 pro
2998 556 3120 598 meo
3150 543 3370 603 modulo

166 656 350 705 sanctum
386 642 705 712 propositum
734 639 930 703 decet,
972 639 1297 692 exerceatur
1339 634 1673 702 circumspe-

165 756 226 797 cta
260 738 453 794 devotio.
478 736 675 791 Contra
706 746 971 787 canonum
998 729 1289 784 constituta
1320 727 1498 782 nullus
1521 725 1669 795 (Nic.

166 850 221 895 ix,
238 831 309 899 l0)
332 828 387 883 ad
414 824 829 882 ecclesiasticum
857 821 1198 891 permittatur
1234 818 1326 891 [aL
1354 832 1671 887 promovea-

168 921 255 993 ιιιή
275 921 463 977 ofﬁcium
492 936 505 972 :
529 932 642 971 non
667 902 995 985 ignoraturis
1019 914 1309 982 provinciae
1333 910 1675 978 uniuscujus-

169 1031 251 1085 que
274 1013 537 1076 rectoribus,
570 1024 675 1065 nec
705 1009 774 1063 de
814 1006 1101 1077 prateritis
1141 1020 1198 1059 se
1242 1004 1454 1059 veniam
1490 1017 1679 1072 reper-

169 1120 286 1161 turus
310 1102 565 1164 erroribus,
616 1102 663 1154 si
715 1099 970 1167 deinceps
1008 1096 1468 1152 dissimulaverint
1506 1094 1675 1150 vitare

168 1193 551 1266 patefactosmec
592 1188 960 1245 excusationis
1001 1188 1070 1243 de
1100 1196 1297 1241 caetero
1345 1185 1679 1254 relinquetur

165 1288 346 1350 occasio,
382 1286 422 1339 si
460 1292 577 1352 post
618 1291 888 1351 praecepta
930 1280 1238 1350 praesentia,
1270 1294 1391 1349 qua:
1432 1293 1525 1346 per
1567 1279 1677 1332 Ro-

168 1379 319 1431 mulum
344 1376 635 1439 diaconum,
666 1372 821 1442 cujus
849 1371 1123 1435 solertiam
1153 1384 1252 1439 pro
1280 1368 1384 1423 ﬁde
1415 1367 1676 1422 catholica

165 1480 205 1523 et
232 1483 309 1538 pro
344 1465 586 1535 religione
638 1462 964 1533 vigilantiam
1010 1460 1315 1531 gratissime
1363 1460 1696 1528 comproba»
1746 1470 1757 1473 ·

164 1573 270 1623 mus,
296 1556 519 1612 duximus
553 1553 878 1611 destinanda
908 1552 1147 1623 quisquis
1188 1565 1350 1621 super
1388 1549 1473 1604 bis
1510 1550 1684 1604 omni-

161 1653 231 1707 bus
252 1660 328 1704 aut
351 1659 684 1718 contemptor
708 1656 801 1701 aut
828 1647 1104 1716 negligens
1126 1644 1559 1715 deprehendetur
1588 1658 1685 1697 an-

161 1745 291 1798 tistes.
319 1744 454 1798 Sicut
480 1743 627 1797 enim
666 1742 733 1796 ad
782 1740 925 1796 sedis
962 1739 1275 1809 apostolica:
1313 1738 1683 1793 moderamina

164 1834 364 1903 pertinet,
388 1835 590 1888 cunctis
638 1831 1052 1886 sollicitudinem
1092 1829 1330 1885 debitam
1372 1827 1684 1883 ministrare

1742 640 1747 649 '
1785 630 2215 700 suggestionibus
2266 631 2582 700 opportunis
2636 634 2887 701 supplere
2927 633 3214 690 contendo.
3252 635 3367 692 Dis-

1782 722 2099 792 pensatione
2139 724 2337 777 etenim
2366 723 2497 777 mihi
2530 722 2695 776 divini
2720 724 2983 779 sermonis
3013 724 3274 793 iniuncta,
3296 743 3371 782 vce

1746 842 1749 845 <
1783 816 1910 869 mihi
1931 826 2021 880 est,
2049 818 2091 870 si
2120 834 2223 869 non
2255 818 2662 887 evangelimvero
2695 815 2750 885 (Ι
2779 816 2897 871 Cor.
2924 817 3032 888 ts)!
3059 818 3211 883 Quod
3248 835 3369 874 cum

1785 924 1877 963 vas
1921 910 2198 964 electionis
2246 911 2432 964 beatus
2473 909 2665 963 l‘attlus
2714 910 2984 979 apostolus
3027 910 3279 968 formidet
3317 924 3376 968 et

1785 999 1999 1066 clamet,
2036 1002 2203 1054 multo
2234 1001 2402 1069 magis
2440 1001 2567 1053 mihi
2599 1001 2789 1069 exiguo
2816 1001 3163 1056 metuendum
3196 1013 3297 1070 est,
3328 1005 3374 1057 si

1786 1092 2041 1148 divinitus
2070 1097 2087 1125 ⁷
2121 1094 2471 1163 inspiratum,
2517 1101 2573 1147 et
2612 1105 2830 1162 paterna
2872 1094 3162 1151 devotione
3198 1106 3373 1150 trans-

1787 1188 2034 1251 missum,
2068 1188 2388 1241 subtraxero
2427 1186 2779 1241 ministerium
2810 1187 3156 1256 praedicandi.
3192 1188 3371 1242 Pieta-

1788 1288 1895 1332 tem
1930 1289 2070 1333 tuam
2107 1294 2296 1345 precor
2327 1293 2393 1332 ne
2427 1278 2787 1346 arrogantiam
2817 1280 3025 1348 judices
3056 1282 3251 1336 divinae
3287 1297 3374 1336 ra-

1789 1367 1948 1422 tionis
1970 1368 2229 1422 ofticium.
2262 1368 2437 1436 Absit,
2462 1384 2664 1438 quaeso,
2695 1384 2724 1423 a
2752 1369 2995 1425 Romano
3027 1372 3289 1442 principe,
3318 1382 3377 1427 ut

1788 1460 2089 1513 intimatam
2140 1462 2251 1514 suis
2301 1461 2550 1516 sensibus
2580 1461 2861 1517 veritatem
2905 1463 3195 1519 arbitretur
3235 1467 3375 1534 inju-

1752 1570 1757 1573 ι
1790 1551 1944 1604 riam.
1983 1552 2095 1604 Duo
2126 1551 2146 1583 ⁸
2172 1552 2369 1621 quippe
2394 1562 2538 1615 sunt,
2573 1554 2864 1621 imperator
2891 1550 3149 1625 Auguste,
3182 1558 3377 1627 quibus

1790 1641 2161 1711 principaliter
2209 1643 2441 1698 mundus
2493 1644 2580 1699 hic
2622 1644 2825 1714 regitur
2858 1648 3187 1702 :auctoritas
3224 1664 3377 1705 sacra

1793 1734 1886 1804 lat.
1920 1732 2152 1806 sacrata]
2185 1736 2518 1803 pontiﬁcum,
2554 1744 2608 1789 et
2637 1736 2835 1804 regalis
2862 1746 3122 1805 potestas.
3166 1739 3221 1794 In
3251 1742 3377 1809 qui-

1791 1823 1891 1877 bus
1937 1833 2083 1878 tant’o
2125 1826 2340 1893 gravius
2385 1834 2468 1879 est
2518 1825 2726 1893 pondus
2773 1827 3137 1896 sacerdotum,
3179 1842 3379 1899 quanto

162 1932 459 1992 coogmenter
491 1921 790 1986 Ecclesiis;
820 1922 893 1975 ita
921 1935 1143 1976 necesse
1183 1929 1288 1983 est,
1322 1927 1379 1972 ut
1408 1920 1462 1973 in
1492 1930 1684 1973 contu-
1714 1922 1765 1983 Β
1790 1920 1949 1973 etiam
1985 1934 2083 1985 pro
2113 1921 2241 1988 ipsis
2272 1919 2484 1988 regibus
2510 1924 2530 1953 ο
2562 1920 2792 1975 Domino
2822 1921 2874 1975 in
2907 1922 3091 1977 divino
3122 1924 3379 1981 reddituri

163 2030 301 2073 maces
325 2024 373 2070 et
405 2014 619 2069 desides
659 2014 907 2069 traditam
938 2014 1037 2069 sibi
1080 2012 1343 2068 divinitus
1389 2026 1496 2067 non
1528 2012 1686 2065 dissi-

163 2199 250 2255 viro
268 2198 545 2255 clarissimo
567 2199 795 2254 consule
821 2199 985 2269 (anno
1010 2194 1212 2251 Christi
1238 2195 1387 2263 593).

629 2340 657 2367 ἰ
688 2328 1017 2384 EPISTULA
1061 2327 1192 2382 VIII.

450 2442 514 2479 AD
553 2437 893 2477 ANASTASIUII
932 2436 1305 2475 IMPERATOREM
1315 2462 1328 2476 .

160 2511 381 2566 Premissa
428 2517 757 2567 excusatione
804 2529 893 2565 cur
926 2511 993 2564 ad
1022 2511 1383 2580 imperatorem
1425 2527 1525 2564 non
1562 2512 1691 2564 scri-

209 2586 353 2652 pserit,
383 2584 525 2637 illum
553 2589 793 2635 hortatur
818 2592 872 2635 ut
901 2585 1196 2652 apostolica:
1225 2582 1332 2634 sedi
1363 2582 1690 2651 obtemperet,

211 2651 266 2715 et,
286 2656 445 2707 Αωάὶ
483 2655 696 2709 nomine
736 2656 1001 2719 damnato,
1030 2651 1383 2705 Ecclesiarum
1412 2668 1589 2722 pacem
1612 2668 1692 2706 re-

210 2726 480 2777 stituendam
503 2734 674 2778 curet.

214 2840 225 2868 ³
248 2838 475 2893 Gelasius
494 2841 785 2907 episcopus
811 2836 878 2891 ad
904 2837 1246 2892 Anastasium
1274 2839 1593 2908 Augustum.

208 2928 384 2984 Famuli
409 2941 599 2986 vestra:
628 2930 869 2999 pietatis,
902 2930 998 2984 lilii
1028 2929 1153 2996 mei,
1181 2929 1412 2985 Faustus
1445 2932 1696 3000 magister
1763 2940 1767 2944 ‘

157 3022 420 3078 etlrenzcus
460 3025 561 3078 viri
606 3024 872 3088 illustres,
904 3031 1065 3093 atque
1105 3037 1291 3078 eorum
1328 3025 1557 3079 comites
1601 3039 1697 3092 pu-

158 3112 261 3168 blica
298 3118 549 3186 legatione
596 3120 907 3187 fungentes,
957 3118 1023 3171 ad
1073 3112 1543 3185 Urbem'reversi,
1591 3120 1698 3174 cle-

158 3208 364 3261 mentiam
392 3218 625 3264 vestram
675 3208 937 3277 quaesisse
983 3208 1231 3264 dixerunt
1271 3206 1364 3281 [aL
1395 3208 1694 3280 dicuntur].

1754 2016 1759 2019 '
1792 2020 1913 2063 sunt
1950 2014 2197 2064 examine
2224 2015 2508 2065 rationem.
2542 2012 2692 2066 Nosti
2718 2015 2938 2078 etenim,
2972 2016 3046 2069 lili
3074 2018 3380 2072 clementis-

162 2108 290 2162 mulet
312 2116 640 2175 potestatem.
669 2105 805 2161 Data
834 2104 1072 2161 calendis
1111 2103 1455 2167 Novembris,
1491 2101 1685 2157 Albino
1751 2111 1755 2115 '

1792 2102 1948 2167 sime,
1980 2105 2120 2171 quod
2152 2104 2276 2157 licet
2306 2105 2597 2170 pracsideas
2628 2104 2864 2159 humano
2891 2110 3072 2175 generi
3099 2109 3379 2178 dignitate,

1794 2208 1974 2246 rerum
2002 2202 2177 2246 tamen
2202 2194 2519 2262 praesulibus
2541 2194 2838 2249 divinarum
2865 2197 3088 2251 devotus
3105 2200 3240 2253 colla
3257 2202 3383 2255 sub-

1796 2284 1983 2346 mittis,
2016 2294 2178 2353 atque
2214 2286 2280 2338 ab
2330 2286 2409 2339 eis
2451 2301 2639 2341 causas
2677 2297 2780 2341 tute
2825 2289 3013 2344 salutis
3057 2292 3264 2360 expetis
3288 2293 3380 2364 lat.

1796 2379 2124 2451 exspectas],
2153 2380 2314 2449 inque
2344 2383 2622 2437 sumendis
2652 2384 2963 2439 coelestibus
3004 2390 3382 2455 sacramentis,

1796 2471 1983 2538 eisque
2026 2474 2105 2538 (ut
2153 2473 2429 2541 competit)
2471 2474 2849 2543 disponendis,
2895 2476 3053 2531 subdi
3098 2488 3149 2533 te
3190 2480 3387 2539 debere

1797 2564 2077 2629 cognoscis
2130 2562 2406 2631 religionis
2455 2564 2645 2620 ordine
2695 2567 2870 2633 potius
2915 2583 3074 2637 quam
3131 2572 3387 2638 praeesse.

1798 2653 1944 2708 No-ti
1976 2654 2152 2723 itaque
2192 2656 2334 2710 inter
2357 2658 2489 2722 lucc,
2538 2673 2603 2712 ex
2651 2658 2865 2715 illorum
2909 2668 2959 2715 te
2991 2658 3224 2730 pendete
3249 2664 3389 2734 jndi~

1799 2746 1905 2810 (io,
1950 2742 2054 2799 iion
2091 2746 2211 2799 illos
2251 2746 2316 2800 ad
2354 2758 2499 2801 tuam
2542 2749 2679 2804 velle
2733 2748 2902 2820 redigi
2928 2752 3279 2811 voluntatem.
3332 2756 3390 2812 Si

1802 2837 1969 2903 enim,
2009 2847 2266 2906 quantum
2311 2839 2376 2891 ad
2426 2840 2671 2919 ordinem
2715 2844 2946 2909 pertinet
2976 2844 3202 2919 publica:
3234 2847 3391 2906 disci-

1801 2930 1982 2996 plima,
2015 2940 2405 2997 cognoscentes
2429 2912 2717 3000 imperium
2754 2934 2847 3007 tibi
2890 2912 3128 3003 ‘superna
3159 2938 3390 3007 disposi-

1805 3022 1949 3075 tione
1977 3021 2257 3085 collatum,
2292 3020 2496 3089 legibus
2536 3022 2638 3076 tuis
2678 3024 2778 3091 ipsi
2805 3004 3019 3094 quoque
3050 3004 3394 3095 parent—reli-

1768 3114 1976 3184 gionis
2015 3115 2302 3177 antistites,
2340 3130 2405 3167 ne
2436 3114 2516 3167 vel
2552 3114 2601 3168 in
2646 3116 2809 3170 rebus
2833 3118 3117 3173 mundanis
3159 3116 3395 3176 excluste

1804 3206 2090 3259 videantur
2116 3205 2335 3260 obviare
2366 3206 2683 3272 sententias;
2714 3223 2821 3276 quo
2846 3209 3025 3279 (rogo)
3050 3209 3113 3264 te
3131 3211 3283 3268 decet
3311 3214 3396 3268 af-

160 3311 233 3351 cur
254 3300 309 3353 ad
344 3318 432 3356 vos
470 3316 608 3357 mea:
649 3300 990 3356 salutationis
1030 3301 1232 3370 scripta
1282 3317 1386 3356 non
1430 3302 1689 3356 miserim.
1723 3298 1769 3361 C
1802 3299 1941 3353 t‘cctu
1975 3299 2052 3353 eis
2100 3298 2343 3362 obedire,
2394 3302 2481 3368 qui
2527 3315 2624 3370 pro
2673 3302 2961 3371 erogandis
2999 3306 3396 3379 venerabilibus

160 3388 247 3442 Non
279 3407 407 3459 meo,
438 3393 635 3457 lateor,
672 3392 950 3457 instituto;
982 3393 1077 3446 sed
1108 3406 1227 3446 cum
1270 3393 1462 3448 directi
1489 3394 1695 3447 dudum

161 3482 215 3533 de
235 3484 445 3550 partibus
470 3484 717 3537 Orientis
755 3483 840 3537 vel
877 3482 1090 3537 videndi
1134 3484 1547 3550 me_licentiam,
1601 3485 1703 3540 sibi

163 3574 312 3628 vestris
332 3575 1147 3646 praeceptionibus'abnegatam,
1179 3584 1289 3631 tota
1324 3575 1470 3631 Urbe
1497 3576 1705 3646 disper-

164 3665 362 3731 scrint,‘a
400 3669 598 3724 litteris
631 3666 843 3723 credidi
882 3667 1313 3736 temperandum,
1349 3684 1415 3723 ne
1443 3661 1706 3723 onerosus

165 3756 305 3822 potius
321 3774 461 3826 quam
494 3759 787 3814 ofﬁciosus
820 3757 1129 3814 existerem.
1160 3759 1371 3814 Videtis
1409 3760 1570 3829 igitur
1596 3772 1703 3813 non

168 3860 263 3901 mea
307 3850 729 3907 dissimulatione
787 3851 1143 3921 provenisse,
1197 3853 1293 3908 sed
1345 3852 1706 3921 competentis

166 3936 296 3995 luisse
316 3945 544 4010 cautelte,
589 3956 669 3997 ne
693 3942 1069 4011 respuentibus
1106 3944 1298 3997 animis
1329 3944 1603 3999 molestias
1633 3943 1707 3997 ir-

166 4039 381 4097 rogarem.
431 4034 537 4089 Sed
602 4035 703 4089 ubi
756 4036 1061 4090 serenitatis
1118 4045 1223 4089 tua:
1275 4034 1705 4089 benevolentiam

163 4122 371 4188 comperi,
402 4125 639 4192 praelatis
670 4124 1055 4191 indicantibus,
1085 4123 1402 4178 humilitatis
1434 4118 1566 4177 mete
1594 4124 1705 4177 cle-
1772 4134 1775 4137 ‘

168 4222 330 4266 metiter
356 4217 621 4285 expetisse
680 4229 1011 4280 sermonem,
1054 4215 1164 4284 jam
1193 4229 1380 4269 revera
1425 4214 1703 4283 perpendi,

176 4300 190 4327 ²
210 4302 538 4371 imputandum
570 4320 686 4360 non
714 4306 983 4359 immerito
1006 4305 1158 4367 mihi,
1192 4305 1237 4358 si
1264 4314 1494 4359 tacerem
1515 4304 1706 4373 ;'quia,

171 4389 351 4455 gloriose
392 4396 487 4461 fili,
518 4397 539 4427 ³
565 4408 622 4451 te
656 4397 798 4452 sicut
845 4396 1126 4475 RomanusI
1151 4394 1245 4468 [aL
1286 4394 1492 4466 Romae]
1521 4407 1703 4461 natus,

175 4480 416 4541 Romanum
447 4489 752 4559 principem
784 4503 927 4553 amo,
959 4490 1099 4553 colo,
1133 4487 1155 4518 ³⁸
1178 4489 1442 4556 suscipio;
1473 4496 1526 4542 et
1569 4488 1710 4543 sicut

174 4570 473 4645 Christianus,
506 4595 633 4633 cum
668 4594 734 4634 eo
762 4580 849 4649 qui
873 4581 1047 4634 zelum
1076 4579 1171 4634 Dei
1203 4579 1381 4641 habet,
1414 4581 1707 4635 secundum

1808 3402 1932 3445 sunt
1957 3391 2200 3445 attributi
2243 3392 2556 3462 mysteriis?
2587 3392 2817 3448 Proinde
2854 3396 2993 3449 sicut
3032 3412 3138 3451 non
3172 3398 3290 3455 leve
3310 3399 3397 3456 di-

1809 3484 2040 3537 scrimen
2074 3484 2334 3537 incumbit
2365 3484 2703 3551 pontiﬁcibus
2725 3526 2739 3549 ,
2772 3485 2987 3543 siluisse
3013 3502 3111 3558 pro
3141 3487 3397 3547 Divinita-

1808 3574 1877 3626 tis
1905 3574 2075 3638 cultu,
2098 3573 2240 3643 quod
2267 3575 2553 3643 congruit;
2573 3575 2643 3629 ita
2672 3574 2939 3646 bis(quod
2962 3578 3123 3651 absit)
3157 3576 3262 3637 non
3284 3599 3399 3641 tne-

1776 3674 1779 3677 '
1808 3664 1992 3718 dicere
2020 3665 2314 3733 perieulum
2359 3676 2462 3732 est,
2491 3666 2604 3736 qui,
2631 3682 2751 3722 cum
2788 3682 2978 3736 parere
3010 3662 3261 3741 debeant,
3301 3675 3399 3731 de-

1809 3752 2060 3823 spiciunt.
2095 3756 2160 3809 Et
2186 3757 2229 3809 si
2260 3757 2468 3810 cunctis
2494 3758 2817 3825 generaliter
2846 3756 3222 3817 sacerdotibus
3249 3774 3397 3820 recte

1810 3848 1989 3901 divina
2038 3849 2414 3912 tractantibus,
2470 3849 2706 3902 lidelium
2759 3850 3010 3903 convenit
3043 3831 3231 3921 corda
3271 3840 3401 3910 sub-

1774 3950 1777 3951 '
1810 3941 1971 4004 mitti,
1997 3949 2196 4008 quanto
2222 3943 2399 4007 potius
2429 3938 2571 3993 sedis
2591 3937 2733 3992 illius
2758 3940 2975 4007 prmsuli
3000 3940 3295 3999 consensus
3317 3955 3403 4003 est

1810 4030 2168 4095 adhibendus,
2202 4044 2360 4100 quem
2390 4028 2597 4084 cunctis
2643 4031 3017 4088 sacerdotibus
3055 4042 3111 4089 et
3139 4035 3402 4095 Divinitas

1811 4139 2016 4178 summa
2058 4125 2223 4177 voluit
2261 4126 2635 4193 praeeminere,
2675 4133 2731 4179 et
2774 4126 3106 4195 subsequens
3144 4122 3403 4192 Ecclesia:

1810 4219 2079 4287 generalis
2112 4218 2313 4286 jugiter
2342 4221 2512 4285 pietas
2566 4218 2901 4272 celebravit?
2952 4219 3050 4275 Ubi
3093 4214 3266 4291 pietas
3313 4236 3405 4284 tua

1813 4311 2092 4367 evidenter
2137 4310 2385 4374 advertit,
2442 4324 2712 4376 nunquam
2759 4309 3003 4379 quolibet
3045 4313 3258 4381 penitus
3305 4316 3405 4373 ltu-

1780 4412 1781 4415 ‘
1816 4418 1976 4459 mano
2006 4402 2231 4458 consilio
2261 4401 2475 4456 elevare
2502 4416 2563 4456 se
2592 4417 2911 4471 quemquam
2945 4418 3105 4473 posse
3131 4406 3274 4463 illius
3296 4412 3407 4480 pri-

1817 4496 2012 4562 vilegio
2041 4495 2126 4548 vel
2168 4492 2534 4557 confessioni,
2573 4509 2731 4562 quem
2781 4494 2981 4550 Christi
3021 4512 3122 4551 vox
3172 4501 3408 4568 praetulit

1816 4588 2101 4649 universis,
2124 4594 2281 4655 quem
2308 4586 2546 4640 Ecclesia
2580 4588 2883 4642 veneranda
2914 4591 3159 4645 confessa
3190 4607 3405 4663 semper

178 4666 397 4723 scientiam
440 4671 689 4725 veritatis
719 4670 743 4701 ⁸
765 4671 965 4725 habere
994 4670 1245 4726 desidero
1279 4688 1290 4722 :
1321 4680 1376 4725 et
1403 4672 1703 4740 qualiscun-

1820 4690 1923 4744 est,
1969 4688 2023 4733 et
2065 4678 2223 4732 habet
2271 4676 2462 4731 devota
2493 4678 2799 4746 primatem.
2830 4678 3018 4746 lmpeti
3058 4693 3281 4749 possunt
3310 4662 3408 4739 ltu-

178 4769 251 4819 que
271 4761 559 4827 apostolica:
608 4762 762 4817 sedis
800 4763 1056 4827 vicarius,
1095 4762 1115 4792 ⁶
1150 4762 1506 4832 quodcunque
1536 4765 1713 4835 plenae

232 4931 248 4953 ³
270 4922 383 4977 Cum
404 4928 544 4981 circa
576 4926 744 4980 linem
769 4926 891 4997 anni
916 4925 1357 4980 i95’l‘heodorici
1389 4927 1527 4995 regis
1556 4928 1713 4997 legati

143 4988 580 5067 εὓῖιιιςιευϋῐιοροιί
626 4996 1002 5059 revertissent,
1054 5005 1214 5067 atque
1259 5010 1320 5047 ea
1356 4988 1475 5063 (μιιῦ
1521 4999 1588 5051 ab
1606 4988 1719 5052 im-

186 5075 374 5124 peratore
401 5064 692 5121 Anastasio
722 5077 1039 5134 acceperant
1070 5064 1283 5119 Gelasio
1315 5082 1463 5134 papa:
1489 5069 1720 5122 mtutias-

189 5134 413 5204 seut.ipse
443 5138 697 5191 Gelasius
741 5138 1123 5204 apologeticam
1156 5138 1439 5203 epistulam
1486 5140 1622 5191 hanc
1654 5141 1719 5193 ad

185 5201 385 5274 eumdem
408 5208 749 5261 Anastasinm
777 5201 1127 5271 conscripsit,
1157 5201 1275 5274 quas
1320 5207 1369 5258 in
1412 5210 1721 5273 capitulati-

187 5268 271 5348 bus
290 5277 410 5339 regni
434 5276 762 5331 Francorum
789 5277 984 5330 citatur
1007 5268 1187 5341 lib.‘v,'
1209 5292 1327 5345 cap.
1364 5268 1604 5348 l67.'llis
1636 5280 1721 5332 lit-

184 5346 291 5417 leris
316 5347 595 5408 persuaderi
634 5361 744 5400 non
774 5347 964 5416 potuit,
999 5356 1055 5399 ut
1091 5359 1299 5400 remoto
1329 5346 1504 5410 obice,
1538 5348 1721 5403 Eccle-

180 5422 252 5464 sus
276 5418 492 5470 unionem
520 5427 579 5472 et
600 5432 797 5487 pacem
828 5418 1098 5472 redderet.
1120 5417 1335 5471 Obstitit
1367 5418 1719 5486 Eupltemius,

231 5522 365 5597 fAl.,
403 5523 792 5580 Gloriosiuimo
832 5528 1129 5598 imperatori
1175 5528 1444 5581 Anastasio
1485 5526 1718 5583 Gelasius

180 5603 413 5661 cpiscopus.
864 5608 867 5611 '

232 5663 424 5740 _‘_Codex
452 5666 700 5740 Capituli
720 5666 1044 5740 Veronensis
1068 5678 1428 5736 pervetustns,
1462 5686 1581 5725 cum
1608 5687 1713 5740 quo

181 5730 329 5808 collata
356 5744 436 5789 est
464 5730 583 5790 haec
613 5737 863 5808 epistola,
890 5738 1014 5807 legit
1040 5730 1402 5808 reputantium.

233 5801 249 5831 ³
274 5804 335 5857 Id.
367 5809 510 5868 end.,
539 5815 586 5859 et
611 5807 764 5859 sicut.

235 5871 247 5899 ‘
273 5873 338 5930 Id.
367 5878 484 5930 cod.
516 5878 764 5943 suspicio.

417 5973 701 6032 Ρλτιιοι.
743 5973 907 6033 LIX.

1823 4770 1995 4827 manis
2028 4769 2527 4841 priesumptionibus
2550 4784 2668 4839 qua:
2689 4767 2871 4824 divino
2892 4779 3016 4825 sunt
3042 4770 3245 4840 judicio
3276 4789 3408 4831 con-
3454 4800 3463 4805 ν

1826 4944 2075 4985 asserens
2097 4929 2166 4982 ab
2189 4928 2477 4997 apostolica
2505 4927 2637 4981 sede
2654 4926 2820 4994 magis
2845 4926 3084 4997 exerceri
3121 4927 3409 4983 vindictam

1827 5002 1967 5066 quod
2001 5001 2067 5052 ab
2094 4995 2289 5053 Acacio
2310 5008 2495 5065 spreta
2526 5006 2689 5063 esset,
2714 4995 3146 5066 quamius’titiam
3175 4997 3411 5053 delendi.

1833 5063 2124 5135 Epistulam
2153 5063 2405 5137 scriptam
2429 5082 2548 5123 esse
2564 5083 2703 5120 anno
2728 5066 3066 5137 pontiﬁcatus
3088 5063 3281 5120 Gelasii
3309 5081 3414 5123 ter-

1831 5124 1923 5204 tio,
1949 5142 2037 5207 qui
2068 5149 2149 5195 est
2171 5124 2367 5193 Christi
2400 5138 2525 5196 494.
2552 5153 2615 5189 ex
2646 5150 2710 5207 eo
2728 5124 3155 5207 colligitur‘quod
3184 5140 3412 5192 Anasa-

1827 5212 1938 5264 sius
1969 5204 2069 5264 hoc
2094 5221 2334 5275 tempore
2361 5224 2417 5261 se
2445 5206 2830 5275 Eutychiannm
2854 5219 2974 5259 esse
3006 5204 3340 5271 luere-ticum,
3365 5220 3417 5261 rt

1788 5323 1795 5327 .
1831 5281 2220 5348 Acepltalorum
2263 5289 2423 5331 secta:
2464 5277 2774 5347 signiferum
2815 5275 3041 5330 necdum
3084 5278 3365 5332 declararit
3400 5297 3409 5329 :

1830 5367 1987 5419 quem
2018 5358 2229 5404 constat
2269 5357 2695 5419 annosequente
2717 5349 2869 5419 virus
2899 5349 2951 5400 in
2980 5356 3195 5416 pectore
3234 5352 3414 5402 occul-

1828 5417 1992 5475 tatum
2019 5422 2175 5489 plane
2204 5419 2524 5475 evomuisse.
2554 5419 2680 5473 Ssv.
2716 5417 2914 5471 BINIUS.

1899 5533 1918 5563 ⁵
1954 5532 2133 5593 Forte,
2167 5547 2342 5601 pacem
2383 5530 2582 5601 habere.
2615 5530 2875 5583 llanoum.

1899 5603 1917 5631 ⁸
1952 5603 2058 5663 AL,
2087 5600 2225 5668 quod
2249 5605 2533 5669 ubicunque
2561 5601 2726 5665 plene.
2834 5668 2837 5669 ν
2917 5652 2927 5661 ,

1902 5675 1919 5701 ⁷
1955 5672 2026 5724 ltl.
2058 5672 2201 5730 cod"
2232 5672 2598 5737 inspirata”...
2629 5668 2948 5722 transmisso.
3104 5700 3109 5705 ’

1898 5746 1917 5771 ⁸
1948 5743 2069 5795 lltrc
2114 5742 2375 5795 sententia
2410 5745 2600 5793 citatur
2624 5740 2719 5795 lib.
2757 5754 2786 5789 v
2819 5738 3081 5803 Cupitttln
3112 5754 3163 5794 c.
3204 5740 3324 5805 167,
3360 5747 3417 5793 et

1828 5812 1893 5865 ab
1926 5814 2214 5865 Mineruam
2242 5828 2424 5876 opttsr.
2459 5814 2510 5871 9,
2552 5828 2602 5863 ll.
2638 5814 2723 5865 59.
2758 5809 3019 5862 “stutum.

1897 5887 1915 5914 ⁹
1950 5884 2025 5937 Id.
2056 5885 2208 5945 θοαί,
2247 5884 2526 5933 Itontimnn.

3061 5969 3104 6030 2
