3948 6314
3380 251 3466 268 ,4,

585 306 657 367 ts
918 271 958 322 ⁵’ῖ
987 288 1027 307 “
1121 285 1160 347 ἔ
1605 326 1610 331 -
1702 304 1704 306 '
1947 315 2149 375 GELAE

2255 320 2453 414 ΡΑΡιιΕ
2494 327 2510 380 1
2875 397 2880 402 δ
3769 353 3828 408 Η

537 480 540 484 ,
586 423 789 491 stituta,
817 421 958 477 vinci
987 429 1164 477 autem
1195 423 1554 493 quorumlibet
1585 434 1851 496 potestate
1889 443 1993 485 non
2034 445 2162 501 pos-
2189 440 2242 496 Α
2271 451 2433 505 posse
2459 441 2799 514 conﬁdimus)
2823 445 2927 502 tale
2957 445 3153 518 aliquid
3175 450 3501 532 proveniret,
3526 453 3544 484 ³
3570 457 3700 511 unde
3729 463 3824 514 Cui-

586 523 729 572 sunt.
761 515 938 585 Atque
971 515 1176 578 utinam
1203 517 1283 572 sic
1315 526 1500 572 contra
1531 518 1826 577 nitentibus
1858 521 2162 590 perniciosa

589 620 693 662 non
719 606 787 662 sit
817 606 1058 675 audacia,
1090 608 1556 680 quemadmodum,
1583 611 1726 680 quod
1759 611 1826 666 ab
1854 612 1970 681 ipso
1997 628 2163 670 sacras

587 698 860 767 religionis
888 707 1104 754 auctore
1129 697 1405 768 praeﬁxum
1437 710 1540 766 est,
1581 717 1687 756 non
1715 711 1892 770 potest
1922 704 2029 759 ulla
2059 706 2165 758 vir-

588 798 699 844 tute
737 773 1010 848 convelli:
1034 787 1434 844 Firmamentum
1471 793 1608 845 enim
1648 790 1742 846 Dei
1778 802 1876 846 stat
1909 792 1998 864 (II
2027 793 2159 848 Tim.

588 879 1075 952 n)..Nnnquidnam
1116 895 1238 936 cum
1270 880 1533 950 aliquibus
1562 881 1811 937 infestata
1843 884 2031 953 religio
2059 895 2159 951 est,

588 974 604 1003 ¹
632 981 1039 1043 quantacunque
1071 972 1244 1042 potuit
1272 963 1513 1028 novitate
1550 975 1812 1042 superari,
1842 983 1896 1031 et
1917 991 2023 1030 non
2052 992 2164 1032 ma-

583 1064 664 1134 gis
710 1063 810 1119 hoc
846 1065 1039 1119 invicta
1085 1063 1397 1132 permansit,
1446 1078 1553 1134 quo
1582 1065 1845 1132 azstimata
1874 1077 1958 1120 est
2003 1081 2164 1136 posse

583 1156 969 1212 succumbere?
1013 1155 1270 1210 Desinant
1310 1169 1438 1225 ergo
1484 1155 1690 1226 (quaeso
1728 1155 1803 1228 te)
1833 1160 2162 1227 temporibus

585 1252 689 1306 tuis
712 1251 926 1322 quidam
956 1265 1049 1320 per
1079 1249 1418 1305 occasionem
1445 1250 1867 1320 perturbationis
1905 1251 2163 1306 ecclesia-

581 1343 731 1397 sticae
758 1341 1155 1414 praecipitanter
1175 1341 1381 1396 ambire
1405 1355 1526 1410 qua:
1555 1355 1660 1395 non
1692 1342 1713 1372 ’
1740 1340 1888 1405 licet,
1906 1356 1973 1397 ne
1996 1351 2051 1396 et
2072 1341 2160 1398 illa

582 1447 702 1501 quae
733 1432 872 1488 male
892 1438 1150 1502 appetunt
1178 1431 1485 1488 nullatenus
1515 1432 1942 1502 apprehendaut,
1971 1441 2026 1488 et
2047 1448 2162 1488 mo-

581 1523 707 1576 dum
752 1537 906 1578 suum
959 1521 1098 1593 apud
1148 1522 1312 1577 Deum
1364 1531 1418 1575 et
1475 1521 1718 1577 homines
1764 1537 1870 1576 non
1921 1531 2157 1579 teneant.

581 1616 916 1684 Quapropter
956 1613 1057 1668 sub
1081 1621 1374 1682 conspectu
1423 1613 1515 1668 Dei
1556 1628 1690 1683 pure
1715 1628 1778 1668 ac
1808 1614 2019 1672 sincere
2048 1614 2162 1684 pie-

581 1715 744 1761 tatem
777 1715 917 1760 tuam
950 1705 1233 1775 deprecor,
1264 1704 1502 1760 obtestor
1531 1713 1585 1760 et
1627 1705 1902 1771 exhortor,
1943 1715 2000 1760 ut
2025 1707 2161 1776 peti-

2272 544 2432 597 quam
2455 533 2706 589 resistere
2727 537 3050 593 auderemus
3079 540 3284 607 errori,‘
3300 542 3386 597 vel
3403 543 3542 600 unde
3562 553 3826 604 correctio-

2273 636 2394 677 nem
2437 625 2742 680 errantibus
2791 631 3170 696 poseeremus?
3211 632 3444 689 Proinde
3473 636 3518 690 si
3549 637 3712 704 pietas
3748 650 3827 698 tua

2257 715 2430 771 unius
2456 717 2690 774 civitatis
2721 721 2975 789 populum
3002 734 3159 794 negat
3186 741 3350 795 posse
3375 727 3397 758 ⁸
3425 743 3554 798 pace
3577 737 3825 802 componi.

2270 805 2398 872 quid
2428 821 2525 863 nos
2554 809 2618 865 de
2643 814 2805 868 totius
2830 814 2977 869 orbis
3007 825 3270 872 terrarum
3297 834 3484 876 sumus
3504 823 3827 882 universitate

2270 892 2482 960 facturi,
2533 900 2576 954 si
2610 901 2774 971 (quod
2825 905 2986 974 absit)
3018 916 3199 962 nostra
3227 908 3384 964 fuerit
3409 916 3828 980 praevaricatione

2269 985 2558 1056 deceptus?
2605 993 2660 1048 Si
2713 1002 2855 1050 totus
2883 1007 3157 1052 correctus
3205 1007 3287 1053 est
3327 1002 3576 1068 mundus,
3622 1006 3824 1071 profana

2272 1086 2478 1144 patrum
2529 1095 2747 1140 suorum
2799 1086 3090 1142 traditione
3117 1087 3392 1158 despecta,
3426 1096 3690 1160 quomodo
3731 1115 3824 1155 non

2269 1168 2567 1238 corrigatur
2596 1173 2750 1228 unius
2778 1177 3007 1231 civitatis
3040 1179 3286 1247 populus,
3333 1182 3379 1236 si
3417 1186 3718 1252 praedicatio
3737 1189 3826 1246 ﬁda

2229 1305 2232 1308 .
2270 1258 2360 1328 (at.
2407 1260 2551 1333 ﬁdei]
2580 1267 2873 1324 succedat?
2909 1269 3072 1340 Ergo,
3105 1272 3338 1340 gloriose
3371 1275 3683 1345 imperator,
3717 1285 3828 1340 nolo

2269 1365 2370 1445 ego
2421 1352 2518 1426 [αι.
2565 1372 2668 1411 nou
2713 1358 2942 1432 neglige]
2994 1361 3354 1420 Ecclesiarum
3412 1383 3618 1437 pacem,
3663 1389 3827 1445 qutun,

2269 1445 2480 1504 etiamsi
2510 1461 2631 1502 cum
2660 1450 2764 1504 mei
2790 1453 3065 1520 sanguinis
3113 1455 3385 1523 impendio
3413 1462 3692 1526 provenire
3719 1481 3828 1533 pos-

2267 1541 2369 1599 set,
2405 1537 2701 1605 amplector
2727 1539 2818 1610 [σέ.
2866 1543 3219 1615 amplectar]?
3249 1545 3602 1620 δούλῳ-σοον
3631 1556 3702 1624 te)
3743 1572 3826 1610 cu-

2263 1628 2496 1694 jusmodi
2525 1631 2715 1687 debeat
2736 1647 2857 1689 esse
2888 1651 2986 1702 pas
3016 1638 3151 1706 ipsi,
3179 1654 3282 1693 non
3314 1651 3601 1712 utrunque,
3635 1649 3724 1702 sed
3753 1665 3829 1705 vc-

2268 1723 2464 1776 raciter
2503 1722 2797 1784 christiana
2843 1737 3022 1783 mente
3062 1731 3341 1787 libremus.
3388 1736 3667 1802 Quomodo
3703 1743 3829 1797 enim

530 1863 531 1870 η
579 1801 781 1855 tionem
825 1814 1000 1855 meam
1049 1815 1154 1853 non
1189 1790 1533 1868 indignanter
1569 1799 1842 1868 accipias:
1874 1813 2027 1868 rogo,
2073 1799 2159 1854 in-
2192 1811 2244 1870 B
2271 1820 2448 1880 potest
2477 1829 2598 1872 esse
2641 1833 2740 1884 pas
2774 1834 2897 1873 vera
2937 1822 3020 1875 cui
3051 1823 3258 1878 caritas
3310 1827 3623 1884 intemerata
3664 1833 3830 1888 defnc<

578 1905 761 1963 quam,
795 1899 852 1945 ut
872 1905 959 1946 me
988 1890 1040 1944 in
1071 1889 1170 1946 hac
1197 1890 1303 1944 vita
1334 1890 1514 1959 potius
1539 1889 1725 1945 audias
1753 1889 2156 1959 deprecantem,

578 1995 735 2052 quam
766 1979 933 2054 (quod
965 1978 1126 2049 absit)
1153 1982 1203 2033 in
1235 1980 1415 2034 divino
1441 1980 1644 2050 judicio
1675 1981 1874 2035 sentias
1902 1994 2158 2037 accusan-

578 2080 711 2128 tem.
747 2071 855 2125 Nec
880 2084 966 2125 me
989 2069 1137 2137 latet,
1172 2071 1464 2138 imperator
1491 2071 1748 2139 Auguste,
1776 2070 1917 2140 quod
1944 2071 2161 2139 pietatis

529 2161 533 2166 ⁷
575 2173 683 2218 tua:
724 2161 957 2217 Studium
986 2157 1148 2215 fuerit
1187 2161 1238 2214 in
1286 2162 1493 2230 privata
1536 2164 1664 2215 vita.
1697 2162 1903 2232 Optasti
1948 2175 2160 2231 semper

575 2250 690 2308 ﬁeri
753 2251 1024 2321 particeps
1094 2251 1464 2320 promissionis
1519 2260 1758 2305 aeternae.
1822 2254 2160 2323 Quapropter

574 2341 707 2407 noli,
735 2353 948 2410 precor,
979 2341 1134 2394 irasci
1167 2340 1322 2404 mihi,
1367 2340 1410 2394 si
1440 2349 1491 2394 te
1523 2349 1725 2394 tantum
1769 2342 1954 2411 diligo,
1988 2357 2038 2398 ut
2074 2359 2159 2398 re-

525 2507 529 2510 ,
572 2452 759 2510 gnum,
789 2435 933 2507 quod
975 2434 1339 2504 temporaliter
1373 2443 1649 2489 assecutus
1679 2451 1757 2500 es,
1788 2437 1947 2491 velim
1978 2445 2031 2492 te
2063 2439 2159 2491 ha-

570 2528 703 2584 bere
747 2537 1086 2597 perpetuum,
1121 2535 1176 2582 et
1203 2527 1293 2596 qui
1337 2527 1571 2594 imperas
1615 2527 1833 2594 szeculo,
1870 2529 2041 2596 possis
2073 2544 2159 2583 re-

571 2633 736 2689 gnare
767 2632 889 2672 cum
921 2616 1157 2671 Christo.
1205 2617 1335 2670 'l'uis
1375 2625 1521 2670 certe
1571 2617 1795 2688 legibus,
1844 2621 2151 2686 imperator,

570 2708 772 2780 pateris
813 2708 944 2763 nihil
973 2708 1170 2778 perire,
1211 2708 1452 2762 ltomano
1487 2709 1686 2762 nomini
1715 2709 1808 2782 [aL
1843 2709 2018 2777 perire
2047 2709 2155 2763 Ro-

571 2816 729 2857 mano
761 2800 986 2872 nomini]
1018 2801 1219 2855 nullum
1266 2797 1502 2854 admittis
1544 2800 1720 2871 ingeri
1746 2801 2148 2857 detrimentum.

520 2881 527 2888 ’
565 2892 714 2949 itane
743 2907 928 2949 verum
973 2903 1075 2960 est,
1128 2892 1376 2963 princeps
1421 2893 1656 2963 egregie,
1690 2893 1784 2962 qui
1825 2908 1928 2948 non
1978 2894 2152 2948 solum

523 2975 527 2979 ’
569 2985 852 3054 praesentia
891 2983 1088 3040 Christi
1118 2984 1400 3049 beneﬁcia,
1431 2985 1525 3040 sed
1556 2985 1832 3040 desideras
1866 2995 1920 3040 et
1950 2987 2149 3052 futura,

565 3087 624 3131 ut
649 3076 917 3145 religioni,
942 3085 998 3130 ut
1025 3075 1259 3141 veritati,
1288 3085 1346 3128 ut
1374 3075 1671 3130 sinceritati
1702 3077 1981 3131 catholimc
2006 3091 2152 3131 com-

520 3147 524 3154 ,
565 3167 836 3222 munionis
885 3177 939 3220 et
987 3165 1135 3231 ﬁdei,
1189 3165 1518 3233 temporibus
1549 3165 1673 3229 tuis,
1721 3165 1938 3235 patiaris
1968 3181 2152 3235 quem-

565 3272 724 3328 quam
749 3257 945 3310 inferre
967 3255 1341 3325 dispendium?
1379 3255 1491 3327 Qua
1524 3255 1717 3310 ﬁducia
1743 3256 1897 3326 (rogo
1927 3259 1998 3326 te)
2036 3258 2148 3312 illic

561 3347 680 3418 ejus
711 3347 928 3416 praemia
963 3348 1223 3418 petiturus
1253 3361 1332 3413 es,
1372 3348 1521 3416 cujus
1554 3347 1639 3402 hic
1670 3349 1862 3402 damna
1893 3364 1998 3404 non
2025 3366 2147 3419 pro-

518 3434 523 3439 ’
564 3440 718 3495 bibes
738 3439 759 3492 ?
781 3437 896 3492 Non
917 3438 1026 3491 sint
1053 3440 1257 3507 gravia,
1287 3453 1470 3505 quaeso
1502 3445 1573 3505 te,
1601 3454 1719 3508 quae
1749 3454 1842 3508 pro
1870 3451 1974 3494 tua:
2006 3443 2149 3494 saluo

563 3533 632 3586 tis
673 3528 973 3586 mternitate
1032 3529 1301 3582 dicuntur.
1352 3527 1623 3598 Scriptum
1673 3531 1843 3600 legisti
1881 3550 1890 3581 :
1927 3531 2146 3586 Meliora

562 3631 680 3676 sunt
704 3622 914 3676 uulnera
945 3621 1098 3673 amici
1122 3636 1275 3687 quam
1307 3621 1484 3674 oscula
1522 3621 1715 3673 inimici
1739 3620 1922 3691 (Prov.
1956 3626 2140 3692 xxv").

560 3716 754 3784 Quasso
787 3714 1040 3783 pietatem
1064 3721 1229 3781 tuam,
1269 3719 1327 3766 ut
1351 3728 1459 3781 qtto
1491 3712 1682 3768 alfectu
1707 3715 1957 3769 dicuntur
1978 3732 2006 3768 a
2035 3731 2141 3782 me,

560 3823 626 3864 eo
673 3808 779 3862 tuis
829 3806 1078 3862 sensibus
1113 3807 1446 3860 intiméntur.
1493 3805 1663 3861 Nemo
1708 3808 1958 3872 pietatem
2001 3818 2143 3862 tuam

558 3897 724 3951 fallat.
772 3898 966 3952 Verum
1018 3907 1099 3952 est
1145 3898 1288 3966 quod
1336 3898 1630 3967 ﬁguraliter
1683 3914 1775 3968 per
1828 3903 2141 3969 prOphetant

517 3997 520 4000 ’
557 3987 832 4057 Scriptura
859 3988 1116 4042 testatur?
1152 3987 1269 4040 Una
1296 3998 1370 4042 est
1393 3989 1623 4042 columba
1647 4006 1776 4054 mea,
1805 4007 1906 4043 una
1935 4001 2007 4044 est
2028 4007 2144 4059 pcr-

556 4081 692 4147 fecta
738 4092 851 4130 mea
881 4075 1056 4148 (Cant.
1097 4079 1195 4145 vt),
1224 4093 1325 4130 una
1376 4087 1458 4131 est
1505 4079 1792 4134 christiana
1845 4082 1996 4148 ﬁdes,
2026 4100 2144 4153 qua:

558 4180 641 4224 cst
663 4167 948 4224 catholica.
973 4167 1252 4222 Catholica
1283 4176 1461 4221 autem
1496 4170 1759 4223 veraciter
1789 4171 1876 4224 illa
1900 4184 2001 4241 est,
2024 4191 2142 4242 quae

516 4254 519 4258 ’
557 4263 624 4314 ab
655 4259 890 4314 omnium
923 4259 1270 4332 perﬁdorum,
1300 4269 1463 4331 atque
1492 4261 1561 4315 ab
1589 4277 1775 4316 eorum
1819 4270 2143 4320 successori-

512 4350 658 4406 'bus
706 4361 866 4420 atque
909 4351 1249 4406 consortibus
1301 4353 1531 4418 sincera,
1596 4369 1746 4420 pura,
1802 4357 2140 4414 immaculata

510 4441 516 4447 ’
553 4445 935 4500 communione
973 4444 1142 4498 divisa
1187 4444 1281 4518 [αι.
1318 4443 1544 4517 divulsa]
1586 4455 1689 4501 est.
1735 4448 1984 4518 Alioquin
2033 4467 2137 4507 non

555 4539 657 4594 erit
683 4537 940 4592 divinitus
975 4536 1220 4591 mandata
1246 4532 1523 4602 discretio,
1558 4537 1651 4592 sed
1683 4541 1982 4594 miseranda
2014 4558 2138 4595 con-
2170 4532 2219 4591 D

554 4634 713 4690 fusio.
739 4633 847 4685 Nec
869 4629 976 4684 ulla
998 4644 1156 4684 causa
1181 4629 1292 4699 jam
1317 4639 1580 4697 superest,
1616 4632 1660 4685 si
1688 4631 1786 4697 hoc
1818 4633 1868 4687 in
1901 4634 2142 4702 quolibet

511 4718 514 4720 ⁷
555 4723 801 4792 contagio
827 4720 1156 4776 voluerimus
1179 4719 1483 4786 admittere,
1510 4734 1578 4773 nc
1605 4722 1813 4776 cunctis
1846 4723 2140 4780 haeresibus

553 4818 754 4874 aditum
787 4817 1115 4887 januamque
1164 4813 1480 4884 pandamus.
1519 4813 1619 4878 Qui
1667 4817 1798 4867 enim
1841 4816 1892 4869 in
1921 4833 2023 4870 uno
2057 4820 2138 4888 of-

439 4899 462 4908 ”
551 4912 792 4982 render-it,
825 4908 1051 4963 omnium
1078 4922 1197 4960 reus
1223 4914 1294 4959 est
1320 4904 1527 4974 (Iacob.
1555 4903 1645 4974 tt);
1677 4915 1732 4961 et
1762 4924 1774 4958 :
1801 4906 1900 4970 Qui
1928 4909 2137 4961 minima

553 5005 763 5074 spernit,
791 5001 1038 5071 paulatim
1079 5000 1267 5054 decidit
1295 4997 1521 5069 (Eccles.
1558 5000 1701 5069 six).
1751 4999 1861 5054 Hoc
1887 5011 1969 5055 est
1993 5003 2135 5070 quod

549 5098 706 5149 sedes
753 5095 1044 5164 apostolica
1080 5105 1406 5165 magnopere
1446 5100 1598 5146 cavet
1645 5090 1740 5162 [al.
1771 5096 2131 5167 prsctaxavit],

551 5201 605 5242 ιιι
625 5190 749 5256 quia
783 5183 981 5242 mundo
1006 5187 1157 5242 radix
1201 5198 1284 5243 est
1311 5187 1540 5258 apostoli
1569 5184 1806 5257 gloriosa
1848 5189 2132 5258 confessio,

549 5281 693 5334 nulla
723 5281 856 5335 rima
885 5276 1182 5349 praiitatis,
1231 5280 1374 5334 nulla
1418 5293 1635 5348 prorsus
1663 5279 1989 5350 contagione
2021 5299 2134 5339 ma-

549 5374 775 5427 culctur.
809 5372 940 5426 Nam
981 5369 1025 5426 si
1056 5369 1218 5440 (quod
1262 5369 1404 5424 Deus
1443 5379 1669 5439 avertat,
1699 5370 1841 5442 quod
1875 5372 1990 5429 ﬁeri
2023 5391 2130 5432 non

621 5537 634 5564 '
657 5533 792 5588 Cod.
827 5531 1048 5597 Verum,
1077 5536 1424 5599 quantumque
1446 5546 1465 5583 :
1490 5529 1809 5597 Quesnellus
1839 5531 1968 5604 legit
1993 5553 2118 5595 ana-

548 5619 864 5727 cuﬂlifmod
876 5713 910 5737 .,
945 5652 1046 5725 non
1077 5673 1246 5725 licent.

549 5760 554 5764 '
619 5742 640 5774 ³
669 5744 744 5797 Id.
778 5745 921 5802 cod.,
954 5745 1028 5795 rel
1065 5745 1299 5812 cuijam.

2270 1903 2375 1956 rit?
2405 1904 2612 1960 Caritas
2640 1917 2818 1964 autem
2862 1911 3092 1979 qualiter
3118 1929 3236 1968 esse
3279 1915 3493 1982 debeat,
3541 1923 3694 1979 nobis
3736 1929 3832 1978 evi-

2271 1994 2460 2050 denter
2492 1995 2511 2026 ⁵
2542 1999 2830 2065 Apostolus
2888 2001 3136 2068 praedicat
3163 2045 3177 2066 ,
3229 2005 3320 2072 qui
3375 2009 3490 2060 ait:
3529 2008 3732 2066 Caritas
3779 2017 3832 2067 de

2267 2089 2451 2152 corde,
2509 2106 2658 2158 pirro,
2709 2102 2756 2144 et
2809 2096 3117 2148 conscientia
3167 2097 3296 2151 bona
3340 2109 3388 2152 et
3430 2101 3531 2167 ﬁde
3583 2119 3683 2157 non
3731 2107 3833 2164 ﬁetu

2270 2178 2323 2248 (1
2355 2178 2489 2234 Tim.
2519 2182 2580 2251 t).
2624 2183 2906 2247 Quomodo
2934 2186 3140 2255 (quaeso
3171 2191 3244 2256 to)
3276 2189 3339 2243 de
3374 2195 3526 2244 corde
3566 2200 3658 2248 erit
3698 2211 3832 2265 puro,

2266 2271 2310 2325 si
2343 2274 2585 2342 contagio
2618 2275 2882 2329 inliciatur
2902 2279 3160 2332 externo?
3187 2281 3466 2345 Quomodo
3497 2285 3558 2338 de
3593 2289 3834 2340 εοηδπὶεης

2265 2364 2336 2416 tia
2363 2363 2514 2431 bona,
2540 2365 2584 2418 si
2617 2366 2792 2436 pravis
2817 2367 2975 2422 fuerit
2996 2370 3257 2439 malisque
3286 2375 3615 2429 commixta?
3649 2379 3835 2444 Quem-

2264 2455 2547 2510 admodum
2580 2459 2681 2526 ﬁde
2703 2475 2802 2513 non
2828 2463 2967 2528 ﬁcta,
2997 2463 3042 2517 si
3075 2476 3286 2522 maneat
3308 2467 3507 2522 sociata
3541 2486 3662 2526 cum
3692 2475 3835 2544 petii-

2262 2548 2380 2602 dis?
2402 2549 2529 2617 Quae
2552 2566 2670 2604 cum
2692 2567 2720 2604 a
2741 2552 2892 2608 nobis
2913 2569 3057 2624 saepe
3074 2557 3182 2626 jam
3209 2558 3342 2614 dicta
3369 2561 3493 2627 sint,
3523 2577 3742 2620 necesse
3765 2575 3836 2621 est

2263 2650 2440 2696 tamen
2496 2644 2884 2699 incessabiliter
2934 2647 3138 2714 iterari,
3186 2661 3238 2705 et
3285 2652 3467 2707 tandiu
3516 2670 3624 2709 non
3681 2659 3835 2712 taceri

2259 2733 2492 2801 quandiu
2524 2750 2717 2791 nomen
2750 2738 2896 2806 pacis
2922 2739 3261 2809 obtenditur;
3289 2753 3348 2798 ut
3377 2757 3620 2803 nostrum
3649 2766 3751 2805 non
3775 2753 3837 2810 sit

2260 2825 2342 2897 (tit
2365 2826 2622 2883 invidiose
2641 2827 2895 2899 jactatur)
2931 2833 3104 2887 facere
3138 2849 3343 2902 pacem,
3378 2839 3469 2892 sed
3499 2848 3676 2897 tamen
3709 2847 3837 2899 velle

2256 2917 2547 2974 doceamus
2567 2958 2582 2984 ,
2626 2920 2820 2989 qualis,
2845 2932 2900 2976 et
2923 2924 3035 2978 sola
3070 2939 3170 2993 pax
3195 2941 3314 2982 esse
3333 2968 3348 2994 ,
3389 2939 3444 2984 et
3465 2942 3664 3000 praeter
3685 2951 3835 3005 quam

2259 3006 2278 3036 ⁶
2305 3007 2446 3062 nulla
2483 3023 2604 3063 esse
2645 3021 2992 3068 monstratur.
3037 3014 3426 3086 Eutychianum
3451 3030 3601 3076 certe
3629 3025 3835 3094 dogma,

2213 3146 2226 3187 ._
2255 3109 2442 3153 contra
2482 3101 2623 3168 quod
2666 3105 2973 3171 apostolica
3025 3108 3173 3162 sedis
3213 3111 3419 3166 cautela
3465 3118 3764 3187 pervigilat,
3790 3122 3832 3174 si

2181 3171 2227 3231 Ο
2260 3192 2497 3249 creditur
2518 3193 2662 3248 salva
2692 3195 2813 3250 ﬁdei
2836 3199 3114 3254 catholicae
3140 3216 3297 3269 posse
3320 3205 3544 3261 veritate
3571 3171 3833 3276 constare,

2256 3295 2549 3352 promatur,
2573 3299 2863 3354 asseratur,
2882 3300 2938 3346 et
2954 3294 3298 3362 quantislibct
3319 3298 3522 3352 viribus
3545 3313 3832 3369 astrnatur,

2256 3386 2312 3430 ut
2343 3383 2457 3432 non
2486 3377 2657 3432 solum
2691 3393 2786 3446 per
2806 3379 3063 3448 seipsum,
3094 3397 3254 3452 quam
3294 3386 3564 3442 inimicum
3603 3392 3674 3445 sit
3721 3393 3836 3448 ﬁdei

2251 3467 2568 3526 Chrisﬁana:
2600 3471 2768 3540 possit
2794 3473 3028 3539 ostendi,
3053 3474 3145 3528 sed
3169 3487 3393 3545 quantas
3416 3490 3471 3534 et
3491 3496 3650 3550 quam
3677 3486 3836 3539 letha-

2252 3560 2331 3614 les
2366 3559 2598 3616 haereses
2638 3560 2691 3615 in
2722 3575 2818 3616 sua
2855 3565 3129 3619 contineat
3178 3568 3482 3626 colluvione
3526 3577 3834 3629 monstrari.

2247 3650 2302 3703 Si
2328 3659 2507 3705 autem
2533 3652 2551 3718 (
2568 3659 2624 3705 ut
2650 3654 2815 3722 magis
2837 3655 3190 3725 confidimus)
3219 3675 3245 3710 a
3276 3660 3552 3716 catholicis
3583 3663 3836 3731 iudicatis

2250 3741 2518 3796 mentibus
2544 3742 2954 3810 excludendum,
2988 3761 3170 3814 quaeso
3205 3758 3275 3813 te,
3302 3766 3397 3805 cur
3420 3767 3522 3806 non
3563 3766 3616 3808 ct
3650 3766 3836 3812 conta-

2249 3830 2329 3899 gia
2359 3832 2514 3886 simul
2548 3847 2732 3888 corum
2761 3835 2849 3903 qui
2901 3835 2999 3890 hac
3027 3839 3320 3906 probantur
3351 3857 3471 3895 esse
3500 3845 3710 3914 polluti,
3743 3849 3836 3903 dc-

2247 3925 2464 3979 cernitis
2491 3924 2790 3992 refutanda,
2823 3943 2943 3984 cum
2984 3929 3126 3985 dicat
3155 3934 3483 4001 Apostolus:
3523 3937 3645 3992 Non
3671 3943 3836 3994 solum

2246 4017 2332 4083 qni
2358 4033 2457 4069 non
2483 4017 2720 4085 facienda
2743 4018 2961 4085 faciunt,
2991 4037 3103 4076 reos
3122 4023 3300 4091 videri,
3334 4027 3422 4078 sed
3447 4029 3598 4080 etiam
3612 4034 3702 4097 qui
3719 4045 3836 4086 corr-

2209 4148 2214 4152 .
2246 4111 2464 4166 sentiunt
2494 4109 2794 4177 facientibus
2819 4111 2995 4181 (liam.
3036 4113 3114 4183 t)?
3145 4115 3372 4170 Proinde
3419 4118 3557 4174 sicut
3599 4137 3708 4176 non
3745 4139 3837 4192 po-

2248 4207 2371 4264 test,
2399 4201 2774 4267 perversitatis
2799 4203 3256 4260 communicatam
3304 4221 3570 4279 suscepto,
3605 4228 3715 4267 non
3749 4229 3837 4282 pa-

2247 4289 2377 4343 riter
2416 4291 2734 4357 perversitas
2778 4292 3084 4360 approbari,
3128 4296 3204 4350 sic
3223 4298 3342 4367 :non
3390 4310 3565 4366 potest
3613 4306 3835 4361 reiutari

2247 4381 2589 4448 perversitas,
2612 4383 2873 4454 complice
2897 4395 3163 4442 scctatore
3186 4393 3549 4457 perversitatis~
3572 4398 3830 4452 admisso.

2245 4470 2472 4539 Legibus
2501 4482 2648 4528 certe
2677 4476 2889 4540 vestris,
2914 4477 3196 4533 criminum
3230 4483 3428 4538 conscii
3459 4496 3836 4554 susceptnreSe

2248 4576 2352 4630 quc
2386 4561 2821 4622 latrticiuautiutn
2856 4567 2970 4634 pari
3011 4567 3337 4635 judiciorum
3383 4587 3538 4641 paena
3565 4579 3836 4632 constrin-

2248 4663 2470 4724 guntur;
2501 4671 2598 4712 nec
2621 4672 2813 4726 expers
2837 4659 3091 4714 lacinoris
3113 4665 3406 4718 :rstimatur
3426 4668 3534 4736 qui,
3563 4669 3684 4721 licet
3717 4669 3834 4738 ipse

2250 4761 2356 4800 non
2399 4747 2598 4812 fecerit,
2629 4749 2868 4804 facientis
2899 4761 3076 4806 tamen
3103 4751 3511 4811 ﬁtniiliaritatent
3546 4757 3835 4829 fmtIuSquc

2249 4837 2534 4904 receperit.
2586 4838 2815 4893 Proinde
2865 4855 2984 4894 cum
3037 4841 3475 4900 Chalcedonense
3517 4850 3829 4920 concilium,

2244 4940 2340 4995 pro
2368 4926 2486 4980 ﬁdei
2508 4929 2784 4983 catholica:
2813 4940 2970 5001 atque
2998 4934 3300 5002 apostolica:
3340 4938 3564 4990 veritate
3587 4953 3834 4998 commu-

2245 5019 2508 5088 nioneque
2556 5020 2903 5089 celebratum,
2966 5024 3297 5080 damnaverit
3357 5025 3630 5095 Eutychen
3672 5023 3852 5086 dcte:

2244 5110 2416 5164 standi
2467 5110 2662 5166 furoris
2708 5120 3004 5179 auctorem,
3048 5130 3151 5169 non
3190 5115 3321 5170 satis
3364 5115 3564 5183 habuit,
3622 5121 3725 5177 nisi
3773 5136 3832 5181 ut

2245 5201 2441 5268 pariter
2464 5202 2580 5271 ejus
2599 5218 2810 5272 quoque
2829 5215 3135 5259 consortem
3158 5206 3467 5261 Dioscorum
3491 5220 3829 5284 ceterosque

2241 5292 2578 5360 percelleret.
2603 5293 2715 5349 lloc
2743 5295 2900 5365 igitur
2927 5295 3106 5363 modo,
3138 5297 3272 5352 sicut
3297 5297 3349 5354 in
3374 5316 3687 5377 unaquaque
3709 5307 3828 5363 haz-

2245 5386 2349 5440 resi
2389 5386 2472 5441 vel
2503 5386 2699 5440 factum
2727 5401 2959 5453 semper,
2987 5389 3067 5442 vel
3102 5389 3216 5446 ﬁeri
3254 5407 3361 5450 non
3397 5394 3622 5454 habetur
3649 5400 3824 5456 ειηὺί-

2303 5543 2322 5573 ⁶
2353 5542 2490 5597 Pace
2522 5545 2673 5600 deest
2700 5547 2749 5599 in
2782 5546 2903 5600 eod.
2937 5550 3057 5603 cod.

2304 5615 2325 5693 ξ
2453 5617 2597 5693 cod.,
2622 5631 2712 5685 per
2734 5617 3028 5693 Apostolnm
3055 5625 3385 5693 prwdicatnr.

2303 5685 2322 5714 ‘
2351 5685 2425 5738 Id.
2451 5686 2595 5750 cod.,
2628 5702 2732 5772 pas:
2763 5687 2926 5744 nulla.
3055 5685 3065 5693 ’
3156 5717 3164 5725 ·
