3948 6314
163 287 220 341 45

1334 261 1681 323 ΕΡΙΞΤΟῘΛΕ
1724 259 1809 317 ET
1848 263 2186 322 DECRETA.

3313 267 3390 328 46

166 408 313 467 gnum,
343 400 678 446 successores
699 400 887 441 eorum
916 388 929 416 ι
959 381 1318 448 Timotheum,
1366 379 1577 433 Petrum
1622 386 1705 431 at-
1733 378 1783 438 A
1812 378 1934 434 dam
1959 380 2040 434 vel
2085 377 2455 443 insurrexerit,
2486 376 2567 432 vel
2607 377 2805 433 nitatur
2835 376 3114 447 insurgere
3149 388 3389 436 vetusta-

166 500 247 555 que
263 484 469 536 alterum
511 477 907 532 Antiochenum
954 476 1190 537 Petrum,
1218 488 1323 527 non
1354 471 1551 526 viritim
1584 486 1705 540 pro-

170 586 263 644 pter
286 573 511 639 singulos
544 584 788 639 quosque
828 581 1010 619 rursus
1048 567 1188 617 facto
1211 563 1459 627 concilio,
1492 563 1587 617 sed
1616 577 1704 632 sy-

170 666 267 719 nodi
306 663 457 716 semel
489 665 504 691 ²
532 670 652 713 acta
696 660 878 727 regula
910 663 1299 724 consequenter
1338 655 1479 709 elisi.
1511 656 1704 719 Quem-

170 753 417 809 admodum
441 767 567 819 ergo
599 767 706 803 non
736 750 1017 803 evidenter
1038 756 1256 816 apparet
1284 747 1445 801 etiam
1486 753 1711 800 cunctos

168 846 305 900 simili
332 853 495 895 tenore
522 842 842 910 constringi,
873 852 925 893 et
948 840 1037 909 qui
1065 853 1249 894 eorum
1282 840 1704 893 communicato-

170 951 244 991 res
271 947 318 988 et
337 934 604 1000 complices
640 933 982 995 exstiterunt,
1022 940 1183 998 atque
1217 944 1403 983 (tmnes
1431 926 1648 981 omnino
1675 943 1705 981 a

175 1028 390 1080 catholica
423 1036 575 1093 atque
624 1024 923 1092 apostolica
972 1022 1159 1077 merito
1188 1021 1562 1074 communione
1598 1019 1705 1074 dis-

172 1120 288 1171 cerni
315 1136 324 1167 :
355 1116 464 1168 hinc
490 1117 749 1169 Acacium
787 1129 995 1183 quoque
1027 1114 1150 1181 jure
1178 1114 1405 1166 dicimus
1447 1127 1475 1165 a
1521 1119 1705 1165 nostro

171 1208 396 1262 consortio
417 1204 869 1268 submovendum,
900 1206 989 1272 qui
1014 1204 1197 1257 maluit
1222 1204 1272 1255 in
1301 1211 1501 1257 sortem
1533 1213 1703 1257 trans-

172 1301 231 1351 ire
264 1298 507 1365 perfidia),
566 1311 729 1365 quam
774 1298 825 1348 in
873 1295 1149 1349 catholica:
1204 1304 1359 1362 atque
1400 1294 1705 1362 apostolicae

169 1388 512 1443 communionis
550 1388 864 1441 sinceritate
906 1396 1175 1451 constare,
1215 1386 1235 1416 ⁸
1266 1402 1385 1440 cum
1410 1386 1523 1440 fere
1550 1395 1574 1422 ι
1611 1401 1704 1455 per

168 1483 430 1541 triennium,
464 1495 533 1533 ne
568 1480 623 1533 in
662 1481 708 1532 id
737 1479 966 1541 veniret,
1005 1478 1309 1548 apostolica:
1342 1477 1484 1533 sedis
1508 1478 1704 1546 episto-

167 1574 215 1627 lis
236 1574 467 1627 doceatur
499 1579 875 1639 competenter
914 1566 1225 1623 instructus.
1254 1569 1550 1639 Postquam
1578 1584 1705 1623 vero

165 1662 513 1718 cotnmuuionis
536 1672 627 1715 est
659 1663 829 1715 factus
856 1660 1063 1723 alienzn,
1094 1676 1198 1714 non
1230 1662 1398 1727 potuit
1434 1661 1535 1715 nisi
1563 1677 1591 1713 a
1616 1677 1706 1715 ca-

166 1752 339 1806 tholicae
357 1760 409 1805 et
436 1750 751 1819 apostolicae
776 1765 898 1803 mox
922 1752 1175 1805 societate
1204 1750 1224 1780 "
1256 1751 1495 1818 tumenti,
1520 1767 1589 1806 ne
1611 1766 1704 1821 per
1736 1741 1781 1798 B

166 1856 280 1907 cum,
300 1844 338 1893 si
368 1842 450 1895 vel
474 1842 767 1915 paululum,
801 1855 1156 1905 cessaremus,
1200 1856 1299 1895 nos
1326 1857 1538 1912 quoque
1561 1843 1708 1896 vide-

167 1947 310 1988 rentur
337 1932 561 1986 subiisse
580 1932 833 1999 contagia
874 1930 1223 2000 perfidorum.
1256 1932 1361 1986 Sed
1406 1948 1593 1987 revera
1623 1935 1707 1988 vel

166 2025 236 2078 tali
259 2024 519 2092 perculsus
547 2037 715 2090 pana
753 2023 995 2092 resipoit,
1021 2023 1413 2078 correctionem
1444 2025 1706 2092 promisit,

169 2115 423 2170 emendavit
450 2116 739 2168 errorem?
766 2125 857 2167 aut
890 2115 977 2169 ille
997 2124 1248 2170 tractatus
1273 2117 1443 2170 lenius
1472 2117 1709 2171 voluerat

170 2211 244 2280 [aL
279 2210 522 2279 valuerat]
554 2211 823 2273 coerceri,
862 2209 952 2278 qui
983 2210 1141 2263 etiam
1169 2209 1394 2263 verbera
1425 2210 1558 2263 dura
1602 2222 1708 2266 nou

168 2301 329 2355 sciuit?
352 2301 466 2368 Quo
510 2302 566 2354 in
600 2316 703 2355 sua
738 2300 956 2369 perfidia
988 2312 1037 2354 et
1068 2301 1411 2356 damnatione
1447 2303 1708 2357 moriente

170 2391 240 2460 lat.
260 2402 490 2446 manente
494 2394 535 2461 j,
553 2403 664 2445 tam
682 2392 799 2461 ejus
816 2392 868 2445 in
888 2392 1242 2447 ecclesiastica
1270 2394 1580 2447 recitatione
1604 2408 1708 2448 non

171 2492 309 2549 potest
340 2498 527 2537 nomen
568 2484 794 2549 ascribi,
820 2500 977 2552 quam
1004 2494 1241 2539 externa:
1270 2487 1572 2554 contagium
1602 2500 1706 2539 non

168 2576 290 2628 debet
316 2576 821 2629 communicationis
859 2576 1087 2631 admitti.
1118 2577 1453 2646 Quapropter
1491 2588 1580 2631 aut
1609 2577 1707 2632 do-

169 2678 321 2720 ceatur
347 2669 410 2722 ab
452 2670 708 2723 haeretica
746 2669 1154 2737 participatione
1193 2669 1450 2735 sincerus,
1485 2685 1708 2737 quorum

169 2760 305 2814 seillc
330 2760 1048 2828 eommunionipenniscuit,
1078 2770 1168 2813 aut
1198 2774 1318 2813 cum
1357 2760 1561 2815 eisdem
1605 2774 1709 2815 non

171 2861 437 2920 potestnec
468 2852 679 2920 repelli.
714 2853 769 2906 Si
796 2864 974 2906 autem
1005 2861 1282 2905 susurrant
1318 2852 1553 2907 Orientis
1597 2854 1711 2921 epi-

171 2944 307 3021 scopi,
338 2943 473 3009 quod
500 2944 569 2996 ad
594 2958 690 2996 eos
716 2942 873 3003 sedes
900 2943 1186 3009 aposttdiea
1220 2957 1324 2996 non
1352 2944 1449 2997 ista
1480 2946 1711 2997 conscri-

174 3036 326 3104 pserit,
352 3038 492 3102 quasi
534 3038 623 3090 vel
676 3036 775 3103 ipsi
814 3036 881 3088 de
924 3034 1229 3103 recipiendo
1276 3034 1507 3101 legitime
1555 3035 1712 3089 Petro

175 3130 320 3184 sedem
356 3131 706 3197 apostolicam
749 3131 860 3182 suis
917 3128 1106 3181 litteris
1149 3129 1369 3182 fecerint
1404 3105 1785 3192 certiorem,»C

176 3222 239 3273 vel
259 3222 397 3289 hujus
419 3222 749 3291 receptionis
772 3221 1055 3277 incondita:
1081 3235 1183 3273 non
1208 3220 1539 3297 jamlpariter
1564 3235 1713 3275 com-

177 3313 309 3378 plices
333 3315 683 3378 exstitissent,
716 3329 877 3381 quem
906 3314 1043 3366 sicut
1072 3328 1195 3368 vere
1222 3329 1326 3367 non
1369 3324 1589 3381 possunt
1620 3315 1715 3368 do-

182 3404 361 3457 ccreah
386 3406 643 3459 hazretica
684 3406 943 3472 pravitate
988 3405 1151 3457 fuisse
1190 3414 1491 3472 purgatum,
1544 3404 1612 3458 ita
1658 3421 1717 3460 se

184 3496 505 3549 hereticorum
534 3498 850 3548 nullatenus
866 3503 1117 3563 poterunt
1137 3509 1395 3549 excusare
1417 3506 1712 3550 consortes.

185 3586 342 3650 ‘Quod
374 3588 414 3641 si
444 3587 695 3641 fortassis
726 3587 1072 3651 astruxerint,
1103 3590 1242 3656 quod
1276 3587 1343 3640 ad
1372 3588 1716 3656 apostolicam

190 3679 329 3734 sede!
352 3680 413 3735 de
439 3681 791 3749 susceptione
822 3679 963 3733 Petri
996 3696 1089 3748 per
1115 3681 1368 3734 Acacium
1394 3682 1566 3734 cuncti
1601 3695 1720 3732 con-

195 3783 292 3824 sona
315 3772 477 3827 ‘voce
520 3773 832 3837 retulerint,
881 3787 976 3840 per
1002 3773 1248 3825 eumdem
1287 3764 1503 3827 sibimet
1533 3786 1720 3828 omnes

188 3864 278 3929 pari
295 3878 410 3919 voce
442 3865 690 3919 sentiunt
720 3864 885 3917 fuisse
916 3864 1251 3932 rescriptum.
1284 3862 1602 3931 Apastolictc
1628 3863 1717 3933 [αι.

188 3956 278 4008 vice
297 3957 543 4023 primatus
562 3955 714 4010 sedis
735 3954 1063 4025 apostolicae]
1090 3970 1217 4009 vero
1247 3954 1389 4008 sedis
1411 3956 1719 4023 auctoritas,

188 4047 299 4114 quod
320 4049 516 4102 cunctis
545 4048 761 4102 saeculis
784 4047 1104 4101 Christianis
1133 4047 1386 4100 Ecclesia:
1421 4047 1632 4113 praalata
1656 4047 1724 4099 sit

189 4138 431 4203 universa,
466 4147 521 4192 et
556 4152 825 4192 canonum
873 4139 1010 4191 serie
1050 4146 1413 4205 paternorum,
1455 4146 1508 4190 et
1550 4138 1724 4191 multi-

193 4227 289 4294 plici
318 4229 600 4284 traditione
633 4228 896 4284 firmatur.
934 4228 1037 4284 Sed
1068 4231 1149 4283 vel
1186 4229 1328 4292 hinc,
1365 4230 1383 4261 ⁷
1415 4237 1588 4283 utrum
1622 4231 1723 4284 sibi

194 4319 426 4387 quisquam
453 4330 642 4375 contra
674 4319 902 4373 Niczcna:
930 4320 1114 4389 synodi
1145 4320 1431 4375 constituta
1457 4320 1723 4388 quippiam

194 4410 331 4464 valeat
359 4427 639 4480 usurpare,
678 4412 903 4480 collegio
943 4422 1116 4480 potest
1153 4412 1306 4465 maius
1336 4414 1726 4467 communionis

198 4502 386 4569 ostendi,
428 4516 535 4556 non
588 4503 856 4556 mentibus
900 4510 1142 4555 esternze
1184 4504 1457 4557 societatis
1506 4504 1723 4571 aperiri.

202 4589 319 4655 Apud
344 4592 451 4645 illos
480 4592 525 4646 si
554 4593 672 4661 quis
700 4592 934 4654 conlidit,
972 4592 1276 4660 egrediatur
1314 4593 1364 4646 in
1396 4594 1650 4660 medium,
1676 4602 1730 4648 et

202 4684 498 4747 apostolicam
524 4683 711 4737 sedem
740 4684 806 4736 de
833 4691 1056 4751 utraque
1096 4692 1246 4751 parte
1281 4687 1519 4739 revincat
1546 4696 1598 4740 et
1634 4687 1731 4738 in—

204 4780 352 4826 struat.
374 4773 612 4828 Tollatur
642 4788 771 4841 ergo
803 4789 996 4829 nomen
1024 4789 1054 4828 e
1086 4775 1282 4839 medio,
1310 4778 1450 4843 quod
1479 4778 1731 4830 ecclesia-

209 4875 293 4913 m
323 4866 685 4919 discretionem
736 4867 917 4933 procul
973 4882 1003 4919 a
1051 4866 1313 4921 catholica
1355 4870 1733 4925 communione

214 4964 431 5022 operatur,
458 4966 516 5011 nt
537 4958 747 5011 sincera
776 4973 873 5024 pax
907 4958 1029 5012 fidei
1064 4959 1559 5030 communionisque
1582 4976 1735 5029 repa-

221 5051 327 5095 rctur
344 5048 607 5103 uanitas:
630 5057 685 5103 et
706 5060 829 5102 tunc
853 5049 971 5118 quis
993 5058 1235 5104 nostrum
1257 5062 1442 5106 contra
1469 5066 1733 5107 veneram

282 5202 303 5228 ⁸
327 5196 455 5265 liuius
481 5202 693 5257 triennii
724 5201 926 5256 initimn
965 5202 1302 5257 referendum
1332 5209 1413 5257 cst
1445 5202 1507 5259 ad
1544 5202 1605 5261 iii
1636 5218 1725 5257 an-

218 5278 323 5317 num
356 5266 605 5339 Simplicii,
643 5286 750 5341 quo
791 5271 1014 5326 Aeacius
1047 5274 1297 5327 delictum
1348 5272 1630 5335 commisit,
1671 5281 1728 5327 ut

272 5401 283 5428 ’
313 5400 374 5473 i_d.
398 5404 531 5469 cod.,
568 5402 875 5469 Timotheus,
902 5404 1102 5470 Petrus,
1127 5416 1276 5473 atque
1297 5407 1424 5458 alter
1452 5404 1727 5458 Antioche-

218 5484 287 5516 nus
310 5468 487 5525 Petrus.
866 5468 871 5469 ⁷
980 5492 987 5502 ·

270 5538 284 5613 ξ
309 5538 354 5613 |_d
380 5542 510 5602 cod.,
542 5553 666 5595 acta:
698 5544 866 5612 regula
891 5555 1243 5613 consequenter
1271 5546 1396 5599 elisi.

271 5606 283 5632 ³
312 5610 446 5663 Anno
476 5614 600 5672 478,
627 5606 892 5675 Μεῌ-ιιὸθ.
928 5606 1094 5668 Aliutn
1126 5615 1239 5671 iniit
1269 5615 1529 5671 calculum
1578 5612 1738 5669 Libe-

217 5686 329 5729 ratus
357 5694 465 5736 can.
497 5683 583 5735 l8.
615 5681 864 5736 limosis.

1813 479 1940 535 tem,
1981 477 2345 537 competenter
2390 478 2445 523 et
2486 467 2721 537 legitime
2760 468 3117 537 perquiratur.
3165 468 3232 527 Et
3280 470 3411 536 illic:

1811 561 2086 628 apparebit
2126 559 2246 628 quis
2282 558 2524 613 modesto
2552 559 2825 627 proposito
2852 557 3118 614 custodiat
3158 558 3409 627 fortnam,

1812 652 2259 720 traditionemque
2284 650 2540 719 majorum
2562 690 2579 716 ,
2612 652 2729 720 quis
2757 666 2914 720 supra
2947 652 3060 705 haec
3083 652 3385 708 irreveren-

1810 751 1891 797 ter
1917 742 2178 808 insiliens,
2217 742 2398 810 rapina
2429 742 2688 810 tequalem
2720 756 2876 811 posse
2917 742 3030 797 ﬁeri
3073 743 3385 801 arbitretur.

1807 833 1959 900 Quod
1988 833 2031 887 si
2060 832 2190 888 mihi
2215 832 2394 902 populi
2412 832 2987 900 Constantinopolitani
3015 848 3243 901 persona
3262 849 3386 902 pro-

1808 926 2043 993 ponitur,
2083 938 2178 993 per
2208 937 2366 993 quam
2408 923 2615 978 dicatur
2667 925 2863 981 nomen
2906 924 3162 989 scandali,
3213 924 3266 981 id
3304 934 3387 979 est

1807 1018 2013 1084 Acacii,
2047 1032 2153 1071 non
2186 1031 2343 1085 posse
2366 1018 2663 1081 removeri;
2693 1026 2864 1081 taceo,
2894 1017 3016 1085 quia
3041 1026 3094 1073 et
3132 1018 3406 1087 ba'retico.

1807 1112 2075 1182 quondam
2106 1110 2417 1164 Macedonio
2448 1109 2621 1179 pulso,
2646 1119 2701 1165 et
2726 1110 2973 1165 Nestorio
2995 1125 3165 1179 nuper
3190 1112 3379 1180 ejecto,

1806 1204 1958 1273 plebs
1984 1201 2578 1271 Constantinopolitana
2606 1202 2869 1257 catholica
2898 1217 3211 1271 permanere
3239 1205 3386 1265 dele-

1806 1297 1938 1367 gerit
1972 1296 2144 1365 potius
2179 1308 2336 1364 quam
2384 1292 2643 1362 majorum
2686 1296 2970 1360 praisulum
3007 1294 3382 1349 damnatorum

1807 1387 2090 1443 atiectione
2116 1385 2357 1440 retineri.
2389 1384 2585 1447 Taceo,
2614 1383 2755 1451 quod
2792 1383 2883 1451 qui
2927 1382 2995 1441 ab
3023 1383 3223 1439 eisdem
3256 1384 3397 1452 ipsis,

1807 1478 2072 1534 damnatis
2093 1476 2426 1545 praesulibus,
2455 1474 2701 1543 baptizati
2731 1474 2961 1538 fuerant,
2985 1474 3039 1535 in
3068 1474 3171 1529 fide
3190 1478 3384 1539 catho-

1808 1570 1906 1623 lica
1938 1577 2233 1629 manentes,
2267 1566 2407 1620 nulla
2434 1567 2541 1619 sint
2562 1566 2920 1633 exagitatione
2948 1565 3163 1621 turbati.
3189 1565 3383 1633 Taceo,

1810 1660 1951 1730 quod
2004 1675 2100 1729 pro
2140 1659 2300 1721 rebus
2351 1658 2571 1713 ludicris
2611 1657 2892 1726 populares
2943 1657 3199 1713 tumultus
3246 1670 3395 1725 nunc,

1808 1752 1971 1805 etiam
1986 1761 2178 1805 vestra:
2196 1750 2406 1818 pietatis
2426 1750 2716 1805 auctoritas
2742 1748 3052 1814 refrenarit;
3081 1758 3240 1819 atque
3263 1749 3387 1805 ideo

1812 1844 1978 1897 multo
2007 1844 2172 1912 magis
2200 1856 2295 1910 pro
2325 1842 2494 1896 salute
2520 1840 2816 1896 animarum
2841 1857 3056 1896 suarum
3078 1845 3386 1898 necessario

1810 1936 1964 1991 vobis
1990 1934 2593 2001 Corismntinopolitante
2630 1934 2861 1987 civitatis
2888 1933 3223 2002 obtempth
3253 1934 3388 1997 m_ul~

1812 2025 2003 2090 titudo,
2037 2026 2080 2079 si
2112 2039 2227 2078 eam
2254 2024 2318 2077 ad
2343 2024 2657 2077 catholicam
2689 2034 2743 2076 et
2767 2023 3115 2091 apostolicam
3146 2039 3387 2083 commu-

1813 2118 2028 2171 nionem
2054 2131 2148 2171 vos
2187 2116 2454 2191 principes
2490 2115 2776 2171 reducatis.
2820 2116 3051 2179 Etenim,
3101 2118 3389 2186 imperator

1812 2212 2067 2279 Auguste,
2100 2210 2143 2263 si
2174 2217 2359 2263 contra
2389 2210 2534 2278 leges
2556 2208 2792 2276 publicas
2820 2208 3019 2276 aliquid
3044 2209 3203 2279 (quod
3227 2209 3387 2281 absit)

1812 2303 2075 2371 quispiam
2107 2302 2333 2357 fortasse
2364 2310 2609 2365 tentaret,
2654 2302 2798 2357 nulla
2827 2303 2937 2371 pati
2968 2302 3023 2356 id
3062 2303 3266 2358 ratione
3293 2318 3390 2371 po-

1815 2394 2007 2448 tuisses
2034 2411 2046 2445 :
2072 2394 2138 2447 ad
2176 2392 2696 2463 Divinitatisfpuram
2732 2395 3103 2463 sinceramque
3140 2394 3388 2451 devotio-

1811 2499 1956 2548 nem,
1988 2493 2043 2537 ut
2066 2483 2157 2537 tibi
2188 2483 2340 2551 plebs
2362 2483 2573 2538 subdita
2601 2484 2891 2554 redigatur,
2924 2484 3265 2545 conscientia
3285 2494 3389 2543 tua:

1815 2594 1923 2630 non
1947 2586 2101 2646 putas
2132 2577 2430 2631 interesse?
2456 2577 2752 2643 Postremo,
2785 2577 2830 2632 si
2860 2578 3014 2632 unius
3038 2576 3267 2635 civitatis
3299 2591 3389 2646 po-

1816 2670 1922 2739 puli
1952 2671 2162 2724 animus
2191 2684 2296 2724 non
2344 2678 2557 2739 putatur
2594 2670 2811 2735 oﬂ‘endi,
2857 2685 2924 2725 ne
2964 2670 3141 2725 divina
3170 2669 3191 2740 (
3204 2678 3261 2725 ut
3303 2684 3390 2725 res

1815 2763 2069 2833 postulat)
2093 2764 2457 2832 corrigantur:
2492 2772 2692 2831 quanto
2714 2762 2899 2831 magis,
2922 2778 2990 2817 ne
3018 2763 3197 2818 divina
3218 2762 3390 2821 oﬂ'en-

1815 2857 2027 2921 dantur,
2061 2856 2309 2911 catholici
2354 2855 2585 2909 nominis
2615 2855 2876 2908 universis
2917 2855 3054 2921 piam
3094 2853 3253 2909 fidem
3293 2868 3392 2909 nec

1819 2948 2013 3002 tredere
2052 2948 2307 3001 debemus
2347 2948 2585 3010 omnino,
2619 2959 2717 2999 nec
2762 2944 3079 3013 possumus?
3118 2944 3184 2998 Et
3213 2953 3391 3001 tamen

1818 3041 1975 3095 iidem
2010 3049 2189 3093 nostra
2212 3055 2271 3093 so
2300 3047 2524 3108 poscunt
2552 3037 2824 3091 voluntate
2846 3035 3045 3091 sanari.
3076 3035 3393 3102 Competen—

1820 3134 1960 3187 tibus
1986 3147 2113 3201 ergo
2142 3131 2322 3185 sinant
2348 3130 2524 3186 curari
2560 3143 2617 3183 se
2666 3140 2823 3195 posse
2859 3125 3109 3181 remediis
3144 3143 3156 3177 :
3195 3124 3393 3193 alioqui

1821 3225 1981 3295 (quod
2018 3224 2175 3291 absit)
2219 3224 2270 3277 in
2318 3236 2504 3277 eorum
2545 3219 2872 3275 transeundo
2916 3218 3225 3287 perniciem,
3271 3230 3393 3273 cum

1819 3318 1924 3372 illis
1951 3319 2127 3386 perire
2150 3314 2460 3385 possumus,
2507 3314 2655 3381 ipSos
2685 3327 2813 3368 vero
2842 3314 3051 3367 salvare
3077 3328 3183 3367 non
3214 3325 3394 3381 possu-

1820 3424 1959 3463 mus.
1988 3408 2103 3462 Jam
2140 3407 2224 3460 hic
2259 3404 2382 3474 quid
2416 3405 2482 3458 sit
2510 3404 2676 3473 magis
2704 3402 3052 3471 sequendum,
3094 3402 3192 3456 sub
3212 3401 3395 3455 divino

1817 3502 2016 3571 judicio
2047 3509 2238 3555 vestra:
2263 3497 2609 3553 conscientiae
2641 3497 2954 3564 derelinquo
2982 3514 2993 3548 :
3029 3505 3226 3560 utrum,
3257 3493 3396 3547 sicut

1822 3607 1920 3647 nos
1946 3600 2210 3660 optamus,
2245 3589 2401 3643 simul
2432 3603 2620 3642 omnes
2657 3596 2854 3641 certam
2897 3586 3175 3640 redeamus
3208 3585 3275 3638 ad
3314 3585 3396 3637 vi-

1825 3694 1960 3749 tam;
1992 3698 2077 3747 an,
2109 3682 2246 3735 sicut
2277 3680 2348 3733 illi
2382 3689 2623 3748 poscunt,
2657 3677 2989 3731 manifestam
3018 3674 3300 3729 tendamus
3328 3673 3397 3725 ad

1822 3786 2071 3831 mrtem.
2106 3773 2211 3827 Sed
2238 3771 2410 3826 adhuc
2433 3768 2778 3839 apostolicam
2810 3766 3019 3827 sedem,
3048 3763 3148 3817 sibi
3178 3762 3397 3817 medici-

1825 3868 1964 3921 nalia
1994 3872 2385 3933 suggerentem,
2412 3859 2694 3927 superbam
2719 3870 2910 3911 vocare
2949 3863 3398 3923 arrogantetnque

1824 3956 2173 4011 contendunt.
2212 3953 2381 4005 Habet
2422 3952 2522 4004 hoc
2558 3948 2783 4018 qualitas
2818 3961 2960 4015 srcpe
3009 3945 3396 4013 languentium,

1827 4058 1881 4101 ut
1906 4053 2156 4103 accosent
2194 4043 2360 4111 magis
2386 4041 2623 4095 medicos
2644 4038 2893 4109 congruis
2934 4035 3401 4095 observationibus

1824 4139 1891 4193 ad
1922 4136 2153 4191 salubria
2180 4141 2515 4200 revocantes,
2542 4145 2699 4199 quam
2730 4138 2788 4183 ut
2816 4129 2918 4198 ipsi
2947 4142 3070 4183 suos
3100 4127 3289 4183 noxios
3308 4140 3402 4195 ap“-

1826 4228 2020 4299 petitus
2056 4228 2323 4294 deponere
2352 4224 2435 4277 vel
2478 4213 2765 4290 reprobare
2805 4219 3162 4274 consentiant.
3206 4217 3264 4272 Si
3305 4230 3403 4273 nos

1827 4320 2042 4390 superbi
2071 4333 2276 4383 sumus,
2304 4317 2323 4348 ⁸
2350 4315 2469 4384 quia
2495 4314 2793 4368 animarum
2820 4310 3057 4367 remedia
3086 4311 3403 4365 convenien-

1829 4418 1899 4469 tia
1944 4413 2330 4473 ministramus,
2361 4406 2489 4475 quid
2534 4404 2757 4459 vocandi
2805 4410 2929 4456 sunt
2965 4402 3056 4470 qui
3105 4400 3405 4455 resultant?

1834 4508 1891 4563 Si
1920 4522 2017 4561 nos
2045 4504 2256 4573 superbi
2280 4514 2484 4563 sumus,
2510 4498 2598 4566 qui
2630 4494 2982 4551 obediendum
3012 4494 3249 4562 paternis
3269 4491 3407 4546 dici-

1836 4615 1953 4653 mus
1982 4597 2267 4658 institutis;
2295 4594 2386 4662 qui
2427 4590 2781 4658 refragantur,
2812 4602 2917 4655 quo
2949 4583 3249 4654 appellandi
3285 4592 3408 4638 sunt

1841 4690 2085 4745 nomine?
2118 4688 2171 4742 Si
2192 4700 2287 4738 nos
2311 4684 2432 4736 elati
2463 4696 2662 4744 sumus,
2689 4678 2774 4746 qui
2798 4678 3032 4731 divinum
3056 4675 3255 4731 cultum
3277 4689 3409 4743 puro

1842 4789 1999 4848 atque
2026 4776 2227 4831 illibato
2251 4772 2491 4841 cupimus
2516 4780 2698 4827 tenore
2732 4765 2963 4830 servari;
2997 4765 3086 4835 qui
3112 4772 3297 4819 contra
3324 4764 3410 4816 Di-

1837 4871 2109 4924 vinitatcm
2149 4879 2361 4934 quoque
2400 4861 2661 4923 sentiunt,
2701 4858 2899 4923 dicant,
2932 4856 3160 4925 qualiter
3208 4867 3412 4908 nuncu-

1839 4959 2061 5030 pentur?
2092 4957 2179 5010 Sic
2205 4965 2258 5008 et
2293 4967 2392 5009 nos
2421 4950 2622 5015 caeteri,
2665 4950 2753 5019 qui
2792 4949 2845 5003 in
2876 4960 3056 5003 errore
3096 4953 3239 5009 sunt,
3271 4943 3411 4997 testi-

1841 5058 2005 5118 mant,
2049 5048 2189 5117 quod
2226 5060 2409 5100 eorum
2454 5057 2559 5099 non
2596 5039 2988 5095 consentiamus
3027 5035 3267 5091 insania}.
3312 5033 3413 5089 Ubi

1842 5209 1981 5266 patet
2003 5212 2170 5322 supra
2212 5198 2265 5248 in
2296 5193 2435 5247 notis
2467 5189 2809 5261 epistolarum
2851 5184 3111 5258 Simplicii
3152 5184 3218 5240 15
3243 5193 3297 5241 et
3326 5184 3412 5238 l7.

1842 5272 1963 5322 Sev.
2045 5283 2195 5322 lNlUS.
2976 5294 2979 5297 ‹

1839 5272 1963 5327 Ssv.
2003 5272 2195 5322 BINIUS.
2976 5294 2979 5297 ς

1916 5403 1933 5431 "
1964 5405 2114 5455 Anno
2148 5400 2263 5454 ’tSl.

1914 5475 1932 5502 ⁵
1958 5472 2085 5525 Cod.
2124 5472 2341 5532 Veron.,
2381 5468 2481 5533 Qui
2502 5467 2566 5520 si.

1916 5546 1933 5567 ’ί
1967 5541 2020 5594 Itl
2063 5540 2205 5609 cod.,
2239 5541 2511 5593 voluntate.

1917 5614 1933 5642 ⁷
1972 5611 2043 5663 Id.
2075 5612 2215 5673 cod.,
2250 5614 2324 5661 vel
2355 5620 2539 5659 utrum.

1919 5682 1937 5711 ⁸
1970 5679 2047 5737 1d.
2074 5680 2212 5745 C0d.,
2250 5680 2334 5745 qui
2368 5681 2673 5729 (nummum.
