3948 6314
526 360 599 421 4⁸1
1098 380 1103 387 ο
1188 392 1218 408 .-
1378 384 1387 396 ·
1443 400 1448 403 .
1882 356 2119 413 GELASI

2253 357 2387 412 LPIE
2423 359 2441 412 Ι
2990 400 2993 403 -
3706 364 3769 424 48

525 487 705 535 tamen
731 478 948 547 spiritus
968 478 1235 547 superbiae
1251 476 1514 532 veraciter
1542 473 1798 530 consistat
1828 482 1880 528 et
1908 480 2106 543 pugnet
2138 478 2190 537 Α
2212 471 2337 526 XX.
2386 472 2539 537 Quod
2559 470 2613 523 hi
2642 471 2729 540 qui
2748 485 2802 523 se
2823 470 2981 524 sacris
3004 470 3279 539 virginibus
3300 473 3508 535 sociant,
3533 482 3575 527 et
3603 476 3774 544 fadera

525 571 724 627 Veritas
751 570 863 641 ipsa
896 570 1093 626 indicat
1117 568 1214 641 [αι.
1240 565 1490 638 judicat].

1103 659 1437 716 EPISTULA
1468 658 1557 712 ιχ.

980 770 1047 807 ΑΒ
1073 765 1348 807 εριςαοιιοε
1387 765 1652 804 ΙιυϐΑΝΙίΕ.

692 845 961 899 Nonnulla
984 844 1321 898 ecclesiastica
1348 842 1580 895 instituta
1607 851 1952 910 exponuntur.

602 938 618 967 ¹
653 936 1021 991 Dilectissimis
1047 935 1299 989 fratribus
1315 932 1577 988 universis
1594 931 1862 1001 episcopis
1894 947 1986 1000 per
2014 931 2115 985 Lu-

528 1030 759 1096 caniam,
788 1037 844 1083 et
872 1027 1119 1095 Brutios,
1156 1037 1210 1081 et
1251 1026 1487 1081 Siciliam
1520 1025 1821 1079 constitutis
1846 1024 2115 1079 Gelasius.

818 1135 996 1175 TITULI
1027 1132 1379 1173 υεςιιετοιιυιι
1418 1131 1562 1169 ΡΑΡΕ
1602 1130 1828 1170 GI'ILASII.

530 1211 581 1265 I.
624 1212 701 1266 De
724 1212 1009 1265 constitutis
1050 1208 1422 1273 ecclesiasticis,
1469 1223 1561 1276 pro
1604 1205 1913 1275 temporibus
1946 1203 2117 1273 quali-

520 1298 523 1299 ν
600 1310 700 1356 tate
723 1301 1078 1356 moderandis.
1118 1305 1126 1334 ε

531 1394 615 1449 II.
660 1393 729 1448 Ut
754 1393 838 1446 ubi
859 1392 1002 1446 nulla
1028 1398 1263 1461 peruryet
1294 1389 1585 1453 necessitas,
1605 1387 1876 1441 constituta
1900 1384 2118 1439 Patrum

600 1486 844 1540 inviolata
864 1494 1153 1549 serventur;
1174 1483 1251 1536 vel
1280 1498 1394 1536 cum
1423 1481 1678 1550 defuerint
1702 1479 1895 1545 clerici,
1920 1479 1982 1532 de
2011 1494 2120 1531 mo-

600 1581 778 1633 nachis
806 1578 1085 1650 eligantur.

531 1670 650 1725 III.
695 1670 761 1725 Ut
784 1673 825 1724 si
855 1671 942 1741 qui
976 1671 1039 1723 de
1073 1668 1214 1723 laicis
1253 1666 1513 1738 eliguntur
1553 1668 1620 1718 ad
1661 1665 1923 1729 clericum,
1961 1664 2121 1718 multo

550 1776 554 1787 ‘
604 1763 871 1816 sollicitius
904 1762 957 1813 in
997 1760 1095 1825 his,
1126 1776 1183 1813 ea
1211 1774 1326 1829 quia
1350 1760 1412 1812 de
1437 1757 1699 1812 monachis
1732 1756 1869 1809 dicta
1895 1764 2013 1809 sunt
2042 1754 2123 1806 in-

550 1868 555 1877 ‘
603 1856 892 1922 quirantur.
1400 1858 1407 1865 '

534 1944 639 2001 IV.
686 1942 752 1996 Ut
781 1942 843 1995 ab
867 1941 1134 2010 episcopis,
1171 1942 1511 2011 prazceptione
1538 1954 1706 2009 papae,
1732 1951 1873 1992 novte
1900 1934 2124 1989 basilica:

607 2034 923 2088 dedicentur.
1874 2072 1885 2079 κ

540 2126 607 2180 γ.
660 2125 728 2181 Ut
764 2125 909 2179 nulla
936 2124 1132 2195 praedia
1160 2124 1300 2195 [lege
1323 2123 1527 2194 pretia]
1558 2124 1621 2177 de
1658 2121 1977 2192 baptizandis
2006 2134 2127 2172 con-

544 2238 547 2239 '
600 2218 968 2287 signandisque
1020 2214 1256 2282 fidelibus
1292 2216 1581 2284 exigantur.
1631 2213 1778 2276 Quod
1822 2213 1865 2263 si
1904 2210 1991 2277 qui
2034 2210 2128 2262 hoc

603 2306 1024 2378 perpetrauerint,
1050 2304 1257 2356 honoris
1286 2304 1369 2356 sui
1392 2302 1619 2372 periculo
1648 2303 2002 2373 subjacebunt.

538 2397 637 2453 VI.
684 2397 751 2452 Ut
773 2396 1050 2465 presbyteri
1072 2396 1278 2447 modum
1301 2393 1523 2446 debitum
1543 2404 1756 2456 servent,
1782 2410 1883 2447 non
1905 2396 2127 2448 chrisma

541 2503 547 2511 '
606 2488 897 2558 conficiant,
940 2503 1040 2540 non
1090 2486 1421 2556 consignent;
1470 2500 1558 2539 nec
1611 2496 1858 2554 prazsente
1902 2488 2127 2556 quolibet

541 2603 548 2610 ·
604 2582 862 2651 episcopo,
898 2577 996 2631 nisi
1029 2578 1313 2647 jubeantur
1350 2576 1412 2629 ab
1443 2576 1576 2644 ipso,
1617 2578 1693 2630 vel
1734 2593 1903 2639 orare,
1937 2578 2012 2630 vel
2049 2596 2130 2633 se-

539 2696 545 2707 ’
607 2676 725 2726 dere
763 2678 1096 2739 prcesumant,
1143 2684 1233 2722 nec
1279 2669 1594 2737 acolythum,
1640 2668 1716 2721 vel
1758 2668 2127 2724 subdiaconum

609 2764 822 2832 faciant.

543 2854 676 2909 VII.
721 2855 970 2909 Similiter
1004 2865 1057 2907 ut
1091 2854 1295 2907 diaconi
1328 2868 1619 2906 mensuram
1666 2854 1931 2924 propriam
1967 2854 2126 2924 juxta

609 2946 825 3000 Patrum
848 2946 1053 2999 decreta
1080 2944 1393 2998 custodiant.

542 3039 713 3095 VIII.
759 3039 908 3105 Quod
947 3040 1153 3092 diaconi
1180 3041 1232 3090 in
1269 3037 1585 3108 presbyterio
1616 3037 1838 3092 residere
1867 3054 1965 3092 non
2010 3055 2128 3106 pos-

533 3145 538 3153 '
607 3137 730 3201 sint,
755 3150 843 3187 nec
876 3134 1007 3186 sacri
1041 3133 1268 3201 corporis
1310 3131 1758 3200 prwrogationem,
1796 3132 2126 3200 prtcsentibus
2199 3166 2206 3173 -

2148 3232 2195 3295 C
2226 3227 2327 3281 XX
2344 3225 2508 3281 VIII.
2544 3227 2693 3305 Quod
2736 3228 3034 3297 episc0pus,
3082 3226 3358 3297 presbyter,
3399 3235 3445 3279 et
3484 3225 3748 3285 diaconus,
3777 3237 3805 3271 a

533 3240 540 3255 '
608 3229 788 3281 debent
816 3240 1061 3294 usurpare
1084 3222 1410 3292 presbyteris.

537 3318 642 3373 IX.
688 3317 838 3384 Quod
868 3315 1152 3382 apostolica
1174 3314 1316 3366 sedes
1340 3322 1574 3382 paternos
1595 3328 1812 3366 canones
1845 3314 1928 3382 pio
1954 3314 2121 3368 studio

606 3409 882 3477 devotaque
907 3406 1182 3459 custodiat.

536 3500 610 3557 X.
655 3498 737 3571 Ut\
771 3507 950 3567 praeter
999 3496 1237 3566 paschale
1285 3504 1479 3564 tempus
1522 3503 1567 3546 et
1614 3504 1929 3564 pentecoslen
1978 3512 2122 3549 nemo

607 3592 867 3658 baptizare
897 3600 1194 3656 prtvsumat,
1231 3589 1330 3641 nisi
1357 3604 1443 3642 eos
1481 3597 1678 3641 tantum
1712 3605 1838 3657 quos
1870 3592 2122 3660 (egritudo

530 3684 531 3707 ἶ
606 3692 834 3737 extrema
861 3682 1183 3750 compulerit.

536 3772 642 3829 XI.
689 3773 1107 3843 Presbyterorum
1137 3781 1183 3824 et
1224 3772 1556 3826 diaconorum
1588 3772 1931 3825 ordinationes
1974 3775 2123 3827 certis

602 3865 848 3918 celebrari
875 3880 1024 3932 posse
1047 3864 1378 3930 temporibus.

534 3953 675 4019 XII.
722 3953 787 4007 Ut
816 3954 1039 4022 prce/iacis
1065 3953 1239 4005 diebus
1271 3953 1490 4021 virgines
1521 3964 1894 4009 consecrentur.

519 4046 710 4102 'XIII.
756 4045 822 4100 Ut
853 4046 1020 4098 vidua:
1050 4061 1150 4097 non
1172 4046 1414 4097 velentur.

534 4140 695 4195 XIV.
741 4140 807 4193 Ut
858 4138 1027 4191 nullus
1065 4138 1255 4205 prtesul
1297 4136 1373 4188 vel
1421 4137 1666 4201 ccclesitc,
1718 4139 1794 4189 vel
1830 4140 2126 4193 monasterii

607 4246 822 4295 servum,
870 4238 957 4281 aut
1004 4226 1355 4296 originarium,
1415 4226 1695 4279 nolentibus
1748 4228 1988 4291 dominis,
2033 4229 2124 4281 sub

604 4322 808 4375 nomine
848 4320 1083 4388 religioso
1124 4318 1386 4385 defendat,
1427 4317 1633 4370 honoris
1666 4328 1711 4370 et
1761 4320 2124 4373 communionis

513 4404 517 4411 ’
608 4412 895 4483 periculum
930 4412 1188 4465 subiturus
1226 4409 1453 4480 quisquis
1495 4412 1591 4464 hoc
1620 4421 1915 4481 perpetrare
1957 4420 2123 4469 tenta-

606 4505 751 4559 verit.

2289 564 2479 616 incesta
2518 561 2863 625 commiscent,
2905 562 3276 615 communicare
3314 578 3412 615 non
3449 565 3653 632 possint,
3687 568 3775 621 nisi

2289 654 2419 719 forte
2441 652 2698 722 publicam
2727 652 3077 720 paenitentiam
3109 654 3378 721 gesserint.

2218 745 2376 799 XXI.
2421 746 2569 810 Quod
2601 746 2786 811 vidule,
2824 752 2874 798 ut
2907 745 3254 812 supradictum
3293 753 3387 808 est,
3421 761 3516 798 non
3548 747 3769 801 celentur.

2296 834 2358 889 Et
2384 836 2427 890 si
2456 837 2738 906 professum
2768 834 3126 889 continentiam
3160 836 3422 905 proposito
3464 847 3648 889 mutato
3689 835 3785 891 cal?

2293 931 2539 995 caverint,
2572 930 2694 999 ipsa?
2718 944 2812 998 pro
2839 944 2892 983 se
2919 928 3170 981 rationem
3196 928 3295 981 sint
3319 928 3432 980 ideo
3454 926 3545 996 Lai.
3572 928 3776 1000 domino]

2290 1022 2585 1075 redditurce.

2220 1113 2417 1167 XXII.
2461 1113 2611 1181 Quod
2655 1113 2874 1168 secunda
2908 1113 3151 1183 conjugia
3186 1114 3514 1166 sazcularibus
3564 1128 3659 1165 non
3706 1129 3783 1165 ne-

2293 1216 2497 1277 gentur,
2529 1206 2708 1272 quibus
2740 1214 2907 1258 tamen
2938 1204 3005 1257 ad
3028 1204 3221 1257 clerum
3257 1204 3461 1256 minime
3492 1204 3651 1255 venire
3684 1218 3785 1255 con-

2291 1301 2506 1352 ceditur.

2222 1390 2448 1444 XXIII.
2496 1390 2563 1445 Ut
2592 1393 2637 1445 si
2670 1392 2782 1460 quis
2810 1392 3085 1461 susceperit
3114 1390 3339 1444 ecclesia!
3374 1389 3595 1459 propriae
3631 1388 3785 1441 deser~

2294 1496 2475 1550 torem,
2524 1494 2572 1538 et
2604 1487 2656 1537 in
2684 1485 2911 1550 aliquant
2951 1484 3237 1551 provexerit
3287 1483 3599 1553 dignitatem,
3633 1482 3789 1549 utique

2294 1577 2557 1641 sententia:
2579 1576 2875 1645 subjaceant
2898 1592 3050 1643 quant
3075 1589 3292 1630 canones
3318 1574 3643 1625 addixerunt.

2222 1666 2438 1720 XXIV.
2486 1666 2633 1730 Quod
2654 1667 2698 1719 si
2726 1668 2813 1734 qui
2838 1682 2900 1718 ex
2931 1665 3192 1719 monachis
3232 1673 3322 1718 aut
3362 1663 3509 1717 laicis
3556 1663 3793 1729 eliguntur

2299 1760 2367 1812 ad
2397 1758 2607 1819 clerum,
2636 1773 2750 1809 cum
2774 1756 2921 1809 nulla
2949 1759 3083 1827 cogit
3114 1756 3405 1821 necessitas,
3439 1753 3648 1823 antiqua
3669 1754 3715 1805 in
3735 1753 3795 1804 eis

2152 1859 2199 1919 Β
2298 1852 2541 1905 debentur
2568 1850 2797 1903 instituta
2824 1850 3033 1901 servari.
3068 1848 3217 1915 Quod
3244 1849 3289 1901 si
3315 1848 3590 1915 probentur
3615 1860 3795 1898 sacram

2298 1943 2509 1997 mercati
2531 1958 2635 1996 esse
2665 1942 2825 2011 pretio
2855 1941 3173 2012 dignitatem,
3199 1939 3261 1992 ab
3284 1940 3445 2009 officio
3470 1940 3797 2010 deponantur,

2301 2053 2421 2090 nam
2443 2036 2649 2088 dantem
2677 2044 2721 2088 et
2748 2033 3077 2103 accipientem
3104 2033 3332 2089 Simonis
3360 2033 3501 2104 magi
3522 2032 3705 2085 crimen
3731 2028 3797 2080 in-

2300 2128 2472 2181 volvit.

2231 2219 2410 2273 XXV.
2460 2219 2536 2273 De
2577 2221 2735 2273 sacris
2781 2220 2904 2273 locis
2943 2220 3137 2273 noviter
3165 2219 3434 2284 institutis,
3479 2218 3702 2289 quamvis
3726 2232 3800 2269 su-

2300 2313 2472 2381 perius
2499 2312 2691 2365 dictum
2719 2313 2805 2373 sit.
2838 2312 2933 2364 hoc
2953 2326 3085 2363 nunc
3108 2320 3273 2364 tamen
3300 2310 3567 2379 adjicitur,
3600 2306 3801 2361 utnulla

2303 2402 2511 2455 basilica
2531 2402 2621 2453 sub
2640 2390 3296 2469 defunctorumconstructa
3316 2401 3521 2477 nomine
3539 2400 3799 2454 dedicetur.

2229 2490 2443 2545 XXVI.
2488 2492 2636 2557 Quod
2662 2493 2807 2562 nefas
2844 2495 2909 2545 sit
2938 2494 3153 2561 feminas
3184 2494 3344 2547 sacris
3378 2493 3624 2546 altaribus
3662 2492 3803 2544 mini-

2301 2590 2485 2648 strare,
2520 2582 2600 2635 vel
2628 2583 2825 2652 aliquid
2854 2598 2916 2636 ex
2955 2583 3033 2636 his
3062 2599 3176 2651 qua:
3209 2584 3431 2637 virorum
3478 2595 3596 2637 sunt
3639 2580 3801 2650 ofﬁciis

2306 2677 2549 2745 deputata
2570 2692 2898 2745 praesumere.

2236 2766 2485 2822 XXVII.
2533 2768 2685 2834 Quod
2725 2770 2780 2822 in
2815 2784 3114 2837 unaquaque
3166 2768 3378 2822 ecclesia
3424 2783 3505 2821 cui
3555 2767 3804 2836 episcOpus

2307 2873 2510 2929 prtcest,
2542 2871 2646 2915 tam
2670 2864 2732 2915 de
2764 2863 3046 2917 redditibus
3077 2878 3234 2931 quam
3262 2861 3326 2915 de
3345 2862 3577 2929 ﬁdelium
3600 2860 3805 2914 oblatio-

2301 2953 2446 3007 nibus
2494 2964 2713 3022 quatuor
2753 2954 2964 3007 debeant
3007 2954 3121 3023 ﬁeri
3165 2953 3465 3024 portiones:
3508 2963 3563 3005 ut
3606 2967 3706 3005 una
3747 2950 3806 3001 sit

2300 3045 2545 3113 episcopi,
2578 3046 2681 3097 alia
2716 3046 3037 3110 clericorum,
3083 3046 3230 3098 tertia
3282 3059 3590 3113 pauperum,
3634 3028 3804 3111 quarta

2300 3135 2527 3188 ecclesia:
2556 3136 2762 3204 fabricis
2787 3134 3092 3207 applicetur.

2295 3334 2591 3388 quocunque
2641 3319 2822 3371 clerico
2874 3319 3115 3372 veraciter
3156 3318 3307 3385 fuerit
3335 3326 3626 3380 accusatus,
3676 3313 3805 3380 quod

2212 3436 2215 3439 ν
2295 3411 2533 3465 adversus
2569 3410 2675 3464 haec
2718 3411 2988 3463 constituta
3037 3410 3233 3478 fecerit,
3266 3417 3426 3475 potest
3459 3409 3569 3461 sine
3596 3406 3797 3460 dubita.

2298 3504 2431 3556 tione
2460 3502 2690 3572 percelli,
2720 3503 2798 3554 sui
2828 3502 2980 3554 etiam
3003 3501 3207 3555 honoris
3238 3501 3525 3571 periculum
3546 3502 3804 3569 episcopus

2211 3620 2214 3629 ν
2297 3596 2575 3659 subiturus,
2604 3596 2647 3647 si
2675 3595 2784 3647 hcce
2809 3597 2981 3647 omnia
3006 3594 3227 3647 ecclesia:
3259 3595 3513 3647 noscenda
3543 3593 3775 3646 tacuerit.

2298 3690 2317 3717 ²
2352 3686 2529 3740 (ΞΑρυτ
2568 3702 2788 3740 ruinosi.
2825 3716 2893 3725 —
2916 3686 3224 3740 Necessaria
3264 3701 3440 3741 rerum
3477 3687 3496 3715 ³
3534 3685 3807 3755 dispensa-

2229 3779 2371 3835 tione
2396 3779 2470 3850 [al
2498 3780 2857 3847 disputatione
2878 3777 3340 3847 veldispositionej
3371 3778 3805 3843 conStringimur,

2229 3883 2283 3925 ct
2310 3872 2617 3942 apostolicae
2646 3872 2787 3926 sedis
2815 3871 3178 3926 moderamine
3204 3871 3584 3937 convenimur;
3614 3871 3692 3925 sic
3715 3884 3806 3924 ca-

2232 3976 2435 4016 nonum
2470 3971 2811 4030 paternorum
2850 3963 3061 4015 decreta
3095 3961 3307 4026 librare,
3343 3969 3397 4015 et
3426 3971 3572 4016 retro
3613 3974 3809 4027 praesu-

2230 4052 2340 4106 lttm
2363 4052 2815 4119 decessorumque
2857 4062 3161 4106 nostrorum
3194 4059 3458 4127 prmcepta
3510 4052 3710 4115 metiri,
3755 4058 3811 4104 ut

2230 4158 2349 4213 qucc
2382 4143 2723 4211 pricsentium
2774 4144 3063 4197 necessitas
3106 4151 3403 4212 temporum
3444 4141 3809 4199 restaurandis

2233 4232 2491 4288 Ecclesiis
2514 4234 2805 4288 relaxanda
2836 4233 3097 4301 deposcit,
3122 4234 3357 4289 adhibita
3379 4235 3809 4291 consideratione

2228 4322 2488 4393 diligenti,
2517 4334 2770 4393 quantum
2795 4334 2971 4395 potest
2996 4325 3131 4393 fieri,
3158 4337 3544 4395 temperemus;
3580 4343 3686 4397 quo
3712 4340 3810 4382 nec

2228 4415 2279 4468 in
2312 4423 2483 4468 totum
2508 4414 2731 4469 formam
2767 4427 3005 4470 veterum
3046 4416 3324 4471 videamur
3360 4419 3622 4473 excedere
3654 4400 3811 4486 regu‘

2229 4505 2422 4570 larum,
2447 4514 2502 4559 et
2524 4506 2837 4573 reparandis
2868 4508 3069 4561 militia:
3089 4508 3356 4562 clericalis
3383 4510 3575 4563 ofticiis
3604 4508 3810 4578 [supple

531 4598 579 4652 X
594 4598 657 4652 γ.
705 4596 773 4651 Ut
795 4596 964 4651 clerici
989 4593 1335 4663 nullanegotia
1359 4593 1644 4658 inhonesta,
1671 4610 1759 4649 nec
1786 4595 1955 4665 turpia
1978 4596 2123 4650 lucra
2151 4596 2205 4655 D
2229 4598 2593 4668 consulamus]
2615 4614 2733 4667 qua:
2758 4614 2853 4667 per
2888 4600 3130 4654 diversas
3158 4602 3333 4669 Italite
3358 4611 3535 4668 partes
3577 4604 3646 4653 ita
3681 4601 3807 4673 belli

605 4699 883 4743 sectentur.

529 4781 578 4835 X
594 4781 691 4835 Vl.
738 4781 779 4834 Ι]
788 4792 805 4834 ι
828 4795 973 4835 nemo
1001 4781 1194 4834 litteras
1216 4796 1458 4847 nesciens,
1483 4779 1559 4834 vel
1589 4780 1759 4851 aliqua
1779 4791 1921 4849 parte
1941 4797 2122 4851 corpo-

600 4876 672 4930 ris
702 4879 945 4941 minutus,
968 4874 1271 4943 provehatur
1290 4876 1357 4926 ad
1385 4874 1601 4927 clerum.-

528 4968 576 5021 X
598 4968 727 5023 VII.
778 4970 855 5024 De
875 4971 951 5023 his
973 4970 1057 5038 qui
1080 4969 1271 5037 seipsos
1301 4967 1620 5021 abscindunt.

532 5060 763 5117 XVIII.
807 5064 956 5129 Quod
996 5061 1075 5115 ad
1102 5060 1293 5115 clerum
1322 5058 1582 5112 criminosi
1619 5067 1866 5127 nequeant
1910 5074 2116 5128 promo~

603 5152 728 5218 veri,
750 5161 795 5203 et
825 5153 878 5203 in
904 5152 1037 5204 clero
1067 5151 1240 5219 positi,
1271 5150 1313 5203 si
1341 5150 1393 5202 in
1425 5148 1681 5217 aliquibus
1712 5148 1900 5218 fuerint
1928 5146 2113 5204 inventi

602 5243 832 5314 ﬂagitiis,
858 5258 891 5294 a
917 5243 1020 5295 suis
1052 5242 1223 5309 ofﬁciis
1251 5249 1545 5294 arceantur.

530 5334 691 5388 XIX.
734 5332 883 5398 Quod
904 5330 1145 5385 dtemonis
1173 5330 1388 5399 aliisque
1416 5332 1734 5400 passionibus
1764 5330 1973 5385 irretitis
2013 5332 2108 5385 mi-

604 5424 813 5478 nisteria
841 5438 987 5476 sacra
1018 5428 1234 5474 tractare
1264 5435 1364 5473 non
1393 5420 1563 5475 liceat.

606 5582 623 5610 ι
650 5578 708 5633 ln
736 5578 1095 5633 vetustissimo
1116 5575 1339 5630 Lucensi
1366 5575 1485 5630 cod.
1522 5590 1667 5629 num.
1702 5577 1806 5631 690
1836 5579 1935 5634 iste
1967 5579 2095 5632 titu-

532 5651 614 5703 lus
641 5650 715 5703 sic
736 5650 1042 5705 enuntiatur
1069 5668 1079 5700 :
1104 5646 1336 5701 Gelasius
1357 5646 1619 5716 episcopus
1642 5649 1886 5702 universis
1909 5652 2103 5712 episco-

531 5723 608 5790 pis
646 5736 734 5790 per
772 5735 1177 5787 unamquamque
1214 5718 1522 5790 provinciam
1564 5718 1863 5771 constitutis.
1915 5720 2098 5773 Mausr.

600 5794 621 5823 ³
651 5789 852 5845 (litatur
878 5800 927 5843 et
954 5804 982 5841 a
1015 5790 1231 5843 Nicolao
1264 5803 1396 5848 pana
1432 5789 1481 5841 in
1509 5792 1647 5846 epist
1699 5791 1729 5842 8
1760 5790 1823 5841 ad
1866 5789 2068 5845 Michae

2226 4689 2488 4760 famisque
2508 4690 2528 4719 ‘
2552 4692 2883 4761 consumpsit
2909 4693 3161 4758 incursio,
3194 4704 3248 4746 ut
3280 4692 3331 4746 in
3356 4694 3534 4745 multis
3560 4692 3810 4749 ecclesiis

2227 4781 2391 4850 (sicut
2418 4782 2598 4836 fratris
2623 4791 2675 4837 ct
2698 4784 3002 4853 coepiscopi
3035 4785 3201 4838 nostri
3232 4784 3451 4838 Joannis
3485 4785 3809 4839 Ravennatis

2229 4871 2484 4927 Ecclesia:
2506 4873 2819 4938 sacerdotis,
2847 4874 3110 4943 frequenti
3140 4874 3400 4927 relatione
3420 4874 3808 4943 comperimus)

2228 4978 2609 5034 usquequaque
2636 4966 2915 5021 deficiente
2935 4967 3154 5021 servitio
3186 4966 3545 5018 ministrorum
3568 4963 3663 5033 [al.
3701 4968 3807 5023 mi-

2224 5054 2587 5125 nisteriorum]
2620 5056 2640 5086 ⁸
2663 5056 2764 5110 nisi
2786 5057 3106 5111 remittendo
3127 5056 3393 5124 paulisper
3422 5054 3807 5113 ecclesiasticis

2221 5150 2643 5217 promotionibus
2660 5151 2948 5220 antiquitus
2963 5148 3235 5203 intervalla
3253 5146 3473 5214 praefixa
3490 5159 3807 5203 remaneant

2222 5240 2360 5311 (sine
2381 5242 2575 5310 quibus
2604 5241 2982 5296 administrare
3013 5236 3302 5308 nequeant)
3328 5234 3501 5309 sacris!
3524 5240 3803 5315 ordinibus

2219 5333 2470 5388 Ecclesite
2494 5333 2729 5388 funditus
2743 5333 3005 5389 destitutae
3022 5348 3034 5395 ;
3050 5322 3208 5400 atque
3232 5332 3284 5385 in
3302 5333 3542 5400 plurimis
3558 5334 3687 5387 locis
3699 5348 3802 5401 per

2219 5424 2449 5493 inopiam
2470 5425 2823 5495 competentis
2842 5423 3041 5489 auxilii,
3061 5412 3291 5479 salutare
3321 5416 3615 5499 Subsidium
3650 5424 3798 5487 redi-

2210 5578 2313 5632 letn
2345 5577 2741 5645 imperatorem.
2778 5577 3040 5634 "annum.
3078 5558 3079 5561 Ἴ

2284 5646 2303 5676 ⁸
2334 5647 2465 5699 (Iod.
2504 5646 2655 5711 Luc.,
2687 5648 3032 5716 dispositione.

2283 5716 2302 5745 ‘
2328 5717 2399 5788 Id.
2431 5716 2575 5775 cod.,
2611 5721 2990 5788 consumpserit.
3046 5736 3049 5739 λ

2284 5788 2302 5815 ⁸
2336 5787 2410 5840 id.
2445 5788 2587 5849 coit,
2620 5792 2710 5842 nil.
