3948 6314
151 372 206 426 49
1062 420 1071 429 ,
1316 360 1667 416 ΕΡΙΞΤΟΙηΕ

1833 359 2006 415 DECR
2015 359 2167 415 E'I‘A.
2314 362 2319 367 ’
2755 390 2764 397 -
3308 359 3378 414 50

158 483 431 538 tuendarum
460 479 599 533 desit
621 477 951 531 animarum:
988 488 1188 544 nosque
1212 489 1401 542 magno
1424 485 1603 539 reatu,
1654 475 1696 527 si
1730 489 1779 545 Α
1808 474 2057 541 rogandis
2093 484 2355 525 canonum
2380 477 2718 539 paternorum
2750 476 2902 525 vetus
2923 468 3088 523 forma
3115 477 3374 522 servetur.

158 586 278 629 tanto
313 580 616 627 coarctante
654 569 909 640 periculo,
947 582 1052 621 non
1103 566 1438 634 aliquatenus
1471 568 1483 596 ¹
1515 568 1696 620 videa-

160 683 257 720 tnur
277 665 483 719 innecti.

216 753 329 805 CAP.
353 750 410 803 Il.
434 778 505 788 —
529 746 732 801 Priscis
762 746 921 815 igitur
944 758 1036 813 pro
1057 744 1137 798 sui
1160 743 1454 797 reverentia
1487 756 1702 796 manen-

160 845 280 897 tibus
301 841 620 902 constitutis;
657 853 799 907 quar,
829 837 918 890 ubi
946 836 1083 889 nulla
1109 836 1195 889 vel
1231 850 1412 889 rerum
1443 836 1527 887 vel
1570 844 1705 888 tem-

161 950 327 1003 porum
353 940 584 999 perurget
613 929 880 997 angustia,
910 927 1221 997 regulariter
1241 925 1495 980 convenit
1521 934 1702 978 custo-

167 1027 285 1091 dire,
310 1033 507 1079 euenus
550 1020 796 1077 ecclesiis
825 1035 945 1088 qua:
973 1019 1051 1073 vel
1083 1018 1294 1072 cunctis
1322 1025 1446 1070 sunt
1483 1018 1701 1084 privatae

171 1114 406 1180 ministris,
422 1113 498 1167 vel
509 1112 901 1166 sufficientibus
918 1125 1081 1179 usque
1092 1110 1225 1163 adeo
1239 1108 1529 1177 dispoliatai
1544 1106 1703 1160 servi-

168 1209 256 1272 tiis,
270 1218 316 1261 ut
334 1204 568 1276 plebibus
584 1204 652 1258 ad
674 1219 731 1258 se
746 1202 1129 1272 pertinentibus
1148 1201 1227 1254 div
1241 1203 1321 1253 ina
1343 1214 1563 1253 munera
1580 1213 1699 1265 sup-

167 1300 289 1368 plere
315 1312 412 1352 non
434 1299 670 1364 valeant,
702 1304 809 1349 tam
850 1303 872 1332 ι
901 1293 1135 1347 intuendi
1167 1308 1325 1360 quam
1355 1290 1701 1359 promerendi

166 1389 389 1445 clericalis
407 1388 652 1457 obsequii
673 1387 753 1441 sic
773 1385 941 1454 spatia
959 1382 1316 1453 dispensanda
1335 1381 1697 1437 concedimus.

189 1508 197 1520 -
221 1480 281 1536 Ut
303 1482 343 1534 si
370 1479 487 1549 quis
513 1480 673 1533 etiam
696 1476 765 1531 de
791 1477 1043 1544 religioso
1074 1474 1364 1543 proposito,
1395 1480 1449 1525 et
1467 1472 1701 1540 discipli-

159 1571 228 1625 nis
278 1570 731 1625 monasterialibus
786 1566 1051 1631 eruditus,
1103 1565 1166 1619 ad
1224 1564 1469 1633 clericale
1510 1577 1701 1616 munus

156 1664 371 1727 accedat,
397 1661 660 1730 imprimis
698 1660 814 1728 ejus
843 1660 947 1712 vita
989 1657 1272 1727 prmteritis
1300 1666 1416 1710 acta
1450 1655 1700 1723 tempori-

152 1754 240 1809 bus
260 1756 562 1824 inquiratur.
587 1752 632 1806 si
669 1751 814 1807 nullo
844 1750 988 1821 gravi
1021 1750 1256 1803 facinore
1286 1748 1540 1817 probatur
1568 1744 1702 1799 infe-

1805 567 1916 621 Nec
1944 576 2131 619 contra
2171 577 2265 617 eos
2293 562 2397 616 ulla
2427 563 2633 617 ratione
2661 562 2963 632 praavaleat,
2993 559 3132 630 quod
3163 574 3257 629 pro
3284 574 3377 614 ac-

1807 656 2034 711 cidentis
2065 655 2303 709 defectus
2344 653 2583 709 remedio
2611 652 2938 721 providetur,
2972 666 3077 706 non
3124 651 3378 705 adversus

1803 746 1937 802 scita
1964 746 2227 813 majorum
2260 760 2394 799 nova
2440 745 2556 814 lege
2578 744 2893 813 proponitur
2918 760 2931 797 :
2963 743 3171 797 caeteris
3197 742 3375 796 eccle-

1801 840 1895 895 siis
1939 840 2005 894 ab
2046 838 2144 892 hac
2194 837 2474 892 occasione
2502 836 2862 904 cessantibus,
2903 849 3031 905 quas
3064 848 3167 888 non
3214 834 3376 887 simili

1802 929 1954 986 clade
2009 936 2259 993 vastatas,
2312 928 2590 998 pristinam
2643 926 2899 982 faciendis
2952 924 3377 981 ordinationibus

1803 1022 2053 1076 convenit
2078 1030 2263 1077 tenere
2284 1020 2626 1075 sententiam.
2652 1020 2770 1086 Quo
2800 1018 2967 1087 magis
2997 1020 3095 1095 hac
3124 1025 3377 1086 opportu-

1804 1115 1972 1168 nitate
2014 1114 2347 1177 commoniti,
2381 1114 2774 1168 observantiam
2819 1110 3243 1165 venerandorum
3289 1122 3378 1160 ca-

1805 1220 2002 1257 nonum
2036 1204 2353 1273 propensius
2383 1202 2712 1271 delegamus,
2765 1202 3092 1269 singulorum
3114 1197 3376 1268 graduum

1806 1298 2167 1350 conscientias
2197 1297 2573 1361 admonentes,
2606 1310 2673 1349 ne
2703 1298 2754 1348 in
2793 1293 3005 1349 illicitos
3028 1304 3378 1362 prorumpere

1802 1390 2087 1442 moliantur
2107 1402 2386 1443 excessus.
2665 1457 2668 1461 .

1872 1478 1980 1533 Nec
2009 1480 2088 1532 fas
2105 1494 2222 1534 esse
2247 1479 2482 1533 confidat
2509 1479 2734 1548 quisque
2764 1477 3095 1548 pontificum,
3115 1477 3374 1547 higamos,

1802 1581 1891 1626 aut
1918 1571 2162 1639 conjugia
2208 1572 2497 1627 Sortientes
2526 1572 2594 1625 ab
2623 1571 2743 1626 aliis
2772 1570 3048 1635 derelicta,
3082 1571 3194 1623 sive
3220 1583 3379 1637 quos-

1802 1663 1927 1716 libet
1957 1664 1976 1693 ⁸
2007 1663 2378 1731 ρωηὶιεηιὶυηι
2410 1662 2506 1735 [αι.
2536 1671 2655 1731 post
2705 1659 3121 1732 paenitentiam],
3153 1660 3235 1713 vel
3262 1660 3382 1713 sine

1802 1754 2012 1819 litteris,
2028 1754 2110 1807 vel
2134 1769 2360 1821 corpore
2376 1755 2587 1808 vitiatos
2606 1752 2698 1825 [αι.
2720 1752 3093 1823 minutos],vel
3113 1750 3378 1805 conditio-

152 1854 273 1909 clus,
293 1846 331 1898 si
352 1844 641 1899 secundam
672 1858 775 1898 non
809 1840 1243 1897 habuitfortassis
1274 1855 1513 1902 uxorem,
1546 1854 1643 1892 nec
1669 1854 1698 1892 a

1807 1846 2005 1911 narios,
2024 1854 2114 1898 aut
2130 1845 2291 1899 curia:
2307 1845 2745 1914 publicarumque
2764 1860 2943 1898 rerum
2962 1844 3183 1896 nexibus
3202 1841 3377 1908 impli-

152 1936 325 1989 marito
371 1936 610 1990 relictam
685 1934 778 2005 [αι.
841 1932 1115 2003 rejectam]
1175 1932 1393 1985 sortitus
1460 1929 1697 1983 ostendi-

149 2035 252 2087 tur;
281 2025 321 2079 si
349 2024 715 2093 paenitentiam
772 2022 1038 2092 publicam
1082 2021 1325 2077 fortaSsis
1367 2035 1469 2073 non
1512 2020 1694 2088 gessit,

147 2131 233 2169 nec
260 2116 361 2169 ulla
389 2117 630 2183 corporis
660 2124 811 2183 parte
853 2114 1063 2167 vitiatus
1114 2120 1366 2181 apparet;
1421 2114 1463 2165 si
1514 2110 1695 2165 servili

147 2215 227 2259 aut
251 2206 543 2275 originaria:
574 2220 678 2259 non
703 2214 785 2259 est
809 2204 1104 2259 conditioni
1129 2204 1424 2266 obnoxius;
1467 2203 1511 2255 si
1534 2202 1698 2256 curia:

145 2298 239 2366 jam
265 2298 349 2369 lat.
374 2296 556 2367 etiam]
577 2298 833 2366 probatur
867 2298 1091 2351 nexibus
1119 2296 1423 2358 absolutus;
1472 2295 1514 2347 si
1546 2309 1697 2348 asse-

146 2396 281 2441 cutus
326 2396 409 2443 est
453 2388 681 2451 litteras,
715 2388 832 2441 sine
880 2388 1069 2456 quibus
1101 2387 1185 2441 vix
1220 2385 1461 2439 fortassis
1498 2385 1698 2438 ostiarii

146 2478 297 2546 possit
335 2479 559 2547 implere
588 2478 941 2532 ministerium
977 2496 990 2531 :
1023 2487 1076 2530 ut
1106 2478 1150 2531 si
1192 2477 1274 2531 his
1304 2476 1552 2529 omnibus
1581 2490 1699 2544 qua:

142 2579 253 2625 sunt
277 2572 526 2639 praedicta
562 2570 803 2633 fulcitur,
841 2570 1092 2623 continuo
1115 2569 1301 2634 lector,
1328 2568 1409 2621 vel
1440 2568 1696 2633 notarius,

140 2671 218 2715 aut
244 2671 382 2715 certe
403 2661 659 2716 defensor
690 2661 934 2724 effectus,
960 2669 1078 2729 post
1117 2668 1227 2713 tres
1265 2674 1477 2713 menses
1505 2658 1702 2711 existat

140 2753 420 2822 acolythus,
464 2751 699 2805 maxime
722 2750 767 2804 si
821 2749 945 2803 huic
974 2760 1101 2802 mtas
1140 2748 1300 2803 etiam
1350 2746 1698 2815 suffragatur;

140 2850 276 2896 sexto
296 2856 479 2897 mense
509 2840 819 2896 subdiaconi
843 2854 1033 2893 nomen
1056 2839 1307 2906 accipiat;
1356 2853 1418 2891 ac
1441 2837 1485 2890 si
1519 2836 1703 2889 mode-

140 2942 225 2986 stae
270 2932 698 2987 coiiversationis
750 2931 1093 2999 honestaeque
1143 2929 1430 2983 voluntatis
1481 2927 1700 2995 existit,

142 3040 268 3079 nono
287 3039 470 3078 mense
492 3023 771 3088 diaconus,
810 3021 1180 3094 completoque
1218 3035 1359 3074 anno
1389 3020 1456 3074 sit
1479 3019 1703 3090 presby-

143 3116 344 3171 terzcui
366 3126 566 3178 tamen,
596 3113 737 3184 quod
764 3128 1025 3168 annorum
1059 3112 1339 3167 interstitia
1361 3111 1570 3166 fuerant
1589 3110 1703 3165 col-

1796 1946 2071 2001 catos,aut
2093 1937 2287 2003 passim
2308 1937 2446 1990 nulla
2466 1937 2722 2005 temporis
2744 1935 3088 2005 congruentis
3104 1943 3377 2003 exspecta-

1800 2029 1942 2081 tione
1962 2028 2253 2089 discussos,
2275 2026 2467 2080 divinis
2479 2026 2772 2081 servituros
2787 2026 3055 2094 applicare
3075 2024 3374 2093 mysteriis;

1799 2132 1973 2186 neque
2013 2103 2110 2187 p'ro
2147 2131 2244 2169 suo
2268 2117 2417 2170 libitu
2442 2118 2561 2184 jura
2583 2115 2830 2170 studeant
2860 2116 3032 2169 aliena
3064 2118 3375 2182 pervadere,

1798 2209 1997 2277 absque
2025 2208 2169 2262 sedis
2196 2208 2501 2277 apostolica:
2517 2207 2660 2276 justa
2690 2206 3037 2275 dispositione
3069 2206 3373 2259 mandante.

1873 2298 1999 2352 Car.
2028 2298 2114 2352 IV.
2144 2329 2215 2339 —-
2242 2299 2493 2352 Basilicas
2526 2298 2732 2352 noviter
2764 2296 3033 2350 institutas
3060 2312 3163 2351 non
3198 2295 3375 2362 petitio

1803 2405 1867 2443 ex
1929 2404 2083 2445 more
2112 2390 2132 2420 ⁸
2163 2388 2633 2457 praeceptionibus,
2664 2388 2913 2443 dedicare
2967 2401 3072 2440 non
3123 2385 3375 2449 audeant,

1802 2498 1900 2537 nec
1943 2482 2182 2537 ambiant
2210 2482 2445 2552 episcopi
2476 2480 2691 2536 sibimet
2736 2479 3009 2534 vindicare
3032 2478 3260 2533 clericos
3282 2492 3377 2546 po-

1802 2575 2006 2630 testatis
2026 2575 2235 2628 alienas.

1872 2664 2002 2718 CAP.
2037 2663 2105 2718 ν.
2135 2692 2203 2703 -
2233 2662 2574 2732 Baptizandis
2600 2661 3085 2732 consignandisque
3135 2660 3377 2715 fidelibus

1812 2754 2121 2810 sacerdotes
2168 2755 2335 2823 pretia
2376 2754 2519 2808 nulla
2567 2754 2862 2822 praefigunt,
2910 2768 3010 2807 nec
3054 2751 3378 2805 illationibus

1804 2847 2126 2917 quibuslibet
2170 2846 2432 2916 impositis
2459 2846 2729 2915 exagitare
2755 2845 2969 2912 cupiant
2997 2851 3337 2897 renascentes
3363 2858 3376 2894 :

1804 2938 2054 3007 quoniam
2086 2937 2226 3005 quod
2248 2938 2413 3005 gratis
2445 2936 2769 3003 accepimus,
2802 2936 2968 3004 gratis
2997 2934 3126 2987 dare
3150 2931 3371 2986 manda-

1806 3042 1927 3080 mur
1979 3025 2191 3096 (Matth.
2224 3024 2297 3095 x).
2356 3024 2421 3078 Et
2476 3024 2596 3077 ideo
2627 3023 2756 3076 nihil
2784 3038 2812 3075 a
2847 3020 3114 3091 praedictis
3162 3033 3379 3089 prorsus

1808 3118 2021 3186 exigere
2049 3115 2479 3183 moliantur,quo
2500 3104 2583 3167 ὕει
2612 3121 2920 3182 paupertate
2943 3122 3169 3191 cogente
3196 3111 3375 3165 deti-r-

143 3207 331 3272 latura,
378 3210 551 3261 sancti
604 3205 862 3275 propositi
915 3213 1103 3273 sponte
1150 3211 1395 3272 suscepta
1451 3200 1777 3261 doceaturC
1808 3208 1918 3273 riti,
1977 3207 2061 3261 vel
2106 3206 2472 3275 indignatione
2521 3198 2787 3270 i-evocati,
2844 3203 3230 3271 redemptionis
3263 3215 3374 3255 sua:

143 3300 436 3365 prmstitisse
459 3298 690 3352 devotio.

203 3388 221 3419 '
257 3389 379 3443 Car.
421 3389 511 3442 ΙΙΙ.
542 3417 617 3429 -—
641 3388 696 3443 Si
726 3402 853 3442 vero
875 3386 943 3442 de
967 3387 1117 3442 laicis
1160 3386 1421 3456 quispiam
1451 3386 1704 3441 ecclesia-

144 3478 274 3533 sticis
319 3490 399 3533 est
450 3478 823 3548 aggregandus
854 3476 1064 3542 officiis,
1115 3487 1279 3532 tanto.
1316 3477 1602 3532 sollicitius
1650 3478 1704 3531 in

146 3568 372 3638 singulis,
400 3584 522 3637 quas
543 3569 795 3638 superius
822 3570 1207 3637 comprehensa
1232 3576 1374 3632 sunt,
1400 3566 1705 3635 hujusmodi

146 3659 276 3712 decet
304 3660 601 3714 examinari
644 3672 949 3728 personam,
995 3668 1254 3727 quantum
1313 3658 1457 3711 inter
1485 3656 1707 3723 munda-

150 3764 256 3802 nam
304 3751 715 3821 religiosamque
764 3751 923 3804 vitam
946 3758 1155 3805 constat
1197 3763 1316 3804 esse
1345 3747 1703 3802 discriminis:

149 3840 258 3907 quia
289 3842 467 3911 utique
518 3842 891 3897 convenientia
940 3842 1182 3897 ecclesia:
1228 3841 1523 3895 ministeria
1555 3854 1710 3907 repa-

145 3931 292 3984 randa
321 3944 471 3995 sunt,
497 3946 603 3986 non
633 3932 1133 3987 inconvenientihus
1164 3930 1703 3998 meritisingerenda;

144 4029 377 4093 tantoque
406 4024 605 4093 magis,
633 4024 774 4092 quod
804 4023 972 4077 sacris
996 4031 1175 4091 aptum
1206 4022 1374 4091 possit
1392 4036 1511 4076 esse
1539 4022 1706 4076 servi-
1744 4080 1747 4083 _

143 4115 235 4178 tiis,
291 4120 342 4169 in
372 4131 596 4173 .eorum
633 4114 980 4183 quaerendum
1011 4123 1093 4168 est
1141 4113 1416 4177 institutis,
1449 4121 1705 4181 quantum

146 4204 220 4271 [aL
253 4206 483 4278 quanto]
514 4208 582 4261 de
607 4216 848 4276 tempore
865 4222 974 4276 quo
998 4206 1338 4260 fueranthazc
1375 4204 1706 4274 assequenda

142 4296 461 4365 decerpitur:
485 4308 541 4352 ut
567 4314 773 4352 morum
803 4298 1001 4353 habere
1031 4299 1283 4352 doceatur
1311 4298 1411 4351 hoc
1444 4299 1701 4366 probitas,

142 4390 262 4455 quod
291 4390 560 4458 prolixior
590 4389 919 4443 consuetudo
946 4404 1055 4442 non
1096 4389 1356 4452 contulit;
1395 4403 1460 4442 ne
1491 4403 1585 4455 per
1616 4402 1707 4440 oc-

146 4482 394 4535 casionem
449 4482 766 4550 supplenda:
806 4482 1041 4549 penuria:
1078 4482 1342 4535 clericalis
1373 4484 1497 4534 vitia
1528 4481 1705 4550 potius

1805 3314 1996 3355 causas
2026 3300 2173 3353 adire
2198 3299 2531 3366 despiciant;
2560 3306 2765 3353 certum
2796 3296 3054 3351 habentes
3096 3296 3237 3364 quod
3284 3293 3389 3363 qui

1808 3393 2069 3460 prohibita
2102 3391 2421 3459 deprehensi
2470 3390 2670 3444 fuerint
2696 3390 2997 3452 admisisse,
3023 3390 3106 3443 vel
3127 3386 3377 3442 commis-

1808 3498 1863 3536 sa
1892 3499 1995 3535 non
2015 3484 2190 3551 potius
2207 3496 2301 3535 sua
2320 3490 2511 3550 sponte
2531 3481 2883 3544 correxerint,
2912 3477 3205 3548 periculum
3236 3477 3379 3531 subi-

1811 3575 1913 3627 turi
1944 3574 2140 3641 proprii
2171 3573 2276 3627 sint
2299 3572 2537 3628 honoris.

1880 3665 2007 3719 CAP.
2041 3664 2127 3717 Vl.
2170 3692 2230 3704 -—
2261 3664 2367 3718 Nec
2409 3662 2587 3718 minus
2627 3663 2797 3729 ,etiam
2843 3660 3182 3731 presbyteros
3247 3660 3383 3718 ultra

1812 3759 2027 3812 modum
2072 3772 2225 3811 suum
2271 3758 2492 3810 tendere
2522 3755 2907 3825 prohibemus;
2956 3768 3053 3806 nec
3094 3751 3382 3818 episcopali

1810 3852 2017 3919 fastigio
2042 3849 2216 3903 debita
2245 3848 2456 3901 sibimet
2478 3847 2732 3900 audacter
2752 3857 3028 3897 assumere
3057 3858 3069 3895 :
3105 3856 3210 3894 non
3240 3855 3375 3894 cono

1812 3940 2022 3994 ficientli
2053 3938 2394 4000 chrismatis,
2445 3950 2549 3989 non
2595 3931 3019 4003 consignationis
3065 3930 3384 4000 pontificalis

1811 4030 2129 4084 adhibendm
2158 4027 2625 4093 sibimetarripere
2655 4024 2993 4087 facultatem;
3021 4037 3127 4076 non
3151 4034 3386 4090 prtesen-

1809 4133 1863 4177 te
1889 4121 2124 4191 quolibet
2149 4119 2407 4182 antistite,
2435 4118 2535 4171 nisi
2568 4117 2793 4171 fortasse
2814 4116 3120 4185 iubeantur,
3148 4113 3232 4168 vel
3258 4128 3384 4167 ora-

1810 4214 1989 4277 tionis,
2021 4214 2101 4267 vel
2133 4212 2355 4266 actionis
2385 4225 2552 4265 sacrae
2590 4208 2898 4278 supplendee
2927 4208 3026 4261 sihi
3060 4215 3385 4276 praesumant

1750 4376 1753 4379 _
1808 4320 1928 4361 esse
1960 4306 2258 4366 licentiam;
2286 4318 2457 4371 neque
2477 4302 2576 4356 sub
2613 4302 2727 4369 ejus
2753 4308 2992 4368 aspectu,
3035 4300 3133 4354 nisi
3161 4298 3387 4367 jubean-

1810 4407 1915 4460 tur,
1938 4405 2027 4448 aut
2047 4395 2237 4448 sedere
2266 4402 2609 4461 prtesumant,
2638 4399 2729 4445 aut
2754 4393 2773 4423 ⁷
2798 4390 3093 4459 veneranda
3110 4391 3203 4461 [αι.
3227 4403 3388 4443 vene-

1810 4483 2024 4554 rabilia]
2062 4494 2291 4537 tractare
2322 4481 2591 4552 mysteria.
2636 4481 2743 4535 Nec
2760 4482 2866 4534 sibi
2912 4481 3254 4535 meminerint
3280 4480 3389 4534 ulla

146 4570 310 4627 titinis
333 4573 581 4627 cultibus
607 4572 847 4626 intulisse
862 4571 1333 4640 "judicemurmon
1360 4571 1610 4639 legitimae
1628 4572 1708 4623 fa-
1737 4560 1789 4619 D
1819 4579 2023 4632 ratione
2051 4576 2293 4639 concedi,
2318 4575 2433 4629 sine
2462 4590 2673 4628 summo
2704 4575 2973 4642 pontifice,
3006 4572 3387 4626 subdiaconum

147 4663 277 4719 milia:
322 4674 713 4735 computemur
743 4664 1056 4733 procurasse
1104 4663 1453 4731 compendia;
1483 4678 1706 4731 quorum

148 4757 556 4819 motionibus
584 4768 742 4823 super
763 4753 887 4807 anni
920 4762 1111 4816 metas,
1153 4768 1245 4807 sex
1278 4768 1491 4807 nienses
1518 4752 1707 4806 nihilo.

150 4844 294 4899 minus
319 4846 689 4915 subrogamus
714 4859 728 4897 :
753 4844 1026 4913 quoniam,
1074 4844 1214 4898 sicut
1240 4845 1440 4897 dictum
1474 4852 1578 4908 est,
1626 4844 1707 4897 di-

149 4940 265 4986 stare
286 4938 546 4991 convenit
571 4936 710 4991 inter
733 4930 1039 5005 personam,
1072 4935 1254 4989 divino
1276 4936 1439 4989 cultui
1468 4936 1699 4990 deditam

152 5025 271 5079 etde
293 5029 554 5084 laieorum
588 5028 994 5083 conversatione
1015 5028 1347 5090 venientem;
1377 5042 1495 5097 qua?
1528 5036 1703 5083 tamen

152 5123 348 5171 eatenus
368 5120 702 5190 indulgenda
727 5119 1069 5181 credidimus,
1098 5129 1157 5172 ut
1188 5118 1294 5173 illis
1320 5120 1563 5174 ecclesiis
1591 5123 1705 5190 qui-

153 5204 247 5256 bus
266 5207 593 5266 infcstatioue
616 5211 879 5264 bellorum
903 5211 981 5265 vel
999 5209 1143 5263 nulla
1166 5212 1395 5276 penitus,
1418 5212 1496 5265 vel
1514 5211 1705 5279 exigua

150 5310 528 5368 ranansernnt,
583 5302 883 5356 ministeria
926 5312 1271 5369 renoventur,
1317 5312 1575 5371 quatenus
1625 5303 1708 5358 bis

148 5383 244 5441 Deo
271 5392 494 5459 propitio
524 5393 815 5455 restitutis.
846 5394 895 5447 in
917 5394 1291 5450 ecclesiasticis
1311 5394 1564 5464 gradibus
1580 5396 1706 5451 sub-
1764 5386 1765 5391 “

203 5544 218 5572 ⁸
240 5542 311 5599 Id.
344 5548 494 5612 cod.,
539 5548 887 5602 consulamus.

203 5613 304 5686 flii.
338 5619 490 5686 cod._,
520 5620 851 5671 instituendi.

152 5749 161 5760 .
201 5682 220 5711 ⁸
240 5685 441 5741 Citatur
470 5683 505 5760 ξι
565 5686 791 5760 Nicolao
816 5704 945 5759 papa
974 5692 1025 5745 in
1070 5690 1224 5756 epist.
1249 5690 1285 5741 2
1314 5692 1376 5744 ad
1400 5692 1711 5746 Michaelem

149 5756 491 5811 imo..tametsi
508 5756 770 5817 mundam
794 5760 860 5813 ibi
885 5756 1079 5815 abistis
1093 5760 1420 5829 discrepant.
1449 5765 1708 5818 lltunuix.

1596 5924 1602 5930 α
1673 5914 1701 5933 Is

1812 4679 1904 4723 aut
1935 4666 2335 4737 acolythumjus
2359 4665 2554 4719 habere
2568 4664 2825 4727 faciendi;
2860 4677 2957 4717 nec
2976 4677 3196 4731 prorsus
3216 4662 3389 4715 addu-

1754 4820 1757 4821 ν
1814 4759 2071 4831 bitent,si
2093 4758 2380 4829 quidquam
2396 4757 2459 4810 ad
2474 4755 3149 4825 cpiscopaleministerium
3180 4756 3389 4823 specia-

1811 4854 1933 4907 liter
1964 4853 2236 4919 pertinens
2286 4862 2383 4903 suo
2435 4857 2578 4919 motu
2630 4845 2932 4915 putaverint
2963 4844 3383 4913 exsequendum,

1814 4942 2065 4997 continuo
2114 4956 2173 4995 se
2223 4937 2539 5009 presbyterii
2570 4936 2823 5007 dignitate
2851 4945 2905 4991 et
2955 4948 3104 4989 sacra
3151 4947 3389 4986 comnm-

1760 5020 1761 5023 ¹
1813 5035 1973 5089 niono
2019 5022 2235 5103 privari.
2278 5020 2430 5096 Quod
2464 5029 2577 5084 fieri
2604 5041 2823 5081 necesse
2853 5035 2934 5080 est
2980 5038 3311 5089 censeamus,
3346 5026 3389 5077 si

1760 5108 1763 5117 ³
1813 5141 1997 5180 eorum
2029 5124 2261 5193 prmsule
2291 5122 2586 5184 deferente,
2612 5115 2916 5186 hujusmodi
2951 5114 3113 5170 fuerit
3141 5116 3392 5185 prazvari-

1813 5219 1952 5271 catio
1984 5216 2079 5289 [aL
2106 5212 2469 5285 prazsumptio]
2515 5209 2883 5279 comprobata,
2930 5224 3030 5264 nec
3060 5209 3179 5278 ipso
3205 5222 3390 5263 eorum

1815 5307 2079 5375 episcopo
2115 5322 2142 5358 a
2168 5306 2321 5373 culpa
2340 5302 2697 5356 conniventia:
2730 5308 2786 5356 et
2812 5301 3013 5356 ultione
3037 5310 3306 5360 vacaturo,
3348 5297 3390 5349 si

1816 5395 2170 5451 immoderata
2213 5394 2495 5449 facientem
2522 5393 2940 5449 dissimulaverit
2962 5392 3250 5448 vindicare.

1906 5549 1927 5623 ξ
1953 5550 2015 5623 ΔΙῃ
2043 5548 2164 5623 cod.
2192 5549 2321 5604 Luc.
2355 5550 2500 5606 deest
2526 5555 2836 5623 judicentur.

1899 5620 1918 5650 ⁸
1952 5619 2025 5670 ltl.
2050 5620 2196 5685 cod.,
2222 5631 2331 5689 post
2355 5619 2715 5689 paenitentiam.

1900 5691 1920 5760 ξ
1949 5690 2087 5760 Infra
2110 5686 2230 5760 cap.
2259 5686 2363 5749 ‘25,
2384 5700 2632 5760 pracepto
2658 5690 2791 5743 sedis
2808 5686 3115 5757 apostolica.

1902 5758 1918 5785 '
1953 5758 2083 5813 Cod.
2116 5758 2243 5814 Luc.
2275 5762 2400 5826 490,
2429 5758 2749 5815 venerabilia.

3784 710 3797 717 μ

3780 732 3809 759 ς,

3792 784 3815 803 .-

3792 818 3806 833 ν

3780 840 3815 853 ’ρ

3800 860 3807 867 ν

3784 938 3809 955 D

3778 3230 3799 3278 ἓ
