  <div class='ocr_page' id='page_1' title='image "/cluster/home/n/w/nwhite01/storage/ocr_20150623/59/hvd.32044073505257/055.png"; bbox 0 0 3948 6314; ppageno 0'>
   <div class='ocr_carea' id='block_1_1' title="bbox 553 377 2146 440">
    <p class='ocr_par' dir='ltr' id='par_1_1' title="bbox 553 377 2146 440">
     <span class='ocr_line' id='line_1_1' title="bbox 553 377 2146 440; baseline -0.004 0"><span class='ocrx_word' id='word_1_1' title='bbox 553 385 614 440; x_wconf 70' lang='lat' dir='ltr'><strong>BI</strong></span> <span class='ocrx_word' id='word_1_2' title='bbox 1104 393 1105 396; x_wconf 76' lang='lat'>‘</span> <span class='ocrx_word' id='word_1_3' title='bbox 1909 377 2146 434; x_wconf 81' lang='lat' dir='ltr'><strong>GELASI</strong></span> 
     </span>
    </p>
   </div>
   <div class='ocr_carea' id='block_1_2' title="bbox 2259 377 3806 440">
    <p class='ocr_par' dir='ltr' id='par_1_2' title="bbox 2259 378 3806 440">
     <span class='ocr_line' id='line_1_2' title="bbox 2259 378 3806 440; baseline 0.002 -7"><span class='ocrx_word' id='word_1_4' title='bbox 2259 378 2418 434; x_wconf 76' lang='grc' dir='ltr'><strong>ΑΡιΕ</strong></span> <span class='ocrx_word' id='word_1_5' title='bbox 2454 380 2473 436; x_wconf 88' lang='grc' dir='ltr'><strong>Ι</strong></span> <span class='ocrx_word' id='word_1_6' title='bbox 3744 385 3806 440; x_wconf 70' lang='lat'><strong>52</strong></span> 
     </span>
    </p>
   </div>
   <div class='ocr_carea' id='block_1_3' title="bbox 621 470 3808 570">
    <p class='ocr_par' dir='ltr' id='par_1_3' title="bbox 621 470 3808 570">
     <span class='ocr_line' id='line_1_3' title="bbox 621 470 3808 570; baseline 0.001 -18"><span class='ocrx_word' id='word_1_7' title='bbox 621 499 749 552; x_wconf 69' lang='lat' dir='ltr'><strong>Car.</strong></span> <span class='ocrx_word' id='word_1_8' title='bbox 776 496 883 553; x_wconf 83' lang='lat' dir='ltr'><strong>VII.</strong></span> <span class='ocrx_word' id='word_1_9' title='bbox 915 527 983 536; x_wconf 85' lang='lat'><strong>——-</strong></span> <span class='ocrx_word' id='word_1_10' title='bbox 1004 497 1266 552; x_wconf 82' lang='lat' dir='ltr'><strong>Diaconos</strong></span> <span class='ocrx_word' id='word_1_11' title='bbox 1295 508 1504 565; x_wconf 87' lang='lat' dir='ltr'><strong>quoque</strong></span> <span class='ocrx_word' id='word_1_12' title='bbox 1532 495 1800 564; x_wconf 82' lang='lat' dir='ltr'><strong>propriam</strong></span> <span class='ocrx_word' id='word_1_13' title='bbox 1847 497 2129 552; x_wconf 73' lang='lat' dir='ltr'><strong>constitni-</strong></span> <span class='ocrx_word' id='word_1_14' title='bbox 2155 497 2211 557; x_wconf 77' lang='grc' dir='ltr'><strong>Α</strong></span> <span class='ocrx_word' id='word_1_15' title='bbox 2244 499 2328 552; x_wconf 86' lang='lat' dir='ltr'><strong>illa</strong></span> <span class='ocrx_word' id='word_1_16' title='bbox 2374 507 2553 554; x_wconf 91' lang='lat' dir='ltr'><strong>tamen</strong></span> <span class='ocrx_word' id='word_1_17' title='bbox 2585 507 2708 554; x_wconf 82' lang='lat' dir='ltr'><strong>sunt</strong></span> <span class='ocrx_word' id='word_1_18' title='bbox 2734 470 3055 569; x_wconf 77' lang='lat' dir='ltr'><strong>magnopere</strong></span> <span class='ocrx_word' id='word_1_19' title='bbox 3095 499 3460 570; x_wconf 74' lang='lat' dir='ltr'><strong>praecavenda,</strong></span> <span class='ocrx_word' id='word_1_20' title='bbox 3493 517 3609 570; x_wconf 70' lang='lat' dir='ltr'><strong>qua:</strong></span> <span class='ocrx_word' id='word_1_21' title='bbox 3657 502 3808 570; x_wconf 58' lang='lat' dir='ltr'><strong>recipi</strong></span> 
     </span>
    </p>
   </div>
   <div class='ocr_carea' id='block_1_4' title="bbox 554 588 2121 659">
    <p class='ocr_par' dir='ltr' id='par_1_4' title="bbox 554 588 2121 659">
     <span class='ocr_line' id='line_1_4' title="bbox 554 588 2121 659; baseline -0.003 -12"><span class='ocrx_word' id='word_1_22' title='bbox 554 605 673 647; x_wconf 84' lang='lat' dir='ltr'><strong>tuus</strong></span> <span class='ocrx_word' id='word_1_23' title='bbox 725 605 947 646; x_wconf 81' lang='lat' dir='ltr'><strong>scrvare</strong></span> <span class='ocrx_word' id='word_1_24' title='bbox 999 604 1321 652; x_wconf 86' lang='lat' dir='ltr'><strong>mensuram,</strong></span> <span class='ocrx_word' id='word_1_25' title='bbox 1377 602 1476 643; x_wconf 89' lang='lat' dir='ltr'><strong>nec</strong></span> <span class='ocrx_word' id='word_1_26' title='bbox 1529 590 1663 642; x_wconf 84' lang='lat' dir='ltr'><strong>ultra</strong></span> <span class='ocrx_word' id='word_1_27' title='bbox 1693 597 1934 644; x_wconf 80' lang='lat' dir='ltr'><strong>tenorem</strong></span> <span class='ocrx_word' id='word_1_28' title='bbox 1977 588 2121 659; x_wconf 83' lang='lat' dir='ltr'><strong>(Nic.</strong></span> 
     </span>
    </p>
   </div>
   <div class='ocr_carea' id='block_1_5' title="bbox 553 680 2126 752">
    <p class='ocr_par' dir='ltr' id='par_1_5' title="bbox 553 680 2126 752">
     <span class='ocr_line' id='line_1_5' title="bbox 553 680 2126 752; baseline -0.001 -16"><span class='ocrx_word' id='word_1_29' title='bbox 553 683 705 752; x_wconf 66' lang='grc' dir='ltr'><strong>ινιιι)</strong></span> <span class='ocrx_word' id='word_1_30' title='bbox 734 683 969 751; x_wconf 85' lang='lat' dir='ltr'><strong>paternis</strong></span> <span class='ocrx_word' id='word_1_31' title='bbox 993 680 1286 736; x_wconf 87' lang='lat' dir='ltr'><strong>canonibus</strong></span> <span class='ocrx_word' id='word_1_32' title='bbox 1316 681 1624 750; x_wconf 79' lang='lat' dir='ltr'><strong>deputatum</strong></span> <span class='ocrx_word' id='word_1_33' title='bbox 1648 682 1916 752; x_wconf 82' lang='lat' dir='ltr'><strong>quippiam</strong></span> <span class='ocrx_word' id='word_1_34' title='bbox 1947 691 2126 738; x_wconf 82' lang='lat' dir='ltr'><strong>tenta-</strong></span> 
     </span>
    </p>
   </div>
   <div class='ocr_carea' id='block_1_6' title="bbox 554 771 2128 842">
    <p class='ocr_par' dir='ltr' id='par_1_6' title="bbox 554 771 2128 842">
     <span class='ocr_line' id='line_1_6' title="bbox 554 771 2128 842; baseline -0.001 -14"><span class='ocrx_word' id='word_1_35' title='bbox 554 788 613 828; x_wconf 80' lang='lat' dir='ltr'><strong>re</strong></span> <span class='ocrx_word' id='word_1_36' title='bbox 643 774 1031 842; x_wconf 74' lang='lat' dir='ltr'><strong>permittimus;</strong></span> <span class='ocrx_word' id='word_1_37' title='bbox 1054 771 1184 827; x_wconf 83' lang='lat' dir='ltr'><strong>nihil</strong></span> <span class='ocrx_word' id='word_1_38' title='bbox 1213 787 1394 828; x_wconf 87' lang='lat' dir='ltr'><strong>eorum</strong></span> <span class='ocrx_word' id='word_1_39' title='bbox 1431 775 1642 840; x_wconf 77' lang='lat' dir='ltr'><strong>penitus</strong></span> <span class='ocrx_word' id='word_1_40' title='bbox 1684 787 1781 827; x_wconf 87' lang='lat' dir='ltr'><strong>suo</strong></span> <span class='ocrx_word' id='word_1_41' title='bbox 1822 771 2128 827; x_wconf 88' lang='lat' dir='ltr'><strong>ministerio</strong></span> 
     </span>
    </p>
   </div>
   <div class='ocr_carea' id='block_1_7' title="bbox 554 863 2129 934">
    <p class='ocr_par' dir='ltr' id='par_1_7' title="bbox 554 863 2129 934">
     <span class='ocr_line' id='line_1_7' title="bbox 554 863 2129 934; baseline 0 -17"><span class='ocrx_word' id='word_1_42' title='bbox 554 864 846 934; x_wconf 81' lang='lat' dir='ltr'><strong>applicare,</strong></span> <span class='ocrx_word' id='word_1_43' title='bbox 873 879 992 934; x_wconf 66' lang='lat' dir='ltr'><strong>quae</strong></span> <span class='ocrx_word' id='word_1_44' title='bbox 1021 863 1205 934; x_wconf 86' lang='lat' dir='ltr'><strong>primis</strong></span> <span class='ocrx_word' id='word_1_45' title='bbox 1226 863 1500 918; x_wconf 88' lang='lat' dir='ltr'><strong>ordinibus</strong></span> <span class='ocrx_word' id='word_1_46' title='bbox 1527 864 1739 932; x_wconf 81' lang='lat' dir='ltr'><strong>preprie</strong></span> <span class='ocrx_word' id='word_1_47' title='bbox 1767 865 2004 919; x_wconf 78' lang='lat' dir='ltr'><strong>decrevit</strong></span> <span class='ocrx_word' id='word_1_48' title='bbox 2035 881 2129 918; x_wconf 86' lang='lat' dir='ltr'><strong>an-</strong></span> 
     </span>
    </p>
   </div>
   <div class='ocr_carea' id='block_1_8' title="bbox 555 955 2130 1030">
    <p class='ocr_par' dir='ltr' id='par_1_8' title="bbox 555 955 2130 1030">
     <span class='ocr_line' id='line_1_8' title="bbox 555 955 2130 1030; baseline 0.001 -20"><span class='ocrx_word' id='word_1_49' title='bbox 555 955 791 1026; x_wconf 84' lang='lat' dir='ltr'><strong>tiquitas.</strong></span> <span class='ocrx_word' id='word_1_50' title='bbox 841 957 1057 1030; x_wconf 81' lang='lat' dir='ltr'><strong>Absque</strong></span> <span class='ocrx_word' id='word_1_51' title='bbox 1096 957 1351 1025; x_wconf 75' lang='lat' dir='ltr'><strong>episwpo</strong></span> <span class='ocrx_word' id='word_1_52' title='bbox 1382 957 1468 1010; x_wconf 89' lang='lat' dir='ltr'><strong>vel</strong></span> <span class='ocrx_word' id='word_1_53' title='bbox 1506 956 1820 1025; x_wconf 87' lang='lat' dir='ltr'><strong>presbytero</strong></span> <span class='ocrx_word' id='word_1_54' title='bbox 1860 956 2130 1024; x_wconf 80' lang='lat' dir='ltr'><strong>baptizare</strong></span> 
     </span>
    </p>
   </div>
   <div class='ocr_carea' id='block_1_9' title="bbox 557 1048 2132 1118">
    <p class='ocr_par' dir='ltr' id='par_1_9' title="bbox 557 1048 2132 1118">
     <span class='ocr_line' id='line_1_9' title="bbox 557 1048 2132 1118; baseline -0.001 -16"><span class='ocrx_word' id='word_1_55' title='bbox 557 1064 662 1104; x_wconf 93' lang='lat' dir='ltr'><strong>non</strong></span> <span class='ocrx_word' id='word_1_56' title='bbox 711 1049 964 1117; x_wconf 84' lang='lat' dir='ltr'><strong>audeant,</strong></span> <span class='ocrx_word' id='word_1_57' title='bbox 993 1051 1116 1118; x_wconf 88' lang='lat' dir='ltr'><strong>nisi,</strong></span> <span class='ocrx_word' id='word_1_58' title='bbox 1147 1050 1415 1118; x_wconf 63' lang='lat' dir='ltr'><strong>praedictis</strong></span> <span class='ocrx_word' id='word_1_59' title='bbox 1449 1050 1674 1104; x_wconf 77' lang='lat' dir='ltr'><strong>fortasse</strong></span> <span class='ocrx_word' id='word_1_60' title='bbox 1698 1049 1889 1103; x_wconf 91' lang='lat' dir='ltr'><strong>officiis</strong></span> <span class='ocrx_word' id='word_1_61' title='bbox 1923 1048 2132 1118; x_wconf 73' lang='lat' dir='ltr'><strong>longius</strong></span> 
     </span>
    </p>
   </div>
   <div class='ocr_carea' id='block_1_10' title="bbox 556 1142 2134 1211">
    <p class='ocr_par' dir='ltr' id='par_1_10' title="bbox 556 1142 2134 1211">
     <span class='ocr_line' id='line_1_10' title="bbox 556 1142 2134 1211; baseline -0.001 -16"><span class='ocrx_word' id='word_1_62' title='bbox 556 1144 882 1208; x_wconf 82' lang='lat' dir='ltr'><strong>constitutis,</strong></span> <span class='ocrx_word' id='word_1_63' title='bbox 931 1143 1222 1198; x_wconf 78' lang='lat' dir='ltr'><strong>necessitas</strong></span> <span class='ocrx_word' id='word_1_64' title='bbox 1259 1151 1498 1197; x_wconf 81' lang='lat' dir='ltr'><strong>extrema</strong></span> <span class='ocrx_word' id='word_1_65' title='bbox 1549 1143 1855 1211; x_wconf 87' lang='lat' dir='ltr'><strong>compellat.</strong></span> <span class='ocrx_word' id='word_1_66' title='bbox 1898 1142 2048 1208; x_wconf 82' lang='lat' dir='ltr'><strong>Quod</strong></span> <span class='ocrx_word' id='word_1_67' title='bbox 2082 1147 2134 1194; x_wconf 93' lang='lat' dir='ltr'><strong>ct</strong></span> 
     </span>
    </p>
   </div>
   <div class='ocr_carea' id='block_1_11' title="bbox 558 1233 1952 1304">
    <p class='ocr_par' dir='ltr' id='par_1_11' title="bbox 558 1233 1952 1304">
     <span class='ocr_line' id='line_1_11' title="bbox 558 1233 1952 1304; baseline 0 -17"><span class='ocrx_word' id='word_1_68' title='bbox 558 1234 710 1288; x_wconf 86' lang='lat' dir='ltr'><strong>laicis</strong></span> <span class='ocrx_word' id='word_1_69' title='bbox 730 1233 1049 1289; x_wconf 81' lang='lat' dir='ltr'><strong>Christianis</strong></span> <span class='ocrx_word' id='word_1_70' title='bbox 1075 1233 1254 1290; x_wconf 79' lang='lat' dir='ltr'><strong>facere</strong></span> <span class='ocrx_word' id='word_1_71' title='bbox 1285 1235 1600 1304; x_wconf 87' lang='lat' dir='ltr'><strong>plerumque</strong></span> <span class='ocrx_word' id='word_1_72' title='bbox 1627 1235 1952 1289; x_wconf 87' lang='lat' dir='ltr'><strong>conceditur.</strong></span> 
     </span>
    </p>
   </div>
   <div class='ocr_carea' id='block_1_12' title="bbox 627 1322 2136 1394">
    <p class='ocr_par' dir='ltr' id='par_1_12' title="bbox 627 1322 2136 1394">
     <span class='ocr_line' id='line_1_12' title="bbox 627 1322 2136 1394; baseline -0.003 -15"><span class='ocrx_word' id='word_1_73' title='bbox 627 1325 758 1379; x_wconf 78' lang='lat' dir='ltr'><strong>CAP.</strong></span> <span class='ocrx_word' id='word_1_74' title='bbox 791 1324 923 1380; x_wconf 87' lang='lat' dir='ltr'><strong>VIII.</strong></span> <span class='ocrx_word' id='word_1_75' title='bbox 952 1355 1021 1366; x_wconf 87' lang='lat'><strong>—-</strong></span> <span class='ocrx_word' id='word_1_76' title='bbox 1045 1325 1160 1379; x_wconf 83' lang='lat' dir='ltr'><strong>Non</strong></span> <span class='ocrx_word' id='word_1_77' title='bbox 1186 1327 1236 1378; x_wconf 92' lang='lat' dir='ltr'><strong>in</strong></span> <span class='ocrx_word' id='word_1_78' title='bbox 1263 1325 1592 1394; x_wconf 86' lang='lat' dir='ltr'><strong>presbyterio</strong></span> <span class='ocrx_word' id='word_1_79' title='bbox 1617 1323 1871 1385; x_wconf 82' lang='lat' dir='ltr'><strong>residere,</strong></span> <span class='ocrx_word' id='word_1_80' title='bbox 1904 1337 2022 1377; x_wconf 91' lang='lat' dir='ltr'><strong>cum</strong></span> <span class='ocrx_word' id='word_1_81' title='bbox 2053 1322 2136 1375; x_wconf 88' lang='lat' dir='ltr'><strong>di-</strong></span> 
     </span>
    </p>
   </div>
   <div class='ocr_carea' id='block_1_13' title="bbox 560 1413 2141 1488">
    <p class='ocr_par' dir='ltr' id='par_1_13' title="bbox 560 1413 2141 1488">
     <span class='ocr_line' id='line_1_13' title="bbox 560 1413 2141 1488; baseline -0.002 -19"><span class='ocrx_word' id='word_1_82' title='bbox 560 1418 680 1470; x_wconf 87' lang='lat' dir='ltr'><strong>vina</strong></span> <span class='ocrx_word' id='word_1_83' title='bbox 702 1417 1059 1488; x_wconf 84' lang='lat' dir='ltr'><strong>celebrantur,</strong></span> <span class='ocrx_word' id='word_1_84' title='bbox 1088 1419 1172 1471; x_wconf 93' lang='lat' dir='ltr'><strong>vel</strong></span> <span class='ocrx_word' id='word_1_85' title='bbox 1195 1415 1590 1471; x_wconf 85' lang='lat' dir='ltr'><strong>ecclesiasticus</strong></span> <span class='ocrx_word' id='word_1_86' title='bbox 1629 1416 1855 1469; x_wconf 90' lang='lat' dir='ltr'><strong>habetur</strong></span> <span class='ocrx_word' id='word_1_87' title='bbox 1875 1413 1969 1484; x_wconf 75' lang='lat' dir='ltr'><strong>[aL</strong></span> <span class='ocrx_word' id='word_1_88' title='bbox 1999 1413 2141 1466; x_wconf 90' lang='lat' dir='ltr'><strong>cele-</strong></span> 
     </span>
    </p>
   </div>
   <div class='ocr_carea' id='block_1_14' title="bbox 563 1505 2141 1580">
    <p class='ocr_par' dir='ltr' id='par_1_14' title="bbox 563 1505 2141 1580">
     <span class='ocr_line' id='line_1_14' title="bbox 563 1505 2141 1580; baseline -0.004 -17"><span class='ocrx_word' id='word_1_89' title='bbox 563 1507 769 1580; x_wconf 81' lang='lat' dir='ltr'><strong>bratur]</strong></span> <span class='ocrx_word' id='word_1_90' title='bbox 795 1511 1093 1578; x_wconf 85' lang='lat' dir='ltr'><strong>quicunque</strong></span> <span class='ocrx_word' id='word_1_91' title='bbox 1124 1515 1402 1563; x_wconf 81' lang='lat' dir='ltr'><strong>tractatus.</strong></span> <span class='ocrx_word' id='word_1_92' title='bbox 1434 1509 1582 1562; x_wconf 83' lang='lat' dir='ltr'><strong>Sacri</strong></span> <span class='ocrx_word' id='word_1_93' title='bbox 1613 1505 1854 1574; x_wconf 89' lang='lat' dir='ltr'><strong>corporis</strong></span> <span class='ocrx_word' id='word_1_94' title='bbox 1876 1517 2141 1573; x_wconf 74' lang='lat' dir='ltr'><strong>praeroga-</strong></span> 
     </span>
    </p>
   </div>
   <div class='ocr_carea' id='block_1_15' title="bbox 563 1592 2136 1667">
    <p class='ocr_par' dir='ltr' id='par_1_15' title="bbox 563 1592 2136 1667">
     <span class='ocr_line' id='line_1_15' title="bbox 563 1592 2136 1667; baseline -0.004 -15"><span class='ocrx_word' id='word_1_95' title='bbox 563 1599 784 1665; x_wconf 86' lang='lat' dir='ltr'><strong>tionem,</strong></span> <span class='ocrx_word' id='word_1_96' title='bbox 816 1600 915 1653; x_wconf 90' lang='lat' dir='ltr'><strong>sub</strong></span> <span class='ocrx_word' id='word_1_97' title='bbox 945 1606 1236 1667; x_wconf 81' lang='lat' dir='ltr'><strong>conspectu</strong></span> <span class='ocrx_word' id='word_1_98' title='bbox 1263 1597 1528 1667; x_wconf 87' lang='lat' dir='ltr'><strong>pontificis</strong></span> <span class='ocrx_word' id='word_1_99' title='bbox 1561 1611 1654 1651; x_wconf 88' lang='lat' dir='ltr'><strong>seu</strong></span> <span class='ocrx_word' id='word_1_100' title='bbox 1684 1595 2004 1664; x_wconf 66' lang='lat' dir='ltr'><strong>presbyteri,</strong></span> <span class='ocrx_word' id='word_1_101' title='bbox 2037 1592 2136 1646; x_wconf 89' lang='lat' dir='ltr'><strong>nisi</strong></span> 
     </span>
    </p>
   </div>
   <div class='ocr_carea' id='block_1_16' title="bbox 564 1687 1841 1758">
    <p class='ocr_par' dir='ltr' id='par_1_16' title="bbox 564 1687 1841 1758">
     <span class='ocr_line' id='line_1_16' title="bbox 564 1687 1841 1758; baseline -0.003 -16"><span class='ocrx_word' id='word_1_102' title='bbox 564 1691 646 1744; x_wconf 87' lang='lat' dir='ltr'><strong>bis</strong></span> <span class='ocrx_word' id='word_1_103' title='bbox 676 1689 1011 1754; x_wconf 82' lang='lat' dir='ltr'><strong>absentibus,</strong></span> <span class='ocrx_word' id='word_1_104' title='bbox 1031 1693 1118 1758; x_wconf 86' lang='lat' dir='ltr'><strong>jus</strong></span> <span class='ocrx_word' id='word_1_105' title='bbox 1147 1704 1252 1742; x_wconf 92' lang='lat' dir='ltr'><strong>non</strong></span> <span class='ocrx_word' id='word_1_106' title='bbox 1277 1688 1507 1744; x_wconf 81' lang='lat' dir='ltr'><strong>habeant</strong></span> <span class='ocrx_word' id='word_1_107' title='bbox 1533 1687 1841 1743; x_wconf 74' lang='lat' dir='ltr'><strong>exercendi.</strong></span> 
     </span>
    </p>
   </div>
   <div class='ocr_carea' id='block_1_17' title="bbox 632 1777 2146 1836">
    <p class='ocr_par' dir='ltr' id='par_1_17' title="bbox 632 1777 2146 1836">
     <span class='ocr_line' id='line_1_17' title="bbox 632 1777 2146 1836; baseline -0.004 -1"><span class='ocrx_word' id='word_1_108' title='bbox 632 1779 764 1835; x_wconf 88' lang='lat' dir='ltr'><strong>Cum</strong></span> <span class='ocrx_word' id='word_1_109' title='bbox 811 1781 954 1836; x_wconf 90' lang='lat' dir='ltr'><strong>enim</strong></span> <span class='ocrx_word' id='word_1_110' title='bbox 985 1780 1198 1835; x_wconf 88' lang='lat' dir='ltr'><strong>decreta</strong></span> <span class='ocrx_word' id='word_1_111' title='bbox 1246 1778 1626 1834; x_wconf 88' lang='lat' dir='ltr'><strong>venerabilium</strong></span> <span class='ocrx_word' id='word_1_112' title='bbox 1664 1777 1996 1832; x_wconf 84' lang='lat' dir='ltr'><strong>sanctionum</strong></span> <span class='ocrx_word' id='word_1_113' title='bbox 2049 1788 2146 1830; x_wconf 87' lang='lat' dir='ltr'><strong>nos</strong></span> 
     </span>
    </p>
   </div>
   <div class='ocr_carea' id='block_1_18' title="bbox 2231 591 3809 660">
    <p class='ocr_par' dir='ltr' id='par_1_18' title="bbox 2231 591 3809 660">
     <span class='ocr_line' id='line_1_18' title="bbox 2231 591 3809 660; baseline 0.003 -16"><span class='ocrx_word' id='word_1_114' title='bbox 2231 592 2332 646; x_wconf 90' lang='lat' dir='ltr'><strong>nisi</strong></span> <span class='ocrx_word' id='word_1_115' title='bbox 2368 592 2649 647; x_wconf 88' lang='lat' dir='ltr'><strong>manifesta</strong></span> <span class='ocrx_word' id='word_1_116' title='bbox 2693 591 3090 646; x_wconf 88' lang='lat' dir='ltr'><strong>decoloratione</strong></span> <span class='ocrx_word' id='word_1_117' title='bbox 3135 608 3239 646; x_wconf 91' lang='lat' dir='ltr'><strong>non</strong></span> <span class='ocrx_word' id='word_1_118' title='bbox 3267 593 3495 660; x_wconf 88' lang='lat' dir='ltr'><strong>possint.</strong></span> <span class='ocrx_word' id='word_1_119' title='bbox 3548 592 3624 646; x_wconf 88' lang='lat' dir='ltr'><strong>Ac</strong></span> <span class='ocrx_word' id='word_1_120' title='bbox 3673 594 3714 646; x_wconf 89' lang='lat' dir='ltr'><strong>si</strong></span> <span class='ocrx_word' id='word_1_121' title='bbox 3752 609 3809 649; x_wconf 89' lang='lat' dir='ltr'><strong>ea</strong></span> 
     </span>
    </p>
   </div>
   <div class='ocr_carea' id='block_1_19' title="bbox 2230 680 3811 752">
    <p class='ocr_par' dir='ltr' id='par_1_19' title="bbox 2230 680 3811 752">
     <span class='ocr_line' id='line_1_19' title="bbox 2230 680 3811 752; baseline -0.001 -14"><span class='ocrx_word' id='word_1_122' title='bbox 2230 685 2365 752; x_wconf 85' lang='lat' dir='ltr'><strong>ipsa,</strong></span> <span class='ocrx_word' id='word_1_123' title='bbox 2425 697 2542 750; x_wconf 74' lang='lat' dir='ltr'><strong>quae</strong></span> <span class='ocrx_word' id='word_1_124' title='bbox 2599 680 2743 736; x_wconf 86' lang='lat' dir='ltr'><strong>nullo</strong></span> <span class='ocrx_word' id='word_1_125' title='bbox 2786 681 3109 737; x_wconf 89' lang='lat' dir='ltr'><strong>detrimento</strong></span> <span class='ocrx_word' id='word_1_126' title='bbox 3165 681 3448 750; x_wconf 86' lang='lat' dir='ltr'><strong>aliquoties</strong></span> <span class='ocrx_word' id='word_1_127' title='bbox 3497 681 3811 750; x_wconf 82' lang='lat' dir='ltr'><strong>indulgcnda</strong></span> 
     </span>
    </p>
   </div>
   <div class='ocr_carea' id='block_1_20' title="bbox 2232 771 3809 848">
    <p class='ocr_par' dir='ltr' id='par_1_20' title="bbox 2232 771 3809 848">
     <span class='ocr_line' id='line_1_20' title="bbox 2232 771 3809 848; baseline -0.003 -19"><span class='ocrx_word' id='word_1_128' title='bbox 2232 774 2553 848; x_wconf 87' lang='lat' dir='ltr'><strong>creduntur,</strong></span> <span class='ocrx_word' id='word_1_129' title='bbox 2592 772 2673 828; x_wconf 87' lang='lat' dir='ltr'><strong>vel</strong></span> <span class='ocrx_word' id='word_1_130' title='bbox 2700 788 2878 827; x_wconf 91' lang='lat' dir='ltr'><strong>rerum</strong></span> <span class='ocrx_word' id='word_1_131' title='bbox 2912 773 2927 802; x_wconf 88' lang='grc'>¹</span> <span class='ocrx_word' id='word_1_132' title='bbox 2955 781 3360 841; x_wconf 87' lang='lat' dir='ltr'><strong>temporumque</strong></span> <span class='ocrx_word' id='word_1_133' title='bbox 3394 771 3540 840; x_wconf 79' lang='lat' dir='ltr'><strong>cogit</strong></span> <span class='ocrx_word' id='word_1_134' title='bbox 3574 771 3809 835; x_wconf 88' lang='lat' dir='ltr'><strong>intuitus,</strong></span> 
     </span>
    </p>
   </div>
   <div class='ocr_carea' id='block_1_21' title="bbox 2232 862 3812 932">
    <p class='ocr_par' dir='ltr' id='par_1_21' title="bbox 2232 862 3812 932">
     <span class='ocr_line' id='line_1_21' title="bbox 2232 862 3812 932; baseline 0.001 -17"><span class='ocrx_word' id='word_1_135' title='bbox 2232 865 2314 920; x_wconf 89' lang='lat' dir='ltr'><strong>vel</strong></span> <span class='ocrx_word' id='word_1_136' title='bbox 2345 863 2661 919; x_wconf 87' lang='lat' dir='ltr'><strong>acccleratae</strong></span> <span class='ocrx_word' id='word_1_137' title='bbox 2680 862 2999 932; x_wconf 90' lang='lat' dir='ltr'><strong>provisionis</strong></span> <span class='ocrx_word' id='word_1_138' title='bbox 3029 870 3302 932; x_wconf 89' lang='lat' dir='ltr'><strong>respectus</strong></span> <span class='ocrx_word' id='word_1_139' title='bbox 3333 873 3557 917; x_wconf 82' lang='lat' dir='ltr'><strong>excusat</strong></span> <span class='ocrx_word' id='word_1_140' title='bbox 3585 879 3599 928; x_wconf 90' lang='lat'><strong>;</strong></span> <span class='ocrx_word' id='word_1_141' title='bbox 3623 873 3812 931; x_wconf 88' lang='lat' dir='ltr'><strong>quanto</strong></span> 
     </span>
    </p>
   </div>
   <div class='ocr_carea' id='block_1_22' title="bbox 2235 951 3814 1026">
    <p class='ocr_par' dir='ltr' id='par_1_22' title="bbox 2235 951 3814 1026">
     <span class='ocr_line' id='line_1_22' title="bbox 2235 951 3814 1026; baseline -0.003 -15"><span class='ocrx_word' id='word_1_142' title='bbox 2235 956 2400 1026; x_wconf 83' lang='lat' dir='ltr'><strong>magis</strong></span> <span class='ocrx_word' id='word_1_143' title='bbox 2440 956 2527 1010; x_wconf 89' lang='lat' dir='ltr'><strong>illa</strong></span> <span class='ocrx_word' id='word_1_144' title='bbox 2566 953 2868 1009; x_wconf 87' lang='lat' dir='ltr'><strong>nullatenus</strong></span> <span class='ocrx_word' id='word_1_145' title='bbox 2908 951 3195 1008; x_wconf 88' lang='lat' dir='ltr'><strong>mutilanda</strong></span> <span class='ocrx_word' id='word_1_146' title='bbox 3241 963 3384 1020; x_wconf 88' lang='lat' dir='ltr'><strong>sunt,</strong></span> <span class='ocrx_word' id='word_1_147' title='bbox 3411 968 3534 1023; x_wconf 61' lang='lat' dir='ltr'><strong>quae</strong></span> <span class='ocrx_word' id='word_1_148' title='bbox 3565 967 3664 1007; x_wconf 89' lang='lat' dir='ltr'><strong>nec</strong></span> <span class='ocrx_word' id='word_1_149' title='bbox 3715 953 3814 1006; x_wconf 85' lang='lat' dir='ltr'><strong>ulla</strong></span> 
     </span>
    </p>
   </div>
   <div class='ocr_carea' id='block_1_23' title="bbox 2236 1045 3810 1117">
    <p class='ocr_par' dir='ltr' id='par_1_23' title="bbox 2236 1045 3810 1117">
     <span class='ocr_line' id='line_1_23' title="bbox 2236 1045 3810 1117; baseline -0.004 -13"><span class='ocrx_word' id='word_1_150' title='bbox 2236 1051 2546 1114; x_wconf 84' lang='lat' dir='ltr'><strong>necessitas,</strong></span> <span class='ocrx_word' id='word_1_151' title='bbox 2598 1064 2695 1104; x_wconf 86' lang='lat' dir='ltr'><strong>nec</strong></span> <span class='ocrx_word' id='word_1_152' title='bbox 2737 1047 3103 1104; x_wconf 88' lang='lat' dir='ltr'><strong>ecclesiastica</strong></span> <span class='ocrx_word' id='word_1_153' title='bbox 3151 1062 3371 1117; x_wconf 87' lang='lat' dir='ltr'><strong>prorsus</strong></span> <span class='ocrx_word' id='word_1_154' title='bbox 3404 1055 3693 1116; x_wconf 83' lang='lat' dir='ltr'><strong>extorquet</strong></span> <span class='ocrx_word' id='word_1_155' title='bbox 3718 1045 3810 1099; x_wconf 86' lang='lat' dir='ltr'><strong>uti-</strong></span> 
     </span>
    </p>
   </div>
   <div class='ocr_carea' id='block_1_24' title="bbox 2239 1143 3805 1216">
    <p class='ocr_par' dir='ltr' id='par_1_24' title="bbox 2239 1143 3805 1216">
     <span class='ocr_line' id='line_1_24' title="bbox 2239 1143 3805 1216; baseline -0.003 -18"><span class='ocrx_word' id='word_1_156' title='bbox 2239 1143 2394 1198; x_wconf 81' lang='lat' dir='ltr'><strong>litas?</strong></span> <span class='ocrx_word' id='word_1_157' title='bbox 3801 1211 3805 1216; x_wconf 22' lang='grc' dir='ltr'>τ</span> 
     </span>
    </p>
   </div>
   <div class='ocr_carea' id='block_1_25' title="bbox 2309 1219 3820 1301">
    <p class='ocr_par' dir='ltr' id='par_1_25' title="bbox 2309 1219 3820 1301">
     <span class='ocr_line' id='line_1_25' title="bbox 2309 1219 3820 1301; baseline -0.004 -14"><span class='ocrx_word' id='word_1_158' title='bbox 2309 1234 2437 1287; x_wconf 75' lang='lat' dir='ltr'><strong>CAP.</strong></span> <span class='ocrx_word' id='word_1_159' title='bbox 2471 1232 2539 1286; x_wconf 82' lang='grc' dir='ltr'><strong>Χ.</strong></span> <span class='ocrx_word' id='word_1_160' title='bbox 2562 1264 2628 1273; x_wconf 91' lang='lat'><strong><em>——</em></strong></span> <span class='ocrx_word' id='word_1_161' title='bbox 2661 1229 2966 1301; x_wconf 86' lang='lat' dir='ltr'><strong>Bapuzandi</strong></span> <span class='ocrx_word' id='word_1_162' title='bbox 3024 1219 3124 1285; x_wconf 85' lang='lat' dir='ltr'><strong>sibi</strong></span> <span class='ocrx_word' id='word_1_163' title='bbox 3157 1229 3436 1299; x_wconf 88' lang='lat' dir='ltr'><strong>quisquam</strong></span> <span class='ocrx_word' id='word_1_164' title='bbox 3472 1229 3671 1298; x_wconf 90' lang='lat' dir='ltr'><strong>passim</strong></span> <span class='ocrx_word' id='word_1_165' title='bbox 3696 1245 3820 1298; x_wconf 87' lang='lat' dir='ltr'><strong>qun-</strong></span> 
     </span>
    </p>
   </div>
   <div class='ocr_carea' id='block_1_26' title="bbox 2241 1319 3821 1394">
    <p class='ocr_par' dir='ltr' id='par_1_26' title="bbox 2241 1319 3821 1394">
     <span class='ocr_line' id='line_1_26' title="bbox 2241 1319 3821 1394; baseline -0.005 -14"><span class='ocrx_word' id='word_1_166' title='bbox 2241 1337 2454 1394; x_wconf 82' lang='lat' dir='ltr'><strong>Cunqtte</strong></span> <span class='ocrx_word' id='word_1_167' title='bbox 2480 1334 2718 1394; x_wconf 88' lang='lat' dir='ltr'><strong>tempore</strong></span> <span class='ocrx_word' id='word_1_168' title='bbox 2741 1323 2935 1377; x_wconf 88' lang='lat' dir='ltr'><strong>nullam</strong></span> <span class='ocrx_word' id='word_1_169' title='bbox 2967 1321 3151 1376; x_wconf 86' lang='lat' dir='ltr'><strong>credat</strong></span> <span class='ocrx_word' id='word_1_170' title='bbox 3175 1321 3352 1375; x_wconf 91' lang='lat' dir='ltr'><strong>inesse</strong></span> <span class='ocrx_word' id='word_1_171' title='bbox 3379 1319 3657 1386; x_wconf 87' lang='lat' dir='ltr'><strong>fiduciam,</strong></span> <span class='ocrx_word' id='word_1_172' title='bbox 3691 1336 3821 1388; x_wconf 85' lang='lat' dir='ltr'><strong>prac-</strong></span> 
     </span>
    </p>
   </div>
   <div class='ocr_carea' id='block_1_27' title="bbox 2247 1411 3822 1484">
    <p class='ocr_par' dir='ltr' id='par_1_27' title="bbox 2247 1411 3822 1484">
     <span class='ocr_line' id='line_1_27' title="bbox 2247 1411 3822 1484; baseline -0.003 -17"><span class='ocrx_word' id='word_1_173' title='bbox 2247 1427 2324 1469; x_wconf 88' lang='lat' dir='ltr'><strong>ter</strong></span> <span class='ocrx_word' id='word_1_174' title='bbox 2356 1414 2600 1484; x_wconf 83' lang='lat' dir='ltr'><strong>paschale</strong></span> <span class='ocrx_word' id='word_1_175' title='bbox 2631 1413 2823 1469; x_wconf 90' lang='lat' dir='ltr'><strong>festum</strong></span> <span class='ocrx_word' id='word_1_176' title='bbox 2855 1423 2909 1468; x_wconf 90' lang='lat' dir='ltr'><strong>et</strong></span> <span class='ocrx_word' id='word_1_177' title='bbox 2940 1421 3280 1482; x_wconf 88' lang='lat' dir='ltr'><strong>pentecostes</strong></span> <span class='ocrx_word' id='word_1_178' title='bbox 3309 1411 3621 1466; x_wconf 86' lang='lat' dir='ltr'><strong>venerabile</strong></span> <span class='ocrx_word' id='word_1_179' title='bbox 3652 1425 3822 1464; x_wconf 89' lang='lat' dir='ltr'><strong>saera-</strong></span> 
     </span>
    </p>
   </div>
   <div class='ocr_carea' id='block_1_28' title="bbox 2245 1499 3825 1572">
    <p class='ocr_par' dir='ltr' id='par_1_28' title="bbox 2245 1499 3825 1572">
     <span class='ocr_line' id='line_1_28' title="bbox 2245 1499 3825 1572; baseline -0.004 -13"><span class='ocrx_word' id='word_1_180' title='bbox 2245 1515 2504 1571; x_wconf 85' lang='lat' dir='ltr'><strong>mentum,</strong></span> <span class='ocrx_word' id='word_1_181' title='bbox 2538 1513 2759 1572; x_wconf 81' lang='lat' dir='ltr'><strong>excepto</strong></span> <span class='ocrx_word' id='word_1_182' title='bbox 2805 1503 3060 1558; x_wconf 87' lang='lat' dir='ltr'><strong>duntaxat</strong></span> <span class='ocrx_word' id='word_1_183' title='bbox 3102 1501 3399 1572; x_wconf 78' lang='lat' dir='ltr'><strong>gravissimi</strong></span> <span class='ocrx_word' id='word_1_184' title='bbox 3453 1499 3724 1570; x_wconf 82' lang='lat' dir='ltr'><strong>languoris</strong></span> <span class='ocrx_word' id='word_1_185' title='bbox 3750 1501 3825 1553; x_wconf 85' lang='lat' dir='ltr'><strong>in-</strong></span> 
     </span>
    </p>
   </div>
   <div class='ocr_carea' id='block_1_29' title="bbox 2247 1591 3826 1663">
    <p class='ocr_par' dir='ltr' id='par_1_29' title="bbox 2247 1591 3826 1663">
     <span class='ocr_line' id='line_1_29' title="bbox 2247 1591 3826 1663; baseline -0.003 -13"><span class='ocrx_word' id='word_1_186' title='bbox 2247 1609 2440 1660; x_wconf 87' lang='lat' dir='ltr'><strong>cursu;</strong></span> <span class='ocrx_word' id='word_1_187' title='bbox 2491 1597 2542 1650; x_wconf 91' lang='lat' dir='ltr'><strong>in</strong></span> <span class='ocrx_word' id='word_1_188' title='bbox 2593 1610 2696 1663; x_wconf 91' lang='lat' dir='ltr'><strong>quo</strong></span> <span class='ocrx_word' id='word_1_189' title='bbox 2742 1593 3032 1649; x_wconf 88' lang='lat' dir='ltr'><strong>verendum</strong></span> <span class='ocrx_word' id='word_1_190' title='bbox 3079 1603 3293 1660; x_wconf 89' lang='lat' dir='ltr'><strong>estne,</strong></span> <span class='ocrx_word' id='word_1_191' title='bbox 3327 1591 3499 1647; x_wconf 74' lang='lat' dir='ltr'><strong>morbi</strong></span> <span class='ocrx_word' id='word_1_192' title='bbox 3552 1603 3826 1647; x_wconf 61' lang='lat' dir='ltr'><strong>crescente</strong></span> 
     </span>
    </p>
   </div>
   <div class='ocr_carea' id='block_1_30' title="bbox 2203 1682 3826 1757">
    <p class='ocr_par' dir='ltr' id='par_1_30' title="bbox 2203 1682 3826 1757">
     <span class='ocr_line' id='line_1_30' title="bbox 2203 1682 3826 1757; baseline 0 -21"><span class='ocrx_word' id='word_1_193' title='bbox 2203 1722 2216 1736; x_wconf 97' lang='lat'><strong>.</strong></span> <span class='ocrx_word' id='word_1_194' title='bbox 2250 1686 2508 1757; x_wconf 89' lang='lat' dir='ltr'><strong>periculo,</strong></span> <span class='ocrx_word' id='word_1_195' title='bbox 2566 1687 2683 1741; x_wconf 85' lang='lat' dir='ltr'><strong>sine</strong></span> <span class='ocrx_word' id='word_1_196' title='bbox 2731 1684 2968 1740; x_wconf 89' lang='lat' dir='ltr'><strong>remedio</strong></span> <span class='ocrx_word' id='word_1_197' title='bbox 3017 1684 3236 1740; x_wconf 87' lang='lat' dir='ltr'><strong>salutari</strong></span> <span class='ocrx_word' id='word_1_198' title='bbox 3284 1682 3526 1738; x_wconf 89' lang='lat' dir='ltr'><strong>fortassis</strong></span> <span class='ocrx_word' id='word_1_199' title='bbox 3566 1693 3826 1753; x_wconf 81' lang='lat' dir='ltr'><strong>:cgrotans</strong></span> 
     </span>
    </p>
   </div>
   <div class='ocr_carea' id='block_1_31' title="bbox 2250 1779 3051 1850">
    <p class='ocr_par' dir='ltr' id='par_1_31' title="bbox 2250 1779 3051 1850">
     <span class='ocr_line' id='line_1_31' title="bbox 2250 1779 3051 1850; baseline -0.009 -13"><span class='ocrx_word' id='word_1_200' title='bbox 2250 1782 2420 1837; x_wconf 76' lang='lat' dir='ltr'><strong>exitio</strong></span> <span class='ocrx_word' id='word_1_201' title='bbox 2448 1789 2750 1850; x_wconf 82' lang='lat' dir='ltr'><strong>praeventus</strong></span> <span class='ocrx_word' id='word_1_202' title='bbox 2781 1779 3051 1833; x_wconf 87' lang='lat' dir='ltr'><strong>abscedat.</strong></span> 
     </span>
    </p>
   </div>
   <div class='ocr_carea' id='block_1_32' title="bbox 565 1853 2146 1941">
    <p class='ocr_par' dir='ltr' id='par_1_32' title="bbox 565 1868 2144 1941">
     <span class='ocr_line' id='line_1_32' title="bbox 565 1868 2144 1941; baseline -0.004 -16"><span class='ocrx_word' id='word_1_203' title='bbox 565 1886 779 1941; x_wconf 89' lang='lat' dir='ltr'><strong>quoque</strong></span> <span class='ocrx_word' id='word_1_204' title='bbox 803 1885 1127 1940; x_wconf 69' lang='lat' dir='ltr'><strong>magimprre</strong></span> <span class='ocrx_word' id='word_1_205' title='bbox 1155 1870 1422 1924; x_wconf 89' lang='lat' dir='ltr'><strong>custodire</strong></span> <span class='ocrx_word' id='word_1_206' title='bbox 1453 1869 1706 1933; x_wconf 84' lang='lat' dir='ltr'><strong>nitamur,</strong></span> <span class='ocrx_word' id='word_1_207' title='bbox 1733 1881 1794 1922; x_wconf 88' lang='lat' dir='ltr'><strong>ac</strong></span> <span class='ocrx_word' id='word_1_208' title='bbox 1822 1868 1939 1921; x_wconf 87' lang='lat' dir='ltr'><strong>sine</strong></span> <span class='ocrx_word' id='word_1_209' title='bbox 1959 1880 2144 1920; x_wconf 85' lang='lat' dir='ltr'><strong>eorum</strong></span> 
     </span>
    </p>
   </div>
   <div class='ocr_carea' id='block_1_33' title="bbox 2259 1853 3829 1941">
    <p class='ocr_par' dir='ltr' id='par_1_33' title="bbox 2322 1867 3829 1938">
     <span class='ocr_line' id='line_1_33' title="bbox 2322 1867 3829 1938; baseline -0.003 -12"><span class='ocrx_word' id='word_1_210' title='bbox 2322 1871 2452 1926; x_wconf 65' lang='lat' dir='ltr'><strong>Car.</strong></span> <span class='ocrx_word' id='word_1_211' title='bbox 2481 1869 2572 1926; x_wconf 82' lang='lat' dir='ltr'><strong>XI.</strong></span> <span class='ocrx_word' id='word_1_212' title='bbox 2601 1900 2671 1913; x_wconf 89' lang='lat'><strong>—</strong></span> <span class='ocrx_word' id='word_1_213' title='bbox 2698 1870 3074 1925; x_wconf 87' lang='lat' dir='ltr'><strong>Ordinationes</strong></span> <span class='ocrx_word' id='word_1_214' title='bbox 3123 1868 3283 1924; x_wconf 90' lang='lat' dir='ltr'><strong>etiam</strong></span> <span class='ocrx_word' id='word_1_215' title='bbox 3317 1867 3756 1938; x_wconf 83' lang='lat' dir='ltr'><strong>presbyterorum</strong></span> <span class='ocrx_word' id='word_1_216' title='bbox 3778 1874 3829 1921; x_wconf 89' lang='lat' dir='ltr'><strong>et</strong></span> 
     </span>
    </p>
   </div>
   <div class='ocr_carea' id='block_1_34' title="bbox 565 1957 2145 2036">
    <p class='ocr_par' dir='ltr' id='par_1_34' title="bbox 565 1957 2145 2036">
     <span class='ocr_line' id='line_1_34' title="bbox 565 1957 2145 2036; baseline -0.003 -19"><span class='ocrx_word' id='word_1_217' title='bbox 565 1962 848 2032; x_wconf 84' lang='lat' dir='ltr'><strong>dispendio</strong></span> <span class='ocrx_word' id='word_1_218' title='bbox 883 1963 1044 2016; x_wconf 88' lang='lat' dir='ltr'><strong>etiam</strong></span> <span class='ocrx_word' id='word_1_219' title='bbox 1080 1961 1165 2014; x_wconf 89' lang='lat' dir='ltr'><strong>illa</strong></span> <span class='ocrx_word' id='word_1_220' title='bbox 1208 1975 1327 2030; x_wconf 80' lang='lat' dir='ltr'><strong>quae</strong></span> <span class='ocrx_word' id='word_1_221' title='bbox 1353 1975 1450 2028; x_wconf 90' lang='lat' dir='ltr'><strong>pro</strong></span> <span class='ocrx_word' id='word_1_222' title='bbox 1475 1957 1698 2028; x_wconf 80' lang='lat' dir='ltr'><strong>alicujus</strong></span> <span class='ocrx_word' id='word_1_223' title='bbox 1730 1959 1968 2036; x_wconf 68' lang='lat' dir='ltr'><strong>utilitatis</strong></span> <span class='ocrx_word' id='word_1_224' title='bbox 1999 1972 2145 2012; x_wconf 89' lang='lat' dir='ltr'><strong>com-</strong></span> 
     </span>
    </p>
   </div>
   <div class='ocr_carea' id='block_1_35' title="bbox 567 2052 1978 2124">
    <p class='ocr_par' dir='ltr' id='par_1_35' title="bbox 567 2052 1978 2124">
     <span class='ocr_line' id='line_1_35' title="bbox 567 2052 1978 2124; baseline -0.003 -14"><span class='ocrx_word' id='word_1_225' title='bbox 567 2055 766 2124; x_wconf 87' lang='lat' dir='ltr'><strong>pendio</strong></span> <span class='ocrx_word' id='word_1_226' title='bbox 819 2055 1047 2110; x_wconf 80' lang='lat' dir='ltr'><strong>fortasse</strong></span> <span class='ocrx_word' id='word_1_227' title='bbox 1081 2053 1360 2108; x_wconf 86' lang='lat' dir='ltr'><strong>videantur</strong></span> <span class='ocrx_word' id='word_1_228' title='bbox 1383 2052 1631 2118; x_wconf 82' lang='lat' dir='ltr'><strong>laxanda,</strong></span> <span class='ocrx_word' id='word_1_229' title='bbox 1673 2052 1978 2107; x_wconf 84' lang='lat' dir='ltr'><strong>credamus.</strong></span> 
     </span>
    </p>
   </div>
   <div class='ocr_carea' id='block_1_36' title="bbox 565 2141 2148 2214">
    <p class='ocr_par' dir='ltr' id='par_1_36' title="bbox 565 2141 2148 2214">
     <span class='ocr_line' id='line_1_36' title="bbox 565 2141 2148 2214; baseline -0.003 -14"><span class='ocrx_word' id='word_1_230' title='bbox 565 2146 610 2164; x_wconf 76' lang='lat'><em>&quot;</em></span> <span class='ocrx_word' id='word_1_231' title='bbox 635 2143 768 2200; x_wconf 67' lang='lat' dir='ltr'><strong>Car.</strong></span> <span class='ocrx_word' id='word_1_232' title='bbox 799 2144 890 2199; x_wconf 80' lang='lat' dir='ltr'><strong>IX.</strong></span> <span class='ocrx_word' id='word_1_233' title='bbox 922 2175 984 2186; x_wconf 90' lang='lat'><strong>--</strong></span> <span class='ocrx_word' id='word_1_234' title='bbox 1013 2145 1255 2214; x_wconf 78' lang='lat' dir='ltr'><strong>Cumque</strong></span> <span class='ocrx_word' id='word_1_235' title='bbox 1272 2144 1422 2198; x_wconf 85' lang='lat' dir='ltr'><strong>nobis</strong></span> <span class='ocrx_word' id='word_1_236' title='bbox 1438 2153 1623 2198; x_wconf 86' lang='lat' dir='ltr'><strong>contra</strong></span> <span class='ocrx_word' id='word_1_237' title='bbox 1655 2141 1965 2198; x_wconf 84' lang='lat' dir='ltr'><strong>salutarium</strong></span> <span class='ocrx_word' id='word_1_238' title='bbox 1996 2156 2148 2196; x_wconf 85' lang='lat' dir='ltr'><strong>reve-</strong></span> 
     </span>
    </p>
   </div>
   <div class='ocr_carea' id='block_1_37' title="bbox 569 2234 2160 2304">
    <p class='ocr_par' dir='ltr' id='par_1_37' title="bbox 569 2234 2160 2304">
     <span class='ocr_line' id='line_1_37' title="bbox 569 2234 2160 2304; baseline -0.001 -15"><span class='ocrx_word' id='word_1_239' title='bbox 569 2237 796 2290; x_wconf 77' lang='lat' dir='ltr'><strong>rentiam</strong></span> <span class='ocrx_word' id='word_1_240' title='bbox 829 2237 1129 2304; x_wconf 74' lang='lat' dir='ltr'><strong>regularum</strong></span> <span class='ocrx_word' id='word_1_241' title='bbox 1166 2234 1444 2303; x_wconf 89' lang='lat' dir='ltr'><strong>cupiamus</strong></span> <span class='ocrx_word' id='word_1_242' title='bbox 1476 2244 1674 2288; x_wconf 88' lang='lat' dir='ltr'><strong>temere</strong></span> <span class='ocrx_word' id='word_1_243' title='bbox 1706 2234 1839 2286; x_wconf 86' lang='lat' dir='ltr'><strong>nihil</strong></span> <span class='ocrx_word' id='word_1_244' title='bbox 1873 2235 2053 2299; x_wconf 88' lang='lat' dir='ltr'><strong>licere,</strong></span> <span class='ocrx_word' id='word_1_245' title='bbox 2095 2241 2160 2289; x_wconf 84' lang='lat' dir='ltr'><strong>et.</strong></span> 
     </span>
    </p>
   </div>
   <div class='ocr_carea' id='block_1_38' title="bbox 571 2323 2150 2394">
    <p class='ocr_par' dir='ltr' id='par_1_38' title="bbox 571 2323 2150 2394">
     <span class='ocr_line' id='line_1_38' title="bbox 571 2323 2150 2394; baseline -0.001 -13"><span class='ocrx_word' id='word_1_246' title='bbox 571 2341 691 2381; x_wconf 85' lang='lat' dir='ltr'><strong>cum</strong></span> <span class='ocrx_word' id='word_1_247' title='bbox 719 2325 878 2379; x_wconf 87' lang='lat' dir='ltr'><strong>sedes</strong></span> <span class='ocrx_word' id='word_1_248' title='bbox 923 2325 1213 2394; x_wconf 88' lang='lat' dir='ltr'><strong>apostolica</strong></span> <span class='ocrx_word' id='word_1_249' title='bbox 1243 2326 1492 2394; x_wconf 87' lang='lat' dir='ltr'><strong>superior</strong></span> <span class='ocrx_word' id='word_1_250' title='bbox 1525 2325 1605 2380; x_wconf 89' lang='lat' dir='ltr'><strong>his</strong></span> <span class='ocrx_word' id='word_1_251' title='bbox 1627 2325 1898 2391; x_wconf 85' lang='lat' dir='ltr'><strong>einnihus,</strong></span> <span class='ocrx_word' id='word_1_252' title='bbox 1939 2323 2150 2380; x_wconf 87' lang='lat' dir='ltr'><strong>favente</strong></span> 
     </span>
    </p>
   </div>
   <div class='ocr_carea' id='block_1_39' title="bbox 571 2415 2150 2486">
    <p class='ocr_par' dir='ltr' id='par_1_39' title="bbox 571 2415 2150 2486">
     <span class='ocr_line' id='line_1_39' title="bbox 571 2415 2150 2486; baseline 0 -17"><span class='ocrx_word' id='word_1_253' title='bbox 571 2415 817 2482; x_wconf 84' lang='lat' dir='ltr'><strong>Domino,</strong></span> <span class='ocrx_word' id='word_1_254' title='bbox 847 2431 966 2486; x_wconf 71' lang='lat' dir='ltr'><strong>qua:</strong></span> <span class='ocrx_word' id='word_1_255' title='bbox 1019 2416 1253 2485; x_wconf 85' lang='lat' dir='ltr'><strong>paternis</strong></span> <span class='ocrx_word' id='word_1_256' title='bbox 1297 2417 1590 2471; x_wconf 88' lang='lat' dir='ltr'><strong>canouibus</strong></span> <span class='ocrx_word' id='word_1_257' title='bbox 1630 2425 1751 2469; x_wconf 90' lang='lat' dir='ltr'><strong>sunt</strong></span> <span class='ocrx_word' id='word_1_258' title='bbox 1783 2417 2016 2484; x_wconf 53' lang='lat' dir='ltr'><strong>pra‘fixa,</strong></span> <span class='ocrx_word' id='word_1_259' title='bbox 2063 2416 2150 2485; x_wconf 87' lang='lat' dir='ltr'><strong>pio</strong></span> 
     </span>
    </p>
   </div>
   <div class='ocr_carea' id='block_1_40' title="bbox 570 2508 2146 2580">
    <p class='ocr_par' dir='ltr' id='par_1_40' title="bbox 570 2508 2146 2580">
     <span class='ocr_line' id='line_1_40' title="bbox 570 2508 2146 2580; baseline -0.001 -16"><span class='ocrx_word' id='word_1_260' title='bbox 570 2509 872 2578; x_wconf 88' lang='lat' dir='ltr'><strong>devotoque</strong></span> <span class='ocrx_word' id='word_1_261' title='bbox 897 2508 1107 2564; x_wconf 88' lang='lat' dir='ltr'><strong>studeat</strong></span> <span class='ocrx_word' id='word_1_262' title='bbox 1131 2519 1314 2564; x_wconf 84' lang='lat' dir='ltr'><strong>tenere</strong></span> <span class='ocrx_word' id='word_1_263' title='bbox 1349 2510 1650 2580; x_wconf 88' lang='lat' dir='ltr'><strong>proposito;</strong></span> <span class='ocrx_word' id='word_1_264' title='bbox 1699 2510 1830 2563; x_wconf 86' lang='lat' dir='ltr'><strong>satis</strong></span> <span class='ocrx_word' id='word_1_265' title='bbox 1871 2508 2146 2578; x_wconf 78' lang='lat' dir='ltr'><strong>indignum</strong></span> 
     </span>
    </p>
   </div>
   <div class='ocr_carea' id='block_1_41' title="bbox 571 2599 2151 2670">
    <p class='ocr_par' dir='ltr' id='par_1_41' title="bbox 571 2599 2151 2670">
     <span class='ocr_line' id='line_1_41' title="bbox 571 2599 2151 2670; baseline -0.001 -14"><span class='ocrx_word' id='word_1_266' title='bbox 571 2610 655 2656; x_wconf 87' lang='lat' dir='ltr'><strong>est</strong></span> <span class='ocrx_word' id='word_1_267' title='bbox 695 2615 1014 2670; x_wconf 87' lang='lat' dir='ltr'><strong>quemquam</strong></span> <span class='ocrx_word' id='word_1_268' title='bbox 1066 2601 1146 2656; x_wconf 88' lang='lat' dir='ltr'><strong>vel</strong></span> <span class='ocrx_word' id='word_1_269' title='bbox 1185 2602 1518 2669; x_wconf 82' lang='lat' dir='ltr'><strong>pontificum,</strong></span> <span class='ocrx_word' id='word_1_270' title='bbox 1551 2599 1632 2655; x_wconf 87' lang='lat' dir='ltr'><strong>vel</strong></span> <span class='ocrx_word' id='word_1_271' title='bbox 1675 2601 1920 2654; x_wconf 88' lang='lat' dir='ltr'><strong>ordlnum</strong></span> <span class='ocrx_word' id='word_1_272' title='bbox 1965 2600 2151 2655; x_wconf 82' lang='lat' dir='ltr'><strong>subse-</strong></span> 
     </span>
    </p>
   </div>
   <div class='ocr_carea' id='block_1_42' title="bbox 573 2690 2151 2762">
    <p class='ocr_par' dir='ltr' id='par_1_42' title="bbox 573 2690 2151 2762">
     <span class='ocr_line' id='line_1_42' title="bbox 573 2690 2151 2762; baseline 0.001 -18"><span class='ocrx_word' id='word_1_273' title='bbox 573 2691 870 2758; x_wconf 82' lang='lat' dir='ltr'><strong>quentium,</strong></span> <span class='ocrx_word' id='word_1_274' title='bbox 920 2691 1059 2746; x_wconf 86' lang='lat' dir='ltr'><strong>hanc</strong></span> <span class='ocrx_word' id='word_1_275' title='bbox 1089 2693 1484 2747; x_wconf 86' lang='lat' dir='ltr'><strong>observantiam</strong></span> <span class='ocrx_word' id='word_1_276' title='bbox 1513 2693 1765 2758; x_wconf 86' lang='lat' dir='ltr'><strong>refutare,</strong></span> <span class='ocrx_word' id='word_1_277' title='bbox 1794 2705 1950 2762; x_wconf 86' lang='lat' dir='ltr'><strong>quam</strong></span> <span class='ocrx_word' id='word_1_278' title='bbox 2008 2690 2151 2747; x_wconf 89' lang='lat' dir='ltr'><strong>beati</strong></span> 
     </span>
    </p>
   </div>
   <div class='ocr_carea' id='block_1_43' title="bbox 572 2781 2152 2853">
    <p class='ocr_par' dir='ltr' id='par_1_43' title="bbox 572 2781 2152 2853">
     <span class='ocr_line' id='line_1_43' title="bbox 572 2781 2152 2853; baseline -0.001 -15"><span class='ocrx_word' id='word_1_279' title='bbox 572 2781 713 2838; x_wconf 80' lang='lat' dir='ltr'><strong>Petri</strong></span> <span class='ocrx_word' id='word_1_280' title='bbox 743 2782 928 2838; x_wconf 86' lang='lat' dir='ltr'><strong>sedem</strong></span> <span class='ocrx_word' id='word_1_281' title='bbox 953 2793 1008 2836; x_wconf 89' lang='lat' dir='ltr'><strong>et</strong></span> <span class='ocrx_word' id='word_1_282' title='bbox 1045 2785 1196 2852; x_wconf 88' lang='lat' dir='ltr'><strong>sequi</strong></span> <span class='ocrx_word' id='word_1_283' title='bbox 1238 2784 1414 2838; x_wconf 89' lang='lat' dir='ltr'><strong>videat</strong></span> <span class='ocrx_word' id='word_1_284' title='bbox 1441 2793 1493 2838; x_wconf 90' lang='lat' dir='ltr'><strong>et</strong></span> <span class='ocrx_word' id='word_1_285' title='bbox 1515 2785 1708 2838; x_wconf 84' lang='lat' dir='ltr'><strong>docere</strong></span> <span class='ocrx_word' id='word_1_286' title='bbox 1731 2800 1742 2836; x_wconf 91' lang='lat'>:</span> <span class='ocrx_word' id='word_1_287' title='bbox 1767 2783 2001 2853; x_wconf 80' lang='lat' dir='ltr'><strong>satisque</strong></span> <span class='ocrx_word' id='word_1_288' title='bbox 2024 2796 2152 2837; x_wconf 87' lang='lat' dir='ltr'><strong>con-</strong></span> 
     </span>
    </p>
   </div>
   <div class='ocr_carea' id='block_1_44' title="bbox 572 2874 2152 2946">
    <p class='ocr_par' dir='ltr' id='par_1_44' title="bbox 572 2874 2152 2946">
     <span class='ocr_line' id='line_1_44' title="bbox 572 2874 2152 2946; baseline 0.003 -19"><span class='ocrx_word' id='word_1_289' title='bbox 572 2874 794 2930; x_wconf 88' lang='lat' dir='ltr'><strong>veniens</strong></span> <span class='ocrx_word' id='word_1_290' title='bbox 815 2877 906 2938; x_wconf 82' lang='lat' dir='ltr'><strong>sit,</strong></span> <span class='ocrx_word' id='word_1_291' title='bbox 940 2884 996 2931; x_wconf 92' lang='lat' dir='ltr'><strong>ut</strong></span> <span class='ocrx_word' id='word_1_292' title='bbox 1019 2884 1184 2931; x_wconf 85' lang='lat' dir='ltr'><strong>totum</strong></span> <span class='ocrx_word' id='word_1_293' title='bbox 1209 2891 1404 2946; x_wconf 87' lang='lat' dir='ltr'><strong>corpus</strong></span> <span class='ocrx_word' id='word_1_294' title='bbox 1436 2877 1763 2932; x_wconf 85' lang='lat' dir='ltr'><strong>Ecclesiacln</strong></span> <span class='ocrx_word' id='word_1_295' title='bbox 1794 2876 1893 2930; x_wconf 87' lang='lat' dir='ltr'><strong>hac</strong></span> <span class='ocrx_word' id='word_1_296' title='bbox 1935 2875 2152 2931; x_wconf 84' lang='lat' dir='ltr'><strong>sibimet</strong></span> 
     </span>
    </p>
   </div>
   <div class='ocr_carea' id='block_1_45' title="bbox 572 2965 2147 3038">
    <p class='ocr_par' dir='ltr' id='par_1_45' title="bbox 572 2965 2147 3038">
     <span class='ocr_line' id='line_1_45' title="bbox 572 2965 2147 3038; baseline 0.001 -18"><span class='ocrx_word' id='word_1_297' title='bbox 572 2965 947 3022; x_wconf 77' lang='lat' dir='ltr'><strong>observatione</strong></span> <span class='ocrx_word' id='word_1_298' title='bbox 971 2969 1282 3036; x_wconf 88' lang='lat' dir='ltr'><strong>concordet,</strong></span> <span class='ocrx_word' id='word_1_299' title='bbox 1305 2985 1462 3037; x_wconf 88' lang='lat' dir='ltr'><strong>qttam</strong></span> <span class='ocrx_word' id='word_1_300' title='bbox 1493 2970 1600 3024; x_wconf 90' lang='lat' dir='ltr'><strong>illic</strong></span> <span class='ocrx_word' id='word_1_301' title='bbox 1628 2969 1806 3038; x_wconf 75' lang='lat' dir='ltr'><strong>vigere</strong></span> <span class='ocrx_word' id='word_1_302' title='bbox 1836 2969 2147 3037; x_wconf 86' lang='lat' dir='ltr'><strong>conspiciat,</strong></span> 
     </span>
    </p>
   </div>
   <div class='ocr_carea' id='block_1_46' title="bbox 573 3059 2151 3129">
    <p class='ocr_par' dir='ltr' id='par_1_46' title="bbox 573 3059 2151 3129">
     <span class='ocr_line' id='line_1_46' title="bbox 573 3059 2151 3129; baseline 0.003 -19"><span class='ocrx_word' id='word_1_303' title='bbox 573 3059 664 3112; x_wconf 85' lang='lat' dir='ltr'><strong>tibi</strong></span> <span class='ocrx_word' id='word_1_304' title='bbox 697 3059 952 3129; x_wconf 83' lang='lat' dir='ltr'><strong>Dominus</strong></span> <span class='ocrx_word' id='word_1_305' title='bbox 985 3061 1239 3116; x_wconf 68' lang='lat' dir='ltr'><strong>Ecclesiae</strong></span> <span class='ocrx_word' id='word_1_306' title='bbox 1265 3064 1426 3115; x_wconf 85' lang='lat' dir='ltr'><strong>totius</strong></span> <span class='ocrx_word' id='word_1_307' title='bbox 1458 3062 1634 3129; x_wconf 91' lang='lat' dir='ltr'><strong>posuit</strong></span> <span class='ocrx_word' id='word_1_308' title='bbox 1666 3059 2044 3128; x_wconf 84' lang='lat' dir='ltr'><strong>principatum,</strong></span> <span class='ocrx_word' id='word_1_309' title='bbox 2071 3060 2151 3114; x_wconf 91' lang='lat' dir='ltr'><strong>di-</strong></span> 
     </span>
    </p>
   </div>
   <div class='ocr_carea' id='block_1_47' title="bbox 572 3148 2146 3219">
    <p class='ocr_par' dir='ltr' id='par_1_47' title="bbox 572 3148 2146 3219">
     <span class='ocr_line' id='line_1_47' title="bbox 572 3148 2146 3219; baseline 0.001 -17"><span class='ocrx_word' id='word_1_310' title='bbox 572 3157 728 3203; x_wconf 83' lang='lat' dir='ltr'><strong>cente</strong></span> <span class='ocrx_word' id='word_1_311' title='bbox 749 3148 1025 3214; x_wconf 85' lang='lat' dir='ltr'><strong>Scriptura</strong></span> <span class='ocrx_word' id='word_1_312' title='bbox 1057 3167 1070 3202; x_wconf 85' lang='lat'><strong>:</strong></span> <span class='ocrx_word' id='word_1_313' title='bbox 1107 3151 1358 3203; x_wconf 80' lang='lat' dir='ltr'><strong>Urdinate</strong></span> <span class='ocrx_word' id='word_1_314' title='bbox 1387 3152 1435 3203; x_wconf 86' lang='lat' dir='ltr'><strong>in</strong></span> <span class='ocrx_word' id='word_1_315' title='bbox 1465 3167 1544 3203; x_wconf 88' lang='lat' dir='ltr'><strong>me</strong></span> <span class='ocrx_word' id='word_1_316' title='bbox 1573 3153 1831 3202; x_wconf 82' lang='lat' dir='ltr'><strong>caritatem</strong></span> <span class='ocrx_word' id='word_1_317' title='bbox 1862 3148 2032 3217; x_wconf 84' lang='lat' dir='ltr'><strong>(Cant.</strong></span> <span class='ocrx_word' id='word_1_318' title='bbox 2067 3150 2146 3219; x_wconf 78' lang='grc' dir='ltr'><strong>ιι).</strong></span> 
     </span>
    </p>
   </div>
   <div class='ocr_carea' id='block_1_48' title="bbox 571 3209 2226 3310">
    <p class='ocr_par' dir='ltr' id='par_1_48' title="bbox 571 3209 2226 3310">
     <span class='ocr_line' id='line_1_48' title="bbox 571 3209 2226 3310; baseline 0.004 -21"><span class='ocrx_word' id='word_1_319' title='bbox 571 3235 638 3290; x_wconf 84' lang='grc' dir='ltr'><strong>Ει</strong></span> <span class='ocrx_word' id='word_1_320' title='bbox 667 3237 791 3290; x_wconf 85' lang='lat' dir='ltr'><strong>item</strong></span> <span class='ocrx_word' id='word_1_321' title='bbox 816 3252 829 3290; x_wconf 90' lang='lat'><strong>:</strong></span> <span class='ocrx_word' id='word_1_322' title='bbox 867 3209 1054 3291; x_wconf 61' lang='lat' dir='ltr'><strong>Omnia</strong></span> <span class='ocrx_word' id='word_1_323' title='bbox 1074 3255 1188 3291; x_wconf 77' lang='lat' dir='ltr'><strong>eam</strong></span> <span class='ocrx_word' id='word_1_324' title='bbox 1216 3241 1392 3292; x_wconf 80' lang='lat' dir='ltr'><strong>ordine</strong></span> <span class='ocrx_word' id='word_1_325' title='bbox 1423 3241 1548 3306; x_wconf 77' lang='lat' dir='ltr'><strong>ﬁant</strong></span> <span class='ocrx_word' id='word_1_326' title='bbox 1571 3238 1619 3309; x_wconf 86' lang='grc' dir='ltr'><strong>(ι</strong></span> <span class='ocrx_word' id='word_1_327' title='bbox 1647 3239 1762 3293; x_wconf 86' lang='lat' dir='ltr'><strong>Cor.</strong></span> <span class='ocrx_word' id='word_1_328' title='bbox 1797 3209 1930 3309; x_wconf 56' lang='lat' dir='ltr'><strong>xu&quot;).</strong></span> <span class='ocrx_word' id='word_1_329' title='bbox 1981 3209 2154 3310; x_wconf 75' lang='lat' dir='ltr'><strong>Atque</strong></span> <span class='ocrx_word' id='word_1_330' title='bbox 2178 3209 2226 3274; x_wconf 66' lang='grc' dir='ltr'><strong>Ο</strong></span> 
     </span>
    </p>
   </div>
   <div class='ocr_carea' id='block_1_49' title="bbox 575 3327 2152 3400">
    <p class='ocr_par' dir='ltr' id='par_1_49' title="bbox 575 3327 2152 3400">
     <span class='ocr_line' id='line_1_49' title="bbox 575 3327 2152 3400; baseline 0.003 -21"><span class='ocrx_word' id='word_1_331' title='bbox 575 3327 768 3380; x_wconf 82' lang='lat' dir='ltr'><strong>iterum</strong></span> <span class='ocrx_word' id='word_1_332' title='bbox 817 3328 1090 3397; x_wconf 88' lang='lat' dir='ltr'><strong>psalmista</strong></span> <span class='ocrx_word' id='word_1_333' title='bbox 1149 3330 1477 3398; x_wconf 67' lang='lat' dir='ltr'><strong>praedicante</strong></span> <span class='ocrx_word' id='word_1_334' title='bbox 1511 3348 1523 3383; x_wconf 85' lang='lat'><strong>:</strong></span> <span class='ocrx_word' id='word_1_335' title='bbox 1559 3331 1882 3385; x_wconf 85' lang='lat' dir='ltr'><strong>Circumdate</strong></span> <span class='ocrx_word' id='word_1_336' title='bbox 1924 3331 2072 3400; x_wconf 84' lang='lat' dir='ltr'><strong>Sion,</strong></span> <span class='ocrx_word' id='word_1_337' title='bbox 2107 3340 2152 3387; x_wconf 84' lang='lat' dir='ltr'><strong>et</strong></span> 
     </span>
    </p>
   </div>
   <div class='ocr_carea' id='block_1_50' title="bbox 575 3417 2151 3494">
    <p class='ocr_par' dir='ltr' id='par_1_50' title="bbox 575 3417 2151 3494">
     <span class='ocr_line' id='line_1_50' title="bbox 575 3417 2151 3494; baseline 0.006 -24"><span class='ocrx_word' id='word_1_338' title='bbox 575 3417 966 3487; x_wconf 78' lang='lat' dir='ltr'><strong>consplectimini</strong></span> <span class='ocrx_word' id='word_1_339' title='bbox 1009 3435 1147 3487; x_wconf 88' lang='lat' dir='ltr'><strong>eam,</strong></span> <span class='ocrx_word' id='word_1_340' title='bbox 1205 3431 1414 3476; x_wconf 81' lang='lat' dir='ltr'><strong>narrate</strong></span> <span class='ocrx_word' id='word_1_341' title='bbox 1459 3424 1512 3476; x_wconf 85' lang='lat' dir='ltr'><strong>in</strong></span> <span class='ocrx_word' id='word_1_342' title='bbox 1541 3424 1761 3477; x_wconf 76' lang='lat' dir='ltr'><strong>turribus</strong></span> <span class='ocrx_word' id='word_1_343' title='bbox 1805 3427 1938 3494; x_wconf 82' lang='lat' dir='ltr'><strong>ejus.</strong></span> <span class='ocrx_word' id='word_1_344' title='bbox 1967 3424 2151 3479; x_wconf 83' lang='lat' dir='ltr'><strong>Ponite</strong></span> 
     </span>
    </p>
   </div>
   <div class='ocr_carea' id='block_1_51' title="bbox 574 3509 2148 3588">
    <p class='ocr_par' dir='ltr' id='par_1_51' title="bbox 574 3509 2148 3588">
     <span class='ocr_line' id='line_1_51' title="bbox 574 3509 2148 3588; baseline 0.004 -26"><span class='ocrx_word' id='word_1_345' title='bbox 574 3509 731 3562; x_wconf 86' lang='lat' dir='ltr'><strong>corda</strong></span> <span class='ocrx_word' id='word_1_346' title='bbox 752 3518 912 3562; x_wconf 85' lang='lat' dir='ltr'><strong>vestra</strong></span> <span class='ocrx_word' id='word_1_347' title='bbox 943 3511 995 3562; x_wconf 86' lang='lat' dir='ltr'><strong>in</strong></span> <span class='ocrx_word' id='word_1_348' title='bbox 1022 3511 1206 3565; x_wconf 86' lang='lat' dir='ltr'><strong>virtute</strong></span> <span class='ocrx_word' id='word_1_349' title='bbox 1241 3515 1372 3581; x_wconf 83' lang='lat' dir='ltr'><strong>ejus,</strong></span> <span class='ocrx_word' id='word_1_350' title='bbox 1401 3524 1446 3565; x_wconf 86' lang='lat' dir='ltr'><strong>et</strong></span> <span class='ocrx_word' id='word_1_351' title='bbox 1476 3513 1767 3567; x_wconf 81' lang='lat' dir='ltr'><strong>distribuite</strong></span> <span class='ocrx_word' id='word_1_352' title='bbox 1796 3516 1986 3586; x_wconf 85' lang='lat' dir='ltr'><strong>gradus</strong></span> <span class='ocrx_word' id='word_1_353' title='bbox 2015 3520 2148 3588; x_wconf 83' lang='lat' dir='ltr'><strong>ejus,</strong></span> 
     </span>
    </p>
   </div>
   <div class='ocr_carea' id='block_1_52' title="bbox 574 3602 2146 3674">
    <p class='ocr_par' dir='ltr' id='par_1_52' title="bbox 574 3602 2146 3674">
     <span class='ocr_line' id='line_1_52' title="bbox 574 3602 2146 3674; baseline 0.004 -21"><span class='ocrx_word' id='word_1_354' title='bbox 574 3611 632 3654; x_wconf 81' lang='lat' dir='ltr'><strong>ut</strong></span> <span class='ocrx_word' id='word_1_355' title='bbox 659 3603 900 3654; x_wconf 70' lang='lat' dir='ltr'><strong>enarratis</strong></span> <span class='ocrx_word' id='word_1_356' title='bbox 926 3602 978 3654; x_wconf 82' lang='lat' dir='ltr'><strong>in</strong></span> <span class='ocrx_word' id='word_1_357' title='bbox 1001 3604 1267 3671; x_wconf 76' lang='lat' dir='ltr'><strong>progenies</strong></span> <span class='ocrx_word' id='word_1_358' title='bbox 1292 3605 1502 3665; x_wconf 79' lang='lat' dir='ltr'><strong>alteras,</strong></span> <span class='ocrx_word' id='word_1_359' title='bbox 1534 3607 1773 3674; x_wconf 82' lang='lat' dir='ltr'><strong>quoniam</strong></span> <span class='ocrx_word' id='word_1_360' title='bbox 1797 3607 1881 3659; x_wconf 78' lang='lat' dir='ltr'><strong>hic</strong></span> <span class='ocrx_word' id='word_1_361' title='bbox 1895 3616 1965 3661; x_wconf 75' lang='lat' dir='ltr'><strong>est</strong></span> <span class='ocrx_word' id='word_1_362' title='bbox 1993 3606 2146 3673; x_wconf 82' lang='lat' dir='ltr'><strong>Dens,</strong></span> 
     </span>
    </p>
   </div>
   <div class='ocr_carea' id='block_1_53' title="bbox 573 3691 2153 3767">
    <p class='ocr_par' dir='ltr' id='par_1_53' title="bbox 573 3691 2153 3767">
     <span class='ocr_line' id='line_1_53' title="bbox 573 3691 2153 3767; baseline 0.003 -20"><span class='ocrx_word' id='word_1_363' title='bbox 573 3691 714 3747; x_wconf 75' lang='lat' dir='ltr'><strong>Deus</strong></span> <span class='ocrx_word' id='word_1_364' title='bbox 749 3702 924 3749; x_wconf 77' lang='lat' dir='ltr'><strong>noster</strong></span> <span class='ocrx_word' id='word_1_365' title='bbox 965 3694 1017 3745; x_wconf 80' lang='lat' dir='ltr'><strong>in</strong></span> <span class='ocrx_word' id='word_1_366' title='bbox 1059 3702 1333 3760; x_wconf 77' lang='lat' dir='ltr'><strong>wternum;</strong></span> <span class='ocrx_word' id='word_1_367' title='bbox 1378 3706 1425 3750; x_wconf 80' lang='lat' dir='ltr'><strong>et</strong></span> <span class='ocrx_word' id='word_1_368' title='bbox 1465 3696 1573 3765; x_wconf 84' lang='lat' dir='ltr'><strong>ipse</strong></span> <span class='ocrx_word' id='word_1_369' title='bbox 1597 3706 1739 3767; x_wconf 84' lang='lat' dir='ltr'><strong>reget</strong></span> <span class='ocrx_word' id='word_1_370' title='bbox 1768 3713 1856 3750; x_wconf 85' lang='lat' dir='ltr'><strong>nos</strong></span> <span class='ocrx_word' id='word_1_371' title='bbox 1883 3701 1935 3750; x_wconf 81' lang='lat' dir='ltr'><strong>in</strong></span> <span class='ocrx_word' id='word_1_372' title='bbox 1965 3699 2153 3752; x_wconf 68' lang='lat' dir='ltr'><strong>saecula</strong></span> 
     </span>
    </p>
   </div>
   <div class='ocr_carea' id='block_1_54' title="bbox 574 3781 2151 3857">
    <p class='ocr_par' dir='ltr' id='par_1_54' title="bbox 574 3781 2151 3857">
     <span class='ocr_line' id='line_1_54' title="bbox 574 3781 2151 3857; baseline 0.006 -22"><span class='ocrx_word' id='word_1_373' title='bbox 574 3781 747 3850; x_wconf 80' lang='lat' dir='ltr'><strong>(Psaf.</strong></span> <span class='ocrx_word' id='word_1_374' title='bbox 777 3784 959 3854; x_wconf 73' lang='lat' dir='ltr'><strong>van).</strong></span> <span class='ocrx_word' id='word_1_375' title='bbox 989 3784 1084 3838; x_wconf 87' lang='lat' dir='ltr'><strong>Hic</strong></span> <span class='ocrx_word' id='word_1_376' title='bbox 1105 3785 1289 3854; x_wconf 90' lang='lat' dir='ltr'><strong>procul</strong></span> <span class='ocrx_word' id='word_1_377' title='bbox 1326 3785 1510 3853; x_wconf 87' lang='lat' dir='ltr'><strong>dubio,</strong></span> <span class='ocrx_word' id='word_1_378' title='bbox 1556 3787 1647 3857; x_wconf 86' lang='lat' dir='ltr'><strong>qui</strong></span> <span class='ocrx_word' id='word_1_379' title='bbox 1677 3789 1726 3840; x_wconf 91' lang='lat' dir='ltr'><strong>in</strong></span> <span class='ocrx_word' id='word_1_380' title='bbox 1759 3789 2151 3844; x_wconf 87' lang='lat' dir='ltr'><strong>ecclesiastica-</strong></span> 
     </span>
    </p>
   </div>
   <div class='ocr_carea' id='block_1_55' title="bbox 573 3875 2152 3950">
    <p class='ocr_par' dir='ltr' id='par_1_55' title="bbox 573 3875 2152 3950">
     <span class='ocr_line' id='line_1_55' title="bbox 573 3875 2152 3950; baseline 0.006 -25"><span class='ocrx_word' id='word_1_381' title='bbox 573 3887 690 3925; x_wconf 90' lang='lat' dir='ltr'><strong>rum</strong></span> <span class='ocrx_word' id='word_1_382' title='bbox 723 3883 967 3928; x_wconf 88' lang='lat' dir='ltr'><strong>narratur</strong></span> <span class='ocrx_word' id='word_1_383' title='bbox 995 3875 1272 3930; x_wconf 90' lang='lat' dir='ltr'><strong>altitudine</strong></span> <span class='ocrx_word' id='word_1_384' title='bbox 1318 3877 1651 3948; x_wconf 84' lang='lat' dir='ltr'><strong>dignitatum,</strong></span> <span class='ocrx_word' id='word_1_385' title='bbox 1695 3885 1748 3934; x_wconf 88' lang='lat' dir='ltr'><strong>et</strong></span> <span class='ocrx_word' id='word_1_386' title='bbox 1777 3879 1831 3935; x_wconf 92' lang='lat' dir='ltr'><strong>in</strong></span> <span class='ocrx_word' id='word_1_387' title='bbox 1867 3879 2016 3950; x_wconf 87' lang='lat' dir='ltr'><strong>cujus</strong></span> <span class='ocrx_word' id='word_1_388' title='bbox 2045 3879 2152 3934; x_wconf 88' lang='lat' dir='ltr'><strong>vir-</strong></span> 
     </span>
    </p>
   </div>
   <div class='ocr_carea' id='block_1_56' title="bbox 575 3963 2150 4039">
    <p class='ocr_par' dir='ltr' id='par_1_56' title="bbox 575 3963 2150 4039">
     <span class='ocr_line' id='line_1_56' title="bbox 575 3963 2150 4039; baseline 0.006 -23"><span class='ocrx_word' id='word_1_389' title='bbox 575 3974 688 4018; x_wconf 83' lang='lat' dir='ltr'><strong>tute</strong></span> <span class='ocrx_word' id='word_1_390' title='bbox 710 3963 861 4018; x_wconf 91' lang='lat' dir='ltr'><strong>bonis</strong></span> <span class='ocrx_word' id='word_1_391' title='bbox 883 3965 1133 4031; x_wconf 87' lang='lat' dir='ltr'><strong>operlbus</strong></span> <span class='ocrx_word' id='word_1_392' title='bbox 1164 3967 1326 4020; x_wconf 90' lang='lat' dir='ltr'><strong>corda</strong></span> <span class='ocrx_word' id='word_1_393' title='bbox 1343 3971 1586 4036; x_wconf 90' lang='lat' dir='ltr'><strong>ponenda</strong></span> <span class='ocrx_word' id='word_1_394' title='bbox 1614 3981 1755 4038; x_wconf 90' lang='lat' dir='ltr'><strong>sunt,</strong></span> <span class='ocrx_word' id='word_1_395' title='bbox 1780 3969 2030 4039; x_wconf 80' lang='lat' dir='ltr'><strong>gradibus</strong></span> <span class='ocrx_word' id='word_1_396' title='bbox 2049 3974 2150 4026; x_wconf 90' lang='lat' dir='ltr'><strong>uti-</strong></span> 
     </span>
    </p>
   </div>
   <div class='ocr_carea' id='block_1_57' title="bbox 573 4053 2148 4132">
    <p class='ocr_par' dir='ltr' id='par_1_57' title="bbox 573 4053 2148 4132">
     <span class='ocr_line' id='line_1_57' title="bbox 573 4053 2148 4132; baseline 0.008 -27"><span class='ocrx_word' id='word_1_397' title='bbox 573 4069 677 4122; x_wconf 90' lang='lat' dir='ltr'><strong>que</strong></span> <span class='ocrx_word' id='word_1_398' title='bbox 701 4053 1024 4122; x_wconf 84' lang='lat' dir='ltr'><strong>distributis,</strong></span> <span class='ocrx_word' id='word_1_399' title='bbox 1057 4057 1266 4110; x_wconf 87' lang='lat' dir='ltr'><strong>cunctis</strong></span> <span class='ocrx_word' id='word_1_400' title='bbox 1284 4057 1425 4112; x_wconf 86' lang='lat' dir='ltr'><strong>Deus</strong></span> <span class='ocrx_word' id='word_1_401' title='bbox 1454 4069 1633 4114; x_wconf 90' lang='lat' dir='ltr'><strong>noster</strong></span> <span class='ocrx_word' id='word_1_402' title='bbox 1655 4071 1709 4114; x_wconf 86' lang='lat' dir='ltr'><strong>et</strong></span> <span class='ocrx_word' id='word_1_403' title='bbox 1740 4073 1916 4116; x_wconf 90' lang='lat' dir='ltr'><strong>rector</strong></span> <span class='ocrx_word' id='word_1_404' title='bbox 1939 4063 2148 4132; x_wconf 85' lang='lat' dir='ltr'><strong>populis</strong></span> 
     </span>
    </p>
   </div>
   <div class='ocr_carea' id='block_1_58' title="bbox 575 4145 2148 4214">
    <p class='ocr_par' dir='ltr' id='par_1_58' title="bbox 575 4145 2148 4214">
     <span class='ocr_line' id='line_1_58' title="bbox 575 4145 2148 4214; baseline 0.004 -15"><span class='ocrx_word' id='word_1_405' title='bbox 575 4145 948 4214; x_wconf 70' lang='lat' dir='ltr'><strong>prmdicandus</strong></span> <span class='ocrx_word' id='word_1_406' title='bbox 986 4157 1069 4201; x_wconf 86' lang='lat' dir='ltr'><strong>est</strong></span> <span class='ocrx_word' id='word_1_407' title='bbox 1113 4147 1420 4202; x_wconf 89' lang='lat' dir='ltr'><strong>christianis</strong></span> <span class='ocrx_word' id='word_1_408' title='bbox 1445 4166 1456 4202; x_wconf 87' lang='lat'><strong>:</strong></span> <span class='ocrx_word' id='word_1_409' title='bbox 1485 4152 1571 4203; x_wconf 89' lang='lat' dir='ltr'><strong>ubi</strong></span> <span class='ocrx_word' id='word_1_410' title='bbox 1605 4165 1764 4205; x_wconf 88' lang='lat' dir='ltr'><strong>nemo</strong></span> <span class='ocrx_word' id='word_1_411' title='bbox 1812 4153 2023 4207; x_wconf 88' lang='lat' dir='ltr'><strong>sibimet</strong></span> <span class='ocrx_word' id='word_1_412' title='bbox 2050 4154 2148 4206; x_wconf 73' lang='lat' dir='ltr'><strong>ali-</strong></span> 
     </span>
    </p>
   </div>
   <div class='ocr_carea' id='block_1_59' title="bbox 573 4235 2201 4305">
    <p class='ocr_par' dir='ltr' id='par_1_59' title="bbox 573 4235 2201 4305">
     <span class='ocr_line' id='line_1_59' title="bbox 573 4235 2201 4305; baseline 0.006 -16"><span class='ocrx_word' id='word_1_413' title='bbox 573 4235 699 4304; x_wconf 89' lang='lat' dir='ltr'><strong>quid</strong></span> <span class='ocrx_word' id='word_1_414' title='bbox 721 4236 832 4305; x_wconf 91' lang='lat' dir='ltr'><strong>jam</strong></span> <span class='ocrx_word' id='word_1_415' title='bbox 860 4237 1132 4292; x_wconf 78' lang='lat' dir='ltr'><strong>existimet</strong></span> <span class='ocrx_word' id='word_1_416' title='bbox 1156 4239 1515 4304; x_wconf 89' lang='lat' dir='ltr'><strong>imminutum,</strong></span> <span class='ocrx_word' id='word_1_417' title='bbox 1550 4257 1669 4296; x_wconf 91' lang='lat' dir='ltr'><strong>cum</strong></span> <span class='ocrx_word' id='word_1_418' title='bbox 1709 4253 1760 4296; x_wconf 91' lang='lat' dir='ltr'><strong>et</strong></span> <span class='ocrx_word' id='word_1_419' title='bbox 1800 4241 1867 4298; x_wconf 91' lang='lat' dir='ltr'><strong>de</strong></span> <span class='ocrx_word' id='word_1_420' title='bbox 1898 4244 2148 4297; x_wconf 88' lang='lat' dir='ltr'><strong>uuiuscu-</strong></span> <span class='ocrx_word' id='word_1_421' title='bbox 2194 4252 2201 4259; x_wconf 94' lang='lat'>&#39;</span> 
     </span>
    </p>
   </div>
   <div class='ocr_carea' id='block_1_60' title="bbox 572 4324 2149 4401">
    <p class='ocr_par' dir='ltr' id='par_1_60' title="bbox 572 4324 2149 4401">
     <span class='ocr_line' id='line_1_60' title="bbox 572 4324 2149 4401; baseline 0.006 -23"><span class='ocrx_word' id='word_1_422' title='bbox 572 4324 763 4394; x_wconf 86' lang='lat' dir='ltr'><strong>jusque</strong></span> <span class='ocrx_word' id='word_1_423' title='bbox 787 4327 985 4394; x_wconf 79' lang='lat' dir='ltr'><strong>gradus</strong></span> <span class='ocrx_word' id='word_1_424' title='bbox 1011 4328 1338 4397; x_wconf 88' lang='lat' dir='ltr'><strong>perfectione</strong></span> <span class='ocrx_word' id='word_1_425' title='bbox 1361 4331 1490 4385; x_wconf 90' lang='lat' dir='ltr'><strong>nihil</strong></span> <span class='ocrx_word' id='word_1_426' title='bbox 1508 4332 1734 4401; x_wconf 89' lang='lat' dir='ltr'><strong>deperit,</strong></span> <span class='ocrx_word' id='word_1_427' title='bbox 1755 4341 1807 4387; x_wconf 90' lang='lat' dir='ltr'><strong>ct</strong></span> <span class='ocrx_word' id='word_1_428' title='bbox 1827 4332 2149 4389; x_wconf 89' lang='lat' dir='ltr'><strong>convenien-</strong></span> 
     </span>
    </p>
   </div>
   <div class='ocr_carea' id='block_1_61' title="bbox 572 4415 2144 4492">
    <p class='ocr_par' dir='ltr' id='par_1_61' title="bbox 572 4415 2144 4492">
     <span class='ocr_line' id='line_1_61' title="bbox 572 4415 2144 4492; baseline 0.008 -24"><span class='ocrx_word' id='word_1_429' title='bbox 572 4423 657 4469; x_wconf 92' lang='lat' dir='ltr'><strong>ter</strong></span> <span class='ocrx_word' id='word_1_430' title='bbox 687 4415 985 4483; x_wconf 88' lang='lat' dir='ltr'><strong>retinendo,</strong></span> <span class='ocrx_word' id='word_1_431' title='bbox 1018 4419 1158 4487; x_wconf 87' lang='lat' dir='ltr'><strong>quod</strong></span> <span class='ocrx_word' id='word_1_432' title='bbox 1207 4422 1409 4477; x_wconf 77' lang='lat' dir='ltr'><strong>ctelesti</strong></span> <span class='ocrx_word' id='word_1_433' title='bbox 1457 4425 1855 4492; x_wconf 87' lang='lat' dir='ltr'><strong>dispensatione</strong></span> <span class='ocrx_word' id='word_1_434' title='bbox 1893 4425 2144 4482; x_wconf 88' lang='lat' dir='ltr'><strong>collatum</strong></span> 
     </span>
    </p>
   </div>
   <div class='ocr_carea' id='block_1_62' title="bbox 573 4509 2142 4588">
    <p class='ocr_par' dir='ltr' id='par_1_62' title="bbox 573 4509 2142 4588">
     <span class='ocr_line' id='line_1_62' title="bbox 573 4509 2142 4588; baseline 0.01 -28"><span class='ocrx_word' id='word_1_435' title='bbox 573 4517 675 4571; x_wconf 84' lang='lat' dir='ltr'><strong>est,</strong></span> <span class='ocrx_word' id='word_1_436' title='bbox 733 4509 932 4578; x_wconf 88' lang='lat' dir='ltr'><strong>pariter</strong></span> <span class='ocrx_word' id='word_1_437' title='bbox 974 4511 1128 4567; x_wconf 89' lang='lat' dir='ltr'><strong>nobis</strong></span> <span class='ocrx_word' id='word_1_438' title='bbox 1181 4523 1235 4569; x_wconf 92' lang='lat' dir='ltr'><strong>et</strong></span> <span class='ocrx_word' id='word_1_439' title='bbox 1273 4519 1687 4584; x_wconf 83' lang='lat' dir='ltr'><strong>cognoscibileni</strong></span> <span class='ocrx_word' id='word_1_440' title='bbox 1728 4519 1892 4574; x_wconf 89' lang='lat' dir='ltr'><strong>Deum</strong></span> <span class='ocrx_word' id='word_1_441' title='bbox 1921 4521 2057 4588; x_wconf 90' lang='lat' dir='ltr'><strong>fieri,</strong></span> <span class='ocrx_word' id='word_1_442' title='bbox 2088 4530 2142 4576; x_wconf 89' lang='lat' dir='ltr'><strong>et</strong></span> 
     </span>
    </p>
   </div>
   <div class='ocr_carea' id='block_1_63' title="bbox 571 4597 2149 4680">
    <p class='ocr_par' dir='ltr' id='par_1_63' title="bbox 571 4597 2149 4680">
     <span class='ocr_line' id='line_1_63' title="bbox 571 4597 2149 4680; baseline 0.011 -29"><span class='ocrx_word' id='word_1_443' title='bbox 571 4597 757 4654; x_wconf 87' lang='lat' dir='ltr'><strong>tribuit</strong></span> <span class='ocrx_word' id='word_1_444' title='bbox 785 4615 906 4658; x_wconf 89' lang='lat' dir='ltr'><strong>esse</strong></span> <span class='ocrx_word' id='word_1_445' title='bbox 923 4610 1207 4659; x_wconf 83' lang='lat' dir='ltr'><strong>rectorem.</strong></span> <span class='ocrx_word' id='word_1_446' title='bbox 1250 4605 1381 4660; x_wconf 79' lang='lat' dir='ltr'><strong>Nam</strong></span> <span class='ocrx_word' id='word_1_447' title='bbox 1413 4617 1467 4662; x_wconf 82' lang='lat' dir='ltr'><strong>et</strong></span> <span class='ocrx_word' id='word_1_448' title='bbox 1504 4609 1546 4660; x_wconf 88' lang='lat' dir='ltr'><strong>si</strong></span> <span class='ocrx_word' id='word_1_449' title='bbox 1584 4609 1708 4678; x_wconf 91' lang='lat' dir='ltr'><strong>quid</strong></span> <span class='ocrx_word' id='word_1_450' title='bbox 1751 4611 2058 4680; x_wconf 85' lang='lat' dir='ltr'><strong>indulgetur</strong></span> <span class='ocrx_word' id='word_1_451' title='bbox 2083 4613 2149 4668; x_wconf 90' lang='lat' dir='ltr'><strong>de</strong></span> 
     </span>
    </p>
   </div>
   <div class='ocr_carea' id='block_1_64' title="bbox 571 4697 2146 4771">
    <p class='ocr_par' dir='ltr' id='par_1_64' title="bbox 571 4697 2146 4771">
     <span class='ocr_line' id='line_1_64' title="bbox 571 4697 2146 4771; baseline 0.011 -28"><span class='ocrx_word' id='word_1_452' title='bbox 571 4699 873 4759; x_wconf 86' lang='lat' dir='ltr'><strong>temporum</strong></span> <span class='ocrx_word' id='word_1_453' title='bbox 914 4697 1211 4764; x_wconf 85' lang='lat' dir='ltr'><strong>quantitate</strong></span> <span class='ocrx_word' id='word_1_454' title='bbox 1241 4698 1479 4753; x_wconf 89' lang='lat' dir='ltr'><strong>moribus</strong></span> <span class='ocrx_word' id='word_1_455' title='bbox 1519 4700 1797 4771; x_wconf 79' lang='lat' dir='ltr'><strong>aggregata</strong></span> <span class='ocrx_word' id='word_1_456' title='bbox 1832 4705 2146 4761; x_wconf 89' lang='lat' dir='ltr'><strong>strenuitate</strong></span> 
     </span>
    </p>
   </div>
   <div class='ocr_carea' id='block_1_65' title="bbox 570 4785 2216 4866">
    <p class='ocr_par' dir='ltr' id='par_1_65' title="bbox 570 4785 2216 4866">
     <span class='ocr_line' id='line_1_65' title="bbox 570 4785 2216 4866; baseline 0.012 -32"><span class='ocrx_word' id='word_1_457' title='bbox 570 4789 854 4849; x_wconf 86' lang='lat' dir='ltr'><strong>pensatur:</strong></span> <span class='ocrx_word' id='word_1_458' title='bbox 879 4787 925 4838; x_wconf 82' lang='lat' dir='ltr'><strong>si</strong></span> <span class='ocrx_word' id='word_1_459' title='bbox 947 4785 1069 4840; x_wconf 68' lang='lat' dir='ltr'><strong>vitae</strong></span> <span class='ocrx_word' id='word_1_460' title='bbox 1085 4786 1193 4855; x_wconf 87' lang='lat' dir='ltr'><strong>jam</strong></span> <span class='ocrx_word' id='word_1_461' title='bbox 1211 4787 1302 4861; x_wconf 82' lang='grc' dir='ltr'><strong>[αι.</strong></span> <span class='ocrx_word' id='word_1_462' title='bbox 1329 4787 1508 4858; x_wconf 88' lang='lat' dir='ltr'><strong>etiam]</strong></span> <span class='ocrx_word' id='word_1_463' title='bbox 1537 4793 1806 4860; x_wconf 86' lang='lat' dir='ltr'><strong>proposito</strong></span> <span class='ocrx_word' id='word_1_464' title='bbox 1819 4796 2143 4866; x_wconf 88' lang='lat' dir='ltr'><strong>continetur,</strong></span> <span class='ocrx_word' id='word_1_465' title='bbox 2214 4793 2216 4797; x_wconf 79' lang='grc'><em>’</em></span> 
     </span>
    </p>
   </div>
   <div class='ocr_carea' id='block_1_66' title="bbox 572 4871 2146 4950">
    <p class='ocr_par' dir='ltr' id='par_1_66' title="bbox 572 4871 2146 4950">
     <span class='ocr_line' id='line_1_66' title="bbox 572 4871 2146 4950; baseline 0.013 -26"><span class='ocrx_word' id='word_1_466' title='bbox 572 4871 714 4939; x_wconf 90' lang='lat' dir='ltr'><strong>quod</strong></span> <span class='ocrx_word' id='word_1_467' title='bbox 764 4875 1023 4942; x_wconf 89' lang='lat' dir='ltr'><strong>protelata</strong></span> <span class='ocrx_word' id='word_1_468' title='bbox 1066 4875 1241 4932; x_wconf 84' lang='lat' dir='ltr'><strong>fuerat</strong></span> <span class='ocrx_word' id='word_1_469' title='bbox 1287 4887 1443 4934; x_wconf 59' lang='lat' dir='ltr'><strong>astate</strong></span> <span class='ocrx_word' id='word_1_470' title='bbox 1488 4883 1806 4950; x_wconf 83' lang='lat' dir='ltr'><strong>curandum,</strong></span> <span class='ocrx_word' id='word_1_471' title='bbox 1856 4886 2146 4945; x_wconf 81' lang='lat' dir='ltr'><strong>dummodo</strong></span> 
     </span>
    </p>
   </div>
   <div class='ocr_carea' id='block_1_67' title="bbox 573 4959 2144 5051">
    <p class='ocr_par' dir='ltr' id='par_1_67' title="bbox 573 4959 2144 5051">
     <span class='ocr_line' id='line_1_67' title="bbox 573 4959 2144 5051; baseline 0.012 -38"><span class='ocrx_word' id='word_1_472' title='bbox 573 4959 661 5051; x_wconf 81' lang='lat' dir='ltr'><strong>illa</strong></span> <span class='ocrx_word' id='word_1_473' title='bbox 691 4964 995 5022; x_wconf 83' lang='lat' dir='ltr'><strong>nullatenus</strong></span> <span class='ocrx_word' id='word_1_474' title='bbox 1031 4967 1358 5024; x_wconf 74' lang='lat' dir='ltr'><strong>diesimulata</strong></span> <span class='ocrx_word' id='word_1_475' title='bbox 1385 4971 1675 5042; x_wconf 88' lang='lat' dir='ltr'><strong>subrepant</strong></span> <span class='ocrx_word' id='word_1_476' title='bbox 1704 4974 1794 5046; x_wconf 75' lang='grc' dir='ltr'><strong>[αι.</strong></span> <span class='ocrx_word' id='word_1_477' title='bbox 1829 4977 2144 5050; x_wconf 79' lang='lat' dir='ltr'><strong>subripiunt]</strong></span> 
     </span>
    </p>
   </div>
   <div class='ocr_carea' id='block_1_68' title="bbox 571 5058 2146 5132">
    <p class='ocr_par' dir='ltr' id='par_1_68' title="bbox 571 5058 2146 5132">
     <span class='ocr_line' id='line_1_68' title="bbox 571 5058 2146 5132; baseline 0.013 -29"><span class='ocrx_word' id='word_1_478' title='bbox 571 5067 797 5119; x_wconf 88' lang='lat' dir='ltr'><strong>quorum</strong></span> <span class='ocrx_word' id='word_1_479' title='bbox 843 5058 1140 5127; x_wconf 88' lang='lat' dir='ltr'><strong>quodlibet,</strong></span> <span class='ocrx_word' id='word_1_480' title='bbox 1170 5061 1213 5115; x_wconf 90' lang='lat' dir='ltr'><strong>si</strong></span> <span class='ocrx_word' id='word_1_481' title='bbox 1246 5061 1422 5118; x_wconf 87' lang='lat' dir='ltr'><strong>Inesse</strong></span> <span class='ocrx_word' id='word_1_482' title='bbox 1469 5062 1744 5132; x_wconf 76' lang='lat' dir='ltr'><strong>claruerit,</strong></span> <span class='ocrx_word' id='word_1_483' title='bbox 1771 5068 1960 5121; x_wconf 89' lang='lat' dir='ltr'><strong>merito</strong></span> <span class='ocrx_word' id='word_1_484' title='bbox 1988 5070 2146 5124; x_wconf 78' lang='lat' dir='ltr'><strong>cleri-</strong></span> 
     </span>
    </p>
   </div>
   <div class='ocr_carea' id='block_1_69' title="bbox 573 5143 2147 5229">
    <p class='ocr_par' dir='ltr' id='par_1_69' title="bbox 573 5143 2147 5229">
     <span class='ocr_line' id='line_1_69' title="bbox 573 5143 2147 5229; baseline 0.014 -34"><span class='ocrx_word' id='word_1_485' title='bbox 573 5143 774 5198; x_wconf 89' lang='lat' dir='ltr'><strong>calibus</strong></span> <span class='ocrx_word' id='word_1_486' title='bbox 796 5144 976 5201; x_wconf 87' lang='lat' dir='ltr'><strong>infulis</strong></span> <span class='ocrx_word' id='word_1_487' title='bbox 996 5152 1382 5217; x_wconf 89' lang='lat' dir='ltr'><strong>reprobabilem</strong></span> <span class='ocrx_word' id='word_1_488' title='bbox 1405 5157 1687 5212; x_wconf 88' lang='lat' dir='ltr'><strong>convincat</strong></span> <span class='ocrx_word' id='word_1_489' title='bbox 1703 5173 1822 5214; x_wconf 89' lang='lat' dir='ltr'><strong>esse</strong></span> <span class='ocrx_word' id='word_1_490' title='bbox 1842 5167 2147 5229; x_wconf 80' lang='lat' dir='ltr'><strong>personam.</strong></span> 
     </span>
    </p>
   </div>
   <div class='ocr_carea' id='block_1_70' title="bbox 573 5232 2153 5314">
    <p class='ocr_par' dir='ltr' id='par_1_70' title="bbox 573 5232 2153 5314">
     <span class='ocr_line' id='line_1_70' title="bbox 573 5232 2153 5314; baseline 0.013 -27"><span class='ocrx_word' id='word_1_491' title='bbox 573 5232 688 5288; x_wconf 86' lang='lat' dir='ltr'><strong>Etsi</strong></span> <span class='ocrx_word' id='word_1_492' title='bbox 712 5233 799 5289; x_wconf 86' lang='lat' dir='ltr'><strong>illa</strong></span> <span class='ocrx_word' id='word_1_493' title='bbox 824 5248 1201 5307; x_wconf 80' lang='lat' dir='ltr'><strong>nonnunquam</strong></span> <span class='ocrx_word' id='word_1_494' title='bbox 1245 5242 1467 5299; x_wconf 86' lang='lat' dir='ltr'><strong>sinenda</strong></span> <span class='ocrx_word' id='word_1_495' title='bbox 1488 5255 1632 5310; x_wconf 90' lang='lat' dir='ltr'><strong>sunt,</strong></span> <span class='ocrx_word' id='word_1_496' title='bbox 1665 5263 1802 5314; x_wconf 64' lang='lat' dir='ltr'><strong>quai,</strong></span> <span class='ocrx_word' id='word_1_497' title='bbox 1838 5250 1881 5302; x_wconf 89' lang='lat' dir='ltr'><strong>si</strong></span> <span class='ocrx_word' id='word_1_498' title='bbox 1927 5261 2153 5307; x_wconf 69' lang='lat' dir='ltr'><strong>caetero-</strong></span> 
     </span>
    </p>
   </div>
   <div class='ocr_carea' id='block_1_71' title="bbox 572 5328 2148 5411">
    <p class='ocr_par' dir='ltr' id='par_1_71' title="bbox 572 5328 2148 5411">
     <span class='ocr_line' id='line_1_71' title="bbox 572 5328 2148 5411; baseline 0.012 -32"><span class='ocrx_word' id='word_1_499' title='bbox 572 5335 690 5382; x_wconf 85' lang='lat' dir='ltr'><strong>rum</strong></span> <span class='ocrx_word' id='word_1_500' title='bbox 739 5336 945 5386; x_wconf 82' lang='lat' dir='ltr'><strong>constet</strong></span> <span class='ocrx_word' id='word_1_501' title='bbox 996 5328 1294 5400; x_wconf 81' lang='lat' dir='ltr'><strong>integritas,</strong></span> <span class='ocrx_word' id='word_1_502' title='bbox 1345 5337 1454 5388; x_wconf 86' lang='lat' dir='ltr'><strong>sola</strong></span> <span class='ocrx_word' id='word_1_503' title='bbox 1509 5353 1704 5396; x_wconf 89' lang='lat' dir='ltr'><strong>nocere</strong></span> <span class='ocrx_word' id='word_1_504' title='bbox 1757 5355 1862 5397; x_wconf 89' lang='lat' dir='ltr'><strong>non</strong></span> <span class='ocrx_word' id='word_1_505' title='bbox 1910 5343 2148 5411; x_wconf 84' lang='lat' dir='ltr'><strong>valeant,</strong></span> 
     </span>
    </p>
   </div>
   <div class='ocr_carea' id='block_1_72' title="bbox 644 5500 1711 5586">
    <p class='ocr_par' dir='ltr' id='par_1_72' title="bbox 644 5500 1711 5586">
     <span class='ocr_line' id='line_1_72' title="bbox 644 5500 1711 5586; baseline 0.014 -29"><span class='ocrx_word' id='word_1_506' title='bbox 644 5500 744 5586; x_wconf 61' lang='grc' dir='ltr'><strong>ξξιξ</strong></span> <span class='ocrx_word' id='word_1_507' title='bbox 764 5504 952 5586; x_wconf 78' lang='lat' dir='ltr'><strong>eodem</strong></span> <span class='ocrx_word' id='word_1_508' title='bbox 981 5507 1100 5562; x_wconf 92' lang='lat' dir='ltr'><strong>cod.</strong></span> <span class='ocrx_word' id='word_1_509' title='bbox 1130 5508 1278 5586; x_wconf 83' lang='lat' dir='ltr'><strong>deest</strong></span> <span class='ocrx_word' id='word_1_510' title='bbox 1307 5517 1711 5586; x_wconf 82' lang='lat' dir='ltr'><strong>temporumque.</strong></span> 
     </span>
    </p>
   </div>
   <div class='ocr_carea' id='block_1_73' title="bbox 642 5571 1345 5640">
    <p class='ocr_par' dir='ltr' id='par_1_73' title="bbox 642 5571 1345 5640">
     <span class='ocr_line' id='line_1_73' title="bbox 642 5571 1345 5640; baseline 0.018 -18"><span class='ocrx_word' id='word_1_511' title='bbox 642 5572 662 5640; x_wconf 53' lang='grc' dir='ltr'>ξ</span> <span class='ocrx_word' id='word_1_512' title='bbox 692 5571 769 5626; x_wconf 89' lang='lat' dir='ltr'><strong>Id.</strong></span> <span class='ocrx_word' id='word_1_513' title='bbox 797 5574 945 5640; x_wconf 89' lang='lat' dir='ltr'><strong>cod.,</strong></span> <span class='ocrx_word' id='word_1_514' title='bbox 976 5593 1075 5631; x_wconf 84' lang='lat' dir='ltr'><strong>non</strong></span> <span class='ocrx_word' id='word_1_515' title='bbox 1104 5581 1345 5635; x_wconf 81' lang='lat' dir='ltr'><strong>audeant.</strong></span> 
     </span>
    </p>
   </div>
   <div class='ocr_carea' id='block_1_74' title="bbox 577 5639 2150 5765">
    <p class='ocr_par' dir='ltr' id='par_1_74' title="bbox 577 5639 2150 5765">
     <span class='ocr_line' id='line_1_74' title="bbox 577 5639 2150 5765; baseline -0.029 2"><span class='ocrx_word' id='word_1_516' title='bbox 577 5639 800 5765; x_wconf 59' lang='grc' dir='ltr'><strong>16ὖεῖοχ</strong></span> <span class='ocrx_word' id='word_1_517' title='bbox 842 5659 995 5699; x_wconf 50' lang='lat' dir='ltr'><strong><em>causa</em></strong></span> <span class='ocrx_word' id='word_1_518' title='bbox 1039 5648 1191 5704; x_wconf 61' lang='grc' dir='ltr'>θδθδί</span> <span class='ocrx_word' id='word_1_519' title='bbox 1218 5665 1248 5705; x_wconf 74' lang='grc'><strong>³</strong></span> <span class='ocrx_word' id='word_1_520' title='bbox 1287 5652 1407 5709; x_wconf 76' lang='grc' dir='ltr'><strong>εοά.</strong></span> <span class='ocrx_word' id='word_1_521' title='bbox 1437 5654 1571 5711; x_wconf 88' lang='lat' dir='ltr'><strong>Just.</strong></span> <span class='ocrx_word' id='word_1_522' title='bbox 1600 5659 1748 5730; x_wconf 75' lang='lat' dir='ltr'><strong>etab</strong></span> <span class='ocrx_word' id='word_1_523' title='bbox 1776 5662 1903 5718; x_wconf 89' lang='lat' dir='ltr'><strong>edit.</strong></span> <span class='ocrx_word' id='word_1_524' title='bbox 1926 5665 2062 5721; x_wconf 71' lang='grc' dir='ltr'><strong>15ἓὸ</strong></span> <span class='ocrx_word' id='word_1_525' title='bbox 2092 5675 2150 5721; x_wconf 91' lang='lat' dir='ltr'><strong>et</strong></span> 
     </span>
    </p>
   </div>
   <div class='ocr_carea' id='block_1_75' title="bbox 641 5780 2070 5866">
    <p class='ocr_par' dir='ltr' id='par_1_75' title="bbox 641 5780 2070 5866">
     <span class='ocr_line' id='line_1_75' title="bbox 641 5780 2070 5866; baseline 0.017 -31"><span class='ocrx_word' id='word_1_526' title='bbox 641 5780 662 5811; x_wconf 68' lang='grc'>⁴</span> <span class='ocrx_word' id='word_1_527' title='bbox 683 5780 740 5837; x_wconf 89' lang='lat' dir='ltr'><strong>tn</strong></span> <span class='ocrx_word' id='word_1_528' title='bbox 770 5783 887 5841; x_wconf 82' lang='lat' dir='ltr'><strong>cod.</strong></span> <span class='ocrx_word' id='word_1_529' title='bbox 919 5783 1048 5848; x_wconf 78' lang='lat' dir='ltr'><strong>Luc.</strong></span> <span class='ocrx_word' id='word_1_530' title='bbox 1076 5783 1183 5851; x_wconf 69' lang='lat'><strong>490</strong></span> <span class='ocrx_word' id='word_1_531' title='bbox 1203 5786 1357 5853; x_wconf 81' lang='lat' dir='ltr'><strong>deest</strong></span> <span class='ocrx_word' id='word_1_532' title='bbox 1379 5797 1536 5857; x_wconf 82' lang='lat' dir='ltr'><strong>autin</strong></span> <span class='ocrx_word' id='word_1_533' title='bbox 1557 5799 1700 5859; x_wconf 77' lang='lat' dir='ltr'><strong>Albis</strong></span> <span class='ocrx_word' id='word_1_534' title='bbox 1719 5804 2070 5866; x_wconf 68' lang='lat' dir='ltr'><strong>paschalibus.</strong></span> 
     </span>
    </p>
   </div>
   <div class='ocr_carea' id='block_1_76' title="bbox 2251 1957 3828 2029">
    <p class='ocr_par' dir='ltr' id='par_1_76' title="bbox 2251 1957 3828 2029">
     <span class='ocr_line' id='line_1_76' title="bbox 2251 1957 3828 2029; baseline -0.006 -10"><span class='ocrx_word' id='word_1_535' title='bbox 2251 1963 2621 2027; x_wconf 86' lang='lat' dir='ltr'><strong>diaconorum,</strong></span> <span class='ocrx_word' id='word_1_536' title='bbox 2654 1961 2752 2015; x_wconf 91' lang='lat' dir='ltr'><strong>nisi</strong></span> <span class='ocrx_word' id='word_1_537' title='bbox 2785 1960 2945 2016; x_wconf 90' lang='lat' dir='ltr'><strong>certis</strong></span> <span class='ocrx_word' id='word_1_538' title='bbox 2975 1957 3304 2029; x_wconf 88' lang='lat' dir='ltr'><strong>temporibus</strong></span> <span class='ocrx_word' id='word_1_539' title='bbox 3345 1968 3396 2012; x_wconf 87' lang='lat' dir='ltr'><strong>et</strong></span> <span class='ocrx_word' id='word_1_540' title='bbox 3425 1957 3642 2024; x_wconf 89' lang='lat' dir='ltr'><strong>diebus,</strong></span> <span class='ocrx_word' id='word_1_541' title='bbox 3675 1971 3828 2012; x_wconf 78' lang='lat' dir='ltr'><strong>exer-</strong></span> 
     </span>
    </p>
   </div>
   <div class='ocr_carea' id='block_1_77' title="bbox 2251 2047 3827 2117">
    <p class='ocr_par' dir='ltr' id='par_1_77' title="bbox 2251 2047 3827 2117">
     <span class='ocr_line' id='line_1_77' title="bbox 2251 2047 3827 2117; baseline -0.006 -9"><span class='ocrx_word' id='word_1_542' title='bbox 2251 2068 2374 2108; x_wconf 85' lang='lat' dir='ltr'><strong>cere</strong></span> <span class='ocrx_word' id='word_1_543' title='bbox 2420 2053 2572 2106; x_wconf 77' lang='lat' dir='ltr'><strong>non&#39;</strong></span> <span class='ocrx_word' id='word_1_544' title='bbox 2602 2050 2819 2114; x_wconf 87' lang='lat' dir='ltr'><strong>debent,</strong></span> <span class='ocrx_word' id='word_1_545' title='bbox 2872 2047 2921 2104; x_wconf 92' lang='lat' dir='ltr'><strong>id</strong></span> <span class='ocrx_word' id='word_1_546' title='bbox 2964 2057 3067 2110; x_wconf 78' lang='lat' dir='ltr'><strong>est,</strong></span> <span class='ocrx_word' id='word_1_547' title='bbox 3124 2047 3298 2117; x_wconf 88' lang='lat' dir='ltr'><strong>quarti</strong></span> <span class='ocrx_word' id='word_1_548' title='bbox 3346 2047 3549 2103; x_wconf 89' lang='lat' dir='ltr'><strong>mensis</strong></span> <span class='ocrx_word' id='word_1_549' title='bbox 3595 2047 3827 2116; x_wconf 87' lang='lat' dir='ltr'><strong>jejunio,</strong></span> 
     </span>
    </p>
   </div>
   <div class='ocr_carea' id='block_1_78' title="bbox 2251 2137 3830 2212">
    <p class='ocr_par' dir='ltr' id='par_1_78' title="bbox 2251 2137 3830 2212">
     <span class='ocr_line' id='line_1_78' title="bbox 2251 2137 3830 2212; baseline -0.004 -14"><span class='ocrx_word' id='word_1_550' title='bbox 2251 2143 2486 2212; x_wconf 89' lang='lat' dir='ltr'><strong>septimi,</strong></span> <span class='ocrx_word' id='word_1_551' title='bbox 2517 2150 2568 2197; x_wconf 91' lang='lat' dir='ltr'><strong>et</strong></span> <span class='ocrx_word' id='word_1_552' title='bbox 2595 2140 2808 2209; x_wconf 89' lang='lat' dir='ltr'><strong>decimi,</strong></span> <span class='ocrx_word' id='word_1_553' title='bbox 2847 2140 2940 2196; x_wconf 90' lang='lat' dir='ltr'><strong>sed</strong></span> <span class='ocrx_word' id='word_1_554' title='bbox 2972 2149 3023 2195; x_wconf 91' lang='lat' dir='ltr'><strong>et</strong></span> <span class='ocrx_word' id='word_1_555' title='bbox 3049 2140 3208 2194; x_wconf 88' lang='lat' dir='ltr'><strong>etiam</strong></span> <span class='ocrx_word' id='word_1_556' title='bbox 3231 2138 3708 2208; x_wconf 81' lang='lat' dir='ltr'><strong>quadragesimalis</strong></span> <span class='ocrx_word' id='word_1_557' title='bbox 3737 2137 3830 2191; x_wconf 84' lang='lat' dir='ltr'><strong>ini-</strong></span> 
     </span>
    </p>
   </div>
   <div class='ocr_carea' id='block_1_79' title="bbox 2255 2228 3830 2303">
    <p class='ocr_par' dir='ltr' id='par_1_79' title="bbox 2255 2228 3830 2303">
     <span class='ocr_line' id='line_1_79' title="bbox 2255 2228 3830 2303; baseline -0.005 -14"><span class='ocrx_word' id='word_1_558' title='bbox 2255 2237 2334 2303; x_wconf 91' lang='lat' dir='ltr'><strong>tii,</strong></span> <span class='ocrx_word' id='word_1_559' title='bbox 2387 2251 2450 2290; x_wconf 89' lang='lat' dir='ltr'><strong>ac</strong></span> <span class='ocrx_word' id='word_1_560' title='bbox 2490 2235 2733 2291; x_wconf 89' lang='lat' dir='ltr'><strong>mediana</strong></span> <span class='ocrx_word' id='word_1_561' title='bbox 2788 2231 3218 2300; x_wconf 69' lang='lat' dir='ltr'><strong>Quadragesima:</strong></span> <span class='ocrx_word' id='word_1_562' title='bbox 3245 2229 3352 2295; x_wconf 91' lang='lat' dir='ltr'><strong>die,</strong></span> <span class='ocrx_word' id='word_1_563' title='bbox 3393 2229 3603 2286; x_wconf 89' lang='lat' dir='ltr'><strong>sabbati</strong></span> <span class='ocrx_word' id='word_1_564' title='bbox 3630 2228 3830 2297; x_wconf 67' lang='lat' dir='ltr'><strong>jejunio</strong></span> 
     </span>
    </p>
   </div>
   <div class='ocr_carea' id='block_1_80' title="bbox 2251 2319 3832 2396">
    <p class='ocr_par' dir='ltr' id='par_1_80' title="bbox 2251 2319 3832 2396">
     <span class='ocr_line' id='line_1_80' title="bbox 2251 2319 3832 2396; baseline -0.007 -13"><span class='ocrx_word' id='word_1_565' title='bbox 2251 2327 2393 2383; x_wconf 88' lang='lat' dir='ltr'><strong>circa</strong></span> <span class='ocrx_word' id='word_1_566' title='bbox 2425 2341 2699 2395; x_wconf 84' lang='lat' dir='ltr'><strong>vesperam</strong></span> <span class='ocrx_word' id='word_1_567' title='bbox 2731 2323 2979 2379; x_wconf 86' lang='lat' dir='ltr'><strong>noverint</strong></span> <span class='ocrx_word' id='word_1_568' title='bbox 3005 2321 3376 2396; x_wconf 78' lang='lat' dir='ltr'><strong>celebrandas.</strong></span> <span class='ocrx_word' id='word_1_569' title='bbox 3411 2319 3525 2376; x_wconf 89' lang='lat' dir='ltr'><strong>Nec</strong></span> <span class='ocrx_word' id='word_1_570' title='bbox 3550 2320 3832 2390; x_wconf 88' lang='lat' dir='ltr'><strong>cujuslibet</strong></span> 
     </span>
    </p>
   </div>
   <div class='ocr_carea' id='block_1_81' title="bbox 2252 2409 3832 2482">
    <p class='ocr_par' dir='ltr' id='par_1_81' title="bbox 2252 2409 3832 2482">
     <span class='ocr_line' id='line_1_81' title="bbox 2252 2409 3832 2482; baseline -0.006 -10"><span class='ocrx_word' id='word_1_571' title='bbox 2252 2419 2494 2472; x_wconf 86' lang='lat' dir='ltr'><strong>utilitatis</strong></span> <span class='ocrx_word' id='word_1_572' title='bbox 2521 2416 2541 2447; x_wconf 84' lang='grc'><em>³</em></span> <span class='ocrx_word' id='word_1_573' title='bbox 2563 2431 2747 2480; x_wconf 87' lang='lat' dir='ltr'><strong>causa,</strong></span> <span class='ocrx_word' id='word_1_574' title='bbox 2789 2430 2881 2468; x_wconf 90' lang='lat' dir='ltr'><strong>seu</strong></span> <span class='ocrx_word' id='word_1_575' title='bbox 2914 2411 3282 2482; x_wconf 88' lang='lat' dir='ltr'><strong>presbyterum</strong></span> <span class='ocrx_word' id='word_1_576' title='bbox 3309 2425 3405 2466; x_wconf 90' lang='lat' dir='ltr'><strong>seu</strong></span> <span class='ocrx_word' id='word_1_577' title='bbox 3433 2409 3722 2466; x_wconf 89' lang='lat' dir='ltr'><strong>diaconum</strong></span> <span class='ocrx_word' id='word_1_578' title='bbox 3757 2410 3832 2463; x_wconf 89' lang='lat' dir='ltr'><strong>his</strong></span> 
     </span>
    </p>
   </div>
   <div class='ocr_carea' id='block_1_82' title="bbox 2255 2501 3831 2580">
    <p class='ocr_par' dir='ltr' id='par_1_82' title="bbox 2255 2501 3831 2580">
     <span class='ocr_line' id='line_1_82' title="bbox 2255 2501 3831 2580; baseline -0.004 -18"><span class='ocrx_word' id='word_1_579' title='bbox 2255 2509 2507 2579; x_wconf 66' lang='lat' dir='ltr'><strong>praeferre</strong></span> <span class='ocrx_word' id='word_1_580' title='bbox 2551 2508 2642 2580; x_wconf 87' lang='lat' dir='ltr'><strong>[af.</strong></span> <span class='ocrx_word' id='word_1_581' title='bbox 2679 2506 2961 2578; x_wconf 85' lang='lat' dir='ltr'><strong>praeferri],</strong></span> <span class='ocrx_word' id='word_1_582' title='bbox 3006 2505 3094 2575; x_wconf 91' lang='lat' dir='ltr'><strong>qui</strong></span> <span class='ocrx_word' id='word_1_583' title='bbox 3142 2510 3265 2560; x_wconf 88' lang='lat' dir='ltr'><strong>ante</strong></span> <span class='ocrx_word' id='word_1_584' title='bbox 3315 2503 3459 2574; x_wconf 91' lang='lat' dir='ltr'><strong>ipsos</strong></span> <span class='ocrx_word' id='word_1_585' title='bbox 3492 2501 3695 2559; x_wconf 86' lang='lat' dir='ltr'><strong>fuerint</strong></span> <span class='ocrx_word' id='word_1_586' title='bbox 3750 2518 3831 2557; x_wconf 87' lang='lat' dir='ltr'><strong>or-</strong></span> 
     </span>
    </p>
   </div>
   <div class='ocr_carea' id='block_1_83' title="bbox 2255 2585 2441 2655">
    <p class='ocr_par' dir='ltr' id='par_1_83' title="bbox 2255 2585 2441 2655">
     <span class='ocr_line' id='line_1_83' title="bbox 2255 2585 2441 2655; baseline 0.011 -2"><span class='ocrx_word' id='word_1_587' title='bbox 2255 2585 2441 2655; x_wconf 85' lang='lat' dir='ltr'><strong>dinati.</strong></span> 
     </span>
    </p>
   </div>
   <div class='ocr_carea' id='block_1_84' title="bbox 2325 2685 3825 2759">
    <p class='ocr_par' dir='ltr' id='par_1_84' title="bbox 2325 2685 3825 2759">
     <span class='ocr_line' id='line_1_84' title="bbox 2325 2685 3825 2759; baseline -0.005 -14"><span class='ocrx_word' id='word_1_588' title='bbox 2325 2691 2449 2745; x_wconf 76' lang='lat' dir='ltr'><strong>CAP.</strong></span> <span class='ocrx_word' id='word_1_589' title='bbox 2483 2689 2596 2744; x_wconf 77' lang='lat' dir='ltr'><strong>XII.</strong></span> <span class='ocrx_word' id='word_1_590' title='bbox 2621 2719 2691 2729; x_wconf 93' lang='lat'><strong>—</strong></span> <span class='ocrx_word' id='word_1_591' title='bbox 2715 2689 2929 2743; x_wconf 90' lang='lat' dir='ltr'><strong>Devotis</strong></span> <span class='ocrx_word' id='word_1_592' title='bbox 2967 2704 3178 2759; x_wconf 90' lang='lat' dir='ltr'><strong>quoque</strong></span> <span class='ocrx_word' id='word_1_593' title='bbox 3221 2687 3329 2742; x_wconf 90' lang='lat' dir='ltr'><strong>Deo</strong></span> <span class='ocrx_word' id='word_1_594' title='bbox 3358 2685 3686 2757; x_wconf 76' lang='lat' dir='ltr'><strong>virginibus,</strong></span> <span class='ocrx_word' id='word_1_595' title='bbox 3721 2688 3825 2740; x_wconf 89' lang='lat' dir='ltr'><strong>nisi</strong></span> 
     </span>
    </p>
   </div>
   <div class='ocr_carea' id='block_1_85' title="bbox 2254 2779 3832 2853">
    <p class='ocr_par' dir='ltr' id='par_1_85' title="bbox 2254 2779 3832 2853">
     <span class='ocr_line' id='line_1_85' title="bbox 2254 2779 3832 2853; baseline -0.004 -15"><span class='ocrx_word' id='word_1_596' title='bbox 2254 2794 2345 2838; x_wconf 90' lang='lat' dir='ltr'><strong>aut</strong></span> <span class='ocrx_word' id='word_1_597' title='bbox 2374 2784 2426 2838; x_wconf 90' lang='lat' dir='ltr'><strong>in</strong></span> <span class='ocrx_word' id='word_1_598' title='bbox 2477 2781 2894 2853; x_wconf 88' lang='lat' dir='ltr'><strong>Epiphaniarum</strong></span> <span class='ocrx_word' id='word_1_599' title='bbox 2924 2781 3054 2852; x_wconf 79' lang='lat' dir='ltr'><strong>[lege</strong></span> <span class='ocrx_word' id='word_1_600' title='bbox 3097 2779 3537 2852; x_wconf 85' lang='lat' dir='ltr'><strong>Epiphaniorum]</strong></span> <span class='ocrx_word' id='word_1_601' title='bbox 3578 2781 3668 2834; x_wconf 90' lang='lat' dir='ltr'><strong>die</strong></span> <span class='ocrx_word' id='word_1_602' title='bbox 3696 2779 3716 2808; x_wconf 69' lang='lat'><strong>‘</strong></span> <span class='ocrx_word' id='word_1_603' title='bbox 3746 2787 3832 2832; x_wconf 88' lang='lat' dir='ltr'><strong>aut</strong></span> 
     </span>
    </p>
   </div>
   <div class='ocr_carea' id='block_1_86' title="bbox 2255 2861 3832 2944">
    <p class='ocr_par' dir='ltr' id='par_1_86' title="bbox 2255 2861 3832 2944">
     <span class='ocr_line' id='line_1_86' title="bbox 2255 2861 3832 2944; baseline -0.006 -12"><span class='ocrx_word' id='word_1_604' title='bbox 2255 2879 2307 2932; x_wconf 82' lang='lat' dir='ltr'><strong>in</strong></span> <span class='ocrx_word' id='word_1_605' title='bbox 2338 2877 2484 2933; x_wconf 79' lang='lat' dir='ltr'><strong>Albis</strong></span> <span class='ocrx_word' id='word_1_606' title='bbox 2528 2875 2896 2944; x_wconf 91' lang='lat' dir='ltr'><strong>paschalibus,</strong></span> <span class='ocrx_word' id='word_1_607' title='bbox 2930 2884 3020 2928; x_wconf 89' lang='lat' dir='ltr'><strong>aut</strong></span> <span class='ocrx_word' id='word_1_608' title='bbox 3064 2875 3116 2928; x_wconf 91' lang='lat' dir='ltr'><strong>in</strong></span> <span class='ocrx_word' id='word_1_609' title='bbox 3166 2861 3534 2943; x_wconf 83' lang='lat' dir='ltr'><strong>apostolorum</strong></span> <span class='ocrx_word' id='word_1_610' title='bbox 3582 2872 3832 2927; x_wconf 86' lang='lat' dir='ltr'><strong>natalitiis</strong></span> 
     </span>
    </p>
   </div>
   <div class='ocr_carea' id='block_1_87' title="bbox 2255 2963 3833 3034">
    <p class='ocr_par' dir='ltr' id='par_1_87' title="bbox 2255 2963 3833 3034">
     <span class='ocr_line' id='line_1_87' title="bbox 2255 2963 3833 3034; baseline -0.005 -12"><span class='ocrx_word' id='word_1_611' title='bbox 2255 2983 2463 3023; x_wconf 88' lang='lat' dir='ltr'><strong>sacrum</strong></span> <span class='ocrx_word' id='word_1_612' title='bbox 2514 2967 2729 3021; x_wconf 89' lang='lat' dir='ltr'><strong>minime</strong></span> <span class='ocrx_word' id='word_1_613' title='bbox 2773 2965 3014 3020; x_wconf 89' lang='lat' dir='ltr'><strong>velamen</strong></span> <span class='ocrx_word' id='word_1_614' title='bbox 3063 2966 3372 3034; x_wconf 86' lang='lat' dir='ltr'><strong>imponant,</strong></span> <span class='ocrx_word' id='word_1_615' title='bbox 3403 2965 3422 2995; x_wconf 78' lang='lat'><em>&quot;</em></span> <span class='ocrx_word' id='word_1_616' title='bbox 3463 2964 3569 3018; x_wconf 90' lang='lat' dir='ltr'><strong>nisi</strong></span> <span class='ocrx_word' id='word_1_617' title='bbox 3613 2963 3833 3018; x_wconf 82' lang='lat' dir='ltr'><strong>forsitan</strong></span> 
     </span>
    </p>
   </div>
   <div class='ocr_carea' id='block_1_88' title="bbox 2257 3056 3834 3130">
    <p class='ocr_par' dir='ltr' id='par_1_88' title="bbox 2257 3056 3834 3130">
     <span class='ocr_line' id='line_1_88' title="bbox 2257 3056 3834 3130; baseline -0.004 -15"><span class='ocrx_word' id='word_1_618' title='bbox 2257 3059 2415 3130; x_wconf 90' lang='lat' dir='ltr'><strong>(sicut</strong></span> <span class='ocrx_word' id='word_1_619' title='bbox 2447 3057 2512 3114; x_wconf 91' lang='lat' dir='ltr'><strong>de</strong></span> <span class='ocrx_word' id='word_1_620' title='bbox 2542 3059 2860 3127; x_wconf 87' lang='lat' dir='ltr'><strong>baptismate</strong></span> <span class='ocrx_word' id='word_1_621' title='bbox 2897 3056 3099 3113; x_wconf 89' lang='lat' dir='ltr'><strong>dictum</strong></span> <span class='ocrx_word' id='word_1_622' title='bbox 3125 3060 3230 3125; x_wconf 88' lang='lat' dir='ltr'><strong>est)</strong></span> <span class='ocrx_word' id='word_1_623' title='bbox 3259 3058 3408 3127; x_wconf 72' lang='lat' dir='ltr'><strong>gravi</strong></span> <span class='ocrx_word' id='word_1_624' title='bbox 3438 3057 3693 3125; x_wconf 76' lang='lat' dir='ltr'><strong>languore</strong></span> <span class='ocrx_word' id='word_1_625' title='bbox 3719 3069 3834 3110; x_wconf 86' lang='lat' dir='ltr'><strong>cor-</strong></span> 
     </span>
    </p>
   </div>
   <div class='ocr_carea' id='block_1_89' title="bbox 2255 3149 3835 3221">
    <p class='ocr_par' dir='ltr' id='par_1_89' title="bbox 2255 3149 3835 3221">
     <span class='ocr_line' id='line_1_89' title="bbox 2255 3149 3835 3221; baseline -0.002 -16"><span class='ocrx_word' id='word_1_626' title='bbox 2255 3153 2440 3221; x_wconf 90' lang='lat' dir='ltr'><strong>reptis,</strong></span> <span class='ocrx_word' id='word_1_627' title='bbox 2467 3168 2533 3206; x_wconf 89' lang='lat' dir='ltr'><strong>ne</strong></span> <span class='ocrx_word' id='word_1_628' title='bbox 2560 3153 2674 3206; x_wconf 88' lang='lat' dir='ltr'><strong>sine</strong></span> <span class='ocrx_word' id='word_1_629' title='bbox 2705 3149 2806 3204; x_wconf 90' lang='lat' dir='ltr'><strong>hoc</strong></span> <span class='ocrx_word' id='word_1_630' title='bbox 2832 3155 3055 3206; x_wconf 85' lang='lat' dir='ltr'><strong>munere</strong></span> <span class='ocrx_word' id='word_1_631' title='bbox 3081 3149 3148 3206; x_wconf 91' lang='lat' dir='ltr'><strong>de</strong></span> <span class='ocrx_word' id='word_1_632' title='bbox 3175 3150 3372 3206; x_wconf 66' lang='lat' dir='ltr'><strong>smculo</strong></span> <span class='ocrx_word' id='word_1_633' title='bbox 3396 3159 3611 3216; x_wconf 81' lang='lat' dir='ltr'><strong>exeant,</strong></span> <span class='ocrx_word' id='word_1_634' title='bbox 3641 3149 3835 3218; x_wconf 86' lang='lat' dir='ltr'><strong>implo-</strong></span> 
     </span>
    </p>
   </div>
   <div class='ocr_carea' id='block_1_90' title="bbox 2259 3241 2912 3311">
    <p class='ocr_par' dir='ltr' id='par_1_90' title="bbox 2259 3241 2912 3311">
     <span class='ocr_line' id='line_1_90' title="bbox 2259 3241 2912 3311; baseline -0.003 -15"><span class='ocrx_word' id='word_1_635' title='bbox 2259 3241 2500 3296; x_wconf 88' lang='lat' dir='ltr'><strong>rantibus</strong></span> <span class='ocrx_word' id='word_1_636' title='bbox 2531 3257 2637 3294; x_wconf 90' lang='lat' dir='ltr'><strong>non</strong></span> <span class='ocrx_word' id='word_1_637' title='bbox 2669 3249 2912 3311; x_wconf 70' lang='lat' dir='ltr'><strong>negetur.</strong></span> 
     </span>
    </p>
   </div>
   <div class='ocr_carea' id='block_1_91' title="bbox 2327 3329 3834 3402">
    <p class='ocr_par' dir='ltr' id='par_1_91' title="bbox 2327 3329 3834 3402">
     <span class='ocr_line' id='line_1_91' title="bbox 2327 3329 3834 3402; baseline -0.002 -16"><span class='ocrx_word' id='word_1_638' title='bbox 2327 3333 2457 3386; x_wconf 72' lang='lat' dir='ltr'><strong>CAP.</strong></span> <span class='ocrx_word' id='word_1_639' title='bbox 2506 3329 2642 3386; x_wconf 79' lang='lat' dir='ltr'><strong>XIII.</strong></span> <span class='ocrx_word' id='word_1_640' title='bbox 2676 3362 2746 3374; x_wconf 66' lang='grc' dir='ltr'><strong>-ν-</strong></span> <span class='ocrx_word' id='word_1_641' title='bbox 2775 3332 2794 3362; x_wconf 84' lang='grc'>⁶</span> <span class='ocrx_word' id='word_1_642' title='bbox 2837 3331 3033 3386; x_wconf 81' lang='lat' dir='ltr'><strong>Viduas</strong></span> <span class='ocrx_word' id='word_1_643' title='bbox 3074 3341 3254 3387; x_wconf 89' lang='lat' dir='ltr'><strong>autem</strong></span> <span class='ocrx_word' id='word_1_644' title='bbox 3292 3331 3476 3389; x_wconf 85' lang='lat' dir='ltr'><strong>velare</strong></span> <span class='ocrx_word' id='word_1_645' title='bbox 3523 3333 3834 3402; x_wconf 85' lang='lat' dir='ltr'><strong>pontificum</strong></span> 
     </span>
    </p>
   </div>
   <div class='ocr_carea' id='block_1_92' title="bbox 2257 3423 3832 3493">
    <p class='ocr_par' dir='ltr' id='par_1_92' title="bbox 2257 3423 3832 3493">
     <span class='ocr_line' id='line_1_92' title="bbox 2257 3423 3832 3493; baseline -0.003 -15"><span class='ocrx_word' id='word_1_646' title='bbox 2257 3424 2436 3478; x_wconf 90' lang='lat' dir='ltr'><strong>nullus</strong></span> <span class='ocrx_word' id='word_1_647' title='bbox 2472 3431 2703 3480; x_wconf 88' lang='lat' dir='ltr'><strong>attentet</strong></span> <span class='ocrx_word' id='word_1_648' title='bbox 2723 3464 2736 3489; x_wconf 92' lang='lat'><strong>,</strong></span> <span class='ocrx_word' id='word_1_649' title='bbox 2762 3423 2900 3492; x_wconf 91' lang='lat' dir='ltr'><strong>quod</strong></span> <span class='ocrx_word' id='word_1_650' title='bbox 2933 3438 3031 3478; x_wconf 89' lang='lat' dir='ltr'><strong>nec</strong></span> <span class='ocrx_word' id='word_1_651' title='bbox 3056 3423 3348 3479; x_wconf 88' lang='lat' dir='ltr'><strong>auctoritas</strong></span> <span class='ocrx_word' id='word_1_652' title='bbox 3376 3423 3557 3478; x_wconf 87' lang='lat' dir='ltr'><strong>divina</strong></span> <span class='ocrx_word' id='word_1_653' title='bbox 3604 3423 3832 3493; x_wconf 83' lang='lat' dir='ltr'><strong>delegat,</strong></span> 
     </span>
    </p>
   </div>
   <div class='ocr_carea' id='block_1_93' title="bbox 2259 3515 3832 3586">
    <p class='ocr_par' dir='ltr' id='par_1_93' title="bbox 2259 3515 3832 3586">
     <span class='ocr_line' id='line_1_93' title="bbox 2259 3515 3832 3586; baseline 0 -18"><span class='ocrx_word' id='word_1_654' title='bbox 2259 3531 2358 3570; x_wconf 83' lang='lat' dir='ltr'><strong>nec</strong></span> <span class='ocrx_word' id='word_1_655' title='bbox 2382 3529 2644 3569; x_wconf 89' lang='lat' dir='ltr'><strong>canonum</strong></span> <span class='ocrx_word' id='word_1_656' title='bbox 2669 3515 2836 3569; x_wconf 88' lang='lat' dir='ltr'><strong>forma</strong></span> <span class='ocrx_word' id='word_1_657' title='bbox 2867 3515 3165 3584; x_wconf 64' lang='lat' dir='ltr'><strong>praestituit.</strong></span> <span class='ocrx_word' id='word_1_658' title='bbox 3196 3517 3310 3572; x_wconf 77' lang='lat' dir='ltr'><strong>Non</strong></span> <span class='ocrx_word' id='word_1_659' title='bbox 3347 3525 3430 3572; x_wconf 89' lang='lat' dir='ltr'><strong>est</strong></span> <span class='ocrx_word' id='word_1_660' title='bbox 3459 3531 3585 3586; x_wconf 78' lang='lat' dir='ltr'><strong>ergo</strong></span> <span class='ocrx_word' id='word_1_661' title='bbox 3619 3517 3832 3586; x_wconf 78' lang='lat' dir='ltr'><strong>penitus</strong></span> 
     </span>
    </p>
   </div>
   <div class='ocr_carea' id='block_1_94' title="bbox 2257 3595 3832 3673">
    <p class='ocr_par' dir='ltr' id='par_1_94' title="bbox 2257 3595 3832 3673">
     <span class='ocr_line' id='line_1_94' title="bbox 2257 3595 3832 3673; baseline -0.003 -13"><span class='ocrx_word' id='word_1_662' title='bbox 2257 3595 2653 3673; x_wconf 85' lang='lat' dir='ltr'><strong>usurpandum,</strong></span> <span class='ocrx_word' id='word_1_663' title='bbox 2701 3605 2882 3672; x_wconf 88' lang='lat' dir='ltr'><strong>eisque</strong></span> <span class='ocrx_word' id='word_1_664' title='bbox 2921 3605 2999 3660; x_wconf 89' lang='lat' dir='ltr'><strong>sic</strong></span> <span class='ocrx_word' id='word_1_665' title='bbox 3041 3606 3407 3662; x_wconf 85' lang='lat' dir='ltr'><strong>ecclesiastica</strong></span> <span class='ocrx_word' id='word_1_666' title='bbox 3446 3615 3572 3661; x_wconf 88' lang='lat' dir='ltr'><strong>sunt</strong></span> <span class='ocrx_word' id='word_1_667' title='bbox 3611 3606 3832 3662; x_wconf 85' lang='lat' dir='ltr'><strong>ferenda</strong></span> 
     </span>
    </p>
   </div>
   <div class='ocr_carea' id='block_1_95' title="bbox 2258 3692 3835 3767">
    <p class='ocr_par' dir='ltr' id='par_1_95' title="bbox 2258 3692 3835 3767">
     <span class='ocr_line' id='line_1_95' title="bbox 2258 3692 3835 3767; baseline 0.001 -22"><span class='ocrx_word' id='word_1_668' title='bbox 2258 3692 2408 3765; x_wconf 82' lang='lat' dir='ltr'><strong>[forte</strong></span> <span class='ocrx_word' id='word_1_669' title='bbox 2455 3693 2781 3749; x_wconf 76' lang='lat' dir='ltr'><strong>conferenda</strong></span> <span class='ocrx_word' id='word_1_670' title='bbox 2821 3695 2895 3748; x_wconf 81' lang='lat' dir='ltr'><strong>vel</strong></span> <span class='ocrx_word' id='word_1_671' title='bbox 2927 3693 3231 3767; x_wconf 87' lang='lat' dir='ltr'><strong>inferenda]</strong></span> <span class='ocrx_word' id='word_1_672' title='bbox 3274 3696 3556 3766; x_wconf 62' lang='lat' dir='ltr'><strong>praisidia,</strong></span> <span class='ocrx_word' id='word_1_673' title='bbox 3600 3706 3661 3752; x_wconf 90' lang='lat' dir='ltr'><strong>ut</strong></span> <span class='ocrx_word' id='word_1_674' title='bbox 3707 3695 3835 3752; x_wconf 87' lang='lat' dir='ltr'><strong>nihil</strong></span> 
     </span>
    </p>
   </div>
   <div class='ocr_carea' id='block_1_96' title="bbox 2256 3783 2921 3839">
    <p class='ocr_par' dir='ltr' id='par_1_96' title="bbox 2256 3783 2921 3839">
     <span class='ocr_line' id='line_1_96' title="bbox 2256 3783 2921 3839; baseline 0 -1"><span class='ocrx_word' id='word_1_675' title='bbox 2256 3783 2622 3838; x_wconf 88' lang='lat' dir='ltr'><strong>committatur</strong></span> <span class='ocrx_word' id='word_1_676' title='bbox 2652 3783 2921 3839; x_wconf 90' lang='lat' dir='ltr'><strong>illicitum.</strong></span> 
     </span>
    </p>
   </div>
   <div class='ocr_carea' id='block_1_97' title="bbox 2325 3876 3835 3949">
    <p class='ocr_par' dir='ltr' id='par_1_97' title="bbox 2325 3876 3835 3949">
     <span class='ocr_line' id='line_1_97' title="bbox 2325 3876 3835 3949; baseline -0.001 -16"><span class='ocrx_word' id='word_1_677' title='bbox 2325 3877 2452 3933; x_wconf 71' lang='lat' dir='ltr'><strong>CAP.</strong></span> <span class='ocrx_word' id='word_1_678' title='bbox 2508 3876 2644 3930; x_wconf 71' lang='lat' dir='ltr'><strong>XIV.</strong></span> <span class='ocrx_word' id='word_1_679' title='bbox 2686 3902 2754 3917; x_wconf 60' lang='lat'><strong>~—</strong></span> <span class='ocrx_word' id='word_1_680' title='bbox 2795 3877 3074 3932; x_wconf 83' lang='lat' dir='ltr'><strong>Generalis</strong></span> <span class='ocrx_word' id='word_1_681' title='bbox 3121 3878 3283 3933; x_wconf 87' lang='lat' dir='ltr'><strong>etiam</strong></span> <span class='ocrx_word' id='word_1_682' title='bbox 3337 3879 3569 3949; x_wconf 65' lang='lat' dir='ltr'><strong>querelae</strong></span> <span class='ocrx_word' id='word_1_683' title='bbox 3619 3877 3835 3933; x_wconf 84' lang='lat' dir='ltr'><strong>vitanda</strong></span> 
     </span>
    </p>
   </div>
   <div class='ocr_carea' id='block_1_98' title="bbox 2256 3969 3836 4038">
    <p class='ocr_par' dir='ltr' id='par_1_98' title="bbox 2256 3969 3836 4038">
     <span class='ocr_line' id='line_1_98' title="bbox 2256 3969 3836 4038; baseline 0.001 -16"><span class='ocrx_word' id='word_1_684' title='bbox 2256 3969 2600 4038; x_wconf 62' lang='lat' dir='ltr'><strong>prcesumptio</strong></span> <span class='ocrx_word' id='word_1_685' title='bbox 2641 3977 2752 4033; x_wconf 91' lang='lat' dir='ltr'><strong>est,</strong></span> <span class='ocrx_word' id='word_1_686' title='bbox 2812 3983 2913 4036; x_wconf 86' lang='lat' dir='ltr'><strong>qua</strong></span> <span class='ocrx_word' id='word_1_687' title='bbox 2958 3971 3342 4038; x_wconf 86' lang='lat' dir='ltr'><strong>propemodum</strong></span> <span class='ocrx_word' id='word_1_688' title='bbox 3387 3979 3677 4026; x_wconf 87' lang='lat' dir='ltr'><strong>causantur</strong></span> <span class='ocrx_word' id='word_1_689' title='bbox 3717 3971 3836 4025; x_wconf 92' lang='lat' dir='ltr'><strong>uni-</strong></span> 
     </span>
    </p>
   </div>
   <div class='ocr_carea' id='block_1_99' title="bbox 2254 4041 3833 4138">
    <p class='ocr_par' dir='ltr' id='par_1_99' title="bbox 2254 4041 3833 4138">
     <span class='ocr_line' id='line_1_99' title="bbox 2254 4041 3833 4138; baseline -0.002 -22"><span class='ocrx_word' id='word_1_690' title='bbox 2254 4061 2416 4124; x_wconf 79' lang='lat' dir='ltr'><strong>versi,</strong></span> <span class='ocrx_word' id='word_1_691' title='bbox 2447 4061 2642 4130; x_wconf 89' lang='lat' dir='ltr'><strong>passim</strong></span> <span class='ocrx_word' id='word_1_692' title='bbox 2667 4075 2849 4115; x_wconf 90' lang='lat' dir='ltr'><strong>servos</strong></span> <span class='ocrx_word' id='word_1_693' title='bbox 2881 4069 2930 4116; x_wconf 91' lang='lat' dir='ltr'><strong>et</strong></span> <span class='ocrx_word' id='word_1_694' title='bbox 2964 4062 3312 4138; x_wconf 78' lang='lat' dir='ltr'><strong>originarios,</strong></span> <span class='ocrx_word' id='word_1_695' title='bbox 3346 4041 3688 4118; x_wconf 70' lang='lat' dir='ltr'><strong>dominorum</strong></span> <span class='ocrx_word' id='word_1_696' title='bbox 3717 4066 3833 4132; x_wconf 84' lang='lat' dir='ltr'><strong>jura</strong></span> 
     </span>
    </p>
   </div>
   <div class='ocr_carea' id='block_1_100' title="bbox 2254 4152 3832 4226">
    <p class='ocr_par' dir='ltr' id='par_1_100' title="bbox 2254 4152 3832 4226">
     <span class='ocr_line' id='line_1_100' title="bbox 2254 4152 3832 4226; baseline -0.001 -20"><span class='ocrx_word' id='word_1_697' title='bbox 2254 4153 2763 4221; x_wconf 87' lang='lat' dir='ltr'><strong>possessionumqne</strong></span> <span class='ocrx_word' id='word_1_698' title='bbox 2815 4153 2908 4222; x_wconf 80' lang='lat' dir='ltr'><strong>lat.</strong></span> <span class='ocrx_word' id='word_1_699' title='bbox 2941 4152 3360 4226; x_wconf 82' lang='lat' dir='ltr'><strong>Posscssioncm]</strong></span> <span class='ocrx_word' id='word_1_700' title='bbox 3394 4155 3689 4224; x_wconf 83' lang='lat' dir='ltr'><strong>fugientes,</strong></span> <span class='ocrx_word' id='word_1_701' title='bbox 3736 4154 3832 4209; x_wconf 87' lang='lat' dir='ltr'><strong>sub</strong></span> 
     </span>
    </p>
   </div>
   <div class='ocr_carea' id='block_1_101' title="bbox 2254 4242 3831 4311">
    <p class='ocr_par' dir='ltr' id='par_1_101' title="bbox 2254 4242 3831 4311">
     <span class='ocr_line' id='line_1_101' title="bbox 2254 4242 3831 4311; baseline 0 -15"><span class='ocrx_word' id='word_1_702' title='bbox 2254 4242 2521 4311; x_wconf 78' lang='lat' dir='ltr'><strong>religiosa:</strong></span> <span class='ocrx_word' id='word_1_703' title='bbox 2549 4243 2972 4299; x_wconf 87' lang='lat' dir='ltr'><strong>conversationis</strong></span> <span class='ocrx_word' id='word_1_704' title='bbox 3003 4244 3252 4307; x_wconf 87' lang='lat' dir='ltr'><strong>obtentu,</strong></span> <span class='ocrx_word' id='word_1_705' title='bbox 3289 4247 3372 4300; x_wconf 88' lang='lat' dir='ltr'><strong>vel</strong></span> <span class='ocrx_word' id='word_1_706' title='bbox 3403 4246 3465 4300; x_wconf 88' lang='lat' dir='ltr'><strong>ad</strong></span> <span class='ocrx_word' id='word_1_707' title='bbox 3509 4245 3831 4301; x_wconf 87' lang='lat' dir='ltr'><strong>monasteria</strong></span> 
     </span>
    </p>
   </div>
   <div class='ocr_carea' id='block_1_102' title="bbox 2254 4333 3833 4397">
    <p class='ocr_par' dir='ltr' id='par_1_102' title="bbox 2254 4333 3833 4397">
     <span class='ocr_line' id='line_1_102' title="bbox 2254 4333 3833 4397; baseline 0 -11"><span class='ocrx_word' id='word_1_708' title='bbox 2254 4347 2374 4387; x_wconf 85' lang='lat' dir='ltr'><strong>sese</strong></span> <span class='ocrx_word' id='word_1_709' title='bbox 2427 4333 2708 4395; x_wconf 87' lang='lat' dir='ltr'><strong>conferre,</strong></span> <span class='ocrx_word' id='word_1_710' title='bbox 2760 4333 2841 4388; x_wconf 88' lang='lat' dir='ltr'><strong>vel</strong></span> <span class='ocrx_word' id='word_1_711' title='bbox 2887 4335 2953 4388; x_wconf 90' lang='lat' dir='ltr'><strong>ad</strong></span> <span class='ocrx_word' id='word_1_712' title='bbox 3012 4336 3434 4390; x_wconf 86' lang='lat' dir='ltr'><strong>ecclesiasticum</strong></span> <span class='ocrx_word' id='word_1_713' title='bbox 3489 4337 3833 4397; x_wconf 88' lang='lat' dir='ltr'><strong>famulatum,</strong></span> 
     </span>
    </p>
   </div>
   <div class='ocr_carea' id='block_1_103' title="bbox 2254 4423 3832 4497">
    <p class='ocr_par' dir='ltr' id='par_1_103' title="bbox 2254 4423 3832 4497">
     <span class='ocr_line' id='line_1_103' title="bbox 2254 4423 3832 4497; baseline -0.002 -20"><span class='ocrx_word' id='word_1_714' title='bbox 2254 4423 2664 4478; x_wconf 84' lang='lat' dir='ltr'><strong>conniventibus</strong></span> <span class='ocrx_word' id='word_1_715' title='bbox 2696 4423 2793 4497; x_wconf 85' lang='grc' dir='ltr'><strong>[αι.</strong></span> <span class='ocrx_word' id='word_1_716' title='bbox 2826 4423 3222 4497; x_wconf 87' lang='lat' dir='ltr'><strong>cobibentibus]</strong></span> <span class='ocrx_word' id='word_1_717' title='bbox 3256 4441 3465 4497; x_wconf 84' lang='lat' dir='ltr'><strong>quoque</strong></span> <span class='ocrx_word' id='word_1_718' title='bbox 3497 4427 3832 4496; x_wconf 68' lang='lat' dir='ltr'><strong>praesulibus,</strong></span> 
     </span>
    </p>
   </div>
   <div class='ocr_carea' id='block_1_104' title="bbox 2255 4515 3835 4587">
    <p class='ocr_par' dir='ltr' id='par_1_104' title="bbox 2255 4515 3835 4587">
     <span class='ocr_line' id='line_1_104' title="bbox 2255 4515 3835 4587; baseline -0.002 -16"><span class='ocrx_word' id='word_1_719' title='bbox 2255 4515 2620 4571; x_wconf 82' lang='lat' dir='ltr'><strong>indifferenter</strong></span> <span class='ocrx_word' id='word_1_720' title='bbox 2654 4515 2860 4571; x_wconf 90' lang='lat' dir='ltr'><strong>admitti</strong></span> <span class='ocrx_word' id='word_1_721' title='bbox 2896 4535 2906 4570; x_wconf 91' lang='lat'><strong>:</strong></span> <span class='ocrx_word' id='word_1_722' title='bbox 2939 4533 3054 4587; x_wconf 74' lang='lat' dir='ltr'><strong>qua:</strong></span> <span class='ocrx_word' id='word_1_723' title='bbox 3089 4519 3260 4572; x_wconf 85' lang='lat' dir='ltr'><strong>modis</strong></span> <span class='ocrx_word' id='word_1_724' title='bbox 3290 4518 3536 4573; x_wconf 89' lang='lat' dir='ltr'><strong>omnibus</strong></span> <span class='ocrx_word' id='word_1_725' title='bbox 3577 4527 3659 4573; x_wconf 91' lang='lat' dir='ltr'><strong>est</strong></span> <span class='ocrx_word' id='word_1_726' title='bbox 3687 4531 3835 4570; x_wconf 76' lang='lat' dir='ltr'><strong>anto-</strong></span> 
     </span>
    </p>
   </div>
   <div class='ocr_carea' id='block_1_105' title="bbox 2259 4613 3834 4684">
    <p class='ocr_par' dir='ltr' id='par_1_105' title="bbox 2259 4613 3834 4684">
     <span class='ocr_line' id='line_1_105' title="bbox 2259 4613 3834 4684; baseline -0.005 -14"><span class='ocrx_word' id='word_1_727' title='bbox 2259 4613 2428 4671; x_wconf 87' lang='lat' dir='ltr'><strong>venda</strong></span> <span class='ocrx_word' id='word_1_728' title='bbox 2457 4615 2749 4684; x_wconf 88' lang='lat' dir='ltr'><strong>pernicies,</strong></span> <span class='ocrx_word' id='word_1_729' title='bbox 2784 4631 2850 4670; x_wconf 87' lang='lat' dir='ltr'><strong>ne</strong></span> <span class='ocrx_word' id='word_1_730' title='bbox 2899 4630 2992 4683; x_wconf 90' lang='lat' dir='ltr'><strong>per</strong></span> <span class='ocrx_word' id='word_1_731' title='bbox 3022 4614 3314 4680; x_wconf 79' lang='lat' dir='ltr'><strong>Christiani</strong></span> <span class='ocrx_word' id='word_1_732' title='bbox 3351 4613 3582 4668; x_wconf 87' lang='lat' dir='ltr'><strong>nominis</strong></span> <span class='ocrx_word' id='word_1_733' title='bbox 3623 4614 3834 4667; x_wconf 87' lang='lat' dir='ltr'><strong>institu-</strong></span> 
     </span>
    </p>
   </div>
   <div class='ocr_carea' id='block_1_106' title="bbox 2261 4706 3836 4777">
    <p class='ocr_par' dir='ltr' id='par_1_106' title="bbox 2261 4706 3836 4777">
     <span class='ocr_line' id='line_1_106' title="bbox 2261 4706 3836 4777; baseline -0.003 -15"><span class='ocrx_word' id='word_1_734' title='bbox 2261 4717 2371 4762; x_wconf 89' lang='lat' dir='ltr'><strong>tum</strong></span> <span class='ocrx_word' id='word_1_735' title='bbox 2391 4749 2404 4774; x_wconf 90' lang='lat'><strong>,</strong></span> <span class='ocrx_word' id='word_1_736' title='bbox 2431 4717 2520 4761; x_wconf 90' lang='lat' dir='ltr'><strong>aut</strong></span> <span class='ocrx_word' id='word_1_737' title='bbox 2557 4708 2729 4764; x_wconf 88' lang='lat' dir='ltr'><strong>aliena</strong></span> <span class='ocrx_word' id='word_1_738' title='bbox 2763 4708 2984 4777; x_wconf 88' lang='lat' dir='ltr'><strong>pervadi</strong></span> <span class='ocrx_word' id='word_1_739' title='bbox 3003 4748 3016 4772; x_wconf 97' lang='lat'><strong>,</strong></span> <span class='ocrx_word' id='word_1_740' title='bbox 3055 4716 3146 4762; x_wconf 90' lang='lat' dir='ltr'><strong>aut</strong></span> <span class='ocrx_word' id='word_1_741' title='bbox 3173 4707 3382 4776; x_wconf 88' lang='lat' dir='ltr'><strong>publica</strong></span> <span class='ocrx_word' id='word_1_742' title='bbox 3409 4707 3650 4762; x_wconf 88' lang='lat' dir='ltr'><strong>videatur</strong></span> <span class='ocrx_word' id='word_1_743' title='bbox 3677 4706 3836 4760; x_wconf 86' lang='lat' dir='ltr'><strong>disci-</strong></span> 
     </span>
    </p>
   </div>
   <div class='ocr_carea' id='block_1_107' title="bbox 2258 4795 3837 4871">
    <p class='ocr_par' dir='ltr' id='par_1_107' title="bbox 2258 4795 3837 4871">
     <span class='ocr_line' id='line_1_107' title="bbox 2258 4795 3837 4871; baseline -0.003 -16"><span class='ocrx_word' id='word_1_744' title='bbox 2258 4801 2403 4871; x_wconf 88' lang='lat' dir='ltr'><strong>plina</strong></span> <span class='ocrx_word' id='word_1_745' title='bbox 2441 4800 2677 4856; x_wconf 89' lang='lat' dir='ltr'><strong>subverti</strong></span> <span class='ocrx_word' id='word_1_746' title='bbox 2709 4819 2719 4855; x_wconf 90' lang='lat'><strong>:</strong></span> <span class='ocrx_word' id='word_1_747' title='bbox 2757 4802 3022 4870; x_wconf 65' lang='lat' dir='ltr'><strong>praecipue</strong></span> <span class='ocrx_word' id='word_1_748' title='bbox 3052 4816 3172 4855; x_wconf 92' lang='lat' dir='ltr'><strong>cum</strong></span> <span class='ocrx_word' id='word_1_749' title='bbox 3206 4815 3304 4854; x_wconf 89' lang='lat' dir='ltr'><strong>nec</strong></span> <span class='ocrx_word' id='word_1_750' title='bbox 3350 4799 3518 4868; x_wconf 87' lang='lat' dir='ltr'><strong>ipsam</strong></span> <span class='ocrx_word' id='word_1_751' title='bbox 3549 4795 3837 4851; x_wconf 87' lang='lat' dir='ltr'><strong>ministerii</strong></span> 
     </span>
    </p>
   </div>
   <div class='ocr_carea' id='block_1_108' title="bbox 2259 4890 3834 4963">
    <p class='ocr_par' dir='ltr' id='par_1_108' title="bbox 2259 4890 3834 4963">
     <span class='ocr_line' id='line_1_108' title="bbox 2259 4890 3834 4963; baseline -0.005 -14"><span class='ocrx_word' id='word_1_752' title='bbox 2259 4894 2520 4949; x_wconf 90' lang='lat' dir='ltr'><strong>clericalis</strong></span> <span class='ocrx_word' id='word_1_753' title='bbox 2539 4894 2638 4948; x_wconf 84' lang='lat' dir='ltr'><strong>hac</strong></span> <span class='ocrx_word' id='word_1_754' title='bbox 2653 4894 2977 4963; x_wconf 79' lang='lat' dir='ltr'><strong>obligatione</strong></span> <span class='ocrx_word' id='word_1_755' title='bbox 2993 4893 3135 4948; x_wconf 84' lang='lat' dir='ltr'><strong>fusca</strong></span> <span class='ocrx_word' id='word_1_756' title='bbox 3144 4895 3184 4947; x_wconf 91' lang='lat' dir='ltr'><strong>ri</strong></span> <span class='ocrx_word' id='word_1_757' title='bbox 3203 4893 3481 4948; x_wconf 88' lang='lat' dir='ltr'><strong>conveniat</strong></span> <span class='ocrx_word' id='word_1_758' title='bbox 3497 4890 3834 4958; x_wconf 76' lang='lat' dir='ltr'><strong>dignitatem,</strong></span> 
     </span>
    </p>
   </div>
   <div class='ocr_carea' id='block_1_109' title="bbox 2259 4981 3836 5056">
    <p class='ocr_par' dir='ltr' id='par_1_109' title="bbox 2259 4981 3836 5056">
     <span class='ocr_line' id='line_1_109' title="bbox 2259 4981 3836 5056; baseline -0.004 -14"><span class='ocrx_word' id='word_1_759' title='bbox 2259 4994 2586 5056; x_wconf 84' lang='lat' dir='ltr'><strong>cogaturque</strong></span> <span class='ocrx_word' id='word_1_760' title='bbox 2615 5001 2711 5054; x_wconf 92' lang='lat' dir='ltr'><strong>pro</strong></span> <span class='ocrx_word' id='word_1_761' title='bbox 2738 4995 2878 5040; x_wconf 89' lang='lat' dir='ltr'><strong>statu</strong></span> <span class='ocrx_word' id='word_1_762' title='bbox 2905 4985 3246 5039; x_wconf 88' lang='lat' dir='ltr'><strong>militantium</strong></span> <span class='ocrx_word' id='word_1_763' title='bbox 3285 4983 3386 5038; x_wconf 88' lang='lat' dir='ltr'><strong>sibi</strong></span> <span class='ocrx_word' id='word_1_764' title='bbox 3425 4981 3836 5051; x_wconf 88' lang='lat' dir='ltr'><strong>conditioncque</strong></span> 
     </span>
    </p>
   </div>
   <div class='ocr_carea' id='block_1_110' title="bbox 2256 5072 3834 5148">
    <p class='ocr_par' dir='ltr' id='par_1_110' title="bbox 2256 5072 3834 5148">
     <span class='ocr_line' id='line_1_110' title="bbox 2256 5072 3834 5148; baseline -0.006 -15"><span class='ocrx_word' id='word_1_765' title='bbox 2256 5078 2482 5148; x_wconf 81' lang='lat' dir='ltr'><strong>jurgari,</strong></span> <span class='ocrx_word' id='word_1_766' title='bbox 2515 5089 2606 5132; x_wconf 87' lang='lat' dir='ltr'><strong>aut</strong></span> <span class='ocrx_word' id='word_1_767' title='bbox 2631 5077 2822 5144; x_wconf 87' lang='lat' dir='ltr'><strong>videri,</strong></span> <span class='ocrx_word' id='word_1_768' title='bbox 2853 5077 2994 5145; x_wconf 87' lang='lat' dir='ltr'><strong>quod</strong></span> <span class='ocrx_word' id='word_1_769' title='bbox 3025 5076 3192 5139; x_wconf 89' lang='lat' dir='ltr'><strong>absit,</strong></span> <span class='ocrx_word' id='word_1_770' title='bbox 3221 5074 3470 5129; x_wconf 86' lang='lat' dir='ltr'><strong>obnoxia.</strong></span> <span class='ocrx_word' id='word_1_771' title='bbox 3501 5072 3704 5140; x_wconf 80' lang='lat' dir='ltr'><strong>Quibus</strong></span> <span class='ocrx_word' id='word_1_772' title='bbox 3726 5074 3834 5128; x_wconf 86' lang='lat' dir='ltr'><strong>sol-</strong></span> 
     </span>
    </p>
   </div>
   <div class='ocr_carea' id='block_1_111' title="bbox 2260 5160 3835 5236">
    <p class='ocr_par' dir='ltr' id='par_1_111' title="bbox 2260 5160 3835 5236">
     <span class='ocr_line' id='line_1_111' title="bbox 2260 5160 3835 5236; baseline -0.008 -13"><span class='ocrx_word' id='word_1_773' title='bbox 2260 5169 2409 5223; x_wconf 90' lang='lat' dir='ltr'><strong>licita</strong></span> <span class='ocrx_word' id='word_1_774' title='bbox 2447 5174 2814 5236; x_wconf 88' lang='lat' dir='ltr'><strong>competenter</strong></span> <span class='ocrx_word' id='word_1_775' title='bbox 2855 5163 3224 5220; x_wconf 89' lang='lat' dir='ltr'><strong>interdictione</strong></span> <span class='ocrx_word' id='word_1_776' title='bbox 3253 5163 3566 5232; x_wconf 87' lang='lat' dir='ltr'><strong>prohibitis,</strong></span> <span class='ocrx_word' id='word_1_777' title='bbox 3599 5160 3835 5230; x_wconf 84' lang='lat' dir='ltr'><strong>quisquis</strong></span> 
     </span>
    </p>
   </div>
   <div class='ocr_carea' id='block_1_112' title="bbox 2263 5251 3834 5333">
    <p class='ocr_par' dir='ltr' id='par_1_112' title="bbox 2263 5251 3834 5333">
     <span class='ocr_line' id='line_1_112' title="bbox 2263 5251 3834 5333; baseline -0.01 -15"><span class='ocrx_word' id='word_1_778' title='bbox 2263 5262 2580 5333; x_wconf 90' lang='lat' dir='ltr'><strong>episcopus,</strong></span> <span class='ocrx_word' id='word_1_779' title='bbox 2626 5260 2928 5330; x_wconf 85' lang='lat' dir='ltr'><strong>presbyter,</strong></span> <span class='ocrx_word' id='word_1_780' title='bbox 2977 5264 3067 5310; x_wconf 90' lang='lat' dir='ltr'><strong>aut</strong></span> <span class='ocrx_word' id='word_1_781' title='bbox 3098 5255 3388 5320; x_wconf 86' lang='lat' dir='ltr'><strong>diaconus,</strong></span> <span class='ocrx_word' id='word_1_782' title='bbox 3419 5257 3500 5311; x_wconf 90' lang='lat' dir='ltr'><strong>vel</strong></span> <span class='ocrx_word' id='word_1_783' title='bbox 3533 5271 3715 5311; x_wconf 81' lang='lat' dir='ltr'><strong>eorum</strong></span> <span class='ocrx_word' id='word_1_784' title='bbox 3747 5251 3834 5320; x_wconf 89' lang='lat' dir='ltr'><strong>qui</strong></span> 
     </span>
    </p>
   </div>
   <div class='ocr_carea' id='block_1_113' title="bbox 2267 5346 3834 5420">
    <p class='ocr_par' dir='ltr' id='par_1_113' title="bbox 2267 5346 3834 5420">
     <span class='ocr_line' id='line_1_113' title="bbox 2267 5346 3834 5420; baseline -0.01 -11"><span class='ocrx_word' id='word_1_785' title='bbox 2267 5352 2608 5409; x_wconf 86' lang='lat' dir='ltr'><strong>monasteriis</strong></span> <span class='ocrx_word' id='word_1_786' title='bbox 2637 5364 2868 5420; x_wconf 84' lang='lat' dir='ltr'><strong>praeesse</strong></span> <span class='ocrx_word' id='word_1_787' title='bbox 2893 5355 3213 5410; x_wconf 89' lang='lat' dir='ltr'><strong>noscuntur,</strong></span> <span class='ocrx_word' id='word_1_788' title='bbox 3256 5346 3552 5416; x_wconf 88' lang='lat' dir='ltr'><strong>hujusmodi</strong></span> <span class='ocrx_word' id='word_1_789' title='bbox 3586 5355 3834 5416; x_wconf 85' lang='lat' dir='ltr'><strong>personas</strong></span> 
     </span>
    </p>
   </div>
   <div class='ocr_carea' id='block_1_114' title="bbox 2346 5524 3835 5593">
    <p class='ocr_par' dir='ltr' id='par_1_114' title="bbox 2346 5524 3835 5593">
     <span class='ocr_line' id='line_1_114' title="bbox 2346 5524 3835 5593; baseline -0.001 -13"><span class='ocrx_word' id='word_1_790' title='bbox 2346 5529 2366 5559; x_wconf 82' lang='grc'>⁸</span> <span class='ocrx_word' id='word_1_791' title='bbox 2399 5527 2742 5580; x_wconf 70' lang='grc' dir='ltr'><strong>Βυνειιιιτάιιε</strong></span> <span class='ocrx_word' id='word_1_792' title='bbox 2769 5524 2860 5576; x_wconf 87' lang='lat' dir='ltr'><strong>lib.</strong></span> <span class='ocrx_word' id='word_1_793' title='bbox 2895 5537 3019 5587; x_wconf 84' lang='lat' dir='ltr'><strong>vui,</strong></span> <span class='ocrx_word' id='word_1_794' title='bbox 3051 5538 3168 5593; x_wconf 91' lang='lat' dir='ltr'><strong>cap.</strong></span> <span class='ocrx_word' id='word_1_795' title='bbox 3198 5525 3294 5587; x_wconf 84' lang='lat' dir='ltr'><strong>i5,</strong></span> <span class='ocrx_word' id='word_1_796' title='bbox 3332 5527 3517 5580; x_wconf 88' lang='lat' dir='ltr'><strong>inserit</strong></span> <span class='ocrx_word' id='word_1_797' title='bbox 3541 5537 3585 5580; x_wconf 88' lang='lat' dir='ltr'><strong>et</strong></span> <span class='ocrx_word' id='word_1_798' title='bbox 3609 5529 3702 5580; x_wconf 76' lang='lat' dir='ltr'><strong>nisi</strong></span> <span class='ocrx_word' id='word_1_799' title='bbox 3722 5534 3835 5578; x_wconf 84' lang='lat' dir='ltr'><strong>ante</strong></span> 
     </span>
    </p>
   </div>
   <div class='ocr_carea' id='block_1_115' title="bbox 2261 5594 3834 5660">
    <p class='ocr_par' dir='ltr' id='par_1_115' title="bbox 2261 5594 3834 5660">
     <span class='ocr_line' id='line_1_115' title="bbox 2261 5594 3834 5660; baseline -0.002 -10"><span class='ocrx_word' id='word_1_800' title='bbox 2261 5598 2336 5652; x_wconf 74' lang='lat'><strong>25</strong></span> <span class='ocrx_word' id='word_1_801' title='bbox 2367 5613 2551 5650; x_wconf 81' lang='lat' dir='ltr'><strong>annos.</strong></span> <span class='ocrx_word' id='word_1_802' title='bbox 2587 5597 2660 5648; x_wconf 88' lang='lat' dir='ltr'><strong>Ita</strong></span> <span class='ocrx_word' id='word_1_803' title='bbox 2688 5594 2806 5660; x_wconf 83' lang='lat' dir='ltr'><strong>lego</strong></span> <span class='ocrx_word' id='word_1_804' title='bbox 2835 5594 2884 5646; x_wconf 90' lang='lat' dir='ltr'><strong>in</strong></span> <span class='ocrx_word' id='word_1_805' title='bbox 2913 5607 3034 5648; x_wconf 91' lang='lat' dir='ltr'><strong>meo</strong></span> <span class='ocrx_word' id='word_1_806' title='bbox 3061 5609 3164 5649; x_wconf 87' lang='lat' dir='ltr'><strong>ms.</strong></span> <span class='ocrx_word' id='word_1_807' title='bbox 3187 5595 3343 5660; x_wconf 89' lang='lat' dir='ltr'><strong>cod.;</strong></span> <span class='ocrx_word' id='word_1_808' title='bbox 3369 5610 3494 5650; x_wconf 90' lang='lat' dir='ltr'><strong>num</strong></span> <span class='ocrx_word' id='word_1_809' title='bbox 3528 5605 3581 5652; x_wconf 90' lang='lat' dir='ltr'><strong>et</strong></span> <span class='ocrx_word' id='word_1_810' title='bbox 3611 5597 3660 5652; x_wconf 92' lang='lat' dir='ltr'><strong>in</strong></span> <span class='ocrx_word' id='word_1_811' title='bbox 3683 5596 3834 5652; x_wconf 86' lang='lat' dir='ltr'><strong>editis</strong></span> 
     </span>
    </p>
   </div>
   <div class='ocr_carea' id='block_1_116' title="bbox 2261 5666 3827 5734">
    <p class='ocr_par' dir='ltr' id='par_1_116' title="bbox 2261 5666 3827 5734">
     <span class='ocr_line' id='line_1_116' title="bbox 2261 5666 3827 5734; baseline -0.012 -11"><span class='ocrx_word' id='word_1_812' title='bbox 2261 5678 2441 5723; x_wconf 81' lang='lat' dir='ltr'><strong>exstet</strong></span> <span class='ocrx_word' id='word_1_813' title='bbox 2472 5666 2678 5734; x_wconf 83' lang='lat' dir='ltr'><strong>ignoro.</strong></span> <span class='ocrx_word' id='word_1_814' title='bbox 2715 5666 2899 5718; x_wconf 66' lang='lat' dir='ltr'><strong>Mausr.</strong></span> <span class='ocrx_word' id='word_1_815' title='bbox 3825 5731 3827 5734; x_wconf 12' lang='grc'><em>⁴</em></span> 
     </span>
    </p>
   </div>
   <div class='ocr_carea' id='block_1_117' title="bbox 2341 5734 3861 5810">
    <p class='ocr_par' dir='ltr' id='par_1_117' title="bbox 2341 5734 3861 5810">
     <span class='ocr_line' id='line_1_117' title="bbox 2341 5734 3861 5810; baseline 0.001 -21"><span class='ocrx_word' id='word_1_816' title='bbox 2341 5741 2360 5768; x_wconf 76' lang='grc' dir='ltr'><strong>θ</strong></span> <span class='ocrx_word' id='word_1_817' title='bbox 2393 5737 2598 5810; x_wconf 68' lang='lat' dir='ltr'><strong>(litatur</strong></span> <span class='ocrx_word' id='word_1_818' title='bbox 2619 5745 2671 5789; x_wconf 89' lang='lat' dir='ltr'><strong>et</strong></span> <span class='ocrx_word' id='word_1_819' title='bbox 2702 5734 2955 5810; x_wconf 65' lang='lat' dir='ltr'><strong>agarolo</strong></span> <span class='ocrx_word' id='word_1_820' title='bbox 2986 5735 3172 5802; x_wconf 78' lang='lat' dir='ltr'><strong>Magno</strong></span> <span class='ocrx_word' id='word_1_821' title='bbox 3202 5736 3254 5792; x_wconf 92' lang='lat' dir='ltr'><strong>in</strong></span> <span class='ocrx_word' id='word_1_822' title='bbox 3282 5735 3501 5806; x_wconf 76' lang='lat' dir='ltr'><strong>&#39;capitul.</strong></span> <span class='ocrx_word' id='word_1_823' title='bbox 3525 5737 3830 5810; x_wconf 81' lang='lat' dir='ltr'><strong>Aquisgran.</strong></span> <span class='ocrx_word' id='word_1_824' title='bbox 3859 5779 3861 5790; x_wconf 92' lang='lat'><strong>.</strong></span> 
     </span>
    </p>
   </div>
   <div class='ocr_carea' id='block_1_118' title="bbox 2269 5805 3111 5866">
    <p class='ocr_par' dir='ltr' id='par_1_118' title="bbox 2269 5805 3111 5866">
     <span class='ocr_line' id='line_1_118' title="bbox 2269 5805 3111 5866; baseline 0.002 -2"><span class='ocrx_word' id='word_1_825' title='bbox 2269 5811 2391 5864; x_wconf 88' lang='lat' dir='ltr'><strong>anni</strong></span> <span class='ocrx_word' id='word_1_826' title='bbox 2427 5808 2554 5865; x_wconf 72' lang='lat'><strong>739.</strong></span> <span class='ocrx_word' id='word_1_827' title='bbox 2586 5821 2705 5864; x_wconf 80' lang='lat' dir='ltr'><strong>can.</strong></span> <span class='ocrx_word' id='word_1_828' title='bbox 2733 5806 2819 5865; x_wconf 75' lang='lat'><strong>59.</strong></span> <span class='ocrx_word' id='word_1_829' title='bbox 2852 5805 3111 5866; x_wconf 61' lang='lat' dir='ltr'><strong>liensum.</strong></span> 
     </span>
    </p>
   </div>
  </div>
