3948 6314
139 412 198 466 63
1325 411 1675 470 EPISTULA.
1719 411 1804 468 ET
1845 411 2189 469 DECRETA.
3327 415 3399 479 ἧι

145 520 259 588 ιριιά
280 534 333 575 se
366 503 613 576 tenentes
636 539 746 578 non
779 522 1132 578 restituendas
1158 521 1417 591 patronis,
1449 522 1710 577 autdein-
1740 522 1791 582 Α
1820 530 1962 577 mota
1985 563 2000 588 ,
2050 538 2153 578 non
2195 522 2367 578 solum
2398 523 2466 578 de
2517 523 2664 577 factis
2719 526 2988 580 atrocibus
3042 529 3396 584 necessariam

147 625 252 679 ccps
279 611 358 664 vel
379 611 768 668 ecclesiastica
787 615 1051 677 servituti,
1080 615 1160 668 vel
1187 612 1456 682 religiosis
1483 627 1710 681 congre-

149 703 420 771 gationibus
464 705 776 772 putaverint
823 705 1172 774 applicandas
1200 744 1216 768 ,
1274 705 1373 758 nisi
1437 688 1709 759 voluntate

152 794 354 847 Iursitan
378 793 750 860 dominorum,
793 797 898 851 sub
928 797 1215 862 Scriptura:
1257 797 1561 852 testimonio
1597 795 1711 866 pri-

155 885 301 938 mitus
327 887 604 950 absolutas,
637 888 723 941 vel
753 887 988 956 legitima
1014 889 1374 942 transactione
1403 902 1709 953 concessas,

159 979 430 1044 [ericulunt
460 994 514 1033 se
545 979 770 1033 honoris
811 982 1010 1049 proprii
1041 995 1142 1034 non
1176 980 1449 1050 ambigam
1470 996 1712 1034 commu-

163 1070 415 1134 nionisquc
434 1071 731 1140 subituros,
758 1074 802 1125 si
830 1086 992 1141 super
1016 1072 1111 1125 hac
1133 1088 1190 1127 re
1215 1073 1528 1140 cujusquam
1552 1087 1710 1126 verax

166 1175 253 1210 nos
279 1159 473 1226 querela
498 1161 814 1228 pulsaverit.
853 1161 1059 1232 Magnis
1078 1163 1264 1231 quippe
1287 1163 1494 1225 studiis,
1518 1178 1711 1216 secun-

167 1250 271 1303 dum
311 1253 505 1304 beatum
534 1253 876 1322 Apostolum,
912 1254 1298 1322 pra'cavendum
1324 1263 1396 1307 est
1427 1271 1486 1307 ne
1515 1256 1641 1321 [illas
1667 1265 1713 1306 et

169 1342 405 1409 disciplina
431 1342 641 1396 Domini
668 1344 1046 1412 blasphetnetur
1081 1343 1131 1413 (1
1163 1343 1298 1397 Tim.
1336 1343 1431 1412 νι).

225 1431 338 1485 ὼν.
365 1434 472 1486 XV.
505 1464 573 1472 —
602 1435 950 1504 Consequens
995 1435 1091 1488 fuit
1129 1445 1184 1489 ut
1233 1435 1320 1488 illa
1358 1450 1568 1504 quoque
1596 1452 1714 1504 qua:

165 1523 220 1576 de
263 1526 425 1580 Piceni
455 1526 693 1594 partibus
738 1542 911 1596 nuper
938 1526 1004 1581 ad
1036 1542 1132 1581 nos
1167 1527 1327 1580 missa
1360 1528 1547 1580 relatio
1575 1543 1714 1580 nun-

170 1619 312 1678 tiaiit,
343 1633 443 1672 non
466 1619 836 1686 pra'tereunda
869 1631 1207 1686 putaremus,
1245 1620 1292 1672 id
1321 1630 1424 1682 est,
1457 1621 1716 1688 plurimos

165 1709 448 1762 clericorum
479 1710 934 1776 negotiationibus
962 1710 1256 1764 inhonestis
1287 1719 1340 1764 et
1367 1710 1526 1764 lucris
1550 1712 1714 1779 turpi-

161 1802 568 1866 illSltttlttiDCfe,
601 1801 749 1855 nullo
785 1802 991 1871 pudore
1031 1810 1313 1856 cernentes
1356 1802 1712 1870 cvangelicam

1819 612 2208 680 paenitudinem
2237 626 2345 667 non
2372 611 2591 678 habere,
2619 613 2712 668 sed
2744 629 2841 670 nec
2871 614 3048 684 aliqua
3067 617 3399 674 correctione

1820 705 2029 772 penitus
2058 705 2409 770 succedente,
2459 705 2524 758 ad
2570 703 2809 760 divinum
2844 706 3200 762 ministerium
3232 707 3399 765 hono-

1819 809 2040 864 remque
2065 795 2410 850 contendere.
2450 794 2746 851 Nonnullos
2790 805 2968 852 autem
2999 797 3158 851 etiam
3189 798 3239 853 in
3272 797 3400 869 ipsis

1819 888 2099 942 ordinibus
2136 889 2479 956 constitutos,
2506 889 2757 959 gravibus
2798 888 3166 960 delinquentes
3199 891 3401 950 facino-

1818 982 1988 1044 ribus,
2024 998 2127 1035 non
2153 982 2363 1052 repelli,
2392 998 2511 1036 cum
2539 993 2594 1036 et
2619 983 2902 1052 Apostolus
2923 983 3116 1040 clamet
3149 1004 3160 1037 :
3195 984 3399 1041 Nemini

1818 1074 1917 1122 cito
1947 1088 2126 1125 manus
2153 1073 2506 1141 imponendae,
2535 1088 2693 1142 neque
2718 1075 3195 1128 communicandum
3226 1093 3401 1142 pecca-

1819 1164 1880 1215 tis
1905 1163 2084 1216 alienis
2117 1164 2163 1232 (I
2196 1162 2330 1218 Tim.
2363 1164 2450 1232 v);
2479 1174 2533 1219 et
2558 1165 2820 1234 majorum
2862 1167 3164 1222 veneranda
3197 1170 3400 1224 consti-

1821 1262 1928 1307 tnta
1975 1255 2204 1324 (.Vicwni
2231 1256 2355 1324 910)
2391 1257 2760 1325 pronuntient,
2800 1256 3126 1326 hujnsmodi,
3165 1261 3324 1331 etiam
3357 1263 3401 1314 si

1820 1347 1956 1400 forte
1987 1347 2380 1416 subrepserint,
2416 1356 2521 1402 tam
2567 1348 2657 1418 qui
2699 1357 2823 1402 ante
2855 1359 3232 1416 peccaverunt,
3255 1349 3404 1405 dete-

1820 1448 1934 1492 ctns
1963 1448 2214 1504 oportere
2258 1439 2468 1508 repelli,
2501 1454 2660 1510 quam
2692 1455 2861 1494 sacra:
2891 1439 3242 1508 professionis
3270 1440 3405 1495 obli-

1821 1538 1925 1592 tos,
1959 1530 2502 1600 prazvaricatoresque
2531 1529 2702 1585 sancti
2724 1529 3000 1599 propositi,
3034 1530 3405 1601 proculdubio

1820 1618 2242 1674 submovendas.

1891 1711 2019 1764 CAP.
2063 1711 2202 1765 XIX.
2233 1741 2298 1751 ——
2330 1711 2510 1781 Usque
2550 1710 2685 1766 adeo
2733 1725 2862 1766 sane
2907 1714 3266 1781 comperimus
3307 1715 3404 1768 illi-

1819 1804 1924 1855 cita
1955 1817 2181 1870 qumque
2216 1817 2591 1871 prorumpere,
2623 1810 2681 1856 ut
2704 1803 2725 1832 "
2747 1802 3091 1858 dccmoniacis
3116 1803 3406 1862 similibus-

160 1894 444 1957 lectionem,
469 1909 571 1964 qua
613 1895 728 1962 ipse
763 1893 1020 1949 Dominus
1056 1895 1414 1964 negotiatores
1455 1911 1484 1950 e
1519 1895 1716 1964 templo
1749 1896 1798 1955 B
1824 1908 1925 1961 que
1953 1891 2046 1964 [αι.
2074 1893 2314 1947 daemone
2345 1891 2588 1964 aliisque]
2627 1893 2965 1962 passionibus
3003 1895 3227 1949 irrctitis
3251 1897 3406 1950 mini-

159 1984 446 2038 nrberatos
479 1985 704 2053 ﬂagellis
749 1987 1009 2057 asseritur
1037 1986 1303 2056 expulisse
1344 1983 1562 2052 (Matth.
1597 2001 1713 2051 xxi;

157 2073 296 2130 leua.
328 2074 416 2144 n);
450 2091 547 2130 nec
575 2078 816 2145 Apostoli
847 2078 1005 2132 verba
1031 2078 1356 2143 recolentes,
1382 2079 1573 2148 quibus
1595 2078 1666 2131 ait
1699 2097 1712 2132 :

158 2167 306 2221 Nam
350 2169 572 2223 militans
624 2169 732 2224 Deo
780 2171 1005 2240 implicat
1045 2188 1097 2223 se
1138 2171 1348 2241 negatiis
1387 2170 1717 2224 swcttlaribus

158 2257 232 2326 (ll
263 2258 380 2312 Tini.
410 2260 500 2329 tt);
529 2260 866 2314 Psalmistam
915 2276 1126 2330 quoque
1172 2262 1337 2315 David
1369 2261 1529 2314 surda
1563 2260 1729 2343 dissi:

157 2351 402 2404 ulaules
421 2366 552 2405 aure
572 2360 878 2405 cantantem
912 2367 925 2402 :
961 2351 1216 2418 Quoniam
1250 2369 1347 2404 non
1371 2352 1598 2422 cognorit
1630 2367 1718 2404 ne-

158 2441 452 2508 gotiationes,
485 2439 707 2502 introibo
736 2443 785 2493 in
825 2443 1074 2508 potentias
1128 2441 1333 2495 Domini
1363 2441 1537 2509 (I’snl.
1567 2441 1715 2512 1.3x).

163 2531 367 2584 Proinde
412 2531 715 2600 hujustnodi
757 2540 845 2584 aut
871 2532 938 2586 ab
966 2533 1194 2602 indignis
1232 2542 1351 2600 post
1375 2533 1472 2588 hac
1502 2535 1719 2602 quaesti—

160 2626 240 2679 l-us
280 2625 521 2680 noverint
557 2623 935 2680 asbtinendum
963 2669 977 2691 ,
1029 2635 1079 2679 et
1124 2628 1190 2680 ab
1235 2625 1379 2680 omni
1439 2626 1719 2696 cujuslibet

158 2718 505 2787 negotiationis
553 2717 769 2786 ingenio
817 2717 898 2771 vel
929 2717 1218 2787 cupiditate
1246 2717 1596 2781 cessandum;
1629 2726 1720 2770 aut

158 2809 197 2862 in
219 2823 532 2878 quocunque
570 2807 742 2877 gradu
786 2808 892 2861 sint
933 2809 1128 2876 positi,
1159 2823 1280 2862 mox
1310 2823 1339 2862 a
1384 2807 1718 2862 clericalibus

152 2901 321 2954 ciliciis
355 2902 368 2929 ¹
402 2899 677 2954 abstinere
731 2910 1028 2968 cogantur:
1071 2901 1323 2969 quoniam
1367 2899 1562 2953 donius
1599 2899 1714 2963 Dei,

154 2994 316 3048 domus
347 2991 607 3044 orationis
638 2989 787 3061 (Luc.
819 2992 934 3059 xix)
960 2999 1014 3044 et
1038 3005 1158 3046 esse
1181 2990 1374 3064 debet,
1417 2999 1470 3046 et
1493 2991 1617 3052 dici,
1651 3005 1718 3043 ne

149 3086 340 3140 officina
366 3085 754 3156 negotiationis
782 3092 836 3138 et
865 3083 1116 3153 Spelunca
1145 3084 1321 3154 potius
1350 3084 1417 3138 sit
1449 3084 1715 3138 latronum

155 3177 288 3244 (laci.
320 3177 402 3248 ι).

1825 1983 1984 2037 stcria
2016 1983 2108 2054 [αι.
2149 1982 2422 2054 mysteria]
2459 1995 2795 2038 sacrosancta
2837 1994 3067 2040 tractare
3113 1987 3398 2042 tribuatur.

1823 2073 2028 2138 Quibus
2054 2075 2096 2126 si
2125 2073 2223 2126 hoc
2251 2087 2414 2142 opere
2433 2073 2620 2142 positis
2641 2073 2836 2143 aliquid
2865 2075 3092 2142 promite
3119 2077 3406 2129 necessita-

1825 2169 1893 2222 tis
1919 2178 2187 2230 occurrat,
2221 2168 2342 2237 quis
2388 2167 2455 2222 de
2499 2181 2591 2221 sua
2627 2168 2827 2238 [supple
2852 2167 2936 2237 ac]
2978 2167 3210 2222 fidelium
3239 2168 3407 2224 salute

1824 2259 2076 2324 confidet,
2101 2259 2190 2312 ubi
2215 2259 2492 2313 ministros
2519 2258 2664 2328 ipsos
2685 2258 2977 2312 curationis
3001 2257 3244 2312 humana:
3265 2269 3408 2315 tanta

1824 2351 2164 2421 perspexerit
2190 2350 2494 2404 calamitate
2519 2351 2735 2404 vexari?
2753 2348 2925 2418 Atque
2951 2347 3072 2403 ideo
3104 2351 3408 2403 necessario

1825 2441 2132 2496 removendi
2165 2449 2313 2506 sunt,
2346 2457 2412 2495 ne
2431 2440 2781 2507 quibuslibet,
2821 2456 2917 2510 pro
2945 2441 3134 2510 quibus
3165 2441 3409 2496 Christus

1825 2547 1907 2588 ρει
1951 2542 2217 2600 mortuus,
2249 2532 2564 2587 scandalum
2614 2544 2901 2604 generetur
2949 2533 3176 2587 inlirmis
3228 2533 3404 2606 (Rom.

1824 2640 1940 2688 xiv;
1969 2622 2033 2677 ΙΙ
2060 2625 2177 2680 Cor.
2235 2625 2368 2694 vni).
2403 2624 2712 2688 Postremo,
2768 2625 2808 2677 si
2853 2638 3079 2692 corpore
3114 2626 3409 2681 sauciatnm

1825 2716 2066 2771 fortassis
2095 2724 2186 2771 aut
2215 2714 2447 2769 debilem
2469 2759 2482 2782 ,
2522 2729 2853 2784 nequaquam
2883 2725 3069 2770 sancta
3098 2716 3409 2786 contingere

1826 2807 1913 2861 lex
1943 2806 2127 2860 divina
2160 2807 2418 2874 permittit
2449 2804 2630 2875 (Leuit.
2671 2803 2814 2874 xxi);
2849 2817 3050 2874 quanto
3081 2807 3248 2875 magis
3284 2807 3409 2861 doni

1823 2898 2059 2954 caelestis
2100 2898 2500 2966 dispensatores
2551 2913 2670 2952 esse
2722 2914 2826 2952 non
2869 2901 3138 2961 convenit,
3163 2897 3303 2967 quod
3329 2911 3410 2955 est

1824 2991 2084 3055 deterius,
2111 2998 2292 3044 mente
2320 2989 2593 3056 perculsos
2621 2989 2714 3059 [αι.
2745 2990 3089 3060 percussos]?

1895 3080 2023 3136 Car.
2057 3078 2605 3149 iii—Virginibus
2649 3087 2827 3132 autem
2881 3077 3048 3132 sacris
3103 3087 3304 3134 temere
3353 3096 3409 3136 se

1823 3173 2082 3244 quosdam
2115 3173 2322 3227 sociare
2373 3169 2739 3241 cognovimus,
2777 3178 2831 3224 et
2880 3170 3257 3238 postdicatum
3299 3171 3409 3228 Deo

205 3269 324 3324 (In.
353 3268 492 3322 XVI.
514 3299 584 3308 —
612 3267 918 3324 lllitteratos
948 3283 1178 3339 quoque,
1203 3277 1257 3322 et
1281 3269 1531 3323 nonnulla
1571 3277 1720 3338 parte
1747 3267 1794 3328 C
1829 3267 2184 3337 propositum,
2239 3267 2440 3320 incesta
2487 3263 2686 3320 fcedera
2745 3262 3111 3332 sacrilegaque
3159 3265 3406 3320 miscere.

144 3362 364 3426 corporis
387 3360 730 3425 imminutus,
761 3361 877 3415 sine
909 3360 1275 3430 ulloreSpectu
1303 3359 1368 3413 ad
1389 3359 1716 3414 ecclesiasti-

146 3467 251 3504 Cum
279 3452 567 3508 didicimus
598 3454 787 3508 venire
815 3453 1114 3508 servitium.
1139 3453 1291 3519 Quod
1322 3454 1477 3507 simul
1500 3457 1718 3524 antiqua

147 3543 374 3611 traditio,
400 3554 450 3598 et
483 3543 801 3611 apostolica:
823 3543 965 3598 sedis
993 3553 1144 3598 vetus
1168 3545 1333 3597 forma
1365 3560 1468 3598 non
1499 3544 1712 3613 recipit;

145 3636 252 3704 quia
281 3652 376 3690 nec
406 3638 601 3691 litteris
630 3651 822 3690 carens
851 3638 1018 3690 sacris
1055 3651 1175 3690 esse
1206 3646 1378 3704 potest
1409 3645 1563 3702 aptus
1594 3636 1714 3690 ofﬁ-

149 3727 236 3781 niis
310 3737 362 3782 et
400 3730 654 3784 vitiosum
700 3728 833 3783 nihil
881 3744 1098 3798 prorsus
1149 3730 1254 3784 Deo
1301 3729 1481 3784 offerri
1527 3730 1720 3800 Icgalia

145 3830 396 3890 pracepta
435 3832 736 3877 sanxerunt
774 3820 954 3894 (Lect't.
983 3838 1104 3887 xxt;
1144 3822 1296 3877 Dent.
1331 3821 1486 3890 xvn).
1535 3824 1719 3892 Itaque

145 3911 203 3962 de
241 3920 435 3968 calere
483 3913 659 3968 modis
688 3912 937 3968 omnibus
959 3915 978 3943 ¹
1010 3914 1124 3968 haec
1154 3915 1410 3978 vitentur,
1451 3928 1550 3969 nec
1573 3915 1718 3983 quis-

144 4019 288 4073 quam
329 4006 455 4060 talis
501 4004 824 4076 suscipiatur
862 4005 914 4059 in
957 4005 1180 4060 clerum.
1230 4006 1286 4060 Si
1328 4006 1415 4074 qui
1469 4020 1598 4060 vero
1634 4005 1716 4060 vel

145 4099 437 4154 temeritate
484 4099 701 4170 prepria
728 4139 744 4165 ,
775 4097 860 4153 vel
907 4097 1113 4154 incuria
1155 4099 1552 4168 praesidentium
1584 4099 1717 4153 tales

146 4202 257 4245 ante
281 4174 515 4260 suscepti
546 4200 693 4259 sunt,
728 4192 782 4245 in
812 4191 894 4245 bis
916 4191 1108 4259 quibus
1133 4191 1408 4245 constituti
1437 4199 1561 4244 sunt
1586 4191 1717 4246 locis

149 4292 354 4336 «tenus
383 4291 766 4353 perseverent,
810 4290 867 4335 ut
925 4279 1056 4335 nihil
1087 4295 1316 4352 unquam
1368 4281 1719 4350 promotionis

156 4371 172 4399 ³
199 4373 490 4442 accipiant;
517 4373 755 4442 satisque
785 4371 1014 4428 habeant
1045 4373 1145 4426 boc
1191 4372 1361 4441 ipsum
1388 4372 1484 4425 sibi
1513 4387 1606 4440 pro
1632 4373 1716 4425 ni-

159 4462 249 4516 nia
275 4466 616 4519 miseratione
643 4464 982 4534 permissum.

220 4552 340 4608 Car.
387 4535 545 4607 XVII.
583 4582 647 4592 —-
678 4553 753 4608 De
795 4553 879 4609 his
908 4563 1084 4608 autem
1122 4553 1208 4622 qui
1257 4553 1465 4624 seipsos
1505 4554 1719 4608 abscin-

1825 3362 1971 3430 Quos
2019 3360 2262 3428 protinus
2311 3369 2522 3428 aequum
2552 3366 2631 3411 est
2654 3372 2682 3410 a
2724 3369 2875 3409 sacra
2906 3356 3283 3411 communione
3313 3357 3409 3411 de-

1826 3453 1988 3520 trudi,
2022 3461 2074 3506 et
2123 3451 2223 3505 nisi
2279 3466 2373 3521 per
2405 3445 2670 3520 publicam
2719 3451 3098 3520 probatamque
3148 3453 3410 3520 pteniten-

1826 3546 1976 3608 tiam,
2032 3543 2252 3596 omnino
2301 3557 2404 3595 non
2448 3540 2640 3610 recipi,
2669 3539 2689 3570 ⁵
2719 3538 2811 3595 sed
2852 3549 3027 3595 tamen
3068 3541 3317 3595 viaticum
3345 3539 3410 3593 dc

1825 3633 2458 3697 smeulotranseuntibus,
2485 3633 2527 3685 si
2553 3642 2727 3687 tamen
2747 3633 3114 3702 posuitnerint,
3139 3647 3243 3686 non
3272 3631 3290 3659 ⁸
3314 3645 3409 3684 ne.

1825 3737 1999 3799 getur.

1893 3821 2023 3874 Car.
2056 3819 2197 3874 XXI.
2220 3849 2289 3859 —
2310 3818 2440 3873 Nam
2470 3817 2536 3874 de
2559 3817 2731 3870 viduis
2747 3815 2848 3870 sub
2871 3814 3014 3868 nulla
3037 3812 3409 3868 benedictione

1824 3912 2082 3976 velandis,
2132 3911 2420 3981 superius"
2449 3910 2555 3964 late
2601 3908 3036 3978 sufﬁcienterque
3068 3906 3408 3977 prmdiximus

1825 4005 1980 4076 [forte
2009 4004 2108 4072 leg.
2141 4004 2297 4057 latius
2328 4003 2576 4058 duximus
2607 3999 3018 4073 disserendum].
3052 4000 3180 4068 Qum
3211 4000 3252 4054 si
3287 4014 3410 4070 pro-

1826 4096 1940 4164 pria
1972 4095 2246 4150 voluntate
2272 4093 2566 4164 professam
2597 4093 2803 4162 pristini
2848 4092 3079 4161 conjugii
3108 4091 3408 4145 castitatem

1827 4185 2072 4240 mutabili
2103 4194 2282 4239 mente
2307 4184 2654 4249 calcaverint,
2687 4183 3110 4253 periculicarum
3143 4183 3406 4248 intererit,

1825 4279 1968 4349 quali
2016 4278 2182 4333 Deum
2229 4277 2460 4331 debeant
2498 4275 2860 4331 satisfactione
2911 4274 3157 4344 placare,
3212 4274 3232 4301 "
3285 4272 3408 4340 quia

1829 4370 1997 4439 (juxta
2031 4367 2370 4438 Apostolunt)
2399 4368 2617 4436 primam
2648 4368 2802 4434 ﬁdem
2848 4367 3046 4418 irritam
3086 4367 3313 4433 fecerunt
3358 4363 3408 4432 (I

1827 4458 1962 4513 Tim.
1991 4459 2068 4528 v).
2094 4458 2242 4514 Sicut
2269 4459 2434 4524 enim,
2464 4458 2507 4512 si
2537 4473 2596 4512 se
2621 4457 2841 4512 forsitan
2874 4455 3149 4511 continere
3181 4471 3285 4510 non
3319 4470 3411 4523 po-

1827 4561 2040 4618 terant,
2102 4549 2394 4606 secundum
2443 4549 2799 4618 Aposmlum,
2852 4549 3160 4603 nullatenus
3210 4547 3410 4600 nubere

168 4639 295 4710 dunt,
320 4645 520 4711 paterni
544 4659 777 4700 canones
794 4644 1069 4700 evidenter
1093 4646 1363 4715 sequenda
1387 4657 1712 4715 posuerunt;
1744 4637 1797 4696 D
1825 4645 2141 4700 vetabantur
2189 4643 2240 4716 (1
2276 4643 2394 4698 Cor.
2423 4641 2556 4712 vn);
2587 4642 2664 4698 sic
2695 4641 2873 4696 habita
2921 4655 3100 4695 secum
3144 4635 3410 4693 delibera-

170 4745 360 4795 (tu-trum
401 4742 643 4788 tenorem
685 4733 912 4789 sufﬁciat
959 4735 1235 4790 indidisse.
1295 4734 1485 4789 Dicunt
1536 4737 1714 4803 enim,

174 4823 274 4874 talia
303 4835 686 4895 perpetrantcs,
718 4841 840 4881 mox
886 4835 944 4881 ut
980 4827 1139 4896 agniti
1170 4827 1399 4894 fuerint,
1433 4842 1463 4880 a
1492 4843 1716 4883 munere

176 4912 368 4970 clericali
395 4917 592 4973 debere
616 4917 846 4974 secludi.
877 4917 1026 4984 Quod
1057 4919 1229 4974 modis
1260 4920 1508 4974 omnibus
1537 4931 1716 4975 custo-

178 5003 272 5055 till'L‘
296 5023 377 5063 nos
404 5011 674 5075 convenit,
698 5009 823 5080 quia
849 5010 926 5064 fas
946 5025 1064 5066 esse
1083 5012 1212 5065 nulli
1236 5011 1538 5081 suppeditat
1555 5012 1679 5083 quid
1695 5042 1714 5054 -

179 5110 312 5161 quam
348 5112 524 5168 prater
571 5101 667 5158 illa
695 5116 818 5172 qum
867 5104 1226 5156 memorabiiis
1263 5101 1500 5156 decrevit
1545 5103 1712 5158 forma

179 5201 377 5245 CCHSCI'C.

229 5281 338 5339 Car.
364 5283 531 5364 XVIII.
565 5317 640 5329 —
672 5273 1049 5357 Comperimus
1075 5287 1232 5340 etiam
1273 5287 1560 5344 horrendis
1588 5292 1709 5360 qui-

170 5371 346 5430 ittlsdilm
371 5379 690 5436 criminibus
714 5376 1056 5446 implicatos,
1091 5386 1200 5434 tota
1231 5377 1556 5438 discretione
1586 5382 1714 5439 sub-

211 5558 353 5617 ’God.
378 5563 489 5618 Luc
518 5561 659 5629 490,
697 5557 865 5611 abire.
924 5629 930 5630 γ
1125 5610 1134 5630 ,_

201 5631 275 5687 ‘in
300 5635 484 5692 eodem
509 5633 648 5690 eod.
673 5631 884 5688 desunt
911 5629 1016 5685 lucc
1039 5629 1273 5690 vitentur.

193 5704 208 5734 ⁸
227 5704 288 5761 Id.
308 5709 452 5774 cod.,
499 5703 812 5774 arripiant.

185 5771 446 5846 ’ἡλωκώς
483 5771 787 5830 dwniont's.
838 5839 880 5846 __
1396 5778 1399 5781 '
1444 5845 1448 5846 ί
1494 5780 1499 5786 ·
1538 5831 1546 5839 η

176 5849 316 5908 θυοδ,
347 5839 485 5906 ιυὶι,
513 5850 661 5909 491),
701 5851 799 5893 aut
817 5839 906 5932 {Iis
937 5855 1078 5894 certe.
1442 5845 1490 5902 ἰ.

1830 4739 2010 4802 tione,
2049 4738 2364 4806 promissam
2419 4736 2528 4791 Deo
2573 4735 2840 4806 pudicitia:
2893 4733 3050 4788 Iidem
3084 4731 3282 4786 debent
3313 4731 3406 4803 (at.

1826 4830 2150 4899 debuerunt]
2191 4829 2480 4884 custodire.
2514 4827 2621 4882 Nos
2663 4838 2838 4881 autem
2880 4824 3072 4880 talibus
3103 4823 3304 4877 nullum
3336 4821 3412 4874 la-

1826 4939 2022 4994 queum
2071 4921 2326 4977 debemus
2357 4921 2607 4990 injicere;
2655 4919 2749 4975 sed
2796 4919 2968 4973 solum
3013 4913 3410 4970 adhortationes

1828 5019 2035 5088 praemii
2064 5018 2400 5087 sempiterni,
2430 5029 2717 5084 pinnasque
2742 5025 3041 5083 preponere
3072 5007 3235 5064 divini
3258 5004 3406 5078 judi-

1829 5111 1918 5172 cii.
1953 5119 2011 5163 ut
2055 5119 2108 5164 et
2136 5120 2316 5162 nostra
2344 5107 2414 5160 sit
2454 5107 2694 5159 absoluta
2735 5101 3086 5169 conscientia,
3114 5107 3169 5154 et
3200 5098 3412 5155 illarum

1785 5262 1788 5265 ,
1827 5216 1926 5271 pro
1950 5217 2009 5257 se
2054 5202 2315 5255 rationem
2354 5199 2464 5252 Deo
2497 5197 2681 5252 reddat
2711 5194 2959 5250 intentio.
2995 5191 3302 5247 Cavendum
3331 5197 3414 5244 est

1803 5293 2063 5363 .quippe,
2111 5302 2170 5346 ut
2213 5293 2279 5346 de
2315 5305 2496 5346 earum
2545 5289 2782 5344 moribus
2812 5291 2832 5321 ³
2871 5287 3184 5357 actibusque
3228 5284 3414 5339 beatus

1825 5387 2120 5456 Apostolus
2169 5385 2220 5452 (I
2271 5385 2403 5438 Tim.
2450 5385 2505 5455 ν)
2559 5391 2819 5454 testatur,
2868 5380 3008 5453 quod
3065 5378 3272 5451 plenius
3316 5375 3407 5445 |'al.

1894 5559 1915 5589 °
1946 5559 2022 5614 id.
2048 5560 2194 5625 cod.,
2228 5561 2428 5627 negari.

1888 5631 1907 5662 "
1940 5631 2016 5684 Id.
2045 5633 2189 5696 cod.,
2215 5625 2370 5685 latius
2404 5630 2631 5684 diximus
2665 5625 3031 5696 disserendum.

1884 5699 1991 5781 fin
2019 5693 2207 5756 eodem
2248 5701 2371 5755 cod.
2401 5701 2596 5758 desunt
2645 5695 2918 5766 sequentia
2960 5707 3126 5764 usque
3169 5693 3234 5747 ad
3281 5694 3411 5745 sicut

1813 5785 1969 5824 enim.

1883 5841 2010 5927 'old'.
2045 5840 2189 5909 cod.,
2221 5842 2437 5908 actibus,
2472 5857 2608 5910 qua.
