3948 6314
597 332 669 394 55
694 402 697 405 Α
1948 336 2163 391 GELAS

2268 336 2335 391 Ἃ
2345 338 2449 392 ΡᾹΞ
2489 339 2505 392 l
3764 340 3827 407 εδ

600 454 843 523 planius;
864 453 939 506 ita
964 450 1032 505 'in
1067 451 1216 522 Lua]
1246 465 1514 518 exponere
1542 451 1895 519 praeterimus,
1927 466 1992 505 nc
2017 465 2179 505 sexus
2210 454 2255 510 Λ
2289 452 2331 506 si
2365 462 2541 506 tamen
2573 452 2914 506 sacerdotum
2952 452 3060 521 jam
3093 454 3197 506 sint
3217 454 3475 509 vocabulo
3502 461 3824 530 nuncupandi,

596 546 861 600 instabilis
890 559 993 599 non
1030 553 1139 600 tam
1184 543 1442 599 deterreri
1487 558 1646 613 quam
1670 542 1950 597 admoneri
1999 544 2180 598 videa-

596 649 704 694 tur.

595 819 731 874 inire
768 821 1109 887 conceditur,
1156 822 1225 874 ita
1259 830 1377 889 post
1396 835 1490 875 eas
1510 816 1691 874 nullus
1718 818 1783 872 ad
1816 806 2077 873 clericale
2106 818 2178 872 si-

594 911 737 966 nitur
764 912 951 967 venire
976 912 1279 982 collegium.
1310 912 1426 967 Alia
1451 920 1537 966 est
1565 911 1706 965 enim
1731 909 1979 963 humana:
2010 909 2176 977 fragi-

592 1003 725 1057 litati
754 1004 1076 1073 generaliter
1098 1019 1349 1059 concessa
1376 1003 1609 1079 licentia,
1632 1002 1734 1056 alia
1749 1003 1908 1055 debet
1933 1015 2053 1055 esse
2069 1001 2174 1054 vita

590 1095 890 1150 divinarum
924 1112 1102 1150 rerum
1128 1096 1346 1150 servitio
1377 1096 1392 1126 ¹
1419 1095 1682 1149 dedicata.

658 1184 785 1239 Car.
820 1186 1010 1240 XXIII.
1027 1186 1360 1261 +Quisquis
1385 1170 1613 1255 prepria":
1641 1188 1883 1240 desertor
1906 1184 2172 1249 ecclesia},

590 1277 748 1329 nullis
778 1277 1131 1332 existentibus
1158 1278 1365 1340 causis,
1398 1276 1462 1329 ad
1502 1276 1657 1329 aliam
1692 1274 1962 1346 putaverit
1990 1284 2173 1328 trans-

588 1369 857 1434 eundum,
892 1378 1203 1438 temereque
1247 1375 1528 1437 susceptus
1557 1367 1717 1421 fuerit
1756 1377 1812 1421 et
1855 1375 2131 1434 promotus
2153 1407 2169 1431 ,

588 1462 1013 1515 reverendorum
1048 1475 1323 1533 canonum
1368 1461 1454 1516 vel
1500 1462 1612 1529 ipse
1658 1459 1743 1515 vel
1794 1468 2039 1528 receptor
2081 1458 2199 1541 [ad]

586 1564 745 1618 quem
788 1550 1062 1619 profectus
1110 1552 1210 1623 est]
1261 1555 1377 1618 eius
1425 1561 1585 1621 atque
1632 1559 1921 1619 provector
1971 1550 2172 1603 consti-

587 1651 711 1725 tuta
738 1659 841 1725 non
870 1644 1117 1715 effugiet,
1155 1660 1273 1714 qua:
1302 1646 1370 1699 de
1410 1643 1711 1713 bnjusmodi
1760 1642 2166 1713 przesumptori-

585 1732 681 1787 bus
716 1736 996 1802 prmﬁxere
1024 1736 1287 1790 servanda
1319 1734 1547 1806 (Nicazni
1569 1750 1635 1788 xv
1657 1743 1703 1788 et
1732 1735 1861 1802 xvr).

664 728 792 783 CAP.
829 728 991 783 XXII.
1026 759 1094 770 —
1120 729 1390 785 Secundas
1421 726 1631 796 nuptias
1661 725 2178 811 sicut‘stccularibus
2204 756 2209 811 1η

2284 545 2374 613 qui
2406 546 2424 575 ⁵
2456 544 2757 613 delegatum
2801 544 2898 597 sibi
2938 544 3211 614 religionis
3253 546 3483 600 cilicium
3520 550 3593 603 sic
3624 561 3826 618 proster-

2283 649 2412 689 nere
2458 635 2767 700 moliuntur,
2797 644 2855 689 ut
2900 636 2951 689 in
2982 626 3230 705 perversa
3282 653 3505 707 quaeque
3534 640 3826 712 profanaque

2282 728 2538 792 dcclives,
2587 730 2703 783 sine
2735 729 2843 782 ullo
2865 738 3110 797 respectu
3136 730 3339 799 regula:
3381 727 3685 787 Christiana:
3713 751 3827 803 pra:-

2281 819 2459 887 cipitia
2494 819 2703 875 funeSIa
2731 814 3027 874 sectentur.
3057 820 3299 890 Cumque
3329 823 3584 890 scriptum
3612 814 3676 877 sit
3702 844 3712 878 :
3742 826 3827 881 Mi-

2280 911 2415 963 nima
2462 912 2548 980 qui
2592 912 2807 980 spernit,
2841 913 3092 979 paulatim
3129 912 3315 967 decidit
3362 898 3569 980 (Eccli.
3598 931 3676 969 nx
3698 957 3710 979 ,
3741 919 3784 985 l)
3813 936 3823 971 :

2278 1003 2403 1070 quid
2433 1014 2515 1057 est
2560 1003 2625 1056 de
2670 1004 2864 1057 talibus
2905 1004 3318 1058 existimandum
3358 1004 3448 1073 qui
3482 1006 3739 1060 immensis
3776 1024 3828 1063 ac

2278 1094 2658 1163 multiplicibus
2686 1097 3003 1163 pravitatum
3029 1095 3258 1151 molibus
3288 1097 3553 1165 occupati,
3589 1098 3825 1166 iurgantem

2280 1187 2485 1241 ruinam
2511 1186 2838 1241 multimodis
2860 1187 3269 1256 impnlsionibus
3292 1188 3592 1255 ediderunt,
3616 1206 3725 1260 quae
3740 1207 3828 1246 non

2277 1270 2449 1331 solum
2490 1279 2637 1346 ipsos
2668 1277 2913 1332 videatur
2958 1280 3210 1344 obruere,
3244 1279 3340 1333 sed
3371 1289 3424 1334 et
3463 1281 3705 1335 Ecclesiis
3733 1286 3830 1336 uni-

2230 1386 2235 1390 ’
2276 1370 2448 1423 versis
2490 1370 2846 1437 mortiferam,
2877 1370 2922 1423 si
2975 1386 3079 1424 non
3124 1380 3403 1438 sanentur,
3437 1371 3632 1428 inferre
3670 1376 3831 1442 perni-

2274 1462 2450 1515 ciem?
2480 1461 2598 1535 Nec,
2636 1456 2909 1530 ambigant
2962 1463 3049 1530 qui
3101 1462 3215 1515 hate
3256 1464 3371 1516 ausi
3420 1474 3546 1517 sunt
3582 1478 3829 1528 exercere,

2274 1552 2367 1606 sed
2396 1552 2556 1606 etiam
2588 1552 2676 1620 qui
2711 1553 2970 1606 hactenus
3001 1552 3215 1621 cognita
3247 1552 3531 1619 siluerunt,
3567 1554 3663 1608 sub
3684 1555 3831 1608 Itono-

2274 1642 2348 1696 ris
2378 1643 2582 1711 proprii
2613 1658 2671 1698 sc
2688 1642 2869 1712 jacere
2898 1643 3200 1712 dispendio,
3233 1645 3277 1698 si
3300 1656 3406 1698 non
3431 1654 3623 1713 quanta
3652 1648 3831 1714 possint

2272 1733 2548 1789 celeritate
2599 1734 2871 1799 festinent,
2919 1746 2975 1789 ut
3007 1735 3222 1789 Ietbalia
3272 1737 3493 1791 vulnera
3536 1739 3832 1806 competenti

620 1816 782 1879 'Cxp.
822 1825 1010 1881 XXIV.
1057 1857 1119 1865 —
1163 1827 1239 1882 De
1279 1825 1556 1880 monachis
1597 1825 1855 1895 laicisqne
1896 1826 1946 1879 in
1994 1824 2165 1894 prima
2196 1815 2243 1874 B
2274 1826 2628 1881 medicatione
2653 1836 2926 1881 curentur.
2958 1826 3074 1893 Quo
3124 1828 3264 1881 enim
3309 1842 3457 1882 more
3489 1837 3702 1883 teneant
3724 1828 3831 1894 jura

582 1904 850 1984 copiosius
891 1917 1268 1986 prmceptionis
1316 1917 1475 1986 hujus
1516 1918 1545 1987 '7
1580 1916 2031 1987 partedigestum
2062 1920 2193 1984 est,

580 2007 737 2089 (Vide
765 2002 924 2077 Supra
974 2024 1093 2077 cap.
1127 2009 1162 2061 2
1184 2018 1239 2064 et
1268 2008 1322 2076 '5)
1346 2053 1361 2077 ,
1408 2023 1527 2078 qum
1553 2007 1639 2061 vel
1667 2015 1930 2076 quatenus
1961 2006 2041 2060 his
2072 2002 2191 2076 pro

578 2114 758 2153 rerum
804 2095 1210 2177 temporumque
1248 2100 1568 2153 necessitate
1612 2111 1870 2151 concessa
1921 2098 2048 2163 sint,
2082 2096 2189 2177 vel

578 2191 1028 2258 quemadmodum
1052 2232 1067 2255 ,
1102 2190 1190 2244 ubi
1223 2191 1422 2245 nullius
1471 2178 1809 2243 necessitatis
1850 2188 2002 2259 [forte
2045 2188 2168 2242 facti

578 2282 892 2351 necessitas]
943 2286 1206 2337 interesse
1239 2283 1494 2351 probatur
1519 2321 1533 2345 ,
1564 2295 1669 2333 non
1708 2280 1809 2333 nisi
1834 2288 1988 2355 vetus
2018 2280 2169 2333 insti-

578 2375 709 2428 tutio
740 2372 933 2428 debeat
956 2373 1232 2427 custodiri.
1265 2372 1413 2439 Quos
1437 2386 1565 2428 vero
1586 2371 1888 2426 constiterit
1919 2371 2167 2439 indignos

578 2465 782 2519 meritis
809 2507 824 2531 ,
856 2478 1063 2518 sacram
1106 2473 1372 2519 mercatus
1424 2478 1544 2518 esse
1599 2462 1776 2532 pretio
1824 2461 2161 2529 dignitatem,

576 2558 850 2621 convictos
890 2566 1102 2626 oportet
1140 2557 1311 2612 arceri
1356 2572 1462 2610 non
1511 2556 1631 2610 sine
1675 2555 1914 2623 pericqu
1960 2554 2166 2608 facinus

577 2649 682 2705 tale
710 2649 729 2679 ³
759 2657 1131 2718 perpetrantes
1167 2666 1180 2703 :
1209 2648 1330 2718 quia
1353 2647 1568 2703 dantem
1593 2647 1795 2717 pariter
1815 2655 1869 2699 et
1896 2636 2185 2727 accipien-j

576 2754 683 2797 tem
713 2744 986 2799 damnatio
1017 2744 1254 2800 Simonis
1274 2782 1289 2809 ,
1322 2758 1481 2813 quam
1513 2757 1663 2797 sacra
1695 2741 1853 2796 lectio
1879 2741 2016 2810 (Act.
2046 2741 2161 2809 VIII)

500 2840 517 2851 ’
577 2829 835 2903 testatur,
860 2836 1103 2889 involvit.
1189 2900 1194 2906 ι

645 2926 775 2981 ΟΑι).
802 2926 970 2982 XXV.
1002 2955 1071 2966 --
1097 2926 1174 2980 De
1214 2926 1452 2980 locorum
1496 2923 1905 2980 consecratione
1949 2932 2163 2979 sancto-

576 3032 712 3081 rum,
758 3019 1005 3088 quamvis
1034 3018 1278 3087 superius
1310 3017 1459 3089 (Cap.
1493 3017 1548 3086 4)
1578 3016 1802 3070 strictim
1836 3016 1993 3070 fuerit
2015 3030 2161 3069 com-

575 3111 920 3178 prehensum.
940 3109 1096 3163 nobis
1107 3124 1320 3178 quoque
1340 3109 1657 3174 patefactum
1677 3117 1778 3172 est,
1800 3107 1940 3176 quod
1960 3108 2160 3176 absque

2275 1919 2605 1989 pontificum,
2633 1920 2722 1988 qui
2749 1919 3145 1988 pontificalibus
3173 1922 3413 1976 excubiis
3433 1930 3653 1977 eatenus
3678 1921 3831 1989 injun-

2272 2018 2358 2065 cta
2389 2010 2751 2073 dissimulant,
2786 2019 2844 2064 ut
2872 2011 3138 2065 contraria
3163 2010 3345 2065 domui
3396 2012 3514 2079 Dei,
3548 2014 3626 2068 cui
3660 2012 3829 2081 prmsi-

2272 2103 2421 2169 dent,
2444 2103 2622 2172 potius
2647 2104 2976 2172 operentur?
3000 2103 3098 2170 Qui
3124 2112 3383 2172 quantum
3415 2104 3555 2173 apud
3579 2105 3831 2159 Dominum

2274 2203 2513 2261 possent,
2540 2196 2584 2249 si
2608 2210 2712 2249 non
2732 2197 2832 2249 nisi
2856 2195 3231 2249 convenientia
3255 2205 3626 2265 procurarent,
3651 2205 3832 2251 tantum

2271 2285 2397 2355 quid
2428 2296 2735 2342 mereantur
2756 2287 3039 2354 aspiciant,
3067 2302 3187 2341 cum
3217 2287 3536 2341 exsecrabili
3564 2286 3731 2342 studio
3756 2301 3832 2341 se-

2271 2384 2484 2430 ctentur
2520 2376 2765 2430 adversa.
2808 2376 2873 2429 Et
2910 2377 3060 2446 quasi
3095 2378 3264 2446 magis
3295 2377 3411 2431 haec
3441 2380 3624 2445 regula
3658 2379 3723 2431 sit
3748 2391 3833 2446 qua

2272 2454 2528 2521 Ecclesia:
2557 2468 2791 2522 debeant
2834 2468 3150 2538 gubernari,
3194 2470 3238 2523 si
3263 2469 3522 2540 quidquid
3573 2480 3651 2526 est
3685 2472 3834 2525 eccle-

2269 2558 2497 2613 siasticis
2520 2558 2790 2612 inimicum
2837 2550 3032 2630 regulis
3057 2568 3415 2630 perpetratur,
3445 2576 3569 2617 cum
3600 2563 3721 2617 etsi
3753 2576 3834 2616 co-

2269 2652 2447 2716 gnitos
2471 2650 2653 2703 habuit
2682 2666 2918 2707 canones
2946 2656 3311 2723 unusquisque
3341 2657 3653 2724 pontiﬁcum
3673 2696 3686 2721 ,
3717 2657 3836 2708 inte‘

2269 2748 2466 2794 merata
2521 2741 2769 2795 debuerit
2828 2728 3012 2798 tenere
3071 2744 3331 2798 custodia.
3395 2745 3461 2799 Et
3518 2747 3568 2801 si
3634 2745 3837 2801 forsitan

2268 2832 2566 2895 nesciebat,
2616 2832 2899 2887 consulere
2952 2834 3179 2888 ﬁdenter
3236 2837 3538 2904 oportuerit
3587 2838 3829 2891 scientem

2268 2924 2361 2994 [aL
2396 2921 2774 2995 ignorantem].
2805 2925 2920 2992 Quo
2942 2926 3108 2995 magis
3138 2916 3411 2981 exc’usatio
3457 2929 3603 2982 nulla
3631 2943 3835 2983 succur-

2268 3016 2337 3067 rit
2373 3014 2673 3068 errantibus
2705 3031 2719 3069 :
2749 3017 2870 3085 quia
2902 3019 3144 3070 nesciens
3173 3014 3295 3088 [nec
3321 3020 3500 3072 sciens
3532 3020 3738 3072 omnino
3770 3020 3831 3073 le-

2264 3106 2483 3173 gendum
2516 3115 2607 3168 est,
2641 3117 2693 3158 ut
2726 3106 2871 3160 habet
2898 3108 3013 3161 cod.
3045 3106 3185 3161 Just.
3233 3117 3280 3161 et
3316 3109 3444 3174 edit.
3478 3107 3699 3180 Canon],
3724 3124 3836 3179 pro-

577 3210 847 3268 prmccpto
879 3201 1022 3252 sedis
1062 3200 1372 3268 apostolica:
1406 3199 1650 3251 nonnulli
1697 3197 1864 3253 factas
1902 3199 2160 3255 ecclesias
2190 3186 2235 3247 C
2270 3200 2445 3264 posuit
2492 3215 2706 3254 servare
2734 3200 2875 3269 quod
2908 3209 3158 3267 noverat,
3209 3216 3307 3256 nec
3352 3203 3608 3271 ignorans
3646 3206 3838 3259 curavit

576 3292 658 3344 vel
690 3292 921 3344 oratoria
973 3304 1186 3345 sacrare
1212 3299 1534 3358 praesumant
1564 3308 1581 3361 πε
1619 3289 1720 3343 hoc
1743 3305 1930 3344 sumus
1979 3301 2156 3346 tamen

575 3382 773 3436 indicio
826 3379 1225 3437 detestabiliore
1268 3382 1528 3449 permoti,
1566 3380 1707 3449 quod
1750 3382 1802 3434 in
1837 3396 2158 3451 quocunque

577 3469 664 3542 la‘l.
704 3473 1167 3545 quorumcunque]
1196 3473 1413 3527 nomine
1451 3472 1855 3540 defunctorum,
1891 3483 1944 3529 et
1966 3460 2176 3544 (quan?

562 3549 687 3621 itum
734 3566 953 3636 dicitur)
989 3580 1087 3620 nec
1135 3565 1373 3619 omnino
1405 3565 1677 3634 ﬁdelium,
1728 3568 2157 3621 constructiones

575 3656 867 3713 aediﬁcatas
896 3658 1067 3713 sacris
1095 3656 1678 3729 processionibus[Al.,
1710 3656 2155 3728 professionibus]

575 3752 831 3805 audacter
862 3750 1143 3804 instituere
1169 3756 1537 3803 memorantur
1566 3764 1579 3799 :
1611 3762 1731 3815 qua:
1767 3749 2019 3817 quoniam
2047 3757 2152 3801 tam

573 3843 765 3896 acerba
790 3853 894 3894 tam
926 3842 1057 3894 dura
1090 3848 1214 3895 sunt
1237 3839 1340 3905 ‘,si
1366 3854 1555 3894 revera
1586 3838 2003 3893 Christianitatis
2018 3826 2155 3893 affe-

572 3943 688 3987 ctus
712 3935 761 3985 in
793 3932 901 3985 illis
922 3931 1228 4000 regionibus
1248 3939 1425 3985 certus
1442 3940 1495 3984 et
1512 3930 1651 3983 ﬁxus
1671 3940 1772 3997 est,
1788 3940 1841 3985 et
1860 3922 2169 3986 districtius

571 4022 670 4075 iSta
701 4030 1027 4090 (puerantur,
1051 4029 1105 4075 et
1126 4036 1153 4072 a
1173 4021 1364 4089 quibus
1390 4022 1585 4075 fuerint
1610 4034 1783 4092 gesta,
1809 4024 2104 4092 prodantur
2139 4042 2151 4078 :

571 4115 823 4184 quoniam
852 4115 988 4167 sicut
1018 4112 1308 4167 latentibus
1338 4113 1389 4165 in
1416 4113 1513 4165 hac
1541 4115 1821 4168 atrocitate
1846 4117 2153 4171 nominibus

480 4270 481 4273 η
572 4220 679 4260 non
709 4213 904 4269 exstat,
938 4204 990 4257 in
1013 4219 1171 4273 quem
1201 4203 1468 4258 sententia
1511 4202 1688 4257 debita
1719 4204 2048 4272 proferatur;
2080 4208 2152 4261 ita

480 4294 489 4339 ἱ
570 4311 691 4350 cum
740 4293 1035 4348 manifestis
1076 4292 1235 4347 fuerit
1284 4293 1621 4347 documentis
1647 4293 1944 4363 expositus,
1993 4313 2150 4366 quem

570 4389 719 4459 [forte
747 4388 928 4461 quam]
959 4391 1091 4444 tanti
1127 4390 1344 4445 sceleris
1372 4390 1542 4459 poscit
1584 4373 1911 4457 immanitas,
1942 4406 2045 4448 non
2076 4393 2154 4448 ef-

569 4481 730 4550 fugiet
756 4480 910 4553 [forte
939 4480 1144 4553 vitabit]
1175 4481 1443 4536 ullatenus
1475 4481 1751 4537 ultionem.

639 4574 768 4629 Cap.
798 4572 987 4627 XXVI.
1008 4603 1078 4612 —
1099 4572 1457 4629 Nihilominus
1483 4574 1826 4643 impatienter
1846 4578 2145 4633 audivimus

566 4675 774 4719 tantum
819 4666 1115 4720 divinarum
1146 4682 1328 4721 rerum
1361 4668 1589 4722 subiisse
1616 4652 1951 4739 despectum,
1982 4681 2039 4726 ut
2071 4672 2145 4727 fe-

566 4758 725 4811 mina:
748 4758 919 4811 sacris
942 4757 1199 4811 altaribus
1223 4758 1529 4813 ministrare
1547 4758 1788 4814 ferantur
1810 4758 1899 4832 [αι.
1930 4764 2145 4817 ﬁrmen-

564 4858 682 4916 tur;
710 4842 783 4904 ita
814 4856 859 4904 et
900 4849 953 4901 in
978 4847 1128 4919 an.]
1155 4866 1168 4912 ;
1192 4862 1247 4903 et
1271 4859 1597 4920 cunctaquze
1629 4867 1733 4907 non
1772 4854 1871 4907 nisi
1902 4854 2142 4911 virorum

564 4941 837 4997 famulatui
867 4941 1117 5011 deputata
1157 4952 1321 5009 sunt,
1372 4957 1556 4999 sexum
1602 4945 1687 4999 cui
1735 4962 1838 5000 non
1886 4950 2142 5018 competit

566 5033 843 5089 exhibere.

635 5124 869 5195 Viso[at.
887 5128 1008 5192 nisi;
1024 5129 1096 5180 ita
1108 5134 1153 5182 et
1168 5129 1220 5182 in
1242 5128 1393 5200 Luc.]
1409 5128 1551 5199 quod
1564 5129 1800 5183 omnium
1818 5129 2138 5186 delictorum

561 5230 677 5284 qua:
705 5214 973 5285 sigillatitn
998 5219 1429 5286 perstrinximus,
1457 5236 1591 5275 noxa
1621 5223 1793 5275 omnis
1825 5222 1920 5294 [αι.
1951 5225 2142 5279 noxio-

559 5322 679 5362 rum
708 5314 889 5361 reatus
915 5307 1110 5378 omnis]
1142 5318 1195 5361 et
1231 5312 1432 5365 crimen
1464 5330 1558 5367 eos
1586 5313 1801 5383 respicit
1831 5316 2140 5372 sacerdotes

557 5399 644 5467 qui
675 5398 760 5453 vel
800 5400 899 5453 ista
939 5399 1309 5463 committunt,
1343 5404 1423 5455 vel
1470 5407 1872 5460 committentes
1918 5408 2142 5465 minime

556 5491 898 5559 publicando,
924 5492 1101 5562 pravis
1136 5493 1446 5548 excessibus
1476 5511 1534 5550 se
1573 5498 1751 5553 favere
1784 5500 2089 5569 signiﬁcant
2123 5522 2135 5553 :

624 5626 639 5656 ¹
674 5626 750 5679 ld.
776 5629 919 5693 cud.,
950 5631 1370 5687 dedicandorum.

624 5697 643 5727 ²
784 5700 928 5773 cod.,
957 5712 1100 5767 parte
1125 5704 1337 5773 digesta.

674 5767 749 5829 Id.
776 5769 921 5842 cod.,
954 5767 1216 5827 vendenti".

2266 3306 2423 3345 nosse
2453 3293 2591 3361 quod
2620 3303 2849 3362 gereret.

2345 3386 2474 3439 Car.
2522 3384 2736 3441 XXVII.
2766 3370 2835 3426 4—
2882 3388 3123 3452 Quatuor
3176 3382 3350 3442 autem
3405 3397 3509 3442 tam
3564 3388 3634 3444 de
3676 3388 3839 3447 reditu

2261 3490 2421 3544 quam
2448 3475 2514 3530 de
2542 3477 2812 3554 oblatione
2853 3477 3088 3532 ﬁdelium
3109 3520 3123 3544 ,
3166 3488 3323 3547 prout
3351 3480 3636 3548 cujuslibet
3678 3481 3839 3535 eccle-

2260 3569 2354 3621 sia?
2388 3568 2611 3623 facultas
2642 3570 2906 3633 admittit,
2934 3570 3073 3626 sicut
3103 3571 3300 3625 dudum
3331 3572 3723 3628 rationabiliter
3759 3581 3838 3627 est

2260 3660 2568 3723 decretum,
2601 3662 2854 3716 convenit
2884 3662 2996 3716 ﬁeri
3038 3664 3333 3730 portiones.
3365 3664 3603 3731 Quarum
3639 3668 3707 3721 sit
3738 3680 3837 3721 una

2261 3751 2547 3818 pontiﬁcis,
2572 3752 2737 3806 altera
2767 3753 3108 3819 clericorum,
3138 3770 3428 3823 pauperum
3454 3758 3634 3823 tertia,
3658 3768 3838 3827 quarta

2260 3843 2475 3897 fabricis
2518 3844 2850 3913 applicanda.
2887 3845 2963 3899 De
2992 3846 3209 3913 quibus,
3245 3847 3383 3901 sicut
3423 3850 3720 3903 sacerdotis
3762 3851 3837 3902 in-

2261 3937 2479 4002 tererit,
2538 3937 2798 4007 integram
2863 3938 3124 3993 ministris
3187 3938 3433 3995 ecclesiae
3489 3951 3859 3997 memoratamx

2258 4027 2561 4096 dependere
2591 4031 2970 4097 quantitatem,
2998 4031 3075 4084 sic
3098 4032 3273 4086 clerus
3304 4033 3392 4103 [aL
3421 4032 3675 4104 clericus]
3704 4035 3839 4089 ultra

2257 4119 2554 4188 delegatam
2604 4119 2706 4174 sibi
2758 4135 3024 4191 summam
3085 4122 3216 4175 nihil
3281 4121 3841 4192 insolentermoverit

2257 4212 2635 4284 expetendum.
2665 4212 2738 4266 Ea
2769 4205 2897 4267 vero
2927 4228 3045 4283 qurc
3082 4215 3455 4270 ecclesiasticis
3486 4217 3728 4272 :cdiﬁciis
3758 4227 3839 4271 at-

2260 4302 2453 4356 tributa
2484 4311 2640 4370 sunt,
2675 4304 2800 4357 huic
2828 4306 2977 4371 operi
3024 4306 3285 4360 veraciter
3324 4317 3650 4377 prmrogata,
3700 4309 3841 4365 loco~

2255 4409 2371 4448 rum
2413 4394 2603 4449 doceat
2647 4395 2962 4451 instauratio
3006 4398 3288 4453 manifesta
3328 4407 3636 4455 sanctorum
3671 4418 3685 4455 :
3716 4403 3841 4471 quia

2256 4486 2403 4541 nefas
2449 4494 2565 4552 est,
2613 4488 2659 4541 si
2712 4487 2880 4542 sacris
2924 4488 3130 4543 aedibus
3180 4488 3481 4557 destitutis,
3533 4492 3583 4546 in
3631 4492 3841 4547 lucrum

2174 4561 2225 4619 Ῑ)
2254 4592 2408 4632 suum
2452 4579 2645 4646 praesul
2691 4579 2957 4647 impendia
3004 4580 3086 4635 bis
3126 4581 3402 4650 designata
3444 4584 3539 4656 [αι.
3565 4584 3843 4656 deputata]

2251 4678 2546 4725 convertat.
2595 4669 2767 4740 Ipsam
2802 4672 3146 4727 nihilominus
3176 4674 3463 4745 ascriptam
3509 4679 3842 4746 pauperibus

2254 4763 2550 4829 portionem
2572 4802 2585 4825 ,
2610 4764 2851 4831 quamvis
2876 4763 3068 4819 divinis
3093 4766 3389 4820 rationibus
3410 4780 3469 4820 se
3496 4769 3842 4836 dispensasse

2252 4863 2643 4910 monstraturus
2674 4870 2795 4919 esse
2834 4856 3094 4921 videatur,
3129 4866 3305 4911 tamen
3333 4857 3481 4926 juxta
3515 4859 3655 4926 quod
3707 4862 3843 4913 scri-

2254 4956 2398 5012 ptum
2432 4954 2550 4999 est:
2590 4945 2657 5000 Ut
2686 4947 2885 5000 videant
2913 4963 3069 5014 opera
3096 4956 3262 5000 vestra
3292 4948 3440 5011 bona,
3467 4957 3513 4999 et
3548 4948 3843 5014 gloriﬁcent

2258 5024 2460 5092 Patrem
2498 5048 2743 5103 vestrum,
2774 5041 2859 5110 qui
2898 5040 2951 5091 in
2981 5040 3117 5093 cmlis
3147 5050 3220 5093 est
3263 5038 3477 5110 (Matth.
3509 5038 3562 5110 ν)
3582 5082 3593 5101 .
3620 5020 3843 5107 Oportet

2249 5131 2410 5183 etiam
2478 5132 2724 5199 praesenti
2783 5131 3155 5185 testiﬁcatione
3210 5129 3519 5199 praedicari,
3573 5141 3627 5187 et
3674 5132 3838 5189 bona:

2249 5223 2403 5278 famae
2431 5224 2713 5293 praeconiis
2739 5238 2843 5277 non
2876 5223 3062 5279 taceri.

2320 5315 2448 5369 Car.
2482 5314 2716 5369 XXVIII.
2739 5345 2808 5354 --
2836 5314 3174 5383 Quapropter
3216 5329 3314 5369 nec
3351 5315 3447 5393 ιςαιε
3477 5316 3563 5388 ne]
3606 5319 3834 5373 clerico-

2244 5423 2363 5463 rttm
2416 5408 2680 5477 quispiam
2727 5422 2788 5462 se
2839 5406 2995 5475 hujus
3048 5405 3267 5461 offensa:
3316 5407 3549 5464 futurum
3595 5412 3839 5464 conﬁdat

2246 5504 2575 5567 immunem,
2614 5500 2656 5552 si
2706 5498 2759 5551 in
2800 5497 2882 5552 bis
2921 5512 3039 5566 qum.
3077 5497 3365 5555 salubriter
3412 5502 3679 5571 sequenda
3741 5503 3839 5556 de-

2307 5637 2329 5667 ⁸
2364 5636 2441 5692 Id.
2480 5636 2601 5691 cod.
2641 5635 2790 5691 addit
2812 5645 2864 5690 ut
2892 5637 3068 5703 eadem
3096 5637 3181 5691 via:
3202 5646 3369 5693 noster
3394 5641 3527 5708 ferre
3551 5639 3712 5708 possit
3739 5658 3837 5697 au.

2241 5709 2383 5762 ditur
2413 5708 2457 5760 si
2486 5724 2680 5774 revera,
2712 5718 2817 5762 etc.
3176 5742 3179 5745 η

2311 5779 2330 5810 ⁸
2366 5778 2443 5833 Id.
2476 5783 2620 5843 COt|.,
2656 5784 2899 5838 (ἠλιθίων.
