3948 6314
162 290 211 365 57
1318 303 1679 379 EPISTOL/E
1708 300 1796 358 nr
1838 303 2174 361 DECRETA.
3317 312 3383 366 δε

166 420 499 494 pmnpsimus,
550 419 669 473 sive
720 419 1033 489 episcopum
1060 458 1073 480 ,
1126 420 1238 471 sive
1290 418 1691 490 presbyterum,
1725 422 1777 482 Α
1809 421 2056 491 quoniam
2090 434 2184 490 pro
2210 418 2356 475 sedis
2384 420 2692 489 apostolicae
2733 423 3063 493 principatu,
3096 426 3248 494 cujus
3276 406 3414 481 sol-I

166 520 250 571 sive
271 516 529 569 diaconum
570 515 773 570 viderit
800 512 1147 567 excedentem
1167 557 1181 581 ,
1214 528 1320 567 non
1347 514 1713 584 protinusad'
1795 510 2018 565 licitudo
2036 511 2287 597 delegata
2320 510 2577 567 divinitus
2605 515 2812 569 cunctis
2848 514 3075 571 debetur
3106 516 3378 588 Ecelesiis,

165 623 286 662 aures
308 616 500 660 nostras
525 601 743 659 deferre
774 604 1077 669 curaverit,
1110 605 1513 673 probationibus
1552 606 1713 661 dun-='

164 709 274 753 taxat
308 706 658 765 competenter
700 697 975 762 exhibitis,
1007 707 1067 751 ut
1097 700 1511 768 transgressoris
1553 700 1686 756 ultio
1721 694 1725 699 ’

164 794 258 856 ﬁat,
282 801 329 847 et
351 790 541 846 ceteris
570 790 890 845 interdictio
917 790 1283 861 delinquendi.
1316 789 1407 845 Sui
1450 790 1544 863 (al.
1576 790 1686 863 Sic]

162 898 266 938 vero
294 882 437 937 modis
461 880 715 935 omnibus
737 881 843 935 erit
868 884 1231 951 unusquisque
1261 882 1571 950 pontiﬁcum
1599 896 1688 937 or-

162 977 280 1033 diuis
309 987 352 1031 et
394 974 595 1029 honoris
624 974 815 1040 elisor,
846 974 889 1027 si
920 968 1175 1043 cuiquam
1214 974 1565 1039 clericorum,
1600 973 1684 1029 vel

162 1069 367 1124 Ecclesia
398 1068 548 1122 totius
586 1066 797 1122 auditui
828 1067 940 1121 hac
982 1067 1243 1135 putaverit
1283 1066 1681 1136 supprimenda.

161 1163 312 1216 Datav
342 1159 447 1214 idus
487 1158 668 1214 Martii
725 1160 886 1228 (anno
924 1158 1123 1212 Christi
1167 1157 1333 1227 494),
1379 1158 1593 1213 Asterio
1633 1166 1686 1212 et

161 1251 361 1306 Praesidio
381 1250 503 1305 viris
540 1250 867 1306 clarissimis
893 1250 1221 1305 consulibus.
1258 1250 1322 1303 Et
1351 1251 1457 1303 alia
1487 1266 1640 1304 manu
1664 1242 1709 1303 :‘

161 1344 265 1399 Deus
285 1358 368 1400 vos
386 1341 680 1397 incolumes
707 1341 1003 1410 custodiat,
1035 1342 1225 1396 fratres
1252 1340 1537 1396 carissimi.
1636 1406 1639 1409 ἰ

675 1454 1011 1510 EPISTOLA
1047 1454 1112 1509 X.
1166 1496 1169 1501 .

573 1563 645 1602 AD
682 1561 964 1601 EPISCOPOS
992 1560 1216 1600 διοιιιιε.

159 1638 347 1692 Ecclesia
379 1638 646 1708 facultates
673 1639 739 1709 ab
772 1638 1040 1708 episcopis,
1072 1638 1268 1691 clericis
1297 1648 1344 1691 et
1376 1638 1682 1709 pauperibus

205 1710 401 1763 distribui
436 1710 652 1775 debere;
683 1708 925 1761 diaeceses
962 1719 1005 1761 et
1047 1709 1175 1760 bona
1216 1709 1439 1762 ecclesia:
1467 1708 1529 1761 ab
1573 1709 1693 1775 cpi-7

202 1782 313 1848 copis
338 1780 531 1849 triginta
562 1794 730 1833 annos
765 1794 998 1844 possessa
1021 1780 1093 1832 eis
1122 1795 1221 1831 non
1253 1780 1553 1847 auferenda.

204 1889 409 1946 Gelasius
438 1890 696 1945 Romana:
722 1889 979 1945 Ecclesiae
1005 1890 1289 1958 episcopus
1316 1889 1680 1944 dilectissimis

154 1984 253 2037 etin
285 1981 464 2037 Christi
500 1981 731 2037 caritate
763 1982 1090 2037 unanimiter
1126 1982 1382 2035 connexis
1428 1972 1707 2037 fratribus,

155 2075 358 2144 episcopis
375 2075 458 2145 qui
482 2075 535 2129 in
563 2074 757 2130 Sicilia
785 2083 912 2128 sunt
940 2073 1235 2128 consﬁtuti.

206 2169 455 2224 Prasulum
494 2169 798 2223 auctoritas
838 2176 1144 2221 nostrorum
1192 2168 1489 2232 emanavit,
1519 2174 1575 2221 ut
1605 2166 1680 2221 fa-

156 2260 325 2315 cultates
350 2260 584 2315 ecclesize
614 2261 861 2329 episcopi
904 2260 968 2312 ad
1001 2259 1291 2329 regendum
1326 2259 1558 2313 habeant
1587 2248 1705 2328 po?

156 2364 370 2417 testatem;
396 2354 467 2408 ita
499 2365 681 2409 tamen
710 2363 771 2407 ut
792 2352 1103 2420 viduarum,
1136 2352 1489 2423 pupillorum,
1520 2360 1681 2422 atque

156 2460 413 2515 pauperum,
440 2462 540 2501 nec
566 2463 677 2501 non
711 2447 1028 2501 clericorum
1057 2446 1327 2514 stipendia
1359 2430 1705 2509 distribuere

155 2538 341 2591 debeant.
371 2538 477 2591 Hoc
514 2541 595 2593 eis
634 2538 800 2591 etiam
834 2538 1115 2591 statuimus
1150 2537 1297 2605 dari,
1328 2537 1467 2607 quod
1500 2536 1703 2603 hacte-A

155 2643 225 2684 mis
247 2630 487 2684 decretum
520 2640 624 2684 est.
658 2630 949 2699 Reliquum
984 2630 1084 2683 sibi
1113 2631 1349 2699 episcopi
1383 2630 1678 2697 vindicent,

156 2730 194 2772 at
215 2721 343 2787 (sicut
367 2731 483 2775 ante
514 2719 780 2788 diximus)
814 2721 1214 2790 peregrinorum
1245 2728 1407 2789 atque
1442 2712 1701 2788 captivo;

156 2826 239 2863 ram
258 2811 506 2880 largitores
527 2827 650 2867 esse
685 2810 918 2881 possint.

204 2900 307 2955 illud
346 2904 495 2957 etiam
526 2902 748 2958 adnecti
779 2902 1003 2970 placuit,
1039 2911 1096 2956 ut
1129 2902 1171 2956 si
1212 2902 1372 2973 (quod
1414 2903 1573 2971 absit)
1608 2904 1682 2957 fa-

159 2990 326 3045 cultates
350 2992 605 3058 ecclesim,
646 3006 751 3046 nec
790 3006 896 3044 non
929 3000 979 3046 et
1018 2991 1281 3047 ditecescs
1326 3008 1446 3061 qum
1482 2994 1549 3045 ah
1585 2992 1682 3046 ali-

160 3082 301 3147 quibus
345 3083 680 3151 possidentur
724 3083 1023 3151 episcopis,
1063 3084 1182 3151 jure
1228 3083 1328 3136 sibi
1374 3084 1676 3149 vindicent,

1793 617 1893 657 nos
1939 602 2195 669 vivimus,
2237 605 2281 658 si
2322 618 2420 659 vos
2467 607 2619 661 statis
2664 606 2716 661 in
2770 607 3023 673 Domino,
3063 608 3411 679 magnisque

1791 694 2003 763 gaudiis
2041 694 2454 764 triumphamus.
2489 696 2621 751 Cum
2652 698 2849 768 ubique
2890 708 3152 754 terrarum
3198 700 3409 755 Domi-v

1790 801 1918 840 num
1973 786 2209 842 Sabaoth
2259 802 2441 843 semen
2493 803 2636 857 purae
2682 790 3034 847 confessionis
3084 792 3368 862 reliquisse

1789 878 2186 946 cognoscimus,
2215 880 2356 948 quod
2390 895 2496 933 non
2534 880 2587 934 in
2634 890 2845 949 petrosa
2892 882 3205 950 deveniens,
3242 892 3376 939 testu

1790 969 2098 1023 tentationis
2142 971 2379 1037 exaruit,
2423 985 2522 1026 nec
2566 971 2665 1026 via:
2712 973 3011 1041 proximum
3054 974 3246 1029 cecidit
3285 984 3403 1031 va-'

1788 1059 2030 1113 cautibus
2080 1059 2311 1114 inimicis
2359 1061 2699 1129 expositum,
2750 1077 2849 1117 nec
2899 1063 2951 1117 in
2998 1064 3169 1132 spinis
3218 1065 3376 1120 irruit

1789 1150 2186 1218 suﬂ‘ocandum,
2224 1152 2317 1207 sed
2365 1153 2416 1207 iu
2451 1154 2641 1208 bonam
2690 1156 3027 1224 terrampiae
3072 1155 3376 1212 devotionis

1787 1252 1980 1297 vestrm
2025 1243 2230 1299 caelesti
2284 1245 2512 1299 factione
2560 1244 2653 1317 (at.
2687 1244 2925 1316 satione]
2969 1245 3267 1315 dispersum
3319 1244 3373 1299 in

1789 1332 2117 1402 trigesimum
2162 1343 2216 1388 ct
2261 1335 2657 1403 sexagesimum
2700 1334 2931 1390 fructum
2976 1336 3397 1391 centenarium-’

1789 1436 1891 1491 que
1933 1421 2191 1491 profecit,
2227 1424 2722 1493 prolectionemque
2763 1424 2968 1479 scilicet
3001 1424 3250 1480 frumenti
3278 1406 3373 1479 do;

1788 1514 1965 1568 minici
2000 1516 2220 1585 mystica
2262 1516 2530 1570 locutione
2568 1516 2872 1586 designans.
2909 1516 3244 1586 Quapropter
3278 1530 3395 1570 ex-

1714 1608 1717 1611 ’
1786 1606 2108 1662 sultantibus
2162 1608 2357 1661 animis
2407 1608 2763 1663 conlidentius
2817 1608 3135 1673 incitamus,
3192 1616 3249 1663 ut
3301 1607 3372 1663 ab

1789 1697 2136 1767 Eutychiana:
2168 1700 2333 1767 pestis
2374 1699 2591 1755 incursu
2634 1702 2850 1769 pectora
2881 1710 3057 1755 vestra
3101 1701 3395 1770 sapienter,

1710 1791 1757 1849 B
1786 1791 2097 1845 intemerata
2152 1792 2381 1847 servetis
2424 1812 2435 1844 :

2487 1793 2742 1861 quoniam
2792 1793 2899 1863 jam
2946 1793 3036 1863 qui
3082 1798 3371 1864 perseuerat

1783 1899 1937 1953 usque
1981 1885 2035 1935 in
2065 1884 2251 1951 ﬁnem,
2288 1884 2371 1937 hic
2415 1882 2588 1939 salvus
2627 1886 2719 1939 erit
2763 1885 2975 1955 (Matth.
3001 1884 3083 1953 x).
3118 1885 3369 1939 Dominus

1782 1991 1940 2045 prope
1980 1984 2083 2043 est,
2127 1976 2257 2029 nihil
2297 1976 2506 2029 solliciti
2549 1978 2660 2030 sitis
2698 1977 2933 2046 (Philip.
2963 1978 3073 2046 tv);
3104 1978 3369 2047 siquidem

1783 2070 1955 2140 major
1977 2080 2059 2125 est
2088 2070 2227 2140 quod
2257 2071 2309 2124 in
2341 2071 2497 2124 nobis
2524 2080 2785 2139 estquam
2809 2071 2896 2136 qui
2928 2071 2980 2124 in
3011 2071 3114 2125 hoc
3140 2070 3389 2137 mundo,’

1783 2178 2111 2233 regnumque
2144 2164 2352 2219 Domini
2395 2166 2533 2219 intra
2565 2179 2662 2219 nos
2691 2163 2874 2235 (etiam
2904 2163 3179 2233 Scriptura
3208 2161 3359 2236 [Luc.
3386 2182 3387 2185 η

1788 2254 1918 2325 xvn]
1958 2238 2321 2326 testante)'isit
2366 2264 2596 2312 certum.
2629 2257 2697 2312 Ut
2724 2263 2901 2310 autem
2932 2255 3001 2309 ab
3044 2270 3231 2310 eorum
3275 2255 3367 2325 qui

1784 2349 1838 2403 in
1866 2350 2049 2403 errore
2080 2360 2204 2404 sunt
2232 2350 2422 2419 positi,
2464 2348 2921 2404 noxia‘societate
2959 2348 3215 2414 caveatis,
3245 2348 3389 2404 nul-‘

1784 2440 1899 2494 lum
1939 2440 2134 2496 talibus
2180 2441 2661 2495 communicantem
2709 2440 3052 2495 ad've'strum
3094 2438 3367 2517 recipiatis

1783 2531 2020 2601 qualibet
2044 2516 2389 2602 subreptione
2418 2532 2746 2587 consortium
2774 2549 2785 2584 :
2819 2531 2942 2602 quia
2983 2532 3124 2586 sicut
3154 2530 3205 2586 in
3235 2517 3368 2586 una-

1784 2640 1995 2695 quaque
2027 2625 2220 2681 ltatresi
2257 2642 2375 2681 cum
2419 2627 2699 2695 pravitatis
2725 2634 2945 2681 auctore
2970 2626 3223 2693 damnato
3247 2626 3370 2681 suco

1782 2712 2026 2773 ceSsores
2066 2718 2184 2786 ejus
2222 2726 2277 2773 et
2305 2718 2597 2787 compliees
2639 2726 2799 2787 atque
2844 2715 3148 2787 h'ujusmodi
3194 2724 3369 2773 secta-

1786 2810 1990 2865 toribus
2053 2811 2259 2879 polluta
2313 2811 2691 2865 communione
2751 2809 3047 2878 permixtos
3107 2809 3368 2864 catholica

1782 2903 1951 2955 vitare
1980 2900 2140 2956 debet
2173 2901 2469 2970 integritas.
2501 2900 2573 2954 ita
2601 2915 2721 2955 eum
2755 2900 3051 2970 Eutychete
3081 2899 3369 2953 Dioscorus

1784 2994 2047 3063 simulque
2091 2992 2406 3047 Timotheus
2451 2991 2677 3048 Elurus
2717 3000 2773 3046 et
2818 2991 3006 3045 Petrus
3049 2989 3369 3045 Alexandri-

1786 3099 1906 3147 nus,
1934 3085 2157 3153 ejusque
2182 3083 2604 3139 eommunieator
2638 3082 2884 3149 Aeacius,
2918 3096 3017 3137 nec
3052 3096 3157 3136 non
3202 3082 3382 3136 etiam

161 3172 261 3236 quod
288 3172 566 3226 tricennalis
607 3171 712 3245 [οι.
744 3171 1088 3245 tricennaria]
1122 3173 1202 3226 lex
1230 3173 1523 3239 conclusit,
1555 3174 1677 3241 quia
1708 3161 1763 3249 Cp
1787 3176 2148 3229 Antiochenus
2182 3176 2392 3240 Petrus,
2433 3190 2552 3230 cum
2598 3175 2711 3231 suis
2742 3185 2868 3231 sunt
2910 3175 3129 3230 omnino
3158 3172 3369 3242 partici-

162 3260 404 3315 ctliliorum
432 3272 742 3317 nostrorum
776 3263 1072 3331 principum
1102 3262 1171 3316 ita
1202 3264 1465 3317 emanavit
1501 3273 1683 3317 aucto-

164 3350 283 3417 ritas,
316 3355 369 3406 ht
406 3354 538 3409 ultra
588 3352 813 3422 triginta
863 3368 1031 3407 annos
1090 3354 1219 3408 nulli
1270 3355 1428 3408 liceat
1474 3370 1569 3423 pro
1618 3369 1683 3408 eo

167 3445 393 3510 appellare,
422 3446 558 3516 quod
606 3448 791 3514 legum
835 3455 1043 3514 tempus
1088 3446 1180 3519 [al.
1214 3448 1406 3512 tutela,
1451 3450 1552 3501 sive
1595 3464 1681 3503 rc-

168 3532 280 3597 gula,
304 3546 374 3586 aut
398 3538 558 3604 potius
591 3534 827 3606 cautela]
872 3536 1117 3590 exclusit.
1161 3537 1289 3590 Data
1326 3538 1498 3591 idibus
1528 3537 1679 3607 Maii,

174 3622 326 3679 Asteria
342 3637 387 3681 et
414 3628 676 3683 Praesidio
702 3628 830 3681 viris
855 3628 1166 3683 clarissimis
1187 3630 1495 3685 consulibus
1520 3631 1683 3700 (anno

176 3712 316 3770 cuna
336 3720 444 3790 ιω)
468 3722 505 3774 ι.
1690 3708 1691 3711 “

654 3814 989 3871 EPISTULA
1030 3814 1121 3869 XI.

370 3943 425 3979 AD
454 3942 737 3983 EPISCOPOS
768 3942 1043 3982 υΑιωΑΝιΑς
1074 3940 1142 3979 ΕΤ
1171 3938 1418 3979 ιιιγηιαι.

174 4051 428 4112 Commendat
468 4078 645 4115 eorum
687 4061 1019 4132 religionem;
1053 4056 1686 4132 Thessalonicensem-epi-

222 4144 409 4195 scopum,
434 4134 517 4200 qui
544 4127 903 4186 haereticorum
924 4132 1128 4183 nomina
1149 4131 1394 4182 damnare
1418 4127 1685 4200 recusavit,

219 4198 457 4262 apostolicae
482 4204 617 4256 sedis
651 4202 1003 4256 communione
1040 4205 1293 4269 privatum
1322 4214 1448 4263 esse,
1481 4209 1527 4251 et
1558 4198 1687 4249 Aca—

220 4269 319 4321 cium
346 4273 389 4322 in
426 4273 951 4325 excommunicatione
977 4280 1236 4324 mortuum
1264 4287 1363 4324 non
1406 4284 1553 4331 posse
1597 4270 1688 4320 ab-

224 4340 316 4391 solvi
337 4343 596 4411 signiﬁcat.

223 4448 416 4507 Gelasius
455 4456 745 4523 episcopus
789 4454 1051 4509 universis
1094 4453 1361 4523 episcOpis
1411 4467 1510 4522 per
1554 4453 1689 4508 Dar-

1756 3292 1759 3293 ν
1789 3266 1946 3335 pibus
1982 3266 2284 3321 abdicandi.
2323 3266 2433 3322 Nec
2460 3268 2768 3337 quisquam,
2802 3267 3009 3322 etiamsi
3057 3264 3371 3335 pravitatem

1788 3360 2059 3430 deponere
2089 3375 2148 3416 se
2175 3361 2484 3430 promittat,
2527 3360 2814 3416 recitandis
2857 3368 3035 3414 tamen
3067 3356 3371 3412 nominibus

1788 3453 2128 3507 consentiens
2159 3452 2522 3521 perditorum;
2554 3453 2640 3507 vel
2677 3451 2866 3507 eadem
2898 3448 3236 3506 recitantium
3267 3449 3371 3503 nti-

1792 3544 1933 3598 nime
1959 3544 2333 3598 communione
2360 3544 2625 3598 discretus
2654 3544 2719 3598 ad
2765 3543 3108 3597 immaculata
3152 3540 3377 3611 sacrile-p

1788 3638 1887 3705 giis
1943 3636 2102 3690 ovilia
2158 3637 2559 3706 quibuscunqne
2610 3636 2786 3691 modis
2840 3647 2922 3691 est
2982 3634 3371 3705 permittendus

1788 3730 2010 3791 intrare,
2037 3737 2093 3781 ut
2124 3728 2360 3783 Ecclesia
2397 3728 2486 3782 Dei
2516 3730 2715 3792 nostri,
2742 3742 2855 3795 qua:
2883 3726 3139 3778 maculam
3164 3739 3370 3792 rugam-

1690 3804 1693 3808 ’
1787 3834 1885 3887 que
1931 3833 2032 3871 non
2077 3820 2289 3872 sustinet
2334 3816 2687 3887 (Ephes.-v),
2737 3815 2986 3869 inviolata
3037 3823 3374 3885 permaneat.

1730 3932 1734 3936 ι
1789 3908 1980 3962 Absint
2018 3922 2147 3976 ergo
2179 3923 2207 3960 a
2250 3908 2494 3961 ﬁdelibus
2533 3905 2733 3961 Christi
2782 3904 2981 3974 vipera:
3023 3904 3212 3974 capitis
3256 3903 3371 3961 dira

1732 4020 1735 4021 ν
1789 4001 2110 4054 commercia
2129 4043 2144 4067 ,
2171 4010 2223 4054 et
2254 3999 2439 4068 procul
2464 4013 2493 4052 a
2521 3998 2830 4053 coelestibus
2860 3998 3068 4067 pascuis
3099 3998 3371 4055 mortifera

1791 4106 1993 4145 venena
2024 4092 2415 4161 pellantur,_ut
2458 4091 2707 4145 salutaris
2749 4091 3001 4145 alimonia
3033 4089 3184 4159 panis
3230 4088 3372 4145 illius

1792 4184 1879 4253 qui
1907 4185 1976 4239 de
2005 4184 2143 4239 cmlo
2192 4183 2469 4238 descendit
2512 4182 2828 4254 (Joan.vt),
2876 4181 3059 4235 ﬁdeles
3105 4180 3245 4233 hanc
3284 4193 3372 4233 su-

1794 4287 2001 4333 mentes
2032 4278 2095 4331 ad
2124 4277 2282 4332 vitam
2316 4278 2572 4347 perducat
2600 4278 2874 4333 aeternam.

1864 4371 1994 4435 Qum
2024 4379 2079 4424 ut
2118 4372 2298 4424 mutua
2328 4370 2599 4425 valeamus
2627 4368 3003 4424 exhortatione
3045 4366 3371 4438 prospicere,

1794 4463 1884 4517 det
1909 4475 2125 4532 operam
2150 4470 2326 4517 vestra
2352 4461 2566 4517 dilectio
2590 4470 2648 4515 ut
2672 4462 2986 4529 sospitatem
3015 4468 3207 4513 vestra:
3236 4457 3373 4511 cari-

181 4538 330 4597 (laniatu
366 4546 431 4617 (in
458 4565 540 4617 qq.
566 4550 727 4603 codd.
758 4549 856 4618 leg.
887 4558 940 4603 et
966 4545 1201 4617 Daciam]
1231 4548 1345 4613 sive
1392 4562 1488 4616 per
1517 4547 1683 4617 lllyri-
1792 4555 1918 4608 tatis
1965 4564 2199 4624 optatam
2220 4594 2234 4619 ,
2284 4564 2339 4609 et
2388 4553 2508 4608 lidei
2558 4552 2859 4607 communis
2908 4551 3159 4605 instantia
3217 4548 3374 4604 nobis

182 4644 261 4684 mn
288 4640 581 4694 constitutis.
1212 4678 1255 4719 χ

230 4724 463 4783 Audientes
483 4733 840 4786 orthodoxam
865 4740 1057 4787 vestra:
1076 4730 1379 4787 dilectionis
1400 4732 1450 4786 in
1474 4730 1688 4787 Christo

185 4822 482 4886 comtantiam,
527 4834 693 4893 atque
736 4825 808 4879 ita
847 4838 943 4879 vos
988 4825 1223 4892 antiqua:
1274 4824 1394 4878 ﬁdei
1439 4840 1682 4879 commu-

188 4905 388 4978 nionisque
420 4916 645 4971 sincera:
673 4915 1043 4970 traditionibus
1071 4916 1414 4982 inhrerentcs,
1450 4926 1509 4970 ιιι
1540 4932 1681 4970 men-

190 5006 265 5048 lem
286 5000 553 5061 Christiana:
574 5008 812 5063 deditam
837 5007 1048 5062 veritati
1077 5006 1383 5061 nullatenus
1407 5007 1687 5061 iniecerint

194 5097 574 5154 ltrrvaricatorum
598 5102 773 5155 vicina
801 5100 1063 5170 contagia,
1098 5099 1550 5169 inagnilicavimus
1583 5099 1684 5153 Do—

191 5177 371 5246 minum.
394 5190 766 5260 caritatemque
792 5200 1023 5244 vestram
1054 5189 1234 5243 missis
1262 5188 1454 5241 litteris
1484 5188 1682 5257 alloqui

191 5281 259 5325 (er
282 5275 509 5345 religiosos
548 5284 697 5336 viros
739 5282 878 5336 lilios
918 5292 1127 5336 nostros
1167 5280 1487 5351 Cyprianum
1526 5289 1684 5349 atque

191 5355 406 5422 Macarium
428 5372 673 5429 diaconcs
704 5382 814 5428 tota
853 5373 1027 5428 cordis
1056 5373 1311 5427 aviditate
1340 5373 1643 5428 curavimus
1667 5392 1681 5426 τ

240 5520 313 5576 ‘ln
337 5541 439 5581 meo
466 5544 564 5583 ms.
596 5530 859 5585 Buchardi
888 5530 1007 5585 cod.
1051 5531 1141 5586 lib.
1171 5546 1258 5585 vm
1277 5572 1291 5595 ,
1322 5546 1440 5599 cap.
1466 5531 1556 5596 46,
1588 5533 1688 5589 hoc

192 5585 397 5667 decretum
424 5607 665 5668 tanquam
694 5616 761 5655 ex
795 5602 1015 5667 epistola
1049 5585 1242 5656 Gelasii
1269 5585 1332 5655 ad
1383 5585 1689 5658 Sicilienses

192 5671 401 5743 fitﬁtpr
424 5683 535 5743 cap.
564 5674 597 5725 9
626 5680 901 5739 acceptum
923 5672 1135 5743 aﬁ'ertur
1160 5691 1171 5724 :
1210 5672 1387 5740 Neque
1411 5672 1593 5727 viduas
1619 5675 1687 5727 ad

195 5740 342 5785 ﬂutas
374 5741 570 5794 transire
596 5744 820 5797 patimur
858 5758 969 5807 qua:
1006 5740 1240 5809 religioso
1274 5744 1537 5812 proposito
1573 5746 1689 5799 cliu-

1791 4647 2035 4702 Crebrius
2066 4646 2279 4716 aperire
2324 4660 2428 4700 non
2463 4645 2701 4714 desinat,
2732 4653 2994 4715 quatenus
3022 4643 3246 4699 alternis
3276 4654 3374 4697 nos

1788 4730 2233 4793 inStruetionibus
2270 4738 2594 4806 excitantes,
2638 4738 2994 4807 legitimorum
3029 4735 3239 4790 Domini
3283 4747 3376 4787 sa-

1789 4831 2064 4887 cerdotum
2096 4834 2362 4900 possimus
2397 4835 2638 4889 invenire
2682 4833 3009 4889 mercedem.
3042 4831 3144 4885 Per
3172 4828 3373 4883 vicinas

1791 4938 2004 4993 quoque
2047 4926 2349 4992 provincias
2381 4926 2496 4981 haec
2523 4927 2709 4981 eadem
2750 4923 3050 4994 patefacere
3084 4928 3254 4974 vestra
3283 4933 3373 4975 ca-

1792 5014 1921 5068 ritas
1949 5014 2228 5084 vigilanter
2260 5016 2502 5082 insistat;
2543 5028 2597 5070 ut
2624 5026 2676 5071 et
2701 5018 2787 5085 qui
2826 5013 3104 5068 catholica:
3132 5025 3375 5067 commu-

1795 5104 1970 5159 nionis
2014 5106 2321 5160 sinceritate
2370 5107 2695 5169 subsistunt,
2741 5104 3168 5173 competentibus
3214 5103 3379 5158 robo-

1792 5206 1980 5250 rentur
2008 5197 2284 5265 alloquiis;
2317 5206 2371 5251 et
2398 5199 2487 5267 qui
2514 5196 2736 5251 forsitan
2766 5195 2835 5250 ab
2871 5194 3031 5265 hujus
3059 5193 3379 5251 rectitudine

1793 5290 2103 5355 dcviar’unt,
2135 5291 2202 5344 ad
2252 5292 2614 5359 integritatem
2661 5290 2925 5360 dogmatis
2954 5287 3247 5345 Christiani
3295 5301 3379 5337 επις

1795 5379 2035 5436 lubrihus
2078 5383 2293 5437 monitis
2342 5383 2684 5439 reducantur.
2714 5382 2930 5438 Noverit
2977 5388 3152 5434 autem
3194 5384 3375 5430 vestra

1797 5547 1949 5613 (urna
1980 5541 2326 5597 observatione
2354 5551 2758 5613 permanserunt.
2792 5540 3041 5613 Similiter
3068 5543 3239 5613 autem
3277 5534 3371 5589 vir-

1796 5611 1941 5678 gines
1986 5613 2173 5667 nubere
2214 5606 2537 5685 prohibemus
2565 5629 2690 5685 quas
2718 5611 2866 5685 armis
2899 5608 3136 5679 plurimis
3179 5606 3233 5659 in
3260 5621 3370 5659 ma.

1798 5685 2032 5737 nasteriis
2056 5681 2253 5740 atatem
2287 5686 2532 5756 peregisse
2557 5681 2839 5751 contigerit.
