3948 6314
636 341 704 398 or
1984 290 2219 386 CELASI

2324 326 2493 385 ἈΡᾹΞ
2531 328 2571 386 ι,
3815 338 3883 398 68

630 451 968 520 aln-umpcre,
1019 445 1160 500 nulla
1207 443 1322 512 ejus
1353 441 1743 496 consultatione
1785 440 2046 510 quaesita,
2079 440 2222 494 itane
2249 445 2292 512 Α
2331 437 2455 503 tari,
2496 451 2684 492 rursus
2728 437 2841 493 haec
2889 451 3077 492 eadem
3129 452 3248 508 quae
3270 452 3427 508 supra
3460 439 3882 514 deprompsimus,

631 560 757 596 vero
803 556 905 594 non
955 539 1102 592 licuit
1139 537 1321 604 primae
1368 533 1482 588 sedi
1531 530 1993 586 Chalcedonensis
2025 531 2218 601 synodi

629 619 936 697 constituta,
966 631 1104 684 sicut
1132 628 1329 693 decuit,
1357 616 1716 700 exsequenti,~
1743 621 2047 691 hujusmodi
2077 637 2217 690 pra:-

629 726 975 778 varicalorcm
1009 735 1100 774 sua
1131 717 1447 773 auctoritate
1499 715 1821 770 detrudere?
1851 713 1958 769 Sed
2004 727 2102 767 nec
2130 713 2216 767 illa

628 815 995 884 praeterimus,
1037 810 1177 880 quod
1215 810 1228 838 '
1265 806 1552 877 apostolica
1595 805 1751 860 sedes
1797 803 2128 874 frequenter,
2161 812 2217 858 ut

627 908 824 961 dictum
858 913 956 967 est,
990 918 1136 956 more
1184 901 1466 970 majorum,
1501 898 1660 951 etiam
1693 896 1809 952 sine
1861 897 1965 950 ulla
2009 896 2216 967 synodo

629 997 981 1068 praieedente,
1016 1002 1068 1049 et
1097 992 1413 1048 absolvendi
1442 1006 1574 1061 quos
1600 990 1837 1061 synodus
1866 991 2046 1060 inique
2068 990 2216 1044 dam-

629 1097 872 1154 naverat,
899 1097 952 1140 et
994 1083 1284 1138 damnandi
1339 1082 1480 1136 nulla
1527 1083 1789 1136 existente
1836 1080 2042 1149 synodo
2083 1095 2215 1150 (nios

629 1182 902 1252 Oportuit,
951 1178 1197 1233 habuerit
1238 1175 1544 1230 facultatem
1582 1193 1593 1227 :
1637 1176 1657 1204 ²
1699 1183 1895 1228 sancta:
1943 1177 2215 1227 memoriae

628 1275 824 1344 quippe
873 1269 1222 1336 Athanasium
1271 1267 1511 1338 synodus
1558 1265 1847 1318 Orientalis
1913 1265 2210 1328 addixerat,

627 1382 784 1436 quem
810 1375 986 1418 tamen
1013 1372 1293 1432 exceptum
1329 1359 1488 1414 sedes
1509 1357 1824 1428 apostolica,
1849 1358 1972 1426 quia
1993 1357 2215 1410 damna-

629 1460 756 1513 tioni
789 1457 1095 1510 Graecorum
1130 1468 1235 1507 non
1268 1450 1563 1514 consensit,
1595 1448 1844 1502 absolvit.
1872 1447 2085 1502 Sancta:
2109 1462 2216 1502 me-

629 1549 814 1605 nlOFiEB
868 1545 1209 1601 nihilominus
1246 1543 1506 1598 Joannem
1556 1540 2212 1609 Constantinopolitanum
2255 1575 2258 1579 λ

629 1639 863 1710 synodus
893 1637 1052 1691 etiam
1081 1634 1466 1690 catholicorum
1496 1632 1781 1702 prtesnlum
1810 1640 1958 1687 certe
1991 1631 2214 1692 damna-

629 1738 731 1796 rat,
766 1743 922 1798 quem
955 1725 1117 1782 simili
1161 1725 1319 1779 modo
1363 1723 1520 1778 sedes
1562 1722 1850 1792 apostolica
1886 1723 2045 1777 etiam
2073 1723 2206 1788 sola,

2324 528 2535 597 planius
2583 527 2806 596 repetita
2860 528 3278 598 perpenda'ntur,
3328 530 3510 596 idest,
3559 532 3676 602 quia
3714 545 3884 588 contra

2322 617 2503 683 fidem,
2527 627 2715 672 contra
2736 617 3011 672 veritatem
3037 620 3573 691 communionemque
3591 622 3884 678 catholicam

2321 727 2552 782 vereque
2580 711 2958 778 Christianam,
2994 729 3099 767 non
3144 722 3288 769 recte
3330 726 3477 785 geSIa
3507 715 3733 786 synodus
3762 716 3886 785 legi-

2321 804 2448 859 tima
2476 804 2684 876 synodo
2712 820 2809 874 pro
2859 806 2982 875 fide,
3012 810 3261 875 veritate,
3301 811 3766 884 connnnnioneque
3802 826 3889 864 ca-

2318 897 2539 967 tholica,
2573 913 2804 968 vereque
2850 898 3170 967 Chrisriaoa,
3221 899 3393 954 modis
3433 901 3680 964 omnibus
3722 904 3888 958 seclu-

2319 989 2491 1046 denda
2518 1001 2619 1058 est,
2652 1002 2705 1046 et
2744 992 2940 1061 injusta
2984 993 3222 1064 synodus
3247 993 3390 1064 justa
3437 995 3644 1064 synodo
3679 995 3886 1049 submo-

2319 1081 2508 1136 vcnda.
2541 1081 2643 1136 Pro
2674 1081 2777 1136 fide
2801 1094 3005 1147 autem,
3049 1092 3102 1136 et
3129 1084 3394 1148 'veritate,
3428 1096 3482 1147 et
3529 1088 3889 1144 communione

2317 1175 2602 1237 catholica,
2638 1175 2773 1228 bona
2807 1177 3066 1246 synodus,
3093 1191 3322 1247 vereque
3369 1176 3689 1244 Christiania,
3728 1181 3889 1234 semel

2316 1253 2456 1332 acta,
2487 1265 2627 1318 nulla
2661 1280 2760 1318 nec
2790 1274 2968 1336 potest
3015 1282 3111 1320 nec
3153 1267 3314 1320 debet
3353 1282 3504 1323 nova:
3526 1261 3711 1337 synodi
3739 1270 3890 1336 itera-

2317 1357 2460 1411 tione
2487 1355 2739 1420 convelli,
2773 1357 2866 1411 sed
2901 1358 3192 1416 secundum
3223 1359 3358 1413 bene
3405 1359 3606 1428 gestain
3637 1359 3889 1432 synodum

2318 1457 2570 1518 recteque
2600 1447 2891 1517 praafixam,
2925 1451 2967 1504 si
2992 1449 3112 1518 quis
3157 1449 3222 1503 ab
3265 1450 3381 1520 ejus
3413 1451 3622 1504 tramite
3649 1451 3890 1517 deviarit,

2314 1550 2708 1613 consequenter
2737 1556 2798 1596 ac
2832 1530 3160 1596 sufficienter
3186 1543 3303 1612 ejus
3331 1543 3637 1598 definitione
3669 1546 3890 1618 plecten-

2315 1622 2439 1698 dus,
2471 1636 2770 1706 meritoque
2817 1635 2955 1688 illius
3000 1635 3241 1705 subjacet
3271 1637 3598 1704 constitutis,
3642 1653 3732 1692 nec
3758 1655 3890 1709 Opus

2317 1726 2397 1777 est
2429 1739 2525 1795 per
2549 1725 2786 1795 singulos
2809 1738 3050 1794 quosque
3079 1724 3375 1795 deviantes,
3400 1724 3622 1796 jureque
3657 1728 3890 1795 plecten-

631 1823 751 1892 quia
786 1837 892 1876 non
924 1819 1216 1884 consensit,
1239 1818 1503 1883 absolvit;
1530 1818 1764 1888 itemque
1785 1827 1983 1871 sancta:
2008 1832 2207 1873 memo-
2242 1809 2290 1869 B
2317 1817 2444 1882 dos,
2481 1831 2644 1871 novas
2676 1831 2860 1870 rursus
2887 1815 3121 1887 synodos
3161 1816 3455 1883 introduci;
3488 1819 3608 1872 eum
3653 1833 3713 1876 ex
3753 1819 3890 1874 illius

629 1916 722 1969 rite
771 1912 1079 1968 Flavianum
1129 1911 1437 1982 pontificum
1483 1910 1576 1983 [αι.
1623 1910 1832 1964 additur
1879 1909 2207 1982 Graecorum]

629 2004 1040 2080 congregatione
1067 2003 1396 2066 damnatum,
1432 2003 1543 2072 pari
1577 2009 1783 2067 tenore,
1813 2001 2062 2070 quoniam
2094 2001 2209 2055 sola

628 2097 784 2165 sedes
813 2095 1102 2167 apostolica
1153 2109 1258 2148 non
1301 2094 1593 2158 consensit,
1637 2092 1884 2160 absolvit,
1930 2093 2210 2164 potiusque

628 2190 716 2258 qui
751 2189 858 2242 illic
887 2193 1133 2254 receptus
1165 2184 1342 2239 fuerat
1370 2183 1467 2256 [αι.
1505 2183 1626 2252 quia
1657 2183 1762 2236 illic
1809 2191 2057 2252 receptus
2103 2199 2208 2236 non

631 2275 843 2347 fuerat],
871 2276 1183 2330 Dioscorum
1211 2275 1461 2328 secundae
1502 2273 1643 2326 sedis
1685 2273 1965 2341 praesulem
1997 2287 2088 2325 sua
2121 2287 2211 2326 au-

629 2369 874 2426 ctoritate
902 2366 1193 2432 damnavit,
1227 2372 1281 2419 et
1309 2365 1524 2432 impiam
1554 2363 1816 2434 synodum
1850 2381 1954 2418 non
1986 2379 2212 2418 consen-

631 2457 812 2527 tiendo
834 2457 853 2487 ³
874 2455 1161 2522 submovit,
1196 2469 1256 2508 ac
1287 2469 1385 2523 pro
1419 2454 1661 2519 veritate,
1704 2463 1762 2508 ut
1793 2453 2027 2524 synodus
2053 2451 2213 2508 Chal-

631 2548 949 2604 cedonensis
967 2547 1144 2612 fieret,
1166 2546 1274 2600 sola
1303 2545 1537 2600 decrevit
1557 2543 1574 2574 ⁸
1594 2543 1729 2598 —in
1752 2560 1852 2614 qua
1877 2544 2212 2618 pontificibus

633 2639 949 2707 innumeris,
995 2639 1083 2708 qui
1129 2638 1407 2691 latrocinio
1438 2646 1750 2690 corruerant
1799 2635 2092 2705 Ephesino,
2127 2652 2214 2690 ve-

632 2732 774 2787 niam
802 2729 1163 2804 poscentibus,
1196 2728 1305 2782 sola
1339 2729 1624 2794 concessit,
1671 2735 1725 2779 et
1765 2726 1814 2779 in
1861 2738 1955 2780 sua
1994 2725 2212 2795 perfidia

633 2829 1027 2896 permanentes,
1063 2819 1406 2874 nihilominus
1436 2833 1529 2873 sua
1554 2818 1871 2876 auctoritate
1894 2819 2212 2888 prostravit:

633 2930 787 2984 quam
814 2911 1162 2981 congregatio
1207 2925 1324 2980 qua:
1374 2910 1482 2962 illic
1517 2923 1609 2976 pro
1654 2909 1878 2964 veritate
1916 2909 2214 2978 reparanda

635 3006 855 3061 collecta
884 3004 1078 3068 fuerat,
1108 3011 1191 3058 est
1233 3011 1456 3066 secuta;
1491 3002 1743 3070 quoniam
1791 3001 1926 3055 sicut
1975 3001 2026 3054 id
2075 3000 2216 3071 quod

635 3097 802 3168 prima
829 3096 985 3149 sedes
1017 3108 1120 3148 non
1155 3094 1488 3160 probaverat,
1519 3099 1767 3145 constare
1791 3105 1894 3144 non
1918 3091 2106 3159 potuit,
2139 3091 2217 3144 sic

2319 1908 2554 1975 tramite,
2590 1922 2706 1980 qua:
2735 1916 3008 1960 auctorem
3031 1921 3152 1960 cum
3199 1921 3383 1961 errore
3426 1909 3710 1976 damnavit,
3750 1913 3890 1979 quis-

2315 1999 2436 2068 quis
2465 1998 2705 2068 quolibet
2734 1997 2912 2063 modo,
2947 1997 3186 2068 quolibet
3217 1998 3367 2056 titulo
3392 1999 3632 2070 complex
3661 2000 3890 2077 ejusdem

2315 2089 2472 2144 fuerit
2506 2090 2676 2142 factus
2704 2088 2928 2152 erroris,
2960 2095 3016 2142 ut
3041 2088 3157 2158 ejus
3189 2104 3247 2143 se
3277 2091 3594 2160 contagione
3632 2091 3890 2163 polluerit,

2315 2173 2681 2248 Competenter
2706 2189 2760 2233 et
2789 2181 3057 2248 particeps
3100 2180 3340 2250 ejusdem
3391 2181 3741 2240 damnationis
3782 2186 3890 2238 exi-

2315 2276 2438 2332 SIat,
2464 2271 2682 2340 ejusque
2712 2286 2868 2338 pinna
2901 2271 3148 2347 puniatur
3176 2271 3483 2338 obstrictus,
3519 2275 3672 2342 cojus
3701 2275 3890 2329 maluit

2315 2359 2451 2414 inire
2476 2361 2818 2414 consortium.
2848 2361 3041 2428 quro
3063 2376 3187 2431 ergo
3210 2361 3277 2415 ab
3303 2361 3385 2415 his
3416 2361 3540 2432 quid
3565 2362 3632 2418 de
3653 2362 3890 2434 Eutyche

2317 2449 2552 2504 sentiant
2577 2468 2587 2501 :
2615 2450 2848 2504 fuissene
2871 2450 3201 2517 luereticum,
3221 2466 3286 2504 an
3311 2461 3556 2506 asserunt
3579 2466 3681 2506 non
3703 2452 3890 2508 fuisse?

2317 2540 2372 2595 Si
2415 2556 2520 2594 non
2571 2540 2736 2595 fuisse
2781 2541 3133 2610 contendunt,
3183 2543 3309 2613 quid
3359 2543 3671 2612 ambagibus
3712 2553 3889 2614 agunt

2317 2631 2442 2701 quid
2465 2631 2864 2686 circuitionihus
2887 2635 3271 2704 prmstigiisque
3293 2649 3350 2688 se
3375 2634 3695 2704 contegunt?
3719 2634 3889 2687 Palan

2318 2734 2377 2777 se
2409 2722 2768 2794 Eutychianos
2798 2737 2916 2778 esse
2944 2727 3306 2793 pronuntient,
3333 2738 3389 2780 ut
3417 2725 3469 2779 in
3499 2726 3613 2798 ejus
3644 2726 3890 2794 sacrilegi

2320 2813 2500 2869 furore
2529 2815 2758 2869 convicti
2804 2815 3041 2870 veritatis
3084 2818 3308 2871 molibus
3336 2817 3649 2886 obruantur,
3686 2830 3890 2887 aperte.

2319 2919 2422 2974 que
2452 2914 2796 2975 cognoscant,
2850 2920 2954 2959 non
3003 2907 3175 2960 solum
3210 2907 3323 2961 hanc
3367 2909 3476 2974 ipsa
3529 2908 3690 2976 pestis
3740 2907 3889 2980 Euty

2321 2997 2510 3050 cltiana
2561 3006 2814 3066 quantum
2862 2990 3166 3054 Christiano
3219 2999 3452 3067 dogmati
3506 2999 3759 3068 probetur
3807 3001 3889 3054 ini

2287 3095 2300 3106 ’
2321 3090 2487 3155 mica;
2516 3090 2609 3144 sed
2643 3097 2865 3156 quantas
2890 3089 3022 3143 alias
3044 3090 3296 3155 hmreses,
3323 3105 3516 3160 easque
3539 3091 3890 3166 gravissimas

636 3191 775 3260 quod
804 3190 889 3242 illa
920 3188 1129 3242 censuit
1152 3183 1514 3266 iudicandum,
1546 3183 1784 3244 Ecclesia
1816 3192 1922 3236 tota
1953 3183 2216 3254 suscepit;
2247 3175 2293 3238 C
2326 3182 2378 3236 iu
2409 3196 2501 3235 sua
2529 3184 2787 3251 pravitate
2815 3182 3106 3252 contineat,
3140 3192 3196 3238 ut
3242 3184 3291 3236 in
3343 3184 3533 3254 quibus
3563 3184 3727 3240 foveis
3757 3187 3889 3238 voln

633 3283 726 3335 ubi
758 3281 914 3335 etiam
962 3286 1354 3345 consequenter
1383 3275 1702 3338 ostenditur,
1744 3276 1866 3343 quia
1904 3275 2042 3329 male
2071 3283 2218 3343 gesta

635 3358 894 3444 "Synodus,
944 3368 994 3422 id
1049 3376 1151 3431 est,
1203 3375 1386 3420 contra
1425 3364 1728 3433 Scripturas
1759 3373 1989 3431 sanctas,
2033 3372 2219 3418 contra

639 3463 934 3515 doctrinam
985 3458 1238 3520 Patrum,
1288 3464 1473 3510 contra
1532 3454 1923 3509 ecclesiasticas
1971 3453 2217 3524 regulas,

611 3567 796 3623 ,quam
825 3561 934 3605 tota
963 3550 1156 3603 merito
1187 3547 1426 3603 Ecclesia
1458 3562 1561 3600 non
1592 3549 1815 3616 recepit,
1848 3556 1901 3602 et
1952 3547 2220 3616 praecipue

641 3645 796 3701 sedes
823 3641 1116 3711 apostolica
1142 3655 1250 3694 non
1275 3639 1539 3708 probavit,
1564 3655 1658 3708 per
1680 3640 1814 3693 bene
1837 3647 2039 3709 gestam
2063 3654 2222 3709 syno-

641 3741 788 3804 dum,
823 3737 874 3793 id
905 3745 1006 3802 est,
1037 3732 1328 3790 secundum
1355 3732 1680 3802 Scripturas,
1721 3731 2012 3786 secundum
2041 3731 2222 3785 tradi—

641 3834 840 3904 tionem
868 3829 1103 3893 Patrum,
1128 3825 1419 3880 secundum
1451 3820 1841 3877 ecclesiasticas
1871 3821 2101 3891 regulas,
2127 3835 2222 3888 pro

644 3923 747 3976 fide
769 3919 1029 3974 catholica
1058 3926 1113 3971 et
1162 3915 1535 3971 communione
1567 3913 1850 3984 prolatam,
1882 3928 2040 3983 quam
2087 3927 2222 3966 cun-

644 4022 729 4067 eta
761 4012 963 4079 recepit
995 4008 1250 4072 Ecclesia,
1282 4022 1438 4075 quam
1482 4005 1710 4060 maxime
1751 4005 1905 4060 sedes
1931 4005 2224 4076 apostolica

644 4099 1032 4172 comprobavit,
1059 4105 1114 4151 et
1145 4095 1386 4150 debuerit
1416 4105 1468 4148 et
1495 4096 1728 4168 potuerit
1752 4096 2056 4160 immutari;
2089 4097 2224 4152 bene

645 4209 772 4248 vero
816 4199 1019 4260 gestam
1069 4185 1330 4260 synodum
1372 4184 1522 4252 juxta
1573 4183 1936 4250 supradictum
1984 4186 2221 4252 modum,

641 4295 780 4341 ‘nova
827 4283 1036 4354 synodo
1085 4279 1389 4333 nullatenus
1437 4274 1844 4328 immutandam.
1908 4275 2136 4330 Proinde
2181 4279 2226 4332 si

637 4375 924 4445 Eutychen
977 4371 1214 4425 fatentur
1265 4367 1568 4422 haereticum
1598 4409 1611 4432 ,
1660 4364 1796 4419 male
1843 4374 2044 4437 gestam
2087 4367 2226 4436 apud

640 4472 914 4541 Ephesum
947 4465 1241 4537 synodum,
1273 4477 1374 4532 qua
1407 4470 1488 4516 est
1532 4468 1805 4527 receptus,
1855 4459 2054 4527 pariter
2097 4459 2227 4516 fate-

2324 3283 2522 3339 tentur,
2552 3281 2606 3327 et
2636 3276 2686 3327 in
2720 3273 2859 3343 quod
2906 3274 3255 3343 praecipitium
3301 3275 3719 3344 barathrumque
3771 3291 3890 3330 mer

2323 3377 2538 3434 gantur,
2573 3364 2890 3434 intelligant.
2915 3365 3081 3421 Simul
3113 3373 3288 3419 autem
3319 3366 3364 3420 si
3393 3365 3671 3437 Eutychen
3698 3365 3890 3420 hmreti

2324 3454 2444 3511 eum
2493 3466 2710 3527 negant,
2756 3456 3079 3510 omnimodis
3123 3456 3439 3524 publicatur,
3481 3456 3624 3530 quod
3676 3456 3799 3510 ideo
3855 3459 3890 3510 d

2325 3547 2569 3602 omnibus
2619 3547 2963 3616 Eutychianrc
3015 3547 3145 3615 pesti
3196 3547 3737 3612 communicantibus,
3788 3562 3889 3618 SUf

2326 3657 2514 3711 presso
2545 3641 2704 3695 veluti
2729 3641 2831 3695 hoc
2860 3643 2975 3708 ipso
3006 3655 3206 3704 errore,
3232 3639 3582 3703 contendunt,
3614 3648 3672 3692 ut
3699 3655 3802 3693 nos
3826 3658 3890 3708 pe

2330 3734 2514 3790 talium
2551 3732 2849 3798 hominum,
2896 3733 3034 3801 quod
3079 3732 3239 3800 absit,
3275 3731 3494 3785 insidias
3536 3731 3890 3802 captiosasrju

2329 3825 2624 3880 tend‘:culas
2647 3824 2699 3878 in
2732 3824 3040 3895 Eutychetis
3063 3824 3321 3877 insaniam
3351 3823 3586 3877 nitantur
3614 3824 3890 3880 inducere

2327 3919 2469 3989 quod
2500 3919 2713 3989 quidem
2743 3918 2951 3973 etiamsi
2985 3932 3089 3972 non
3124 3926 3333 3986 negent,
3378 3917 3489 3971 sive
3515 3917 3776 3981 scientes,
3813 3919 3890 3972 sit

2329 4011 2651 4073 nescientes,
2677 4010 2848 4063 facere
2879 4009 3236 4062 confutantur.
3273 4008 3367 4062 Sin
3397 4023 3524 4063 vero
3550 4018 3603 4065 et
3635 4009 3890 4080 Eutyche

2330 4099 2638 4153 litereticum
2669 4113 2865 4166 negare
2899 4113 3004 4150 non
3031 4101 3245 4165 audent,
3291 4107 3456 4154 restat
3500 4107 3783 4156 utcontra
3837 4118 3890 4156 (ις

2333 4191 2580 4244 tholicam
2634 4189 2812 4252 fidem,
2862 4205 2968 4242 non
3010 4191 3271 4262 synodum
3322 4174 3780 4262 nuncupandum,
3837 4210 3890 4250 St

2330 4281 2780 4350 consuirationem
2808 4282 2980 4350 potius
3016 4283 3342 4350 terditorum
3374 4285 3539 4342 fuisse
3567 4287 3878 4339 consentio

2333 4388 2450 4440 quin
2497 4373 2634 4442 apud
2683 4373 2947 4442 Ephesum
3000 4375 3292 4444 limychcte
3329 4375 3552 4430 reducto
3597 4378 3849 4446 perculit
3888 4387 3889 4427 1

2333 4466 2603 4519 memoriae
2650 4465 2984 4534 Flavianum,
3031 4477 3359 4538 cunctosque
3403 4470 3493 4539 qui
3539 4468 3647 4522 illic
3697 4469 3884 4525 adora

649 4565 865 4625 ιηηιιιυα,
899 4568 952 4612 οι
979 4571 1073 4626 per
1105 4556 1241 4608 bene
1265 4561 1472 4624 gestam
1522 4550 1786 4620 synodum
1825 4549 2225 4606 Chalcedonen-
2257 4544 2312 4604 D
2335 4555 2641 4611 sacerdotes
2687 4557 2901 4611 militari
2933 4567 3137 4613 terrore
3164 4559 3483 4628 compulerit
3535 4569 3686 4613 tanto
3729 4563 3889 4615 scelt

646 4669 780 4719 sem,
812 4652 952 4721 quod
983 4647 1255 4718 Eutyches
1286 4645 1370 4699 vel
1397 4658 1515 4698 cum
1543 4659 1607 4696 eo
1636 4643 1928 4698 sentientes
1959 4643 2080 4698 talia
2104 4654 2226 4699 sunt

646 4743 856 4816 rejecti,
883 4743 1046 4797 velint
1073 4739 1370 4804 nolintque,
1391 4736 1746 4800 consentient,
1767 4744 1926 4805 atque
1952 4736 2071 4791 ideo
2091 4737 2228 4793 bene

646 4848 847 4910 gestam
872 4833 1133 4908 synodum
1168 4831 1321 4886 novis
1361 4827 1806 4897 exagitationibns
1853 4829 2091 4884 refricari
2121 4845 2228 4885 non

647 4933 861 4987 licuisse
893 4932 1234 4997 cognoscant.
1265 4921 1365 4991 Qui
1403 4921 1445 4972 si
1481 4918 1700 4972 forsitan
1745 4919 1999 4984 dixerint,
2057 4935 2121 4974 co
2152 4931 2230 4976 te-

649 5038 780 5077 nore
813 4995 1135 5089 Ephesinam
1166 5025 1379 5084 quoque
1412 5008 1676 5080 synodum
1709 5023 1814 5063 non
1858 5010 2073 5064 licuisse
2118 5029 2231 5066 mu-

722 5201 734 5230 ι
780 5197 942 5257 Alias,
970 5191 1261 5261 apostolica:
1295 5188 1403 5243 sedi
1423 5188 1730 5261 fretumter
1757 5190 1932 5239 datum
1961 5195 2056 5252 est,
2089 5202 2227 5241 more

652 5270 922 5336 majorum,
947 5258 1688 5336 exsolvendi,adulantibus.
1720 5326 1738 5336 _
1848 5325 1860 5336 .
1886 5315 1892 5322 _

723 5325 747 5368 ί
783 5337 934 5388 llunc
963 5332 1138 5384 locum
1166 5331 1357 5382 recitat
1385 5327 1696 5382 llinemarus
1719 5325 1957 5382 Laudun.
1995 5336 2121 5380 tom.
2161 5327 2221 5393 Il,

655 5402 928 5480 pag._’5'_15,
956 5399 1210 5480 ert-epist.
1225 5394 1422 5480 Gel-geli
1443 5396 1508 5449 ad
1531 5397 1870 5480 .Anasta‘siun}
1895 5397 2182 5465 principem
2211 5415 2221 5447 :

654 5464 753 5534 sed
777 5464 938 5530 habet
968 5464 1167 5537 aliquid
1198 5465 1298 5537 sub
1325 5464 1481 5537 ﬁnem
1512 5467 1790 5521 dissimile.
1824 5464 2081 5520 Minonis,

727 5550 746 5578 ³
786 5546 916 5601 Cod.
954 5533 1172 5602 Verum,
1211 5535 1321 5590 sola
1363 5533 1605 5587 submovit
1655 5549 1698 5586 et
1741 5537 1962 5590 veritate.
1987 5565 2054 5574 —
2102 5537 2230 5590 So!a

657 5617 900 5674 submovit
929 5625 974 5667 et
1002 5609 1301 5665 auctoritate
1321 5604 1450 5658 sedis
1473 5603 1762 5673 apostolica:
1782 5608 2052 5660 concilium
2068 5606 2222 5660 (Ilia!-

659 5690 935 5744 cedonense
970 5690 1220 5736 coactum.
1253 5675 1512 5731 Lanatus.

729 5759 750 5789 δ
791 5755 992 5810 Inclusa
1023 5749 1324 5821 parenthesi
1352 5761 1446 5816 per
1468 5745 1598 5800 duas
1639 5745 1750 5802 fere
1779 5750 1995 5817 paginas
2029 5750 2221 5804 desunt

2335 4649 2574 4717 praebere
2620 4663 2958 4703 consensum.
3015 4653 3190 4720 Atque
3231 4649 3350 4704 ideo
3397 4651 3550 4706 nobis
3582 4663 3824 4705 necesse
3867 4669 3890 4707 ς

2336 4756 2549 4810 pravam
2584 4756 2996 4810 perversamque
3045 4743 3453 4813 conspirationis
3482 4743 3644 4809 illius,
3682 4751 3741 4797 et
3773 4743 3890 4795 latr

2339 4833 2566 4886 cinalem
2589 4831 2754 4886 fuisse
2779 4833 3093 4901 perhibeant
3120 4835 3404 4897 actionem,
3424 4848 3651 4902 eamque
3675 4833 3890 4890 debitis

2339 4923 2510 4978 modis
2539 4923 2783 4977 omnibus
2812 4924 3034 4989 aboleri,
3059 4932 3112 4977 et
3140 4925 3257 4978 ideo
3277 4924 3493 4991 justam,
3519 4924 3749 4989 bonam,
3787 4941 3890 4978 ver

2340 5017 2476 5069 citer
2503 5015 2862 5070 Christianam
2885 5015 3375 5069 Chalcedonensem
3408 5011 3675 5084 synodum
3712 5030 3890 5084 preci

2342 5193 2391 5241 in
2418 5189 2603 5244 codice
2623 5188 2942 5243 Veronensi.
2977 5188 3280 5254 Eorumque
3304 5195 3422 5239 loco
3465 5185 3578 5240 hac
3614 5186 3890 5246 habent“

2338 5259 2402 5312 In
2429 5277 2529 5328 qua
2549 5269 2603 5311 ut
2633 5273 2753 5327 ergo
2789 5261 2899 5310 sola
2920 5260 3011 5328 jus
3041 5256 3211 5308 habuit
3241 5255 3533 5328 absolvendi
3562 5273 3648 5311 eos
3680 5275 3821 5325 quos
3865 5281 3890 5314 ,ς

2338 5327 2518 5381 nodica
2541 5331 2739 5382 decreta
2771 5327 3110 5395 perculerant,
3130 5328 3200 5377 sic
3221 5327 3369 5378 etiam
3393 5328 3500 5380 sine
3523 5331 3728 5397 synodo
3755 5332 3816 5383 in
3855 5335 3890 5386 la

2338 5401 2514 5454 eadem
2553 5415 2708 5451 causa
2746 5398 2992 5463 plurimos
3019 5398 3175 5467 etiam
3202 5399 3620 5467 naetropolitanoa
3649 5402 3890 5457 damna:

2337 5469 2672 5538 cognoscitur.
2725 5468 2873 5538 Quod
2922 5467 2964 5519 si
3005 5467 3116 5533 quis
3148 5466 3255 5520 lucc
3291 5466 3674 5538 ab’apostolica
3704 5475 3840 5525 cede
3883 5493 3890 5523 τ

2339 5537 2615 5590 seettndunt
2646 5537 2893 5608 synodum
2923 5547 3034 5588 acta
3066 5537 3620 5607 reprc/cendit,prtcter
3652 5544 3809 5606 quod
3844 5563 3886 5608 ι)

2333 5622 2606 5660 scarorum
2637 5607 2926 5674 probatione
2948 5608 3275 5673 convincitur,
3312 5611 3511 5663 interim
3552 5611 3723 5662 multo
3771 5607 3890 5664 mm

2333 5678 2513 5730 Acacio
2535 5693 2632 5728 non
2664 5676 2864 5729 licuisse
2895 5679 3146 5746 fatebitur.
3185 5680 3327 5733 Dicat
3353 5695 3492 5748 ergo,
3514 5690 3619 5734 etc.
3649 5710 3725 5719 ——
3757 5674 3889 5733 Ilii”

2332 5748 2576 5816 superius
2603 5749 2904 5816 parenthesi
2936 5751 3141 5817 signum
3165 5777 3232 5790 —-
3263 5750 3627 5806 subtituimus.
3668 5751 3848 5805 Ευιτ.
