  <div class='ocr_page' id='page_1' title='image "/cluster/home/n/w/nwhite01/storage/ocr_20150623/59/hvd.32044073505257/064.png"; bbox 0 0 3948 6314; ppageno 0'>
   <div class='ocr_carea' id='block_1_1' title="bbox 364 250 527 267">
    <p class='ocr_par' dir='ltr' id='par_1_1' title="bbox 364 250 527 267">
     <span class='ocr_line' id='line_1_1' title="bbox 364 250 527 267; baseline -0.006 -2"><span class='ocrx_word' id='word_1_1' title='bbox 364 256 421 267; x_wconf 61' lang='grc' dir='ltr'><strong>-..αν</strong></span> <span class='ocrx_word' id='word_1_2' title='bbox 476 254 501 264; x_wconf 67' lang='grc' dir='ltr'><strong>ν</strong></span> <span class='ocrx_word' id='word_1_3' title='bbox 519 250 527 261; x_wconf 69' lang='grc' dir='ltr'>ν</span> 
     </span>
    </p>
   </div>
   <div class='ocr_carea' id='block_1_2' title="bbox 134 296 1651 403">
    <p class='ocr_par' dir='ltr' id='par_1_2' title="bbox 134 296 1615 403">
     <span class='ocr_line' id='line_1_2' title="bbox 134 296 1615 403; baseline -0.006 -21"><span class='ocrx_word' id='word_1_4' title='bbox 134 347 183 403; x_wconf 70' lang='grc' dir='ltr'><strong>ορ</strong></span> <span class='ocrx_word' id='word_1_5' title='bbox 499 296 511 305; x_wconf 75' lang='grc'>”</span> <span class='ocrx_word' id='word_1_6' title='bbox 1265 319 1615 379; x_wconf 67' lang='grc' dir='ltr'><strong>Ενιδτοιτε</strong></span> 
     </span>
    </p>
   </div>
   <div class='ocr_carea' id='block_1_3' title="bbox 1756 296 3320 403">
    <p class='ocr_par' dir='ltr' id='par_1_3' title="bbox 1786 312 3320 374">
     <span class='ocr_line' id='line_1_3' title="bbox 1786 312 3320 374; baseline -0.001 -2"><span class='ocrx_word' id='word_1_7' title='bbox 1786 316 2126 374; x_wconf 77' lang='lat' dir='ltr'><strong>DECRETA:</strong></span> <span class='ocrx_word' id='word_1_8' title='bbox 3253 312 3320 370; x_wconf 86' lang='lat'><strong>70</strong></span> 
     </span>
    </p>
   </div>
   <div class='ocr_carea' id='block_1_4' title="bbox 136 428 3379 515">
    <p class='ocr_par' dir='ltr' id='par_1_4' title="bbox 136 428 3379 515">
     <span class='ocr_line' id='line_1_4' title="bbox 136 428 3379 515; baseline -0.01 -1"><span class='ocrx_word' id='word_1_9' title='bbox 136 460 235 515; x_wconf 84' lang='lat' dir='ltr'><strong>sisse</strong></span> <span class='ocrx_word' id='word_1_10' title='bbox 257 452 497 513; x_wconf 84' lang='lat' dir='ltr'><strong>deﬁniant,</strong></span> <span class='ocrx_word' id='word_1_11' title='bbox 525 448 571 500; x_wconf 91' lang='lat' dir='ltr'><strong>in</strong></span> <span class='ocrx_word' id='word_1_12' title='bbox 602 447 681 498; x_wconf 87' lang='lat' dir='ltr'><strong>his</strong></span> <span class='ocrx_word' id='word_1_13' title='bbox 710 443 903 513; x_wconf 85' lang='lat' dir='ltr'><strong>quibus</strong></span> <span class='ocrx_word' id='word_1_14' title='bbox 932 439 1223 511; x_wconf 84' lang='lat' dir='ltr'><strong>Eutychete</strong></span> <span class='ocrx_word' id='word_1_15' title='bbox 1250 437 1494 507; x_wconf 84' lang='lat' dir='ltr'><strong>depulso,</strong></span> <span class='ocrx_word' id='word_1_16' title='bbox 1513 448 1632 489; x_wconf 90' lang='lat' dir='ltr'><strong>cum</strong></span> <span class='ocrx_word' id='word_1_17' title='bbox 1662 432 1714 494; x_wconf 74' lang='grc' dir='ltr'>Α</span> <span class='ocrx_word' id='word_1_18' title='bbox 1740 433 2054 488; x_wconf 86' lang='lat' dir='ltr'><strong>criminibus</strong></span> <span class='ocrx_word' id='word_1_19' title='bbox 2082 432 2350 487; x_wconf 89' lang='lat' dir='ltr'><strong>involutos</strong></span> <span class='ocrx_word' id='word_1_20' title='bbox 2372 446 2468 487; x_wconf 86' lang='lat' dir='ltr'><strong>sua</strong></span> <span class='ocrx_word' id='word_1_21' title='bbox 2514 431 2820 500; x_wconf 81' lang='lat' dir='ltr'><strong>provisione</strong></span> <span class='ocrx_word' id='word_1_22' title='bbox 2856 428 3176 499; x_wconf 75' lang='lat' dir='ltr'><strong>supposuit?</strong></span> <span class='ocrx_word' id='word_1_23' title='bbox 3206 429 3318 495; x_wconf 80' lang='lat' dir='ltr'><strong>Qua</strong></span> <span class='ocrx_word' id='word_1_24' title='bbox 3368 428 3379 441; x_wconf 84' lang='grc'><strong>“</strong></span> 
     </span>
    </p>
   </div>
   <div class='ocr_carea' id='block_1_5' title="bbox 137 534 1634 604">
    <p class='ocr_par' dir='ltr' id='par_1_5' title="bbox 137 534 1634 604">
     <span class='ocr_line' id='line_1_5' title="bbox 137 534 1634 604; baseline -0.018 1"><span class='ocrx_word' id='word_1_25' title='bbox 137 547 398 604; x_wconf 72' lang='lat' dir='ltr'><strong>sinistriore</strong></span> <span class='ocrx_word' id='word_1_26' title='bbox 439 541 723 599; x_wconf 85' lang='lat' dir='ltr'><strong>Dioscoro,</strong></span> <span class='ocrx_word' id='word_1_27' title='bbox 762 534 1006 588; x_wconf 70' lang='lat' dir='ltr'><strong>lmresim</strong></span> <span class='ocrx_word' id='word_1_28' title='bbox 1054 544 1238 585; x_wconf 88' lang='lat' dir='ltr'><strong>eorum</strong></span> <span class='ocrx_word' id='word_1_29' title='bbox 1286 541 1634 595; x_wconf 83' lang='lat' dir='ltr'><strong>erroremque</strong></span> 
     </span>
    </p>
   </div>
   <div class='ocr_carea' id='block_1_6' title="bbox 136 612 1630 699">
    <p class='ocr_par' dir='ltr' id='par_1_6' title="bbox 136 612 1630 699">
     <span class='ocr_line' id='line_1_6' title="bbox 136 612 1630 699; baseline -0.017 -3"><span class='ocrx_word' id='word_1_30' title='bbox 136 639 353 697; x_wconf 70' lang='lat' dir='ltr'><strong>deraserit.</strong></span> <span class='ocrx_word' id='word_1_31' title='bbox 374 636 507 691; x_wconf 87' lang='lat' dir='ltr'><strong>Ilanc</strong></span> <span class='ocrx_word' id='word_1_32' title='bbox 526 646 649 699; x_wconf 81' lang='lat' dir='ltr'><strong>ergo</strong></span> <span class='ocrx_word' id='word_1_33' title='bbox 672 612 1042 699; x_wconf 28' lang='lat' dir='ltr'><strong>synodum-(ut</strong></span> <span class='ocrx_word' id='word_1_34' title='bbox 1062 625 1261 678; x_wconf 88' lang='lat' dir='ltr'><strong>dictum</strong></span> <span class='ocrx_word' id='word_1_35' title='bbox 1287 622 1390 690; x_wconf 91' lang='lat' dir='ltr'><strong>est)</strong></span> <span class='ocrx_word' id='word_1_36' title='bbox 1415 623 1630 685; x_wconf 89' lang='lat' dir='ltr'><strong>bonam,</strong></span> 
     </span>
    </p>
   </div>
   <div class='ocr_carea' id='block_1_7' title="bbox 134 713 1630 798">
    <p class='ocr_par' dir='ltr' id='par_1_7' title="bbox 134 713 1630 798">
     <span class='ocr_line' id='line_1_7' title="bbox 134 713 1630 798; baseline -0.017 -8"><span class='ocrx_word' id='word_1_37' title='bbox 134 748 288 795; x_wconf 72' lang='lat' dir='ltr'><strong>teratu,</strong></span> <span class='ocrx_word' id='word_1_38' title='bbox 322 730 517 798; x_wconf 84' lang='lat' dir='ltr'><strong>justam,</strong></span> <span class='ocrx_word' id='word_1_39' title='bbox 558 722 1023 788; x_wconf 78' lang='lat' dir='ltr'><strong>Cbristianamque</strong></span> <span class='ocrx_word' id='word_1_40' title='bbox 1065 732 1185 773; x_wconf 90' lang='lat' dir='ltr'><strong>esse</strong></span> <span class='ocrx_word' id='word_1_41' title='bbox 1221 732 1325 769; x_wconf 90' lang='lat' dir='ltr'><strong>non</strong></span> <span class='ocrx_word' id='word_1_42' title='bbox 1365 713 1630 777; x_wconf 88' lang='lat' dir='ltr'><strong>dubitant,</strong></span> 
     </span>
    </p>
   </div>
   <div class='ocr_carea' id='block_1_8' title="bbox 137 808 1631 895">
    <p class='ocr_par' dir='ltr' id='par_1_8' title="bbox 137 808 1631 895">
     <span class='ocr_line' id='line_1_8' title="bbox 137 808 1631 895; baseline -0.015 -15"><span class='ocrx_word' id='word_1_43' title='bbox 137 837 351 895; x_wconf 75' lang='lat' dir='ltr'><strong>perquam</strong></span> <span class='ocrx_word' id='word_1_44' title='bbox 390 821 465 873; x_wconf 90' lang='lat' dir='ltr'><strong>illa</strong></span> <span class='ocrx_word' id='word_1_45' title='bbox 509 816 666 871; x_wconf 77' lang='lat' dir='ltr'><strong>noxia</strong></span> <span class='ocrx_word' id='word_1_46' title='bbox 718 816 787 867; x_wconf 85' lang='lat' dir='ltr'><strong>sit</strong></span> <span class='ocrx_word' id='word_1_47' title='bbox 829 820 1052 866; x_wconf 89' lang='lat' dir='ltr'><strong>remota.</strong></span> <span class='ocrx_word' id='word_1_48' title='bbox 1112 808 1442 875; x_wconf 80' lang='lat' dir='ltr'><strong>Perspiciant</strong></span> <span class='ocrx_word' id='word_1_49' title='bbox 1482 819 1631 873; x_wconf 84' lang='lat' dir='ltr'><strong>ergo,</strong></span> 
     </span>
    </p>
   </div>
   <div class='ocr_carea' id='block_1_9' title="bbox 135 897 1634 979">
    <p class='ocr_par' dir='ltr' id='par_1_9' title="bbox 135 897 1634 979">
     <span class='ocr_line' id='line_1_9' title="bbox 135 897 1634 979; baseline -0.017 -8"><span class='ocrx_word' id='word_1_50' title='bbox 135 916 385 979; x_wconf 74' lang='lat' dir='ltr'><strong>tandemque</strong></span> <span class='ocrx_word' id='word_1_51' title='bbox 426 905 734 967; x_wconf 85' lang='lat' dir='ltr'><strong>concedant,</strong></span> <span class='ocrx_word' id='word_1_52' title='bbox 770 902 911 971; x_wconf 89' lang='lat' dir='ltr'><strong>quod</strong></span> <span class='ocrx_word' id='word_1_53' title='bbox 960 900 1199 969; x_wconf 84' lang='lat' dir='ltr'><strong>quisquis</strong></span> <span class='ocrx_word' id='word_1_54' title='bbox 1227 898 1294 951; x_wconf 93' lang='lat' dir='ltr'><strong>ab</strong></span> <span class='ocrx_word' id='word_1_55' title='bbox 1335 898 1451 964; x_wconf 85' lang='lat' dir='ltr'><strong>ejus</strong></span> <span class='ocrx_word' id='word_1_56' title='bbox 1479 897 1634 963; x_wconf 71' lang='lat' dir='ltr'><strong>justm</strong></span> 
     </span>
    </p>
   </div>
   <div class='ocr_carea' id='block_1_10' title="bbox 134 990 1636 1065">
    <p class='ocr_par' dir='ltr' id='par_1_10' title="bbox 134 990 1636 1065">
     <span class='ocr_line' id='line_1_10' title="bbox 134 990 1636 1065; baseline -0.013 -6"><span class='ocrx_word' id='word_1_57' title='bbox 134 1004 449 1061; x_wconf 78' lang='lat' dir='ltr'><strong>etChristisnzc</strong></span> <span class='ocrx_word' id='word_1_58' title='bbox 476 1012 721 1065; x_wconf 78' lang='lat' dir='ltr'><strong>veraeque</strong></span> <span class='ocrx_word' id='word_1_59' title='bbox 757 992 946 1065; x_wconf 83' lang='lat' dir='ltr'><strong>synodi</strong></span> <span class='ocrx_word' id='word_1_60' title='bbox 990 992 1113 1054; x_wconf 89' lang='lat' dir='ltr'><strong>ﬁde,</strong></span> <span class='ocrx_word' id='word_1_61' title='bbox 1160 990 1536 1043; x_wconf 83' lang='lat' dir='ltr'><strong>communione</strong></span> <span class='ocrx_word' id='word_1_62' title='bbox 1582 998 1636 1040; x_wconf 88' lang='lat' dir='ltr'><strong>et</strong></span> 
     </span>
    </p>
   </div>
   <div class='ocr_carea' id='block_1_11' title="bbox 135 1082 1635 1153">
    <p class='ocr_par' dir='ltr' id='par_1_11' title="bbox 135 1082 1635 1153">
     <span class='ocr_line' id='line_1_11' title="bbox 135 1082 1635 1153; baseline -0.012 -4"><span class='ocrx_word' id='word_1_63' title='bbox 135 1099 309 1152; x_wconf 72' lang='lat' dir='ltr'><strong>veritate</strong></span> <span class='ocrx_word' id='word_1_64' title='bbox 331 1089 618 1153; x_wconf 79' lang='lat' dir='ltr'><strong>deviaverit,</strong></span> <span class='ocrx_word' id='word_1_65' title='bbox 652 1088 738 1143; x_wconf 90' lang='lat' dir='ltr'><strong>vel</strong></span> <span class='ocrx_word' id='word_1_66' title='bbox 787 1088 853 1141; x_wconf 87' lang='lat' dir='ltr'><strong>ab</strong></span> <span class='ocrx_word' id='word_1_67' title='bbox 900 1100 961 1139; x_wconf 90' lang='lat' dir='ltr'><strong>ea</strong></span> <span class='ocrx_word' id='word_1_68' title='bbox 992 1082 1337 1139; x_wconf 87' lang='lat' dir='ltr'><strong>deviantibus</strong></span> <span class='ocrx_word' id='word_1_69' title='bbox 1390 1095 1635 1135; x_wconf 87' lang='lat' dir='ltr'><strong>commu-</strong></span> 
     </span>
    </p>
   </div>
   <div class='ocr_carea' id='block_1_12' title="bbox 134 1180 1634 1247">
    <p class='ocr_par' dir='ltr' id='par_1_12' title="bbox 134 1180 1634 1247">
     <span class='ocr_line' id='line_1_12' title="bbox 134 1180 1634 1247; baseline -0.013 -4"><span class='ocrx_word' id='word_1_70' title='bbox 134 1193 294 1244; x_wconf 83' lang='lat' dir='ltr'><strong>nionem</strong></span> <span class='ocrx_word' id='word_1_71' title='bbox 337 1184 614 1247; x_wconf 84' lang='lat' dir='ltr'><strong>tniscuerit,</strong></span> <span class='ocrx_word' id='word_1_72' title='bbox 662 1180 993 1235; x_wconf 84' lang='lat' dir='ltr'><strong>sufﬁcienter</strong></span> <span class='ocrx_word' id='word_1_73' title='bbox 1040 1185 1200 1244; x_wconf 89' lang='lat' dir='ltr'><strong>atque</strong></span> <span class='ocrx_word' id='word_1_74' title='bbox 1249 1181 1634 1241; x_wconf 70' lang='lat' dir='ltr'><strong>competenter,</strong></span> 
     </span>
    </p>
   </div>
   <div class='ocr_carea' id='block_1_13' title="bbox 132 1263 1635 1340">
    <p class='ocr_par' dir='ltr' id='par_1_13' title="bbox 132 1263 1635 1340">
     <span class='ocr_line' id='line_1_13' title="bbox 132 1263 1635 1340; baseline -0.01 -8"><span class='ocrx_word' id='word_1_75' title='bbox 132 1277 358 1332; x_wconf 61' lang='lat' dir='ltr'><strong>secundum</strong></span> <span class='ocrx_word' id='word_1_76' title='bbox 383 1274 537 1340; x_wconf 87' lang='lat' dir='ltr'><strong>ipsius</strong></span> <span class='ocrx_word' id='word_1_77' title='bbox 563 1270 806 1331; x_wconf 85' lang='lat' dir='ltr'><strong>deﬁnita,</strong></span> <span class='ocrx_word' id='word_1_78' title='bbox 861 1276 1099 1321; x_wconf 88' lang='lat' dir='ltr'><strong>teneatur</strong></span> <span class='ocrx_word' id='word_1_79' title='bbox 1145 1263 1453 1325; x_wconf 87' lang='lat' dir='ltr'><strong>obstrictus,</strong></span> <span class='ocrx_word' id='word_1_80' title='bbox 1500 1277 1635 1330; x_wconf 91' lang='lat' dir='ltr'><strong>quo-</strong></span> 
     </span>
    </p>
   </div>
   <div class='ocr_carea' id='block_1_14' title="bbox 138 1354 1638 1435">
    <p class='ocr_par' dir='ltr' id='par_1_14' title="bbox 138 1354 1638 1435">
     <span class='ocr_line' id='line_1_14' title="bbox 138 1354 1638 1435; baseline -0.01 -14"><span class='ocrx_word' id='word_1_81' title='bbox 138 1376 237 1422; x_wconf 66' lang='lat' dir='ltr'><strong>niam</strong></span> <span class='ocrx_word' id='word_1_82' title='bbox 274 1368 389 1421; x_wconf 82' lang='lat' dir='ltr'><strong>mala</strong></span> <span class='ocrx_word' id='word_1_83' title='bbox 425 1363 661 1435; x_wconf 82' lang='lat' dir='ltr'><strong>synodus</strong></span> <span class='ocrx_word' id='word_1_84' title='bbox 702 1362 842 1415; x_wconf 84' lang='lat' dir='ltr'><strong>bona</strong></span> <span class='ocrx_word' id='word_1_85' title='bbox 884 1358 1068 1413; x_wconf 89' lang='lat' dir='ltr'><strong>debuit</strong></span> <span class='ocrx_word' id='word_1_86' title='bbox 1114 1354 1443 1409; x_wconf 88' lang='lat' dir='ltr'><strong>submoveri.</strong></span> <span class='ocrx_word' id='word_1_87' title='bbox 1496 1354 1638 1415; x_wconf 79' lang='lat' dir='ltr'><strong>Bona</strong></span> 
     </span>
    </p>
   </div>
   <div class='ocr_carea' id='block_1_15' title="bbox 136 1443 1641 1528">
    <p class='ocr_par' dir='ltr' id='par_1_15' title="bbox 136 1443 1641 1528">
     <span class='ocr_line' id='line_1_15' title="bbox 136 1443 1641 1528; baseline -0.011 -15"><span class='ocrx_word' id='word_1_88' title='bbox 136 1476 224 1513; x_wconf 76' lang='lat' dir='ltr'><strong>vero</strong></span> <span class='ocrx_word' id='word_1_89' title='bbox 242 1457 447 1528; x_wconf 79' lang='lat' dir='ltr'><strong>synodus</strong></span> <span class='ocrx_word' id='word_1_90' title='bbox 472 1454 616 1507; x_wconf 85' lang='lat' dir='ltr'><strong>nulla</strong></span> <span class='ocrx_word' id='word_1_91' title='bbox 644 1466 808 1505; x_wconf 82' lang='lat' dir='ltr'><strong>causa</strong></span> <span class='ocrx_word' id='word_1_92' title='bbox 841 1458 923 1504; x_wconf 89' lang='lat' dir='ltr'><strong>est</strong></span> <span class='ocrx_word' id='word_1_93' title='bbox 950 1464 1043 1502; x_wconf 87' lang='lat' dir='ltr'><strong>cur</strong></span> <span class='ocrx_word' id='word_1_94' title='bbox 1083 1446 1186 1500; x_wconf 88' lang='lat' dir='ltr'><strong>alia</strong></span> <span class='ocrx_word' id='word_1_95' title='bbox 1216 1445 1408 1501; x_wconf 74' lang='lat' dir='ltr'><strong>delicat</strong></span> <span class='ocrx_word' id='word_1_96' title='bbox 1438 1443 1641 1513; x_wconf 83' lang='lat' dir='ltr'><strong>synodo</strong></span> 
     </span>
    </p>
   </div>
   <div class='ocr_carea' id='block_1_16' title="bbox 134 1536 1641 1613">
    <p class='ocr_par' dir='ltr' id='par_1_16' title="bbox 134 1536 1641 1613">
     <span class='ocr_line' id='line_1_16' title="bbox 134 1536 1641 1613; baseline -0.009 -11"><span class='ocrx_word' id='word_1_97' title='bbox 134 1550 363 1611; x_wconf 77' lang='lat' dir='ltr'><strong>retractari,</strong></span> <span class='ocrx_word' id='word_1_98' title='bbox 395 1562 455 1600; x_wconf 85' lang='lat' dir='ltr'><strong>ne</strong></span> <span class='ocrx_word' id='word_1_99' title='bbox 484 1547 593 1613; x_wconf 86' lang='lat' dir='ltr'><strong>ipsa</strong></span> <span class='ocrx_word' id='word_1_100' title='bbox 622 1543 935 1598; x_wconf 82' lang='lat' dir='ltr'><strong>retractatio</strong></span> <span class='ocrx_word' id='word_1_101' title='bbox 955 1540 1071 1608; x_wconf 88' lang='lat' dir='ltr'><strong>ejus</strong></span> <span class='ocrx_word' id='word_1_102' title='bbox 1091 1538 1395 1595; x_wconf 86' lang='lat' dir='ltr'><strong>constitutis</strong></span> <span class='ocrx_word' id='word_1_103' title='bbox 1419 1536 1641 1604; x_wconf 81' lang='lat' dir='ltr'><strong>deroget</strong></span> 
     </span>
    </p>
   </div>
   <div class='ocr_carea' id='block_1_17' title="bbox 136 1626 1642 1703">
    <p class='ocr_par' dir='ltr' id='par_1_17' title="bbox 136 1626 1642 1703">
     <span class='ocr_line' id='line_1_17' title="bbox 136 1626 1642 1703; baseline -0.009 -9"><span class='ocrx_word' id='word_1_104' title='bbox 136 1643 389 1695; x_wconf 73' lang='lat' dir='ltr'><strong>ﬁrmitatem.</strong></span> <span class='ocrx_word' id='word_1_105' title='bbox 422 1636 649 1691; x_wconf 75' lang='lat' dir='ltr'><strong>Proinde</strong></span> <span class='ocrx_word' id='word_1_106' title='bbox 676 1632 978 1703; x_wconf 84' lang='lat' dir='ltr'><strong>quicunque</strong></span> <span class='ocrx_word' id='word_1_107' title='bbox 1007 1627 1435 1697; x_wconf 80' lang='lat' dir='ltr'><strong>congregationis</strong></span> <span class='ocrx_word' id='word_1_108' title='bbox 1467 1626 1642 1692; x_wconf 84' lang='lat' dir='ltr'><strong>Ephe-</strong></span> 
     </span>
    </p>
   </div>
   <div class='ocr_carea' id='block_1_18' title="bbox 133 1714 1641 1792">
    <p class='ocr_par' dir='ltr' id='par_1_18' title="bbox 133 1714 1641 1792">
     <span class='ocr_line' id='line_1_18' title="bbox 133 1714 1641 1792; baseline -0.012 -7"><span class='ocrx_word' id='word_1_109' title='bbox 133 1734 223 1785; x_wconf 69' lang='lat' dir='ltr'><strong>siae</strong></span> <span class='ocrx_word' id='word_1_110' title='bbox 243 1739 458 1785; x_wconf 83' lang='lat' dir='ltr'><strong>teneatur</strong></span> <span class='ocrx_word' id='word_1_111' title='bbox 482 1726 703 1790; x_wconf 76' lang='lat' dir='ltr'><strong>aﬁ‘cctu,</strong></span> <span class='ocrx_word' id='word_1_112' title='bbox 728 1722 853 1792; x_wconf 90' lang='lat' dir='ltr'><strong>quid</strong></span> <span class='ocrx_word' id='word_1_113' title='bbox 876 1721 1048 1775; x_wconf 90' lang='lat' dir='ltr'><strong>adhuc</strong></span> <span class='ocrx_word' id='word_1_114' title='bbox 1066 1719 1244 1773; x_wconf 80' lang='lat' dir='ltr'><strong>Acacii</strong></span> <span class='ocrx_word' id='word_1_115' title='bbox 1270 1714 1641 1771; x_wconf 83' lang='lat' dir='ltr'><strong>tantummodo</strong></span> 
     </span>
    </p>
   </div>
   <div class='ocr_carea' id='block_1_19' title="bbox 1738 519 3321 595">
    <p class='ocr_par' dir='ltr' id='par_1_19' title="bbox 1738 519 3321 595">
     <span class='ocr_line' id='line_1_19' title="bbox 1738 519 3321 595; baseline -0.004 -16"><span class='ocrx_word' id='word_1_116' title='bbox 1738 524 1943 595; x_wconf 84' lang='lat' dir='ltr'><strong>synodo</strong></span> <span class='ocrx_word' id='word_1_117' title='bbox 1974 532 2051 577; x_wconf 86' lang='lat' dir='ltr'><strong>tot</strong></span> <span class='ocrx_word' id='word_1_118' title='bbox 2097 524 2271 578; x_wconf 89' lang='lat' dir='ltr'><strong>aliena</strong></span> <span class='ocrx_word' id='word_1_119' title='bbox 2304 522 2576 592; x_wconf 76' lang='lat' dir='ltr'><strong>privilegia</strong></span> <span class='ocrx_word' id='word_1_120' title='bbox 2619 520 2878 577; x_wconf 86' lang='lat' dir='ltr'><strong>neiandus</strong></span> <span class='ocrx_word' id='word_1_121' title='bbox 2930 519 3211 589; x_wconf 87' lang='lat' dir='ltr'><strong>populator</strong></span> <span class='ocrx_word' id='word_1_122' title='bbox 3242 520 3321 572; x_wconf 91' lang='lat' dir='ltr'><strong>in-</strong></span> 
     </span>
    </p>
   </div>
   <div class='ocr_carea' id='block_1_20' title="bbox 1738 611 3319 683">
    <p class='ocr_par' dir='ltr' id='par_1_20' title="bbox 1738 611 3319 683">
     <span class='ocr_line' id='line_1_20' title="bbox 1738 611 3319 683; baseline -0.002 -15"><span class='ocrx_word' id='word_1_123' title='bbox 1738 614 1916 669; x_wconf 81' lang='lat' dir='ltr'><strong>vasit?</strong></span> <span class='ocrx_word' id='word_1_124' title='bbox 1962 614 2065 669; x_wconf 89' lang='lat' dir='ltr'><strong>Sed</strong></span> <span class='ocrx_word' id='word_1_125' title='bbox 2108 614 2228 669; x_wconf 88' lang='lat' dir='ltr'><strong>libri</strong></span> <span class='ocrx_word' id='word_1_126' title='bbox 2283 629 2389 669; x_wconf 92' lang='lat' dir='ltr'><strong>non</strong></span> <span class='ocrx_word' id='word_1_127' title='bbox 2447 614 2713 668; x_wconf 89' lang='lat' dir='ltr'><strong>sufﬁcient</strong></span> <span class='ocrx_word' id='word_1_128' title='bbox 2758 612 2852 683; x_wconf 77' lang='grc' dir='ltr'><strong>[αι.</strong></span> <span class='ocrx_word' id='word_1_129' title='bbox 2889 611 3237 679; x_wconf 87' lang='lat' dir='ltr'><strong>sufﬁcerent],</strong></span> <span class='ocrx_word' id='word_1_130' title='bbox 3274 612 3319 665; x_wconf 90' lang='lat' dir='ltr'><strong>si</strong></span> 
     </span>
    </p>
   </div>
   <div class='ocr_carea' id='block_1_21' title="bbox 1739 702 3321 774">
    <p class='ocr_par' dir='ltr' id='par_1_21' title="bbox 1739 702 3321 774">
     <span class='ocr_line' id='line_1_21' title="bbox 1739 702 3321 774; baseline -0.002 -14"><span class='ocrx_word' id='word_1_131' title='bbox 1739 705 2027 774; x_wconf 66' lang='lat' dir='ltr'><strong>tragoedias</strong></span> <span class='ocrx_word' id='word_1_132' title='bbox 2048 705 2162 772; x_wconf 87' lang='lat' dir='ltr'><strong>ejus</strong></span> <span class='ocrx_word' id='word_1_133' title='bbox 2190 718 2320 772; x_wconf 88' lang='lat' dir='ltr'><strong>quas</strong></span> <span class='ocrx_word' id='word_1_134' title='bbox 2338 719 2431 773; x_wconf 87' lang='lat' dir='ltr'><strong>per</strong></span> <span class='ocrx_word' id='word_1_135' title='bbox 2451 704 2715 759; x_wconf 85' lang='lat' dir='ltr'><strong>Ecclesias</strong></span> <span class='ocrx_word' id='word_1_136' title='bbox 2733 704 2895 757; x_wconf 88' lang='lat' dir='ltr'><strong>totius</strong></span> <span class='ocrx_word' id='word_1_137' title='bbox 2916 702 3151 757; x_wconf 87' lang='lat' dir='ltr'><strong>Orientis</strong></span> <span class='ocrx_word' id='word_1_138' title='bbox 3164 717 3321 757; x_wconf 77' lang='lat' dir='ltr'><strong>excr-</strong></span> 
     </span>
    </p>
   </div>
   <div class='ocr_carea' id='block_1_22' title="bbox 1738 780 3322 871">
    <p class='ocr_par' dir='ltr' id='par_1_22' title="bbox 1738 780 3322 871">
     <span class='ocr_line' id='line_1_22' title="bbox 1738 780 3322 871; baseline -0.003 -22"><span class='ocrx_word' id='word_1_139' title='bbox 1738 796 1878 858; x_wconf 86' lang='lat' dir='ltr'><strong>cuit,</strong></span> <span class='ocrx_word' id='word_1_140' title='bbox 1926 794 2197 864; x_wconf 77' lang='lat' dir='ltr'><strong>sigillatim</strong></span> <span class='ocrx_word' id='word_1_141' title='bbox 2231 795 2251 826; x_wconf 79' lang='grc'>⁸</span> <span class='ocrx_word' id='word_1_142' title='bbox 2274 780 2514 871; x_wconf 22' lang='lat' dir='ltr'><strong>Scribere.</strong></span> <span class='ocrx_word' id='word_1_143' title='bbox 2540 794 2860 849; x_wconf 82' lang='lat' dir='ltr'><strong>moliamur:</strong></span> <span class='ocrx_word' id='word_1_144' title='bbox 2894 809 2962 847; x_wconf 88' lang='lat' dir='ltr'><strong>an</strong></span> <span class='ocrx_word' id='word_1_145' title='bbox 2991 792 3123 847; x_wconf 91' lang='lat' dir='ltr'><strong>illud</strong></span> <span class='ocrx_word' id='word_1_146' title='bbox 3154 791 3322 861; x_wconf 80' lang='lat' dir='ltr'><strong>ipsius</strong></span> 
     </span>
    </p>
   </div>
   <div class='ocr_carea' id='block_1_23' title="bbox 1740 883 3320 956">
    <p class='ocr_par' dir='ltr' id='par_1_23' title="bbox 1740 883 3320 956">
     <span class='ocr_line' id='line_1_23' title="bbox 1740 883 3320 956; baseline -0.004 -14"><span class='ocrx_word' id='word_1_147' title='bbox 1740 895 2111 956; x_wconf 77' lang='lat' dir='ltr'><strong>argumentum</strong></span> <span class='ocrx_word' id='word_1_148' title='bbox 2149 886 2301 940; x_wconf 87' lang='lat' dir='ltr'><strong>nobis</strong></span> <span class='ocrx_word' id='word_1_149' title='bbox 2332 885 2640 943; x_wconf 81' lang='lat' dir='ltr'><strong>existiment</strong></span> <span class='ocrx_word' id='word_1_150' title='bbox 2684 884 3083 953; x_wconf 82' lang='lat' dir='ltr'><strong>opponendum,</strong></span> <span class='ocrx_word' id='word_1_151' title='bbox 3116 898 3221 952; x_wconf 91' lang='lat' dir='ltr'><strong>quo</strong></span> <span class='ocrx_word' id='word_1_152' title='bbox 3244 883 3320 949; x_wconf 86' lang='lat' dir='ltr'><strong>fa-</strong></span> 
     </span>
    </p>
   </div>
   <div class='ocr_carea' id='block_1_24' title="bbox 1738 974 3323 1049">
    <p class='ocr_par' dir='ltr' id='par_1_24' title="bbox 1738 974 3323 1049">
     <span class='ocr_line' id='line_1_24' title="bbox 1738 974 3323 1049; baseline -0.006 -14"><span class='ocrx_word' id='word_1_153' title='bbox 1738 981 1921 1035; x_wconf 88' lang='lat' dir='ltr'><strong>cinora</strong></span> <span class='ocrx_word' id='word_1_154' title='bbox 1948 995 2040 1034; x_wconf 87' lang='lat' dir='ltr'><strong>sua</strong></span> <span class='ocrx_word' id='word_1_155' title='bbox 2073 978 2124 1032; x_wconf 91' lang='lat' dir='ltr'><strong>in</strong></span> <span class='ocrx_word' id='word_1_156' title='bbox 2153 977 2481 1046; x_wconf 87' lang='lat' dir='ltr'><strong>imperialem</strong></span> <span class='ocrx_word' id='word_1_157' title='bbox 2512 976 2660 1033; x_wconf 88' lang='lat' dir='ltr'><strong>nisus</strong></span> <span class='ocrx_word' id='word_1_158' title='bbox 2684 976 2778 1049; x_wconf 75' lang='grc' dir='ltr'><em>[ιιι.</em></span> <span class='ocrx_word' id='word_1_159' title='bbox 2824 974 2989 1045; x_wconf 74' lang='lat' dir='ltr'><strong>visus]</strong></span> <span class='ocrx_word' id='word_1_160' title='bbox 3018 984 3098 1029; x_wconf 89' lang='lat' dir='ltr'><strong>est</strong></span> <span class='ocrx_word' id='word_1_161' title='bbox 3120 974 3323 1042; x_wconf 90' lang='lat' dir='ltr'><strong>jactare</strong></span> 
     </span>
    </p>
   </div>
   <div class='ocr_carea' id='block_1_25' title="bbox 1742 1065 3324 1139">
    <p class='ocr_par' dir='ltr' id='par_1_25' title="bbox 1742 1065 3324 1139">
     <span class='ocr_line' id='line_1_25' title="bbox 1742 1065 3324 1139; baseline -0.004 -15"><span class='ocrx_word' id='word_1_162' title='bbox 1742 1086 2045 1139; x_wconf 81' lang='lat' dir='ltr'><strong>personam.</strong></span> <span class='ocrx_word' id='word_1_163' title='bbox 2095 1070 2201 1123; x_wconf 83' lang='lat' dir='ltr'><strong>Cur</strong></span> <span class='ocrx_word' id='word_1_164' title='bbox 2244 1069 2401 1137; x_wconf 83' lang='lat' dir='ltr'><strong>igitur</strong></span> <span class='ocrx_word' id='word_1_165' title='bbox 2443 1067 2655 1135; x_wconf 80' lang='lat' dir='ltr'><strong>quando</strong></span> <span class='ocrx_word' id='word_1_166' title='bbox 2687 1068 2874 1132; x_wconf 82' lang='lat' dir='ltr'><strong>voluit,</strong></span> <span class='ocrx_word' id='word_1_167' title='bbox 2910 1066 3131 1121; x_wconf 81' lang='lat' dir='ltr'><strong>&#39;obstitit</strong></span> <span class='ocrx_word' id='word_1_168' title='bbox 3176 1065 3324 1119; x_wconf 83' lang='lat' dir='ltr'><strong>Basi-</strong></span> 
     </span>
    </p>
   </div>
   <div class='ocr_carea' id='block_1_26' title="bbox 1741 1156 3345 1230">
    <p class='ocr_par' dir='ltr' id='par_1_26' title="bbox 1741 1156 3345 1230">
     <span class='ocr_line' id='line_1_26' title="bbox 1741 1156 3345 1230; baseline -0.006 -13"><span class='ocrx_word' id='word_1_169' title='bbox 1741 1156 1891 1228; x_wconf 35' lang='lat' dir='ltr'><strong>Iiscof</strong></span> <span class='ocrx_word' id='word_1_170' title='bbox 1908 1172 2133 1230; x_wconf 85' lang='lat' dir='ltr'><strong>tyranno</strong></span> <span class='ocrx_word' id='word_1_171' title='bbox 2165 1170 2313 1217; x_wconf 87' lang='lat' dir='ltr'><strong>certe</strong></span> <span class='ocrx_word' id='word_1_172' title='bbox 2334 1170 2387 1213; x_wconf 90' lang='lat' dir='ltr'><strong>et</strong></span> <span class='ocrx_word' id='word_1_173' title='bbox 2416 1160 2505 1230; x_wconf 85' lang='grc' dir='ltr'><strong>[αι.</strong></span> <span class='ocrx_word' id='word_1_174' title='bbox 2532 1159 2641 1215; x_wconf 78' lang='lat' dir='ltr'><strong>Cur</strong></span> <span class='ocrx_word' id='word_1_175' title='bbox 2663 1158 2736 1228; x_wconf 89' lang='lat' dir='ltr'><strong>et]</strong></span> <span class='ocrx_word' id='word_1_176' title='bbox 2765 1158 3017 1213; x_wconf 71' lang='lat' dir='ltr'><strong>ltmretico</strong></span> <span class='ocrx_word' id='word_1_177' title='bbox 3039 1158 3345 1220; x_wconf 73' lang='lat' dir='ltr'><strong>vehemen-~</strong></span> 
     </span>
    </p>
   </div>
   <div class='ocr_carea' id='block_1_27' title="bbox 1743 1251 3323 1323">
    <p class='ocr_par' dir='ltr' id='par_1_27' title="bbox 1743 1251 3323 1323">
     <span class='ocr_line' id='line_1_27' title="bbox 1743 1251 3323 1323; baseline -0.006 -12"><span class='ocrx_word' id='word_1_178' title='bbox 1743 1267 1822 1311; x_wconf 89' lang='lat' dir='ltr'><strong>ter</strong></span> <span class='ocrx_word' id='word_1_179' title='bbox 1852 1256 2081 1310; x_wconf 83' lang='lat' dir='ltr'><strong>infesto?</strong></span> <span class='ocrx_word' id='word_1_180' title='bbox 2110 1270 2206 1309; x_wconf 90' lang='lat' dir='ltr'><strong>cur</strong></span> <span class='ocrx_word' id='word_1_181' title='bbox 2227 1254 2325 1323; x_wconf 83' lang='lat' dir='ltr'><strong>ipsi</strong></span> <span class='ocrx_word' id='word_1_182' title='bbox 2382 1251 2693 1321; x_wconf 83' lang='lat' dir='ltr'><strong>imperatori</strong></span> <span class='ocrx_word' id='word_1_183' title='bbox 2724 1252 2924 1307; x_wconf 84' lang='lat' dir='ltr'><strong>Zenoni</strong></span> <span class='ocrx_word' id='word_1_184' title='bbox 2945 1292 2959 1316; x_wconf 93' lang='lat'><strong>,</strong></span> <span class='ocrx_word' id='word_1_185' title='bbox 2991 1252 3111 1319; x_wconf 84' lang='lat' dir='ltr'><strong>quia</strong></span> <span class='ocrx_word' id='word_1_186' title='bbox 3146 1254 3323 1320; x_wconf 74' lang='lat' dir='ltr'><strong>paIam</strong></span> 
     </span>
    </p>
   </div>
   <div class='ocr_carea' id='block_1_28' title="bbox 1742 1342 3322 1413">
    <p class='ocr_par' dir='ltr' id='par_1_28' title="bbox 1742 1342 3322 1413">
     <span class='ocr_line' id='line_1_28' title="bbox 1742 1342 3322 1413; baseline -0.004 -11"><span class='ocrx_word' id='word_1_187' title='bbox 1742 1345 2076 1403; x_wconf 82' lang='lat' dir='ltr'><strong>Autiocheno</strong></span> <span class='ocrx_word' id='word_1_188' title='bbox 2131 1344 2292 1399; x_wconf 87' lang='lat' dir='ltr'><strong>Petro</strong></span> <span class='ocrx_word' id='word_1_189' title='bbox 2342 1342 2511 1397; x_wconf 91' lang='lat' dir='ltr'><strong>noluit</strong></span> <span class='ocrx_word' id='word_1_190' title='bbox 2556 1343 2991 1406; x_wconf 86' lang='lat' dir='ltr'><strong>communicare,</strong></span> <span class='ocrx_word' id='word_1_191' title='bbox 3025 1356 3173 1395; x_wconf 89' lang='lat' dir='ltr'><strong>suam</strong></span> <span class='ocrx_word' id='word_1_192' title='bbox 3216 1342 3322 1413; x_wconf 75' lang='lat' dir='ltr'><strong>[aL</strong></span> 
     </span>
    </p>
   </div>
   <div class='ocr_carea' id='block_1_29' title="bbox 1743 1433 3328 1505">
    <p class='ocr_par' dir='ltr' id='par_1_29' title="bbox 1743 1433 3328 1505">
     <span class='ocr_line' id='line_1_29' title="bbox 1743 1433 3328 1505; baseline 0 -16"><span class='ocrx_word' id='word_1_193' title='bbox 1743 1437 1886 1490; x_wconf 83' lang='lat' dir='ltr'><strong>addit</strong></span> <span class='ocrx_word' id='word_1_194' title='bbox 1928 1434 2203 1505; x_wconf 89' lang='lat' dir='ltr'><strong>nimirum]</strong></span> <span class='ocrx_word' id='word_1_195' title='bbox 2236 1450 2343 1488; x_wconf 89' lang='lat' dir='ltr'><strong>non</strong></span> <span class='ocrx_word' id='word_1_196' title='bbox 2383 1433 2621 1495; x_wconf 80' lang='lat' dir='ltr'><strong>subdidit</strong></span> <span class='ocrx_word' id='word_1_197' title='bbox 2663 1434 2985 1489; x_wconf 72' lang='lat' dir='ltr'><strong>voluntatem</strong></span> <span class='ocrx_word' id='word_1_198' title='bbox 3013 1434 3030 1484; x_wconf 74' lang='grc' dir='ltr'><em>Ι</em></span> <span class='ocrx_word' id='word_1_199' title='bbox 3064 1434 3199 1487; x_wconf 88' lang='lat' dir='ltr'><strong>Ecce</strong></span> <span class='ocrx_word' id='word_1_200' title='bbox 3233 1451 3328 1502; x_wconf 86' lang='lat' dir='ltr'><strong>po-</strong></span> 
     </span>
    </p>
   </div>
   <div class='ocr_carea' id='block_1_30' title="bbox 1746 1524 3322 1596">
    <p class='ocr_par' dir='ltr' id='par_1_30' title="bbox 1746 1524 3322 1596">
     <span class='ocr_line' id='line_1_30' title="bbox 1746 1524 3322 1596; baseline -0.003 -13"><span class='ocrx_word' id='word_1_201' title='bbox 1746 1528 1842 1583; x_wconf 90' lang='lat' dir='ltr'><strong>tnit</strong></span> <span class='ocrx_word' id='word_1_202' title='bbox 1873 1537 1920 1582; x_wconf 92' lang='lat' dir='ltr'><strong>et</strong></span> <span class='ocrx_word' id='word_1_203' title='bbox 1955 1528 2006 1581; x_wconf 92' lang='lat' dir='ltr'><strong>in</strong></span> <span class='ocrx_word' id='word_1_204' title='bbox 2038 1527 2165 1582; x_wconf 80' lang='lat' dir='ltr'><strong>aliis</strong></span> <span class='ocrx_word' id='word_1_205' title='bbox 2205 1527 2486 1593; x_wconf 82' lang='lat' dir='ltr'><strong>resultare,</strong></span> <span class='ocrx_word' id='word_1_206' title='bbox 2522 1528 2541 1558; x_wconf 73' lang='grc' dir='ltr'><strong>θ</strong></span> <span class='ocrx_word' id='word_1_207' title='bbox 2569 1526 2613 1581; x_wconf 90' lang='lat' dir='ltr'><strong>si</strong></span> <span class='ocrx_word' id='word_1_208' title='bbox 2656 1526 2818 1580; x_wconf 81' lang='lat' dir='ltr'><strong>vellet</strong></span> <span class='ocrx_word' id='word_1_209' title='bbox 2849 1524 2941 1596; x_wconf 83' lang='grc' dir='ltr'><strong>[αι.</strong></span> <span class='ocrx_word' id='word_1_210' title='bbox 2988 1526 3081 1580; x_wconf 87' lang='lat' dir='ltr'><strong>sed</strong></span> <span class='ocrx_word' id='word_1_211' title='bbox 3133 1525 3322 1581; x_wconf 89' lang='lat' dir='ltr'><strong>noluit.</strong></span> 
     </span>
    </p>
   </div>
   <div class='ocr_carea' id='block_1_31' title="bbox 1743 1612 3325 1688">
    <p class='ocr_par' dir='ltr' id='par_1_31' title="bbox 1743 1612 3325 1688">
     <span class='ocr_line' id='line_1_31' title="bbox 1743 1612 3325 1688; baseline -0.001 -13"><span class='ocrx_word' id='word_1_212' title='bbox 1743 1622 1823 1675; x_wconf 84' lang='lat' dir='ltr'><strong>An</strong></span> <span class='ocrx_word' id='word_1_213' title='bbox 1854 1633 1956 1674; x_wconf 92' lang='lat' dir='ltr'><strong>non</strong></span> <span class='ocrx_word' id='word_1_214' title='bbox 1988 1620 2277 1688; x_wconf 82' lang='lat' dir='ltr'><strong>Apostolus</strong></span> <span class='ocrx_word' id='word_1_215' title='bbox 2308 1612 2455 1685; x_wconf 81' lang='lat' dir='ltr'><strong>dicit,</strong></span> <span class='ocrx_word' id='word_1_216' title='bbox 2487 1635 2592 1673; x_wconf 92' lang='lat' dir='ltr'><strong>non</strong></span> <span class='ocrx_word' id='word_1_217' title='bbox 2623 1619 2798 1674; x_wconf 89' lang='lat' dir='ltr'><strong>solum</strong></span> <span class='ocrx_word' id='word_1_218' title='bbox 2842 1619 2931 1688; x_wconf 91' lang='lat' dir='ltr'><strong>qui</strong></span> <span class='ocrx_word' id='word_1_219' title='bbox 2976 1618 3200 1683; x_wconf 86' lang='lat' dir='ltr'><strong>faciunt,</strong></span> <span class='ocrx_word' id='word_1_220' title='bbox 3231 1634 3256 1674; x_wconf 93' lang='lat' dir='ltr'><strong>s</strong></span> <span class='ocrx_word' id='word_1_221' title='bbox 3278 1621 3325 1673; x_wconf 69' lang='lat' dir='ltr'><strong>nl</strong></span> 
     </span>
    </p>
   </div>
   <div class='ocr_carea' id='block_1_32' title="bbox 1744 1707 3329 1780">
    <p class='ocr_par' dir='ltr' id='par_1_32' title="bbox 1744 1707 3329 1780">
     <span class='ocr_line' id='line_1_32' title="bbox 1744 1707 3329 1780; baseline -0.002 -15"><span class='ocrx_word' id='word_1_222' title='bbox 1744 1712 1906 1765; x_wconf 89' lang='lat' dir='ltr'><strong>etiam</strong></span> <span class='ocrx_word' id='word_1_223' title='bbox 1935 1710 2023 1780; x_wconf 91' lang='lat' dir='ltr'><strong>qui</strong></span> <span class='ocrx_word' id='word_1_224' title='bbox 2047 1710 2389 1765; x_wconf 88' lang='lat' dir='ltr'><strong>consentiunt</strong></span> <span class='ocrx_word' id='word_1_225' title='bbox 2418 1707 2735 1767; x_wconf 83' lang='lat' dir='ltr'><strong>facientibus</strong></span> <span class='ocrx_word' id='word_1_226' title='bbox 2779 1719 2927 1763; x_wconf 83' lang='lat' dir='ltr'><strong>reatu</strong></span> <span class='ocrx_word' id='word_1_227' title='bbox 2959 1709 3157 1778; x_wconf 81' lang='lat' dir='ltr'><strong>pariter</strong></span> <span class='ocrx_word' id='word_1_228' title='bbox 3205 1719 3329 1763; x_wconf 83' lang='lat' dir='ltr'><strong>sunt</strong></span> 
     </span>
    </p>
   </div>
   <div class='ocr_carea' id='block_1_33' title="bbox 134 1796 3330 1883">
    <p class='ocr_par' dir='ltr' id='par_1_33' title="bbox 134 1796 3330 1883">
     <span class='ocr_line' id='line_1_33' title="bbox 134 1796 3330 1883; baseline -0.007 -7"><span class='ocrx_word' id='word_1_229' title='bbox 134 1837 273 1878; x_wconf 82' lang='lat' dir='ltr'><strong>nomen</strong></span> <span class='ocrx_word' id='word_1_230' title='bbox 298 1818 597 1882; x_wconf 82' lang='lat' dir='ltr'><strong>obtendunt,</strong></span> <span class='ocrx_word' id='word_1_231' title='bbox 631 1828 687 1873; x_wconf 82' lang='lat' dir='ltr'><strong>et</strong></span> <span class='ocrx_word' id='word_1_232' title='bbox 716 1830 820 1870; x_wconf 90' lang='lat' dir='ltr'><strong>non</strong></span> <span class='ocrx_word' id='word_1_233' title='bbox 852 1813 1024 1883; x_wconf 83' lang='lat' dir='ltr'><strong>palam</strong></span> <span class='ocrx_word' id='word_1_234' title='bbox 1054 1820 1349 1865; x_wconf 80' lang='lat' dir='ltr'><strong>sectatores</strong></span> <span class='ocrx_word' id='word_1_235' title='bbox 1378 1808 1640 1877; x_wconf 85' lang='lat' dir='ltr'><strong>Eutyche-</strong></span> <span class='ocrx_word' id='word_1_236' title='bbox 1670 1796 1719 1856; x_wconf 89' lang='lat' dir='ltr'><strong>B</strong></span> <span class='ocrx_word' id='word_1_237' title='bbox 1746 1804 1982 1859; x_wconf 90' lang='lat' dir='ltr'><strong>irretiti?</strong></span> <span class='ocrx_word' id='word_1_238' title='bbox 2011 1804 2199 1874; x_wconf 86' lang='lat' dir='ltr'><strong>sed...]</strong></span> <span class='ocrx_word' id='word_1_239' title='bbox 2224 1803 2317 1859; x_wconf 91' lang='lat' dir='ltr'><strong>sed</strong></span> <span class='ocrx_word' id='word_1_240' title='bbox 2348 1812 2407 1858; x_wconf 89' lang='lat' dir='ltr'><strong>ut</strong></span> <span class='ocrx_word' id='word_1_241' title='bbox 2433 1818 2496 1857; x_wconf 89' lang='lat' dir='ltr'><strong>ea</strong></span> <span class='ocrx_word' id='word_1_242' title='bbox 2523 1817 2642 1871; x_wconf 65' lang='lat' dir='ltr'><strong>quae</strong></span> <span class='ocrx_word' id='word_1_243' title='bbox 2674 1802 2835 1857; x_wconf 88' lang='lat' dir='ltr'><strong>latius</strong></span> <span class='ocrx_word' id='word_1_244' title='bbox 2864 1801 3174 1869; x_wconf 78' lang='lat' dir='ltr'><strong>explicanda</strong></span> <span class='ocrx_word' id='word_1_245' title='bbox 3207 1810 3330 1855; x_wconf 88' lang='lat' dir='ltr'><strong>sunt</strong></span> 
     </span>
    </p>
   </div>
   <div class='ocr_carea' id='block_1_34' title="bbox 132 1897 1642 1983">
    <p class='ocr_par' dir='ltr' id='par_1_34' title="bbox 132 1897 1642 1983">
     <span class='ocr_line' id='line_1_34' title="bbox 132 1897 1642 1983; baseline -0.01 -15"><span class='ocrx_word' id='word_1_246' title='bbox 132 1917 193 1977; x_wconf 79' lang='lat' dir='ltr'><strong>tis,</strong></span> <span class='ocrx_word' id='word_1_247' title='bbox 215 1915 284 1983; x_wconf 86' lang='lat' dir='ltr'><strong>qui</strong></span> <span class='ocrx_word' id='word_1_248' title='bbox 310 1913 404 1973; x_wconf 90' lang='lat' dir='ltr'><strong>illic</strong></span> <span class='ocrx_word' id='word_1_249' title='bbox 431 1920 678 1977; x_wconf 87' lang='lat' dir='ltr'><strong>receptus</strong></span> <span class='ocrx_word' id='word_1_250' title='bbox 708 1906 899 1970; x_wconf 80' lang='lat' dir='ltr'><strong>fuerat,</strong></span> <span class='ocrx_word' id='word_1_251' title='bbox 930 1903 1276 1972; x_wconf 88' lang='lat' dir='ltr'><strong>proﬁtentur;</strong></span> <span class='ocrx_word' id='word_1_252' title='bbox 1301 1901 1386 1969; x_wconf 89' lang='lat' dir='ltr'><strong>qui</strong></span> <span class='ocrx_word' id='word_1_253' title='bbox 1421 1900 1461 1953; x_wconf 88' lang='lat' dir='ltr'><strong>si</strong></span> <span class='ocrx_word' id='word_1_254' title='bbox 1495 1897 1642 1953; x_wconf 89' lang='lat' dir='ltr'><strong>refu-</strong></span> 
     </span>
    </p>
   </div>
   <div class='ocr_carea' id='block_1_35' title="bbox 126 1992 1640 2075">
    <p class='ocr_par' dir='ltr' id='par_1_35' title="bbox 126 1992 1640 2075">
     <span class='ocr_line' id='line_1_35' title="bbox 126 1992 1640 2075; baseline -0.011 -16"><span class='ocrx_word' id='word_1_255' title='bbox 126 2008 253 2075; x_wconf 66' lang='lat' dir='ltr'><strong>giunt,</strong></span> <span class='ocrx_word' id='word_1_256' title='bbox 282 2015 421 2073; x_wconf 77' lang='lat' dir='ltr'><strong>atque</strong></span> <span class='ocrx_word' id='word_1_257' title='bbox 447 2001 732 2073; x_wconf 85' lang='lat' dir='ltr'><strong>Eutychen</strong></span> <span class='ocrx_word' id='word_1_258' title='bbox 763 2014 820 2053; x_wconf 88' lang='lat' dir='ltr'><strong>se</strong></span> <span class='ocrx_word' id='word_1_259' title='bbox 848 1996 1129 2066; x_wconf 82' lang='lat' dir='ltr'><strong>perhibent</strong></span> <span class='ocrx_word' id='word_1_260' title='bbox 1158 1994 1451 2057; x_wconf 80' lang='lat' dir='ltr'><strong>exsecrari,</strong></span> <span class='ocrx_word' id='word_1_261' title='bbox 1486 1992 1640 2047; x_wconf 90' lang='lat' dir='ltr'><strong>simul</strong></span> 
     </span>
    </p>
   </div>
   <div class='ocr_carea' id='block_1_36' title="bbox 133 2085 1643 2165">
    <p class='ocr_par' dir='ltr' id='par_1_36' title="bbox 133 2085 1643 2165">
     <span class='ocr_line' id='line_1_36' title="bbox 133 2085 1643 2165; baseline -0.009 -15"><span class='ocrx_word' id='word_1_262' title='bbox 133 2107 281 2165; x_wconf 68' lang='lat' dir='ltr'><strong>ergoet</strong></span> <span class='ocrx_word' id='word_1_263' title='bbox 303 2096 630 2162; x_wconf 80' lang='lat' dir='ltr'><strong>Ephesiuam,</strong></span> <span class='ocrx_word' id='word_1_264' title='bbox 666 2106 770 2161; x_wconf 91' lang='lat' dir='ltr'><strong>qua</strong></span> <span class='ocrx_word' id='word_1_265' title='bbox 800 2089 939 2143; x_wconf 85' lang='lat' dir='ltr'><strong>male</strong></span> <span class='ocrx_word' id='word_1_266' title='bbox 967 2098 1212 2156; x_wconf 85' lang='lat' dir='ltr'><strong>receptus</strong></span> <span class='ocrx_word' id='word_1_267' title='bbox 1241 2095 1342 2151; x_wconf 85' lang='lat' dir='ltr'><strong>est,</strong></span> <span class='ocrx_word' id='word_1_268' title='bbox 1371 2085 1643 2153; x_wconf 82' lang='lat' dir='ltr'><strong>conspira-</strong></span> 
     </span>
    </p>
   </div>
   <div class='ocr_carea' id='block_1_37' title="bbox 134 2178 1640 2253">
    <p class='ocr_par' dir='ltr' id='par_1_37' title="bbox 134 2178 1640 2253">
     <span class='ocr_line' id='line_1_37' title="bbox 134 2178 1640 2253; baseline -0.009 -11"><span class='ocrx_word' id='word_1_269' title='bbox 134 2191 275 2244; x_wconf 80' lang='lat' dir='ltr'><strong>tionem</strong></span> <span class='ocrx_word' id='word_1_270' title='bbox 295 2188 396 2253; x_wconf 85' lang='lat' dir='ltr'><strong>jnre</strong></span> <span class='ocrx_word' id='word_1_271' title='bbox 426 2193 715 2246; x_wconf 84' lang='lat' dir='ltr'><strong>cessatam,</strong></span> <span class='ocrx_word' id='word_1_272' title='bbox 747 2193 799 2236; x_wconf 90' lang='lat' dir='ltr'><strong>et</strong></span> <span class='ocrx_word' id='word_1_273' title='bbox 836 2180 1329 2241; x_wconf 84' lang='lat' dir='ltr'><strong>Chalcedonensem</strong></span> <span class='ocrx_word' id='word_1_274' title='bbox 1357 2178 1640 2245; x_wconf 83' lang='lat' dir='ltr'><strong>synodum,</strong></span> 
     </span>
    </p>
   </div>
   <div class='ocr_carea' id='block_1_38' title="bbox 135 2270 1643 2346">
    <p class='ocr_par' dir='ltr' id='par_1_38' title="bbox 135 2270 1643 2346">
     <span class='ocr_line' id='line_1_38' title="bbox 135 2270 1643 2346; baseline -0.007 -15"><span class='ocrx_word' id='word_1_275' title='bbox 135 2294 205 2344; x_wconf 79' lang='lat' dir='ltr'><strong>qua</strong></span> <span class='ocrx_word' id='word_1_276' title='bbox 223 2278 383 2346; x_wconf 77' lang='lat' dir='ltr'><strong>rejecta</strong></span> <span class='ocrx_word' id='word_1_277' title='bbox 403 2286 500 2337; x_wconf 85' lang='lat' dir='ltr'><strong>est,</strong></span> <span class='ocrx_word' id='word_1_278' title='bbox 526 2275 728 2330; x_wconf 82' lang='lat' dir='ltr'><strong>merito</strong></span> <span class='ocrx_word' id='word_1_279' title='bbox 750 2271 1093 2327; x_wconf 87' lang='lat' dir='ltr'><strong>consentient</strong></span> <span class='ocrx_word' id='word_1_280' title='bbox 1122 2270 1416 2323; x_wconf 84' lang='lat' dir='ltr'><strong>institutam</strong></span> <span class='ocrx_word' id='word_1_281' title='bbox 1445 2284 1459 2332; x_wconf 88' lang='lat'><strong>;</strong></span> <span class='ocrx_word' id='word_1_282' title='bbox 1486 2276 1643 2336; x_wconf 89' lang='lat' dir='ltr'><strong>atque</strong></span> 
     </span>
    </p>
   </div>
   <div class='ocr_carea' id='block_1_39' title="bbox 136 2361 1644 2439">
    <p class='ocr_par' dir='ltr' id='par_1_39' title="bbox 136 2361 1644 2439">
     <span class='ocr_line' id='line_1_39' title="bbox 136 2361 1644 2439; baseline -0.004 -18"><span class='ocrx_word' id='word_1_283' title='bbox 136 2370 437 2439; x_wconf 73' lang='lat' dir='ltr'><strong>itasynodnrn,</strong></span> <span class='ocrx_word' id='word_1_284' title='bbox 464 2384 583 2437; x_wconf 62' lang='lat' dir='ltr'><strong>qua:</strong></span> <span class='ocrx_word' id='word_1_285' title='bbox 615 2382 716 2436; x_wconf 90' lang='lat' dir='ltr'><strong>pro</strong></span> <span class='ocrx_word' id='word_1_286' title='bbox 752 2366 853 2419; x_wconf 87' lang='lat' dir='ltr'><strong>ﬁde</strong></span> <span class='ocrx_word' id='word_1_287' title='bbox 884 2361 1145 2417; x_wconf 89' lang='lat' dir='ltr'><strong>catholica</strong></span> <span class='ocrx_word' id='word_1_288' title='bbox 1176 2363 1244 2415; x_wconf 91' lang='lat' dir='ltr'><strong>sit</strong></span> <span class='ocrx_word' id='word_1_289' title='bbox 1287 2362 1521 2430; x_wconf 74' lang='lat' dir='ltr'><strong>przcﬁxa,</strong></span> <span class='ocrx_word' id='word_1_290' title='bbox 1554 2376 1644 2415; x_wconf 89' lang='lat' dir='ltr'><strong>sc-</strong></span> 
     </span>
    </p>
   </div>
   <div class='ocr_carea' id='block_1_40' title="bbox 136 2453 1645 2521">
    <p class='ocr_par' dir='ltr' id='par_1_40' title="bbox 136 2453 1645 2521">
     <span class='ocr_line' id='line_1_40' title="bbox 136 2453 1645 2521; baseline -0.005 -9"><span class='ocrx_word' id='word_1_291' title='bbox 136 2466 305 2514; x_wconf 81' lang='lat' dir='ltr'><strong>rundunt</strong></span> <span class='ocrx_word' id='word_1_292' title='bbox 334 2470 562 2514; x_wconf 81' lang='lat' dir='ltr'><strong>veterum</strong></span> <span class='ocrx_word' id='word_1_293' title='bbox 606 2459 860 2521; x_wconf 81' lang='lat' dir='ltr'><strong>fortnam,</strong></span> <span class='ocrx_word' id='word_1_294' title='bbox 889 2457 1024 2511; x_wconf 88' lang='lat' dir='ltr'><strong>sicut</strong></span> <span class='ocrx_word' id='word_1_295' title='bbox 1055 2454 1252 2509; x_wconf 90' lang='lat' dir='ltr'><strong>dictum</strong></span> <span class='ocrx_word' id='word_1_296' title='bbox 1297 2462 1401 2516; x_wconf 88' lang='lat' dir='ltr'><strong>est,</strong></span> <span class='ocrx_word' id='word_1_297' title='bbox 1445 2453 1645 2520; x_wconf 89' lang='lat' dir='ltr'><strong>perspi-</strong></span> 
     </span>
    </p>
   </div>
   <div class='ocr_carea' id='block_1_41' title="bbox 138 2545 1642 2618">
    <p class='ocr_par' dir='ltr' id='par_1_41' title="bbox 138 2545 1642 2618">
     <span class='ocr_line' id='line_1_41' title="bbox 138 2545 1642 2618; baseline -0.007 -12"><span class='ocrx_word' id='word_1_298' title='bbox 138 2556 234 2606; x_wconf 81' lang='lat' dir='ltr'><strong>cient</strong></span> <span class='ocrx_word' id='word_1_299' title='bbox 265 2554 462 2609; x_wconf 73' lang='lat' dir='ltr'><strong>novellis</strong></span> <span class='ocrx_word' id='word_1_300' title='bbox 506 2567 612 2607; x_wconf 87' lang='lat' dir='ltr'><strong>non</strong></span> <span class='ocrx_word' id='word_1_301' title='bbox 670 2550 907 2618; x_wconf 87' lang='lat' dir='ltr'><strong>potuisse</strong></span> <span class='ocrx_word' id='word_1_302' title='bbox 949 2545 1335 2615; x_wconf 61' lang='lat' dir='ltr'><strong>quaestionibus</strong></span> <span class='ocrx_word' id='word_1_303' title='bbox 1381 2545 1642 2606; x_wconf 82' lang='lat' dir='ltr'><strong>ventilari,</strong></span> 
     </span>
    </p>
   </div>
   <div class='ocr_carea' id='block_1_42' title="bbox 138 2636 1647 2712">
    <p class='ocr_par' dir='ltr' id='par_1_42' title="bbox 138 2636 1647 2712">
     <span class='ocr_line' id='line_1_42' title="bbox 138 2636 1647 2712; baseline -0.005 -17"><span class='ocrx_word' id='word_1_304' title='bbox 138 2643 200 2695; x_wconf 74' lang='lat' dir='ltr'><strong>sed</strong></span> <span class='ocrx_word' id='word_1_305' title='bbox 238 2644 363 2710; x_wconf 74' lang='lat' dir='ltr'><strong>jtxta</strong></span> <span class='ocrx_word' id='word_1_306' title='bbox 415 2642 529 2712; x_wconf 82' lang='lat' dir='ltr'><strong>ejus</strong></span> <span class='ocrx_word' id='word_1_307' title='bbox 575 2653 823 2696; x_wconf 82' lang='lat' dir='ltr'><strong>tenorem</strong></span> <span class='ocrx_word' id='word_1_308' title='bbox 870 2639 1039 2694; x_wconf 85' lang='lat' dir='ltr'><strong>semel</strong></span> <span class='ocrx_word' id='word_1_309' title='bbox 1106 2637 1344 2706; x_wconf 67' lang='lat' dir='ltr'><strong>legitime</strong></span> <span class='ocrx_word' id='word_1_310' title='bbox 1400 2636 1647 2705; x_wconf 83' lang='lat' dir='ltr'><strong>justeque</strong></span> 
     </span>
    </p>
   </div>
   <div class='ocr_carea' id='block_1_43' title="bbox 137 2734 1644 2804">
    <p class='ocr_par' dir='ltr' id='par_1_43' title="bbox 137 2734 1644 2804">
     <span class='ocr_line' id='line_1_43' title="bbox 137 2734 1644 2804; baseline -0.004 -15"><span class='ocrx_word' id='word_1_311' title='bbox 137 2736 454 2804; x_wconf 75' lang='lat' dir='ltr'><strong>depromptum,</strong></span> <span class='ocrx_word' id='word_1_312' title='bbox 500 2746 555 2790; x_wconf 90' lang='lat' dir='ltr'><strong>et</strong></span> <span class='ocrx_word' id='word_1_313' title='bbox 597 2739 726 2803; x_wconf 87' lang='lat' dir='ltr'><strong>jure</strong></span> <span class='ocrx_word' id='word_1_314' title='bbox 783 2734 993 2802; x_wconf 86' lang='lat' dir='ltr'><strong>probari</strong></span> <span class='ocrx_word' id='word_1_315' title='bbox 1054 2742 1195 2787; x_wconf 81' lang='lat' dir='ltr'><strong>recta</strong></span> <span class='ocrx_word' id='word_1_316' title='bbox 1244 2741 1531 2793; x_wconf 87' lang='lat' dir='ltr'><strong>sectantes,</strong></span> <span class='ocrx_word' id='word_1_317' title='bbox 1592 2739 1644 2786; x_wconf 91' lang='lat' dir='ltr'><strong>et</strong></span> 
     </span>
    </p>
   </div>
   <div class='ocr_carea' id='block_1_44' title="bbox 139 2825 1645 2894">
    <p class='ocr_par' dir='ltr' id='par_1_44' title="bbox 139 2825 1645 2894">
     <span class='ocr_line' id='line_1_44' title="bbox 139 2825 1645 2894; baseline -0.002 -14"><span class='ocrx_word' id='word_1_318' title='bbox 139 2830 361 2883; x_wconf 67' lang='lat' dir='ltr'><strong>sentientes</strong></span> <span class='ocrx_word' id='word_1_319' title='bbox 385 2828 649 2881; x_wconf 81' lang='lat' dir='ltr'><strong>contraria</strong></span> <span class='ocrx_word' id='word_1_320' title='bbox 686 2826 942 2889; x_wconf 85' lang='lat' dir='ltr'><strong>refutari;</strong></span> <span class='ocrx_word' id='word_1_321' title='bbox 974 2825 1113 2894; x_wconf 89' lang='lat' dir='ltr'><strong>quod</strong></span> <span class='ocrx_word' id='word_1_322' title='bbox 1143 2825 1303 2879; x_wconf 86' lang='lat' dir='ltr'><strong>sedes</strong></span> <span class='ocrx_word' id='word_1_323' title='bbox 1331 2825 1645 2893; x_wconf 12' lang='lat' dir='ltr'><strong>aprtstolica,</strong></span> 
     </span>
    </p>
   </div>
   <div class='ocr_carea' id='block_1_45' title="bbox 139 2912 1647 2985">
    <p class='ocr_par' dir='ltr' id='par_1_45' title="bbox 139 2912 1647 2985">
     <span class='ocr_line' id='line_1_45' title="bbox 139 2912 1647 2985; baseline -0.002 -16"><span class='ocrx_word' id='word_1_324' title='bbox 139 2916 237 2969; x_wconf 79' lang='lat' dir='ltr'><strong>sicut</strong></span> <span class='ocrx_word' id='word_1_325' title='bbox 253 2915 427 2977; x_wconf 73' lang='lat' dir='ltr'><strong>demit,</strong></span> <span class='ocrx_word' id='word_1_326' title='bbox 456 2916 677 2985; x_wconf 82' lang='lat' dir='ltr'><strong>antiqua</strong></span> <span class='ocrx_word' id='word_1_327' title='bbox 726 2914 1012 2968; x_wconf 75' lang='lat' dir='ltr'><strong>traditiOne</strong></span> <span class='ocrx_word' id='word_1_328' title='bbox 1050 2912 1381 2973; x_wconf 87' lang='lat' dir='ltr'><strong>custodiens,</strong></span> <span class='ocrx_word' id='word_1_329' title='bbox 1418 2929 1523 2966; x_wconf 89' lang='lat' dir='ltr'><strong>non</strong></span> <span class='ocrx_word' id='word_1_330' title='bbox 1555 2930 1647 2981; x_wconf 81' lang='lat' dir='ltr'><strong>sy-</strong></span> 
     </span>
    </p>
   </div>
   <div class='ocr_carea' id='block_1_46' title="bbox 141 3003 1649 3073">
    <p class='ocr_par' dir='ltr' id='par_1_46' title="bbox 141 3003 1649 3073">
     <span class='ocr_line' id='line_1_46' title="bbox 141 3003 1649 3073; baseline -0.003 -14"><span class='ocrx_word' id='word_1_331' title='bbox 141 3008 287 3061; x_wconf 79' lang='lat' dir='ltr'><strong>nodum</strong></span> <span class='ocrx_word' id='word_1_332' title='bbox 310 3008 447 3061; x_wconf 70' lang='lat' dir='ltr'><strong>duxit</strong></span> <span class='ocrx_word' id='word_1_333' title='bbox 490 3005 816 3070; x_wconf 70' lang='lat' dir='ltr'><strong>iterandam,</strong></span> <span class='ocrx_word' id='word_1_334' title='bbox 858 3005 949 3058; x_wconf 77' lang='lat' dir='ltr'><strong>Sed</strong></span> <span class='ocrx_word' id='word_1_335' title='bbox 1006 3005 1056 3059; x_wconf 90' lang='lat' dir='ltr'><strong>in</strong></span> <span class='ocrx_word' id='word_1_336' title='bbox 1098 3003 1212 3073; x_wconf 86' lang='lat' dir='ltr'><strong>ejus</strong></span> <span class='ocrx_word' id='word_1_337' title='bbox 1246 3004 1649 3070; x_wconf 70' lang='lat' dir='ltr'><strong>jtrmvaricatore</strong></span> 
     </span>
    </p>
   </div>
   <div class='ocr_carea' id='block_1_47' title="bbox 142 3095 1651 3166">
    <p class='ocr_par' dir='ltr' id='par_1_47' title="bbox 142 3095 1651 3166">
     <span class='ocr_line' id='line_1_47' title="bbox 142 3095 1651 3166; baseline -0.001 -17"><span class='ocrx_word' id='word_1_338' title='bbox 142 3098 332 3166; x_wconf 80' lang='lat' dir='ltr'><strong>pellendo</strong></span> <span class='ocrx_word' id='word_1_339' title='bbox 373 3099 499 3155; x_wconf 79' lang='lat' dir='ltr'><strong>hanc</strong></span> <span class='ocrx_word' id='word_1_340' title='bbox 540 3097 794 3152; x_wconf 82' lang='lat' dir='ltr'><strong>eamdem</strong></span> <span class='ocrx_word' id='word_1_341' title='bbox 840 3095 1101 3164; x_wconf 88' lang='lat' dir='ltr'><strong>synodum</strong></span> <span class='ocrx_word' id='word_1_342' title='bbox 1136 3096 1310 3164; x_wconf 89' lang='lat' dir='ltr'><strong>potius</strong></span> <span class='ocrx_word' id='word_1_343' title='bbox 1355 3110 1651 3164; x_wconf 82' lang='lat' dir='ltr'><strong>exsequen-</strong></span> 
     </span>
    </p>
   </div>
   <div class='ocr_carea' id='block_1_48' title="bbox 1748 1894 3329 1966">
    <p class='ocr_par' dir='ltr' id='par_1_48' title="bbox 1748 1894 3329 1966">
     <span class='ocr_line' id='line_1_48' title="bbox 1748 1894 3329 1966; baseline -0.004 -13"><span class='ocrx_word' id='word_1_344' title='bbox 1748 1897 2075 1965; x_wconf 86' lang='lat' dir='ltr'><strong>omittamus,</strong></span> <span class='ocrx_word' id='word_1_345' title='bbox 2111 1898 2129 1928; x_wconf 84' lang='grc'>⁷</span> <span class='ocrx_word' id='word_1_346' title='bbox 2163 1896 2420 1966; x_wconf 88' lang='lat' dir='ltr'><strong>quidquid</strong></span> <span class='ocrx_word' id='word_1_347' title='bbox 2451 1896 2567 1965; x_wconf 90' lang='lat' dir='ltr'><strong>ipse</strong></span> <span class='ocrx_word' id='word_1_348' title='bbox 2586 1896 2768 1951; x_wconf 85' lang='lat' dir='ltr'><strong>Zenon</strong></span> <span class='ocrx_word' id='word_1_349' title='bbox 2800 1895 3089 1963; x_wconf 87' lang='lat' dir='ltr'><strong>imperator</strong></span> <span class='ocrx_word' id='word_1_350' title='bbox 3110 1895 3222 1947; x_wconf 81' lang='lat' dir='ltr'><strong>suis</strong></span> <span class='ocrx_word' id='word_1_351' title='bbox 3246 1894 3329 1946; x_wconf 87' lang='lat' dir='ltr'><strong>lit-</strong></span> 
     </span>
    </p>
   </div>
   <div class='ocr_carea' id='block_1_49' title="bbox 1750 1988 3331 2059">
    <p class='ocr_par' dir='ltr' id='par_1_49' title="bbox 1750 1988 3331 2059">
     <span class='ocr_line' id='line_1_49' title="bbox 1750 1988 3331 2059; baseline -0.004 -11"><span class='ocrx_word' id='word_1_352' title='bbox 1750 1994 1877 2048; x_wconf 87' lang='lat' dir='ltr'><strong>teris</strong></span> <span class='ocrx_word' id='word_1_353' title='bbox 1910 1990 2209 2059; x_wconf 87' lang='lat' dir='ltr'><strong>proﬁtetur,</strong></span> <span class='ocrx_word' id='word_1_354' title='bbox 2236 1997 2424 2045; x_wconf 88' lang='lat' dir='ltr'><strong>cuncta</strong></span> <span class='ocrx_word' id='word_1_355' title='bbox 2452 2003 2573 2044; x_wconf 89' lang='lat' dir='ltr'><strong>sese</strong></span> <span class='ocrx_word' id='word_1_356' title='bbox 2593 2006 2659 2043; x_wconf 85' lang='lat' dir='ltr'><strong>ex</strong></span> <span class='ocrx_word' id='word_1_357' title='bbox 2688 1988 2863 2044; x_wconf 79' lang='lat' dir='ltr'><strong>Acacii</strong></span> <span class='ocrx_word' id='word_1_358' title='bbox 2895 1988 3127 2057; x_wconf 73' lang='lat' dir='ltr'><strong>gessisse</strong></span> <span class='ocrx_word' id='word_1_359' title='bbox 3155 1988 3331 2041; x_wconf 86' lang='lat' dir='ltr'><strong>consi-</strong></span> 
     </span>
    </p>
   </div>
   <div class='ocr_carea' id='block_1_50' title="bbox 1749 2080 3331 2151">
    <p class='ocr_par' dir='ltr' id='par_1_50' title="bbox 1749 2080 3331 2151">
     <span class='ocr_line' id='line_1_50' title="bbox 1749 2080 3331 2151; baseline -0.006 -11"><span class='ocrx_word' id='word_1_360' title='bbox 1749 2086 1843 2151; x_wconf 90' lang='lat' dir='ltr'><strong>lio,</strong></span> <span class='ocrx_word' id='word_1_361' title='bbox 1875 2099 1973 2140; x_wconf 89' lang='lat' dir='ltr'><strong>nec</strong></span> <span class='ocrx_word' id='word_1_362' title='bbox 1992 2083 2091 2137; x_wconf 89' lang='lat' dir='ltr'><strong>hoc</strong></span> <span class='ocrx_word' id='word_1_363' title='bbox 2116 2098 2237 2138; x_wconf 90' lang='lat' dir='ltr'><strong>eum</strong></span> <span class='ocrx_word' id='word_1_364' title='bbox 2264 2082 2447 2139; x_wconf 77' lang='lat' dir='ltr'><strong>fallere</strong></span> <span class='ocrx_word' id='word_1_365' title='bbox 2471 2081 2662 2136; x_wconf 87' lang='lat' dir='ltr'><strong>litteris</strong></span> <span class='ocrx_word' id='word_1_366' title='bbox 2681 2081 2792 2134; x_wconf 81' lang='lat' dir='ltr'><strong>suis</strong></span> <span class='ocrx_word' id='word_1_367' title='bbox 2814 2082 2928 2149; x_wconf 86' lang='lat' dir='ltr'><strong>ipse</strong></span> <span class='ocrx_word' id='word_1_368' title='bbox 2948 2080 3144 2147; x_wconf 89' lang='lat' dir='ltr'><strong>pariter</strong></span> <span class='ocrx_word' id='word_1_369' title='bbox 3174 2090 3331 2134; x_wconf 84' lang='lat' dir='ltr'><strong>testa-</strong></span> 
     </span>
    </p>
   </div>
   <div class='ocr_carea' id='block_1_51' title="bbox 1749 2172 3332 2242">
    <p class='ocr_par' dir='ltr' id='par_1_51' title="bbox 1749 2172 3332 2242">
     <span class='ocr_line' id='line_1_51' title="bbox 1749 2172 3332 2242; baseline -0.004 -12"><span class='ocrx_word' id='word_1_370' title='bbox 1749 2187 1840 2230; x_wconf 88' lang='lat' dir='ltr'><strong>tur</strong></span> <span class='ocrx_word' id='word_1_371' title='bbox 1872 2176 2118 2239; x_wconf 83' lang='lat' dir='ltr'><strong>Aeacius,</strong></span> <span class='ocrx_word' id='word_1_372' title='bbox 2154 2175 2241 2242; x_wconf 89' lang='lat' dir='ltr'><strong>qui</strong></span> <span class='ocrx_word' id='word_1_373' title='bbox 2274 2184 2327 2228; x_wconf 90' lang='lat' dir='ltr'><strong>et</strong></span> <span class='ocrx_word' id='word_1_374' title='bbox 2354 2189 2474 2228; x_wconf 88' lang='lat' dir='ltr'><strong>eum</strong></span> <span class='ocrx_word' id='word_1_375' title='bbox 2507 2173 2853 2227; x_wconf 86' lang='lat' dir='ltr'><strong>nihilominus</strong></span> <span class='ocrx_word' id='word_1_376' title='bbox 2884 2172 3137 2227; x_wconf 83' lang='lat' dir='ltr'><strong>universa</strong></span> <span class='ocrx_word' id='word_1_377' title='bbox 3186 2180 3332 2225; x_wconf 88' lang='lat' dir='ltr'><strong>recte</strong></span> 
     </span>
    </p>
   </div>
   <div class='ocr_carea' id='block_1_52' title="bbox 1751 2262 3331 2337">
    <p class='ocr_par' dir='ltr' id='par_1_52' title="bbox 1751 2262 3331 2337">
     <span class='ocr_line' id='line_1_52' title="bbox 1751 2262 3331 2337; baseline -0.005 -15"><span class='ocrx_word' id='word_1_378' title='bbox 1751 2267 1978 2337; x_wconf 84' lang='lat' dir='ltr'><strong>gessisse</strong></span> <span class='ocrx_word' id='word_1_379' title='bbox 2007 2266 2346 2335; x_wconf 80' lang='lat' dir='ltr'><strong>conscripsit,</strong></span> <span class='ocrx_word' id='word_1_380' title='bbox 2370 2274 2426 2319; x_wconf 90' lang='lat' dir='ltr'><strong>et</strong></span> <span class='ocrx_word' id='word_1_381' title='bbox 2454 2279 2550 2319; x_wconf 88' lang='lat' dir='ltr'><strong>suo</strong></span> <span class='ocrx_word' id='word_1_382' title='bbox 2577 2263 2806 2319; x_wconf 82' lang='lat' dir='ltr'><strong>consilio</strong></span> <span class='ocrx_word' id='word_1_383' title='bbox 2829 2262 2943 2318; x_wconf 67' lang='lat' dir='ltr'><strong>haec</strong></span> <span class='ocrx_word' id='word_1_384' title='bbox 2973 2262 3159 2317; x_wconf 87' lang='lat' dir='ltr'><strong>eadem</strong></span> <span class='ocrx_word' id='word_1_385' title='bbox 3186 2270 3331 2330; x_wconf 80' lang='lat' dir='ltr'><strong>gesta</strong></span> 
     </span>
    </p>
   </div>
   <div class='ocr_carea' id='block_1_53' title="bbox 1750 2357 3329 2427">
    <p class='ocr_par' dir='ltr' id='par_1_53' title="bbox 1750 2357 3329 2427">
     <span class='ocr_line' id='line_1_53' title="bbox 1750 2357 3329 2427; baseline -0.004 -12"><span class='ocrx_word' id='word_1_386' title='bbox 1750 2377 1854 2415; x_wconf 91' lang='lat' dir='ltr'><strong>non</strong></span> <span class='ocrx_word' id='word_1_387' title='bbox 1888 2361 2074 2415; x_wconf 87' lang='lat' dir='ltr'><strong>tacuit.</strong></span> <span class='ocrx_word' id='word_1_388' title='bbox 2108 2359 2268 2427; x_wconf 83' lang='lat' dir='ltr'><strong>Quasi</strong></span> <span class='ocrx_word' id='word_1_389' title='bbox 2302 2374 2426 2413; x_wconf 87' lang='lat' dir='ltr'><strong>vero</strong></span> <span class='ocrx_word' id='word_1_390' title='bbox 2478 2364 2681 2413; x_wconf 89' lang='lat' dir='ltr'><strong>tantum</strong></span> <span class='ocrx_word' id='word_1_391' title='bbox 2713 2359 2764 2411; x_wconf 93' lang='lat' dir='ltr'><strong>in</strong></span> <span class='ocrx_word' id='word_1_392' title='bbox 2797 2357 3143 2412; x_wconf 82' lang='lat' dir='ltr'><strong>Alexandrini</strong></span> <span class='ocrx_word' id='word_1_393' title='bbox 3187 2358 3329 2419; x_wconf 77' lang='lat' dir='ltr'><strong>Petri</strong></span> 
     </span>
    </p>
   </div>
   <div class='ocr_carea' id='block_1_54' title="bbox 1751 2448 3335 2518">
    <p class='ocr_par' dir='ltr' id='par_1_54' title="bbox 1751 2448 3335 2518">
     <span class='ocr_line' id='line_1_54' title="bbox 1751 2448 3335 2518; baseline -0.003 -12"><span class='ocrx_word' id='word_1_394' title='bbox 1751 2452 2127 2506; x_wconf 87' lang='lat' dir='ltr'><strong>communione</strong></span> <span class='ocrx_word' id='word_1_395' title='bbox 2155 2450 2381 2504; x_wconf 89' lang='lat' dir='ltr'><strong>Aeacius</strong></span> <span class='ocrx_word' id='word_1_396' title='bbox 2411 2449 2793 2518; x_wconf 64' lang='lat' dir='ltr'><strong>praevaricator</strong></span> <span class='ocrx_word' id='word_1_397' title='bbox 2819 2448 3107 2512; x_wconf 77' lang='lat' dir='ltr'><strong>exstiterit,</strong></span> <span class='ocrx_word' id='word_1_398' title='bbox 3151 2456 3205 2501; x_wconf 89' lang='lat' dir='ltr'><strong>et</strong></span> <span class='ocrx_word' id='word_1_399' title='bbox 3230 2464 3335 2502; x_wconf 88' lang='lat' dir='ltr'><strong>non</strong></span> 
     </span>
    </p>
   </div>
   <div class='ocr_carea' id='block_1_55' title="bbox 1753 2540 3335 2610">
    <p class='ocr_par' dir='ltr' id='par_1_55' title="bbox 1753 2540 3335 2610">
     <span class='ocr_line' id='line_1_55' title="bbox 1753 2540 3335 2610; baseline -0.002 -15"><span class='ocrx_word' id='word_1_400' title='bbox 1753 2543 1807 2596; x_wconf 93' lang='lat' dir='ltr'><strong>in</strong></span> <span class='ocrx_word' id='word_1_401' title='bbox 1836 2542 2108 2607; x_wconf 80' lang='lat' dir='ltr'><strong>erunibus,</strong></span> <span class='ocrx_word' id='word_1_402' title='bbox 2136 2556 2270 2610; x_wconf 88' lang='lat' dir='ltr'><strong>quos</strong></span> <span class='ocrx_word' id='word_1_403' title='bbox 2301 2540 2381 2595; x_wconf 89' lang='lat' dir='ltr'><strong>vel</strong></span> <span class='ocrx_word' id='word_1_404' title='bbox 2416 2540 2555 2604; x_wconf 85' lang='lat' dir='ltr'><strong>fecit,</strong></span> <span class='ocrx_word' id='word_1_405' title='bbox 2585 2540 2822 2607; x_wconf 89' lang='lat' dir='ltr'><strong>depulsis</strong></span> <span class='ocrx_word' id='word_1_406' title='bbox 2852 2540 3131 2593; x_wconf 85' lang='lat' dir='ltr'><strong>catholicis</strong></span> <span class='ocrx_word' id='word_1_407' title='bbox 3161 2540 3335 2605; x_wconf 71' lang='lat' dir='ltr'><strong>[mnti-</strong></span> 
     </span>
    </p>
   </div>
   <div class='ocr_carea' id='block_1_56' title="bbox 1754 2632 3338 2703">
    <p class='ocr_par' dir='ltr' id='par_1_56' title="bbox 1754 2632 3338 2703">
     <span class='ocr_line' id='line_1_56' title="bbox 1754 2632 3338 2703; baseline -0.001 -15"><span class='ocrx_word' id='word_1_408' title='bbox 1754 2634 1963 2701; x_wconf 90' lang='lat' dir='ltr'><strong>ﬁcibus,</strong></span> <span class='ocrx_word' id='word_1_409' title='bbox 2000 2644 2253 2702; x_wconf 85' lang='lat' dir='ltr'><strong>tanquam</strong></span> <span class='ocrx_word' id='word_1_410' title='bbox 2287 2644 2567 2703; x_wconf 87' lang='lat' dir='ltr'><strong>tyrannus,</strong></span> <span class='ocrx_word' id='word_1_411' title='bbox 2602 2632 2857 2687; x_wconf 77' lang='lat' dir='ltr'><strong>Ecclesiis</strong></span> <span class='ocrx_word' id='word_1_412' title='bbox 2883 2632 3182 2702; x_wconf 89' lang='lat' dir='ltr'><strong>quibusque</strong></span> <span class='ocrx_word' id='word_1_413' title='bbox 3205 2648 3338 2700; x_wconf 70' lang='lat' dir='ltr'><strong>prte-</strong></span> 
     </span>
    </p>
   </div>
   <div class='ocr_carea' id='block_1_57' title="bbox 1752 2726 3341 2795">
    <p class='ocr_par' dir='ltr' id='par_1_57' title="bbox 1752 2726 3341 2795">
     <span class='ocr_line' id='line_1_57' title="bbox 1752 2726 3341 2795; baseline 0 -15"><span class='ocrx_word' id='word_1_414' title='bbox 1752 2727 1917 2795; x_wconf 88' lang='lat' dir='ltr'><strong>peni,</strong></span> <span class='ocrx_word' id='word_1_415' title='bbox 1963 2726 2044 2779; x_wconf 85' lang='lat' dir='ltr'><strong>vel</strong></span> <span class='ocrx_word' id='word_1_416' title='bbox 2096 2727 2271 2780; x_wconf 84' lang='lat' dir='ltr'><strong>taliter</strong></span> <span class='ocrx_word' id='word_1_417' title='bbox 2324 2726 2626 2794; x_wconf 59' lang='lat' dir='ltr'><strong>praepositis</strong></span> <span class='ocrx_word' id='word_1_418' title='bbox 2679 2739 2930 2794; x_wconf 88' lang='lat' dir='ltr'><strong>perversa</strong></span> <span class='ocrx_word' id='word_1_419' title='bbox 2959 2727 3341 2780; x_wconf 81' lang='lat' dir='ltr'><strong>communione</strong></span> 
     </span>
    </p>
   </div>
   <div class='ocr_carea' id='block_1_58' title="bbox 1754 2817 3338 2889">
    <p class='ocr_par' dir='ltr' id='par_1_58' title="bbox 1754 2817 3338 2889">
     <span class='ocr_line' id='line_1_58' title="bbox 1754 2817 3338 2889; baseline -0.001 -16"><span class='ocrx_word' id='word_1_420' title='bbox 1754 2821 2053 2889; x_wconf 76' lang='lat' dir='ltr'><strong>permixtus</strong></span> <span class='ocrx_word' id='word_1_421' title='bbox 2083 2828 2185 2882; x_wconf 87' lang='lat' dir='ltr'><strong>est,</strong></span> <span class='ocrx_word' id='word_1_422' title='bbox 2219 2818 2310 2888; x_wconf 91' lang='lat' dir='ltr'><strong>qui</strong></span> <span class='ocrx_word' id='word_1_423' title='bbox 2343 2818 2446 2872; x_wconf 86' lang='lat' dir='ltr'><strong>hoc</strong></span> <span class='ocrx_word' id='word_1_424' title='bbox 2475 2819 2591 2887; x_wconf 89' lang='lat' dir='ltr'><strong>ipso</strong></span> <span class='ocrx_word' id='word_1_425' title='bbox 2621 2818 2918 2881; x_wconf 87' lang='lat' dir='ltr'><strong>secundum</strong></span> <span class='ocrx_word' id='word_1_426' title='bbox 2947 2832 3183 2871; x_wconf 86' lang='lat' dir='ltr'><strong>canones</strong></span> <span class='ocrx_word' id='word_1_427' title='bbox 3226 2817 3338 2872; x_wconf 83' lang='lat' dir='ltr'><strong>ioc-</strong></span> 
     </span>
    </p>
   </div>
   <div class='ocr_carea' id='block_1_59' title="bbox 1755 2909 3343 2983">
    <p class='ocr_par' dir='ltr' id='par_1_59' title="bbox 1755 2909 3343 2983">
     <span class='ocr_line' id='line_1_59' title="bbox 1755 2909 3343 2983; baseline -0.003 -17"><span class='ocrx_word' id='word_1_428' title='bbox 1755 2921 1874 2966; x_wconf 86' lang='lat' dir='ltr'><strong>rant</strong></span> <span class='ocrx_word' id='word_1_429' title='bbox 1907 2912 1974 2965; x_wconf 89' lang='lat' dir='ltr'><strong>ab</strong></span> <span class='ocrx_word' id='word_1_430' title='bbox 2000 2910 2362 2965; x_wconf 84' lang='lat' dir='ltr'><strong>ecclesiastica</strong></span> <span class='ocrx_word' id='word_1_431' title='bbox 2389 2909 2768 2963; x_wconf 83' lang='lat' dir='ltr'><strong>communione</strong></span> <span class='ocrx_word' id='word_1_432' title='bbox 2796 2909 3062 2983; x_wconf 82' lang='lat' dir='ltr'><strong>pellendi,</strong></span> <span class='ocrx_word' id='word_1_433' title='bbox 3098 2910 3237 2977; x_wconf 86' lang='lat' dir='ltr'><strong>quod</strong></span> <span class='ocrx_word' id='word_1_434' title='bbox 3284 2924 3343 2962; x_wconf 92' lang='lat' dir='ltr'><strong>sc</strong></span> 
     </span>
    </p>
   </div>
   <div class='ocr_carea' id='block_1_60' title="bbox 1756 2998 3339 3071">
    <p class='ocr_par' dir='ltr' id='par_1_60' title="bbox 1756 2998 3339 3071">
     <span class='ocr_line' id='line_1_60' title="bbox 1756 2998 3339 3071; baseline -0.001 -15"><span class='ocrx_word' id='word_1_435' title='bbox 1756 3002 1897 3071; x_wconf 84' lang='lat' dir='ltr'><strong>passi</strong></span> <span class='ocrx_word' id='word_1_436' title='bbox 1940 3010 2062 3055; x_wconf 90' lang='lat' dir='ltr'><strong>sunt</strong></span> <span class='ocrx_word' id='word_1_437' title='bbox 2102 3014 2443 3055; x_wconf 86' lang='lat' dir='ltr'><strong>successores</strong></span> <span class='ocrx_word' id='word_1_438' title='bbox 2473 2999 2607 3053; x_wconf 81' lang='lat' dir='ltr'><strong>vivis</strong></span> <span class='ocrx_word' id='word_1_439' title='bbox 2655 2998 3028 3054; x_wconf 87' lang='lat' dir='ltr'><strong>sacerdotibus</strong></span> <span class='ocrx_word' id='word_1_440' title='bbox 3072 3000 3339 3071; x_wconf 77' lang='lat' dir='ltr'><strong>adhiberi.</strong></span> 
     </span>
    </p>
   </div>
   <div class='ocr_carea' id='block_1_61' title="bbox 1755 3091 3344 3164">
    <p class='ocr_par' dir='ltr' id='par_1_61' title="bbox 1755 3091 3344 3164">
     <span class='ocr_line' id='line_1_61' title="bbox 1755 3091 3344 3164; baseline -0.005 -14"><span class='ocrx_word' id='word_1_441' title='bbox 1755 3098 1885 3164; x_wconf 84' lang='lat' dir='ltr'><strong>Quis</strong></span> <span class='ocrx_word' id='word_1_442' title='bbox 1915 3105 2089 3149; x_wconf 89' lang='lat' dir='ltr'><strong>autem</strong></span> <span class='ocrx_word' id='word_1_443' title='bbox 2122 3109 2227 3147; x_wconf 90' lang='lat' dir='ltr'><strong>non</strong></span> <span class='ocrx_word' id='word_1_444' title='bbox 2260 3093 2548 3162; x_wconf 82' lang='lat' dir='ltr'><strong>perspiciat</strong></span> <span class='ocrx_word' id='word_1_445' title='bbox 2578 3091 2933 3157; x_wconf 80' lang='lat' dir='ltr'><strong>Christianus,</strong></span> <span class='ocrx_word' id='word_1_446' title='bbox 2982 3092 3120 3162; x_wconf 82' lang='lat' dir='ltr'><strong>quod</strong></span> <span class='ocrx_word' id='word_1_447' title='bbox 3160 3093 3344 3145; x_wconf 87' lang='lat' dir='ltr'><strong>catho-</strong></span> 
     </span>
    </p>
   </div>
   <div class='ocr_carea' id='block_1_62' title="bbox 144 3172 3347 3258">
    <p class='ocr_par' dir='ltr' id='par_1_62' title="bbox 144 3172 3347 3258">
     <span class='ocr_line' id='line_1_62' title="bbox 144 3172 3347 3258; baseline -0.002 -17"><span class='ocrx_word' id='word_1_448' title='bbox 144 3190 245 3243; x_wconf 72' lang='lat' dir='ltr'><strong>dam.</strong></span> <span class='ocrx_word' id='word_1_449' title='bbox 269 3192 280 3221; x_wconf 83' lang='grc'>¹</span> <span class='ocrx_word' id='word_1_450' title='bbox 307 3193 624 3258; x_wconf 79' lang='lat' dir='ltr'><strong>Quapropter</strong></span> <span class='ocrx_word' id='word_1_451' title='bbox 658 3189 704 3241; x_wconf 91' lang='lat' dir='ltr'><strong>si</strong></span> <span class='ocrx_word' id='word_1_452' title='bbox 734 3188 851 3257; x_wconf 86' lang='lat' dir='ltr'><strong>quis</strong></span> <span class='ocrx_word' id='word_1_453' title='bbox 878 3187 1053 3243; x_wconf 78' lang='lat' dir='ltr'><strong>adhuc</strong></span> <span class='ocrx_word' id='word_1_454' title='bbox 1096 3186 1387 3241; x_wconf 89' lang='lat' dir='ltr'><strong>secundum</strong></span> <span class='ocrx_word' id='word_1_455' title='bbox 1432 3185 1653 3240; x_wconf 87' lang='lat' dir='ltr'><strong>Chalce-</strong></span> <span class='ocrx_word' id='word_1_456' title='bbox 1682 3172 1727 3234; x_wconf 90' lang='lat' dir='ltr'>C</span> <span class='ocrx_word' id='word_1_457' title='bbox 1759 3189 1875 3242; x_wconf 91' lang='lat' dir='ltr'><strong>licis</strong></span> <span class='ocrx_word' id='word_1_458' title='bbox 1906 3186 2247 3256; x_wconf 79' lang='lat' dir='ltr'><strong>pontificibus</strong></span> <span class='ocrx_word' id='word_1_459' title='bbox 2276 3185 2491 3253; x_wconf 88' lang='lat' dir='ltr'><strong>propria</strong></span> <span class='ocrx_word' id='word_1_460' title='bbox 2521 3185 2648 3239; x_wconf 83' lang='lat' dir='ltr'><strong>sede</strong></span> <span class='ocrx_word' id='word_1_461' title='bbox 2700 3182 2924 3250; x_wconf 87' lang='lat' dir='ltr'><strong>dejectis</strong></span> <span class='ocrx_word' id='word_1_462' title='bbox 2956 3200 3061 3237; x_wconf 91' lang='lat' dir='ltr'><strong>non</strong></span> <span class='ocrx_word' id='word_1_463' title='bbox 3107 3184 3206 3238; x_wconf 85' lang='lat' dir='ltr'><strong>nisi</strong></span> <span class='ocrx_word' id='word_1_464' title='bbox 3240 3183 3347 3243; x_wconf 70' lang='lat' dir='ltr'><strong>Ita:-</strong></span> 
     </span>
    </p>
   </div>
   <div class='ocr_carea' id='block_1_63' title="bbox 145 3279 1655 3352">
    <p class='ocr_par' dir='ltr' id='par_1_63' title="bbox 145 3279 1655 3352">
     <span class='ocr_line' id='line_1_63' title="bbox 145 3279 1655 3352; baseline -0.003 -19"><span class='ocrx_word' id='word_1_465' title='bbox 145 3280 370 3336; x_wconf 77' lang='lat' dir='ltr'><strong>tloaeascm</strong></span> <span class='ocrx_word' id='word_1_466' title='bbox 416 3282 679 3352; x_wconf 78' lang='lat' dir='ltr'><strong>synodum</strong></span> <span class='ocrx_word' id='word_1_467' title='bbox 735 3281 848 3334; x_wconf 80' lang='lat' dir='ltr'><strong>haec</strong></span> <span class='ocrx_word' id='word_1_468' title='bbox 899 3282 965 3332; x_wconf 72' lang='lat' dir='ltr'><strong>ali</strong></span> <span class='ocrx_word' id='word_1_469' title='bbox 1001 3280 1294 3347; x_wconf 75' lang='lat' dir='ltr'><strong>apOstolica</strong></span> <span class='ocrx_word' id='word_1_470' title='bbox 1335 3279 1461 3332; x_wconf 88' lang='lat' dir='ltr'><strong>sede</strong></span> <span class='ocrx_word' id='word_1_471' title='bbox 1506 3287 1655 3346; x_wconf 80' lang='lat' dir='ltr'><strong>gesta</strong></span> 
     </span>
    </p>
   </div>
   <div class='ocr_carea' id='block_1_64' title="bbox 146 3370 1657 3442">
    <p class='ocr_par' dir='ltr' id='par_1_64' title="bbox 146 3370 1657 3442">
     <span class='ocr_line' id='line_1_64' title="bbox 146 3370 1657 3442; baseline -0.003 -17"><span class='ocrx_word' id='word_1_472' title='bbox 146 3374 433 3440; x_wconf 80' lang='lat' dir='ltr'><strong>reprehendit,</strong></span> <span class='ocrx_word' id='word_1_473' title='bbox 466 3384 664 3442; x_wconf 63' lang='lat' dir='ltr'><strong>praeter</strong></span> <span class='ocrx_word' id='word_1_474' title='bbox 708 3370 851 3441; x_wconf 89' lang='lat' dir='ltr'><strong>quod</strong></span> <span class='ocrx_word' id='word_1_475' title='bbox 875 3380 928 3426; x_wconf 89' lang='lat' dir='ltr'><strong>et</strong></span> <span class='ocrx_word' id='word_1_476' title='bbox 957 3372 1055 3425; x_wconf 88' lang='lat' dir='ltr'><strong>hac</strong></span> <span class='ocrx_word' id='word_1_477' title='bbox 1082 3386 1181 3439; x_wconf 91' lang='lat' dir='ltr'><strong>qua</strong></span> <span class='ocrx_word' id='word_1_478' title='bbox 1211 3370 1457 3439; x_wconf 89' lang='lat' dir='ltr'><strong>superius</strong></span> <span class='ocrx_word' id='word_1_479' title='bbox 1478 3377 1657 3423; x_wconf 84' lang='lat' dir='ltr'><strong>astru-</strong></span> 
     </span>
    </p>
   </div>
   <div class='ocr_carea' id='block_1_65' title="bbox 150 3459 1659 3533">
    <p class='ocr_par' dir='ltr' id='par_1_65' title="bbox 150 3459 1659 3533">
     <span class='ocr_line' id='line_1_65' title="bbox 150 3459 1659 3533; baseline -0.001 -20"><span class='ocrx_word' id='word_1_480' title='bbox 150 3462 304 3525; x_wconf 77' lang='lat' dir='ltr'><strong>ximus,</strong></span> <span class='ocrx_word' id='word_1_481' title='bbox 335 3473 381 3517; x_wconf 88' lang='lat' dir='ltr'><strong>ct</strong></span> <span class='ocrx_word' id='word_1_482' title='bbox 406 3463 687 3533; x_wconf 88' lang='lat' dir='ltr'><strong>multiplici</strong></span> <span class='ocrx_word' id='word_1_483' title='bbox 723 3471 895 3531; x_wconf 89' lang='lat' dir='ltr'><strong>potest</strong></span> <span class='ocrx_word' id='word_1_484' title='bbox 941 3461 1143 3515; x_wconf 84' lang='lat' dir='ltr'><strong>ratione</strong></span> <span class='ocrx_word' id='word_1_485' title='bbox 1174 3461 1417 3515; x_wconf 75' lang='lat' dir='ltr'><strong>eunrinci</strong></span> <span class='ocrx_word' id='word_1_486' title='bbox 1440 3504 1455 3527; x_wconf 89' lang='lat'><strong>,</strong></span> <span class='ocrx_word' id='word_1_487' title='bbox 1488 3459 1659 3513; x_wconf 92' lang='lat' dir='ltr'><strong>multo</strong></span> 
     </span>
    </p>
   </div>
   <div class='ocr_carea' id='block_1_66' title="bbox 153 3552 1657 3620">
    <p class='ocr_par' dir='ltr' id='par_1_66' title="bbox 153 3552 1657 3620">
     <span class='ocr_line' id='line_1_66' title="bbox 153 3552 1657 3620; baseline -0.002 -13"><span class='ocrx_word' id='word_1_488' title='bbox 153 3556 274 3620; x_wconf 78' lang='lat' dir='ltr'><strong>magis</strong></span> <span class='ocrx_word' id='word_1_489' title='bbox 286 3563 434 3617; x_wconf 84' lang='lat' dir='ltr'><strong>tamen</strong></span> <span class='ocrx_word' id='word_1_490' title='bbox 449 3555 651 3611; x_wconf 81' lang='lat' dir='ltr'><strong>Acacio</strong></span> <span class='ocrx_word' id='word_1_491' title='bbox 674 3569 780 3607; x_wconf 89' lang='lat' dir='ltr'><strong>non</strong></span> <span class='ocrx_word' id='word_1_492' title='bbox 798 3553 1010 3607; x_wconf 84' lang='lat' dir='ltr'><strong>licuisse</strong></span> <span class='ocrx_word' id='word_1_493' title='bbox 1040 3552 1288 3607; x_wconf 77' lang='lat' dir='ltr'><strong>fatebitur</strong></span> <span class='ocrx_word' id='word_1_494' title='bbox 1301 3552 1400 3605; x_wconf 88' lang='lat' dir='ltr'><strong>ista</strong></span> <span class='ocrx_word' id='word_1_495' title='bbox 1433 3560 1657 3606; x_wconf 88' lang='lat' dir='ltr'><strong>tentare.</strong></span> 
     </span>
    </p>
   </div>
   <div class='ocr_carea' id='block_1_67' title="bbox 152 3641 1663 3717">
    <p class='ocr_par' dir='ltr' id='par_1_67' title="bbox 152 3641 1663 3717">
     <span class='ocr_line' id='line_1_67' title="bbox 152 3641 1663 3717; baseline -0.002 -20"><span class='ocrx_word' id='word_1_496' title='bbox 152 3643 331 3699; x_wconf 76' lang='lat' dir='ltr'><strong>—Dicat</strong></span> <span class='ocrx_word' id='word_1_497' title='bbox 357 3661 491 3717; x_wconf 73' lang='lat' dir='ltr'><strong>ergo,</strong></span> <span class='ocrx_word' id='word_1_498' title='bbox 527 3660 633 3715; x_wconf 86' lang='lat' dir='ltr'><strong>qua</strong></span> <span class='ocrx_word' id='word_1_499' title='bbox 666 3644 905 3715; x_wconf 83' lang='lat' dir='ltr'><strong>synodo,</strong></span> <span class='ocrx_word' id='word_1_500' title='bbox 940 3643 1195 3697; x_wconf 85' lang='lat' dir='ltr'><strong>Joannem</strong></span> <span class='ocrx_word' id='word_1_501' title='bbox 1234 3642 1482 3697; x_wconf 69' lang='lat' dir='ltr'><strong>secundae</strong></span> <span class='ocrx_word' id='word_1_502' title='bbox 1518 3641 1663 3695; x_wconf 89' lang='lat' dir='ltr'><strong>sedis</strong></span> 
     </span>
    </p>
   </div>
   <div class='ocr_carea' id='block_1_68' title="bbox 154 3737 1660 3809">
    <p class='ocr_par' dir='ltr' id='par_1_68' title="bbox 154 3737 1660 3809">
     <span class='ocr_line' id='line_1_68' title="bbox 154 3737 1660 3809; baseline 0.001 -21"><span class='ocrx_word' id='word_1_503' title='bbox 154 3739 391 3805; x_wconf 75' lang='lat' dir='ltr'><strong>amistitem,</strong></span> <span class='ocrx_word' id='word_1_504' title='bbox 414 3743 859 3809; x_wconf 85' lang='lat' dir='ltr'><strong>qualemcunque,</strong></span> <span class='ocrx_word' id='word_1_505' title='bbox 884 3752 1029 3793; x_wconf 79' lang='lat' dir='ltr'><strong>certe</strong></span> <span class='ocrx_word' id='word_1_506' title='bbox 1058 3737 1399 3800; x_wconf 86' lang='lat' dir='ltr'><strong>catholicum,</strong></span> <span class='ocrx_word' id='word_1_507' title='bbox 1432 3744 1486 3791; x_wconf 90' lang='lat' dir='ltr'><strong>et</strong></span> <span class='ocrx_word' id='word_1_508' title='bbox 1512 3752 1538 3788; x_wconf 88' lang='lat' dir='ltr'><strong>a</strong></span> <span class='ocrx_word' id='word_1_509' title='bbox 1568 3752 1660 3791; x_wconf 87' lang='lat' dir='ltr'><strong>ca-</strong></span> 
     </span>
    </p>
   </div>
   <div class='ocr_carea' id='block_1_69' title="bbox 158 3827 1662 3899">
    <p class='ocr_par' dir='ltr' id='par_1_69' title="bbox 158 3827 1662 3899">
     <span class='ocr_line' id='line_1_69' title="bbox 158 3827 1662 3899; baseline -0.001 -19"><span class='ocrx_word' id='word_1_510' title='bbox 158 3828 316 3883; x_wconf 78' lang='lat' dir='ltr'><strong>tholicis</strong></span> <span class='ocrx_word' id='word_1_511' title='bbox 334 3832 640 3899; x_wconf 81' lang='lat' dir='ltr'><strong>ordinatum,</strong></span> <span class='ocrx_word' id='word_1_512' title='bbox 666 3845 770 3887; x_wconf 87' lang='lat' dir='ltr'><strong>nec</strong></span> <span class='ocrx_word' id='word_1_513' title='bbox 810 3831 875 3883; x_wconf 89' lang='lat' dir='ltr'><strong>de</strong></span> <span class='ocrx_word' id='word_1_514' title='bbox 905 3828 1161 3883; x_wconf 87' lang='lat' dir='ltr'><strong>catholica</strong></span> <span class='ocrx_word' id='word_1_515' title='bbox 1206 3827 1307 3882; x_wconf 85' lang='lat' dir='ltr'><strong>ﬁde</strong></span> <span class='ocrx_word' id='word_1_516' title='bbox 1338 3837 1389 3881; x_wconf 89' lang='lat' dir='ltr'><strong>et</strong></span> <span class='ocrx_word' id='word_1_517' title='bbox 1416 3842 1662 3881; x_wconf 89' lang='lat' dir='ltr'><strong>commu-</strong></span> 
     </span>
    </p>
   </div>
   <div class='ocr_carea' id='block_1_70' title="bbox 156 3918 1661 3992">
    <p class='ocr_par' dir='ltr' id='par_1_70' title="bbox 156 3918 1661 3992">
     <span class='ocr_line' id='line_1_70' title="bbox 156 3918 1661 3992; baseline -0.001 -19"><span class='ocrx_word' id='word_1_518' title='bbox 156 3921 272 3975; x_wconf 81' lang='lat' dir='ltr'><strong>nione</strong></span> <span class='ocrx_word' id='word_1_519' title='bbox 293 3923 596 3992; x_wconf 80' lang='lat' dir='ltr'><strong>aliquatenus</strong></span> <span class='ocrx_word' id='word_1_520' title='bbox 618 3922 951 3991; x_wconf 75' lang='lat' dir='ltr'><strong>impolitum,</strong></span> <span class='ocrx_word' id='word_1_521' title='bbox 983 3921 1196 3974; x_wconf 74' lang='lat' dir='ltr'><strong>duxerit</strong></span> <span class='ocrx_word' id='word_1_522' title='bbox 1229 3918 1622 3972; x_wconf 79' lang='lat' dir='ltr'><strong>excludendum</strong></span> <span class='ocrx_word' id='word_1_523' title='bbox 1649 3960 1661 3982; x_wconf 93' lang='lat'><strong>,</strong></span> 
     </span>
    </p>
   </div>
   <div class='ocr_carea' id='block_1_71' title="bbox 156 4011 1665 4081">
    <p class='ocr_par' dir='ltr' id='par_1_71' title="bbox 156 4011 1665 4081">
     <span class='ocr_line' id='line_1_71' title="bbox 156 4011 1665 4081; baseline 0.005 -21"><span class='ocrx_word' id='word_1_524' title='bbox 156 4018 193 4061; x_wconf 82' lang='lat' dir='ltr'><strong>et</strong></span> <span class='ocrx_word' id='word_1_525' title='bbox 225 4011 475 4069; x_wconf 70' lang='lat' dir='ltr'><strong>haereticum</strong></span> <span class='ocrx_word' id='word_1_526' title='bbox 508 4014 860 4068; x_wconf 86' lang='lat' dir='ltr'><strong>manifestum</strong></span> <span class='ocrx_word' id='word_1_527' title='bbox 907 4011 1120 4066; x_wconf 82' lang='lat' dir='ltr'><strong>Petrum</strong></span> <span class='ocrx_word' id='word_1_528' title='bbox 1147 4027 1240 4066; x_wconf 86' lang='lat' dir='ltr'><strong>sua</strong></span> <span class='ocrx_word' id='word_1_529' title='bbox 1270 4028 1481 4081; x_wconf 81' lang='lat' dir='ltr'><strong>quoque</strong></span> <span class='ocrx_word' id='word_1_530' title='bbox 1512 4027 1665 4067; x_wconf 82' lang='lat' dir='ltr'><strong>exsc-</strong></span> 
     </span>
    </p>
   </div>
   <div class='ocr_carea' id='block_1_72' title="bbox 157 4104 1666 4175">
    <p class='ocr_par' dir='ltr' id='par_1_72' title="bbox 157 4104 1666 4175">
     <span class='ocr_line' id='line_1_72' title="bbox 157 4104 1666 4175; baseline 0.005 -22"><span class='ocrx_word' id='word_1_531' title='bbox 157 4104 313 4159; x_wconf 78' lang='lat' dir='ltr'><strong>cutione</strong></span> <span class='ocrx_word' id='word_1_532' title='bbox 352 4107 690 4173; x_wconf 81' lang='lat' dir='ltr'><strong>damnatum,</strong></span> <span class='ocrx_word' id='word_1_533' title='bbox 758 4106 988 4173; x_wconf 84' lang='lat' dir='ltr'><strong>pontiﬁci</strong></span> <span class='ocrx_word' id='word_1_534' title='bbox 1046 4105 1308 4159; x_wconf 86' lang='lat' dir='ltr'><strong>catholico</strong></span> <span class='ocrx_word' id='word_1_535' title='bbox 1363 4107 1666 4175; x_wconf 88' lang='lat' dir='ltr'><strong>permiserit</strong></span> 
     </span>
    </p>
   </div>
   <div class='ocr_carea' id='block_1_73' title="bbox 157 4195 1667 4269">
    <p class='ocr_par' dir='ltr' id='par_1_73' title="bbox 157 4195 1667 4269">
     <span class='ocr_line' id='line_1_73' title="bbox 157 4195 1667 4269; baseline 0.006 -23"><span class='ocrx_word' id='word_1_536' title='bbox 157 4195 470 4267; x_wconf 70' lang='lat' dir='ltr'><strong>subrogandum</strong></span> <span class='ocrx_word' id='word_1_537' title='bbox 504 4204 520 4231; x_wconf 87' lang='grc'><strong>²</strong></span> <span class='ocrx_word' id='word_1_538' title='bbox 553 4203 725 4269; x_wconf 88' lang='lat' dir='ltr'><strong>(cum</strong></span> <span class='ocrx_word' id='word_1_539' title='bbox 764 4198 970 4254; x_wconf 88' lang='lat' dir='ltr'><strong>etiamsi</strong></span> <span class='ocrx_word' id='word_1_540' title='bbox 1004 4214 1121 4254; x_wconf 89' lang='lat' dir='ltr'><strong>reus</strong></span> <span class='ocrx_word' id='word_1_541' title='bbox 1166 4200 1477 4254; x_wconf 80' lang='lat' dir='ltr'><strong>manifestus</strong></span> <span class='ocrx_word' id='word_1_542' title='bbox 1525 4211 1667 4256; x_wconf 85' lang='lat' dir='ltr'><strong>esset</strong></span> 
     </span>
    </p>
   </div>
   <div class='ocr_carea' id='block_1_74' title="bbox 158 4286 1667 4361">
    <p class='ocr_par' dir='ltr' id='par_1_74' title="bbox 158 4286 1667 4361">
     <span class='ocr_line' id='line_1_74' title="bbox 158 4286 1667 4361; baseline 0.003 -20"><span class='ocrx_word' id='word_1_543' title='bbox 158 4286 357 4356; x_wconf 70' lang='lat' dir='ltr'><strong>Joannes,</strong></span> <span class='ocrx_word' id='word_1_544' title='bbox 400 4302 511 4361; x_wconf 83' lang='lat' dir='ltr'><strong>post</strong></span> <span class='ocrx_word' id='word_1_545' title='bbox 537 4306 665 4346; x_wconf 85' lang='lat' dir='ltr'><strong>cum</strong></span> <span class='ocrx_word' id='word_1_546' title='bbox 715 4292 905 4345; x_wconf 88' lang='lat' dir='ltr'><strong>saltem</strong></span> <span class='ocrx_word' id='word_1_547' title='bbox 955 4291 1275 4346; x_wconf 83' lang='lat' dir='ltr'><strong>catholicum</strong></span> <span class='ocrx_word' id='word_1_548' title='bbox 1328 4294 1667 4347; x_wconf 75' lang='lat' dir='ltr'><strong>convenisset</strong></span> 
     </span>
    </p>
   </div>
   <div class='ocr_carea' id='block_1_75' title="bbox 162 4380 1666 4451">
    <p class='ocr_par' dir='ltr' id='par_1_75' title="bbox 162 4380 1666 4451">
     <span class='ocr_line' id='line_1_75' title="bbox 162 4380 1666 4451; baseline 0.002 -17"><span class='ocrx_word' id='word_1_549' title='bbox 162 4380 299 4444; x_wconf 69' lang='lat' dir='ltr'><strong>pratici</strong></span> <span class='ocrx_word' id='word_1_550' title='bbox 337 4384 693 4448; x_wconf 85' lang='lat' dir='ltr'><strong>sacerdotem,</strong></span> <span class='ocrx_word' id='word_1_551' title='bbox 754 4383 891 4436; x_wconf 87' lang='lat' dir='ltr'><strong>sicut</strong></span> <span class='ocrx_word' id='word_1_552' title='bbox 934 4383 1043 4449; x_wconf 85' lang='lat' dir='ltr'><strong>ipse</strong></span> <span class='ocrx_word' id='word_1_553' title='bbox 1095 4397 1309 4451; x_wconf 89' lang='lat' dir='ltr'><strong>quoque</strong></span> <span class='ocrx_word' id='word_1_554' title='bbox 1346 4383 1456 4436; x_wconf 85' lang='lat' dir='ltr'><strong>suis</strong></span> <span class='ocrx_word' id='word_1_555' title='bbox 1500 4386 1666 4438; x_wconf 85' lang='lat' dir='ltr'><strong>sacris</strong></span> 
     </span>
    </p>
   </div>
   <div class='ocr_carea' id='block_1_76' title="bbox 161 4472 1663 4537">
    <p class='ocr_par' dir='ltr' id='par_1_76' title="bbox 161 4472 1663 4537">
     <span class='ocr_line' id='line_1_76' title="bbox 161 4472 1663 4537; baseline 0.001 -11"><span class='ocrx_word' id='word_1_556' title='bbox 161 4482 297 4537; x_wconf 60' lang='lat' dir='ltr'><strong>nocte</strong></span> <span class='ocrx_word' id='word_1_557' title='bbox 334 4476 591 4537; x_wconf 65' lang='lat' dir='ltr'><strong>incinctis</strong></span> <span class='ocrx_word' id='word_1_558' title='bbox 627 4472 914 4529; x_wconf 81' lang='lat' dir='ltr'><strong>Timotheo</strong></span> <span class='ocrx_word' id='word_1_559' title='bbox 956 4474 1221 4527; x_wconf 85' lang='lat' dir='ltr'><strong>catholico</strong></span> <span class='ocrx_word' id='word_1_560' title='bbox 1255 4474 1306 4527; x_wconf 89' lang='lat' dir='ltr'><strong>in</strong></span> <span class='ocrx_word' id='word_1_561' title='bbox 1344 4475 1663 4529; x_wconf 80' lang='lat' dir='ltr'><strong>Alexandria</strong></span> 
     </span>
    </p>
   </div>
   <div class='ocr_carea' id='block_1_77' title="bbox 1763 3276 3346 3345">
    <p class='ocr_par' dir='ltr' id='par_1_77' title="bbox 1763 3276 3346 3345">
     <span class='ocr_line' id='line_1_77' title="bbox 1763 3276 3346 3345; baseline -0.003 -12"><span class='ocrx_word' id='word_1_562' title='bbox 1763 3279 1910 3335; x_wconf 89' lang='lat' dir='ltr'><strong>retici</strong></span> <span class='ocrx_word' id='word_1_563' title='bbox 1946 3277 2215 3345; x_wconf 87' lang='lat' dir='ltr'><strong>potuerint</strong></span> <span class='ocrx_word' id='word_1_564' title='bbox 2241 3276 2543 3331; x_wconf 84' lang='lat' dir='ltr'><strong>introduci?</strong></span> <span class='ocrx_word' id='word_1_565' title='bbox 2566 3277 2761 3345; x_wconf 83' lang='lat' dir='ltr'><strong>quibus</strong></span> <span class='ocrx_word' id='word_1_566' title='bbox 2786 3286 2966 3332; x_wconf 87' lang='lat' dir='ltr'><strong>tamen</strong></span> <span class='ocrx_word' id='word_1_567' title='bbox 2997 3276 3231 3339; x_wconf 80' lang='lat' dir='ltr'><strong>cunctis,</strong></span> <span class='ocrx_word' id='word_1_568' title='bbox 3260 3276 3346 3329; x_wconf 80' lang='lat' dir='ltr'><strong>vel</strong></span> 
     </span>
    </p>
   </div>
   <div class='ocr_carea' id='block_1_78' title="bbox 1763 3368 3350 3437">
    <p class='ocr_par' dir='ltr' id='par_1_78' title="bbox 1763 3368 3350 3437">
     <span class='ocr_line' id='line_1_78' title="bbox 1763 3368 3350 3437; baseline -0.003 -12"><span class='ocrx_word' id='word_1_569' title='bbox 1763 3382 1948 3425; x_wconf 83' lang='lat' dir='ltr'><strong>auctor</strong></span> <span class='ocrx_word' id='word_1_570' title='bbox 1980 3371 2074 3423; x_wconf 90' lang='lat' dir='ltr'><strong>fuit</strong></span> <span class='ocrx_word' id='word_1_571' title='bbox 2102 3368 2332 3424; x_wconf 84' lang='lat' dir='ltr'><strong>Aeacius</strong></span> <span class='ocrx_word' id='word_1_572' title='bbox 2361 3368 2737 3437; x_wconf 81' lang='lat' dir='ltr'><strong>subrogandis,</strong></span> <span class='ocrx_word' id='word_1_573' title='bbox 2768 3369 2852 3422; x_wconf 83' lang='lat' dir='ltr'><strong>vel</strong></span> <span class='ocrx_word' id='word_1_574' title='bbox 2879 3368 3180 3436; x_wconf 83' lang='lat' dir='ltr'><strong>subrogatis</strong></span> <span class='ocrx_word' id='word_1_575' title='bbox 3208 3382 3350 3421; x_wconf 72' lang='lat' dir='ltr'><strong>com-</strong></span> 
     </span>
    </p>
   </div>
   <div class='ocr_carea' id='block_1_79' title="bbox 1764 3463 3351 3533">
    <p class='ocr_par' dir='ltr' id='par_1_79' title="bbox 1764 3463 3351 3533">
     <span class='ocr_line' id='line_1_79' title="bbox 1764 3463 3351 3533; baseline -0.001 -16"><span class='ocrx_word' id='word_1_576' title='bbox 1764 3466 2060 3519; x_wconf 86' lang='lat' dir='ltr'><strong>municatur</strong></span> <span class='ocrx_word' id='word_1_577' title='bbox 2080 3464 2310 3518; x_wconf 87' lang='lat' dir='ltr'><strong>accessit</strong></span> <span class='ocrx_word' id='word_1_578' title='bbox 2335 3480 2349 3527; x_wconf 94' lang='lat'><strong>;</strong></span> <span class='ocrx_word' id='word_1_579' title='bbox 2386 3463 2470 3517; x_wconf 80' lang='lat' dir='ltr'><strong>his</strong></span> <span class='ocrx_word' id='word_1_580' title='bbox 2510 3464 2698 3532; x_wconf 87' lang='lat' dir='ltr'><strong>utique</strong></span> <span class='ocrx_word' id='word_1_581' title='bbox 2726 3464 2849 3533; x_wconf 81' lang='lat' dir='ltr'><strong>quia</strong></span> <span class='ocrx_word' id='word_1_582' title='bbox 2880 3464 2973 3533; x_wconf 68' lang='lat' dir='ltr'><strong>ial.</strong></span> <span class='ocrx_word' id='word_1_583' title='bbox 3004 3465 3093 3533; x_wconf 85' lang='lat' dir='ltr'><strong>qui</strong></span> <span class='ocrx_word' id='word_1_584' title='bbox 3121 3464 3173 3532; x_wconf 91' lang='lat' dir='ltr'><strong>a]</strong></span> <span class='ocrx_word' id='word_1_585' title='bbox 3201 3478 3351 3517; x_wconf 84' lang='lat' dir='ltr'><strong>cout-</strong></span> 
     </span>
    </p>
   </div>
   <div class='ocr_carea' id='block_1_80' title="bbox 1764 3554 3409 3622">
    <p class='ocr_par' dir='ltr' id='par_1_80' title="bbox 1764 3554 3409 3622">
     <span class='ocr_line' id='line_1_80' title="bbox 1764 3554 3409 3622; baseline 0.003 -15"><span class='ocrx_word' id='word_1_586' title='bbox 1764 3554 2003 3609; x_wconf 68' lang='lat' dir='ltr'><strong>munioni</strong></span> <span class='ocrx_word' id='word_1_587' title='bbox 2035 3555 2407 3609; x_wconf 83' lang='lat' dir='ltr'><strong>haereticorum</strong></span> <span class='ocrx_word' id='word_1_588' title='bbox 2462 3554 2768 3609; x_wconf 82' lang='lat' dir='ltr'><strong>nullatenus</strong></span> <span class='ocrx_word' id='word_1_589' title='bbox 2816 3555 3214 3622; x_wconf 83' lang='lat' dir='ltr'><strong>discrepahant.</strong></span> <span class='ocrx_word' id='word_1_590' title='bbox 3248 3558 3354 3612; x_wconf 66' lang='lat' dir='ltr'><strong>(.‘ur</strong></span> <span class='ocrx_word' id='word_1_591' title='bbox 3396 3588 3409 3600; x_wconf 72' lang='grc' dir='ltr'><em>ο</em></span> 
     </span>
    </p>
   </div>
   <div class='ocr_carea' id='block_1_81' title="bbox 1770 3647 3357 3715">
    <p class='ocr_par' dir='ltr' id='par_1_81' title="bbox 1770 3647 3357 3715">
     <span class='ocr_line' id='line_1_81' title="bbox 1770 3647 3357 3715; baseline 0.003 -15"><span class='ocrx_word' id='word_1_592' title='bbox 1770 3662 1897 3715; x_wconf 80' lang='lat' dir='ltr'><strong>ergo</strong></span> <span class='ocrx_word' id='word_1_593' title='bbox 1924 3649 2005 3701; x_wconf 90' lang='lat' dir='ltr'><strong>vel</strong></span> <span class='ocrx_word' id='word_1_594' title='bbox 2035 3663 2155 3704; x_wconf 87' lang='lat' dir='ltr'><strong>cum</strong></span> <span class='ocrx_word' id='word_1_595' title='bbox 2202 3648 2315 3701; x_wconf 74' lang='lat' dir='ltr'><strong>lure</strong></span> <span class='ocrx_word' id='word_1_596' title='bbox 2354 3647 2471 3701; x_wconf 84' lang='lat' dir='ltr'><strong>ﬁeri</strong></span> <span class='ocrx_word' id='word_1_597' title='bbox 2504 3648 2713 3703; x_wconf 79' lang='lat' dir='ltr'><strong>videret</strong></span> <span class='ocrx_word' id='word_1_598' title='bbox 2760 3650 3018 3714; x_wconf 80' lang='lat' dir='ltr'><strong>Aeacius,</strong></span> <span class='ocrx_word' id='word_1_599' title='bbox 3073 3665 3177 3703; x_wconf 88' lang='lat' dir='ltr'><strong>non</strong></span> <span class='ocrx_word' id='word_1_600' title='bbox 3219 3651 3357 3704; x_wconf 81' lang='lat' dir='ltr'><strong>sicut</strong></span> 
     </span>
    </p>
   </div>
   <div class='ocr_carea' id='block_1_82' title="bbox 1748 3727 3430 3809">
    <p class='ocr_par' dir='ltr' id='par_1_82' title="bbox 1748 3727 3430 3809">
     <span class='ocr_line' id='line_1_82' title="bbox 1748 3727 3430 3809; baseline 0.001 -15"><span class='ocrx_word' id='word_1_601' title='bbox 1748 3742 1869 3794; x_wconf 71' lang='lat' dir='ltr'><strong>&#39;sub</strong></span> <span class='ocrx_word' id='word_1_602' title='bbox 1898 3742 2154 3795; x_wconf 72' lang='lat' dir='ltr'><strong>Basilisco</strong></span> <span class='ocrx_word' id='word_1_603' title='bbox 2176 3742 2284 3809; x_wconf 86' lang='lat' dir='ltr'><strong>jam</strong></span> <span class='ocrx_word' id='word_1_604' title='bbox 2318 3740 2535 3805; x_wconf 82' lang='lat' dir='ltr'><strong>fecerat,</strong></span> <span class='ocrx_word' id='word_1_605' title='bbox 2568 3741 2632 3793; x_wconf 87' lang='lat' dir='ltr'><strong>ad</strong></span> <span class='ocrx_word' id='word_1_606' title='bbox 2662 3742 3010 3809; x_wconf 82' lang='lat' dir='ltr'><strong>apostolicam</strong></span> <span class='ocrx_word' id='word_1_607' title='bbox 3054 3744 3239 3795; x_wconf 82' lang='lat' dir='ltr'><strong>sedem</strong></span> <span class='ocrx_word' id='word_1_608' title='bbox 3271 3758 3355 3796; x_wconf 85' lang='lat' dir='ltr'><strong>re-</strong></span> <span class='ocrx_word' id='word_1_609' title='bbox 3424 3727 3430 3733; x_wconf 63' lang='grc'><em>’</em></span> 
     </span>
    </p>
   </div>
   <div class='ocr_carea' id='block_1_83' title="bbox 1772 3832 3447 3900">
    <p class='ocr_par' dir='ltr' id='par_1_83' title="bbox 1772 3832 3447 3900">
     <span class='ocr_line' id='line_1_83' title="bbox 1772 3832 3447 3900; baseline 0 -16"><span class='ocrx_word' id='word_1_610' title='bbox 1772 3836 1911 3886; x_wconf 82' lang='lat' dir='ltr'><strong>ferre</strong></span> <span class='ocrx_word' id='word_1_611' title='bbox 1942 3834 2165 3896; x_wconf 87' lang='lat' dir='ltr'><strong>curavit,</strong></span> <span class='ocrx_word' id='word_1_612' title='bbox 2198 3841 2257 3888; x_wconf 90' lang='lat' dir='ltr'><strong>ut</strong></span> <span class='ocrx_word' id='word_1_613' title='bbox 2285 3833 2327 3884; x_wconf 90' lang='lat' dir='ltr'><strong>si</strong></span> <span class='ocrx_word' id='word_1_614' title='bbox 2358 3832 2505 3885; x_wconf 89' lang='lat' dir='ltr'><strong>solus</strong></span> <span class='ocrx_word' id='word_1_615' title='bbox 2547 3832 2662 3899; x_wconf 83' lang='lat' dir='ltr'><strong>ipse</strong></span> <span class='ocrx_word' id='word_1_616' title='bbox 2693 3847 2797 3885; x_wconf 88' lang='lat' dir='ltr'><strong>non</strong></span> <span class='ocrx_word' id='word_1_617' title='bbox 2850 3841 3078 3900; x_wconf 86' lang='lat' dir='ltr'><strong>poterat,</strong></span> <span class='ocrx_word' id='word_1_618' title='bbox 3113 3836 3132 3863; x_wconf 73' lang='grc'><strong>⁸</strong></span> <span class='ocrx_word' id='word_1_619' title='bbox 3159 3835 3357 3899; x_wconf 76' lang='lat' dir='ltr'><strong>jllnt‘lis</strong></span> <span class='ocrx_word' id='word_1_620' title='bbox 3440 3886 3447 3893; x_wconf 74' lang='grc'><em>,</em></span> 
     </span>
    </p>
   </div>
   <div class='ocr_carea' id='block_1_84' title="bbox 1754 3924 3359 3994">
    <p class='ocr_par' dir='ltr' id='par_1_84' title="bbox 1754 3924 3359 3994">
     <span class='ocr_line' id='line_1_84' title="bbox 1754 3924 3359 3994; baseline -0.001 -13"><span class='ocrx_word' id='word_1_621' title='bbox 1754 3943 1888 3981; x_wconf 77' lang='lat' dir='ltr'><strong>~cum</strong></span> <span class='ocrx_word' id='word_1_622' title='bbox 1917 3927 2105 3979; x_wconf 86' lang='lat' dir='ltr'><strong>eadem</strong></span> <span class='ocrx_word' id='word_1_623' title='bbox 2136 3924 2375 3979; x_wconf 89' lang='lat' dir='ltr'><strong>consiliis</strong></span> <span class='ocrx_word' id='word_1_624' title='bbox 2401 3934 2561 3991; x_wconf 89' lang='lat' dir='ltr'><strong>atque</strong></span> <span class='ocrx_word' id='word_1_625' title='bbox 2590 3924 2923 3985; x_wconf 87' lang='lat' dir='ltr'><strong>tractatibus,</strong></span> <span class='ocrx_word' id='word_1_626' title='bbox 2958 3925 3094 3992; x_wconf 89' lang='lat' dir='ltr'><strong>apud</strong></span> <span class='ocrx_word' id='word_1_627' title='bbox 3129 3927 3359 3994; x_wconf 80' lang='lat' dir='ltr'><strong>imper-a-</strong></span> 
     </span>
    </p>
   </div>
   <div class='ocr_carea' id='block_1_85' title="bbox 1771 4015 3358 4085">
    <p class='ocr_par' dir='ltr' id='par_1_85' title="bbox 1771 4015 3358 4085">
     <span class='ocr_line' id='line_1_85' title="bbox 1771 4015 3358 4085; baseline 0 -14"><span class='ocrx_word' id='word_1_628' title='bbox 1771 4029 1935 4073; x_wconf 82' lang='lat' dir='ltr'><strong>torem</strong></span> <span class='ocrx_word' id='word_1_629' title='bbox 1979 4026 2196 4085; x_wconf 87' lang='lat' dir='ltr'><strong>possent</strong></span> <span class='ocrx_word' id='word_1_630' title='bbox 2234 4030 2352 4084; x_wconf 69' lang='lat' dir='ltr'><strong>qute</strong></span> <span class='ocrx_word' id='word_1_631' title='bbox 2386 4015 2631 4084; x_wconf 78' lang='lat' dir='ltr'><strong>religioni</strong></span> <span class='ocrx_word' id='word_1_632' title='bbox 2682 4025 3055 4084; x_wconf 80' lang='lat' dir='ltr'><strong>eompeterent</strong></span> <span class='ocrx_word' id='word_1_633' title='bbox 3097 4018 3358 4085; x_wconf 69' lang='lat' dir='ltr'><strong>aliegari?</strong></span> 
     </span>
    </p>
   </div>
   <div class='ocr_carea' id='block_1_86' title="bbox 1768 4106 3360 4183">
    <p class='ocr_par' dir='ltr' id='par_1_86' title="bbox 1768 4106 3360 4183">
     <span class='ocr_line' id='line_1_86' title="bbox 1768 4106 3360 4183; baseline -0.003 -18"><span class='ocrx_word' id='word_1_634' title='bbox 1768 4110 1899 4165; x_wconf 80' lang='lat' dir='ltr'><strong>Nam</strong></span> <span class='ocrx_word' id='word_1_635' title='bbox 1930 4110 1971 4163; x_wconf 87' lang='lat' dir='ltr'><strong>si</strong></span> <span class='ocrx_word' id='word_1_636' title='bbox 2006 4108 2294 4177; x_wconf 80' lang='lat' dir='ltr'><strong>Basiliscus</strong></span> <span class='ocrx_word' id='word_1_637' title='bbox 2322 4108 2403 4179; x_wconf 86' lang='lat' dir='ltr'><strong>(ut</strong></span> <span class='ocrx_word' id='word_1_638' title='bbox 2440 4106 2641 4160; x_wconf 81' lang='lat' dir='ltr'><strong>dictum</strong></span> <span class='ocrx_word' id='word_1_639' title='bbox 2682 4108 2789 4183; x_wconf 80' lang='lat' dir='ltr'><strong>est)</strong></span> <span class='ocrx_word' id='word_1_640' title='bbox 2820 4115 3078 4177; x_wconf 82' lang='lat' dir='ltr'><strong>tyrannus</strong></span> <span class='ocrx_word' id='word_1_641' title='bbox 3111 4119 3163 4162; x_wconf 92' lang='lat' dir='ltr'><strong>et</strong></span> <span class='ocrx_word' id='word_1_642' title='bbox 3190 4109 3360 4163; x_wconf 70' lang='lat' dir='ltr'><strong>Incre-</strong></span> 
     </span>
    </p>
   </div>
   <div class='ocr_carea' id='block_1_87' title="bbox 1771 4182 3361 4271">
    <p class='ocr_par' dir='ltr' id='par_1_87' title="bbox 1771 4182 3361 4271">
     <span class='ocr_line' id='line_1_87' title="bbox 1771 4182 3361 4271; baseline -0.001 -14"><span class='ocrx_word' id='word_1_643' title='bbox 1771 4206 1907 4258; x_wconf 86' lang='lat' dir='ltr'><strong>ticus</strong></span> <span class='ocrx_word' id='word_1_644' title='bbox 1944 4202 2159 4271; x_wconf 80' lang='lat' dir='ltr'><strong>scriptis</strong></span> <span class='ocrx_word' id='word_1_645' title='bbox 2189 4200 2495 4267; x_wconf 85' lang='lat' dir='ltr'><strong>apostolicae</strong></span> <span class='ocrx_word' id='word_1_646' title='bbox 2547 4182 2693 4255; x_wconf 86' lang='lat' dir='ltr'><strong>sedis</strong></span> <span class='ocrx_word' id='word_1_647' title='bbox 2727 4199 3079 4254; x_wconf 85' lang='lat' dir='ltr'><strong>vehementer</strong></span> <span class='ocrx_word' id='word_1_648' title='bbox 3102 4182 3361 4255; x_wconf 79' lang='lat' dir='ltr'><strong>infractus</strong></span> 
     </span>
    </p>
   </div>
   <div class='ocr_carea' id='block_1_88' title="bbox 1770 4290 3359 4361">
    <p class='ocr_par' dir='ltr' id='par_1_88' title="bbox 1770 4290 3359 4361">
     <span class='ocr_line' id='line_1_88' title="bbox 1770 4290 3359 4361; baseline -0.004 -11"><span class='ocrx_word' id='word_1_649' title='bbox 1770 4305 1872 4359; x_wconf 89' lang='lat' dir='ltr'><strong>est,</strong></span> <span class='ocrx_word' id='word_1_650' title='bbox 1905 4305 1959 4349; x_wconf 90' lang='lat' dir='ltr'><strong>et</strong></span> <span class='ocrx_word' id='word_1_651' title='bbox 1989 4310 2015 4346; x_wconf 85' lang='lat' dir='ltr'><strong>a</strong></span> <span class='ocrx_word' id='word_1_652' title='bbox 2050 4293 2299 4361; x_wconf 88' lang='lat' dir='ltr'><strong>plurimis</strong></span> <span class='ocrx_word' id='word_1_653' title='bbox 2331 4300 2611 4345; x_wconf 84' lang='lat' dir='ltr'><strong>revocatus</strong></span> <span class='ocrx_word' id='word_1_654' title='bbox 2628 4290 2979 4352; x_wconf 77' lang='lat' dir='ltr'><strong>excessibus;</strong></span> <span class='ocrx_word' id='word_1_655' title='bbox 3009 4302 3212 4359; x_wconf 86' lang='lat' dir='ltr'><strong>quanto</strong></span> <span class='ocrx_word' id='word_1_656' title='bbox 3246 4307 3359 4344; x_wconf 75' lang='lat' dir='ltr'><strong>ma-</strong></span> 
     </span>
    </p>
   </div>
   <div class='ocr_carea' id='block_1_89' title="bbox 1768 4381 3357 4455">
    <p class='ocr_par' dir='ltr' id='par_1_89' title="bbox 1768 4381 3357 4455">
     <span class='ocr_line' id='line_1_89' title="bbox 1768 4381 3357 4455; baseline -0.005 -14"><span class='ocrx_word' id='word_1_657' title='bbox 1768 4387 1846 4455; x_wconf 73' lang='lat' dir='ltr'><strong>gis</strong></span> <span class='ocrx_word' id='word_1_658' title='bbox 1879 4386 2146 4455; x_wconf 81' lang='lat' dir='ltr'><strong>legitimus</strong></span> <span class='ocrx_word' id='word_1_659' title='bbox 2176 4384 2485 4451; x_wconf 85' lang='lat' dir='ltr'><strong>imperator,</strong></span> <span class='ocrx_word' id='word_1_660' title='bbox 2511 4384 2680 4451; x_wconf 88' lang='lat' dir='ltr'><strong>quise</strong></span> <span class='ocrx_word' id='word_1_661' title='bbox 2707 4381 3030 4439; x_wconf 84' lang='lat' dir='ltr'><strong>catholicum</strong></span> <span class='ocrx_word' id='word_1_662' title='bbox 3062 4382 3228 4439; x_wconf 86' lang='lat' dir='ltr'><strong>videri</strong></span> <span class='ocrx_word' id='word_1_663' title='bbox 3262 4398 3357 4443; x_wconf 80' lang='lat' dir='ltr'><strong>vo-</strong></span> 
     </span>
    </p>
   </div>
   <div class='ocr_carea' id='block_1_90' title="bbox 1778 4472 3367 4544">
    <p class='ocr_par' dir='ltr' id='par_1_90' title="bbox 1778 4472 3367 4544">
     <span class='ocr_line' id='line_1_90' title="bbox 1778 4472 3367 4544; baseline -0.002 -13"><span class='ocrx_word' id='word_1_664' title='bbox 1778 4478 1944 4541; x_wconf 84' lang='lat' dir='ltr'><strong>lebat,</strong></span> <span class='ocrx_word' id='word_1_665' title='bbox 1972 4478 2144 4544; x_wconf 88' lang='lat' dir='ltr'><strong>potuit</strong></span> <span class='ocrx_word' id='word_1_666' title='bbox 2172 4489 2294 4528; x_wconf 90' lang='lat' dir='ltr'><strong>cum</strong></span> <span class='ocrx_word' id='word_1_667' title='bbox 2326 4472 2617 4541; x_wconf 87' lang='lat' dir='ltr'><strong>apostolica</strong></span> <span class='ocrx_word' id='word_1_668' title='bbox 2651 4472 2781 4527; x_wconf 85' lang='lat' dir='ltr'><strong>sede</strong></span> <span class='ocrx_word' id='word_1_669' title='bbox 2812 4482 3123 4527; x_wconf 79' lang='lat' dir='ltr'><strong>cunctorum</strong></span> <span class='ocrx_word' id='word_1_670' title='bbox 3156 4489 3367 4542; x_wconf 78' lang='lat' dir='ltr'><strong>quoque</strong></span> 
     </span>
    </p>
   </div>
   <div class='ocr_carea' id='block_1_91' title="bbox 166 4541 3364 4638">
    <p class='ocr_par' dir='ltr' id='par_1_91' title="bbox 166 4541 3364 4638">
     <span class='ocr_line' id='line_1_91' title="bbox 166 4541 3364 4638; baseline 0.002 -24"><span class='ocrx_word' id='word_1_671' title='bbox 166 4557 383 4619; x_wconf 66' lang='lat' dir='ltr'><strong>hciendum</strong></span> <span class='ocrx_word' id='word_1_672' title='bbox 404 4565 717 4631; x_wconf 81' lang='lat' dir='ltr'><strong>promisisse</strong></span> <span class='ocrx_word' id='word_1_673' title='bbox 750 4562 943 4632; x_wconf 76' lang='lat' dir='ltr'><strong>legitur</strong></span> <span class='ocrx_word' id='word_1_674' title='bbox 974 4564 1328 4633; x_wconf 75' lang='lat' dir='ltr'><strong>imperator?)</strong></span> <span class='ocrx_word' id='word_1_675' title='bbox 1360 4566 1471 4631; x_wconf 83' lang='lat' dir='ltr'><strong>Qua</strong></span> <span class='ocrx_word' id='word_1_676' title='bbox 1505 4580 1668 4635; x_wconf 81' lang='lat' dir='ltr'><strong>syno-</strong></span> <span class='ocrx_word' id='word_1_677' title='bbox 1696 4541 1748 4599; x_wconf 79' lang='grc' dir='ltr'>Ῑ)</span> <span class='ocrx_word' id='word_1_678' title='bbox 1779 4570 2085 4638; x_wconf 83' lang='lat' dir='ltr'><strong>pontificum</strong></span> <span class='ocrx_word' id='word_1_679' title='bbox 2118 4566 2394 4620; x_wconf 88' lang='lat' dir='ltr'><strong>moderata</strong></span> <span class='ocrx_word' id='word_1_680' title='bbox 2434 4564 2777 4633; x_wconf 72' lang='lat' dir='ltr'><strong>suggestione</strong></span> <span class='ocrx_word' id='word_1_681' title='bbox 2807 4565 3058 4633; x_wconf 82' lang='lat' dir='ltr'><strong>mitigari,</strong></span> <span class='ocrx_word' id='word_1_682' title='bbox 3096 4541 3364 4633; x_wconf 63' lang='lat' dir='ltr'><strong>praecipue</strong></span> 
     </span>
    </p>
   </div>
   <div class='ocr_carea' id='block_1_92' title="bbox 166 4652 1667 4731">
    <p class='ocr_par' dir='ltr' id='par_1_92' title="bbox 166 4652 1667 4731">
     <span class='ocr_line' id='line_1_92' title="bbox 166 4652 1667 4731; baseline 0.007 -26"><span class='ocrx_word' id='word_1_683' title='bbox 166 4652 231 4721; x_wconf 72' lang='lat' dir='ltr'><strong>do,</strong></span> <span class='ocrx_word' id='word_1_684' title='bbox 257 4660 396 4715; x_wconf 69' lang='lat' dir='ltr'><strong>tertia:</strong></span> <span class='ocrx_word' id='word_1_685' title='bbox 423 4660 561 4715; x_wconf 81' lang='lat' dir='ltr'><strong>sedis</strong></span> <span class='ocrx_word' id='word_1_686' title='bbox 594 4662 912 4728; x_wconf 82' lang='lat' dir='ltr'><strong>episcopum</strong></span> <span class='ocrx_word' id='word_1_687' title='bbox 946 4658 1038 4727; x_wconf 79' lang='lat' dir='ltr'><strong>[aL</strong></span> <span class='ocrx_word' id='word_1_688' title='bbox 1072 4662 1238 4715; x_wconf 80' lang='lat' dir='ltr'><strong>addit.</strong></span> <span class='ocrx_word' id='word_1_689' title='bbox 1267 4660 1531 4731; x_wconf 76' lang='lat' dir='ltr'><strong>Sanetum]</strong></span> <span class='ocrx_word' id='word_1_690' title='bbox 1562 4660 1667 4717; x_wconf 83' lang='lat' dir='ltr'><strong>Ca-</strong></span> 
     </span>
    </p>
   </div>
   <div class='ocr_carea' id='block_1_93' title="bbox 168 4742 1669 4818">
    <p class='ocr_par' dir='ltr' id='par_1_93' title="bbox 168 4742 1669 4818">
     <span class='ocr_line' id='line_1_93' title="bbox 168 4742 1669 4818; baseline 0.007 -21"><span class='ocrx_word' id='word_1_691' title='bbox 168 4742 391 4802; x_wconf 74' lang='lat' dir='ltr'><strong>Ieadionem</strong></span> <span class='ocrx_word' id='word_1_692' title='bbox 421 4752 556 4807; x_wconf 85' lang='lat' dir='ltr'><strong>idem</strong></span> <span class='ocrx_word' id='word_1_693' title='bbox 586 4751 789 4818; x_wconf 75' lang='lat' dir='ltr'><strong>expelli</strong></span> <span class='ocrx_word' id='word_1_694' title='bbox 820 4750 942 4805; x_wconf 84' lang='lat' dir='ltr'><strong>fecit</strong></span> <span class='ocrx_word' id='word_1_695' title='bbox 966 4751 983 4781; x_wconf 80' lang='grc'><strong>³</strong></span> <span class='ocrx_word' id='word_1_696' title='bbox 1018 4755 1240 4807; x_wconf 74' lang='lat' dir='ltr'><strong>Aeacius</strong></span> <span class='ocrx_word' id='word_1_697' title='bbox 1270 4770 1283 4806; x_wconf 89' lang='lat'><strong>:</strong></span> <span class='ocrx_word' id='word_1_698' title='bbox 1322 4752 1669 4807; x_wconf 78' lang='lat' dir='ltr'><strong>nihilominus</strong></span> 
     </span>
    </p>
   </div>
   <div class='ocr_carea' id='block_1_94' title="bbox 171 4841 1673 4914">
    <p class='ocr_par' dir='ltr' id='par_1_94' title="bbox 171 4841 1673 4914">
     <span class='ocr_line' id='line_1_94' title="bbox 171 4841 1673 4914; baseline 0.003 -21"><span class='ocrx_word' id='word_1_699' title='bbox 171 4841 386 4897; x_wconf 77' lang='lat' dir='ltr'><strong>‘cttndem</strong></span> <span class='ocrx_word' id='word_1_700' title='bbox 416 4844 627 4899; x_wconf 85' lang='lat' dir='ltr'><strong>Petrum</strong></span> <span class='ocrx_word' id='word_1_701' title='bbox 673 4856 780 4899; x_wconf 84' lang='lat' dir='ltr'><strong>tam</strong></span> <span class='ocrx_word' id='word_1_702' title='bbox 829 4842 1141 4914; x_wconf 69' lang='lat' dir='ltr'><strong>lia~rcticum</strong></span> <span class='ocrx_word' id='word_1_703' title='bbox 1190 4844 1566 4908; x_wconf 86' lang='lat' dir='ltr'><strong>manifestum,</strong></span> <span class='ocrx_word' id='word_1_704' title='bbox 1617 4855 1673 4899; x_wconf 90' lang='lat' dir='ltr'><strong>ut</strong></span> 
     </span>
    </p>
   </div>
   <div class='ocr_carea' id='block_1_95' title="bbox 171 4918 1670 5005">
    <p class='ocr_par' dir='ltr' id='par_1_95' title="bbox 171 4918 1670 5005">
     <span class='ocr_line' id='line_1_95' title="bbox 171 4918 1670 5005; baseline 0.004 -20"><span class='ocrx_word' id='word_1_705' title='bbox 171 4926 292 4983; x_wconf 70' lang='lat' dir='ltr'><strong>eidem</strong></span> <span class='ocrx_word' id='word_1_706' title='bbox 313 4935 460 5001; x_wconf 81' lang='lat' dir='ltr'><strong>palam</strong></span> <span class='ocrx_word' id='word_1_707' title='bbox 488 4950 716 4991; x_wconf 83' lang='lat' dir='ltr'><strong>necesse</strong></span> <span class='ocrx_word' id='word_1_708' title='bbox 752 4918 843 5005; x_wconf 76' lang='grc' dir='ltr'><strong>[αἸ.</strong></span> <span class='ocrx_word' id='word_1_709' title='bbox 880 4950 978 4990; x_wconf 90' lang='lat' dir='ltr'><strong>nec</strong></span> <span class='ocrx_word' id='word_1_710' title='bbox 1007 4935 1085 5005; x_wconf 84' lang='lat' dir='ltr'><strong>se]</strong></span> <span class='ocrx_word' id='word_1_711' title='bbox 1112 4937 1511 4993; x_wconf 86' lang='lat' dir='ltr'><strong>communicare</strong></span> <span class='ocrx_word' id='word_1_712' title='bbox 1537 4954 1670 5005; x_wconf 70' lang='lat' dir='ltr'><strong>pra:-</strong></span> 
     </span>
    </p>
   </div>
   <div class='ocr_carea' id='block_1_96' title="bbox 174 5022 1665 5097">
    <p class='ocr_par' dir='ltr' id='par_1_96' title="bbox 174 5022 1665 5097">
     <span class='ocr_line' id='line_1_96' title="bbox 174 5022 1665 5097; baseline 0.009 -28"><span class='ocrx_word' id='word_1_713' title='bbox 174 5022 362 5089; x_wconf 76' lang='lat' dir='ltr'><strong>lenderet,</strong></span> <span class='ocrx_word' id='word_1_714' title='bbox 386 5042 471 5083; x_wconf 79' lang='lat' dir='ltr'><strong>sua</strong></span> <span class='ocrx_word' id='word_1_715' title='bbox 503 5041 701 5097; x_wconf 77' lang='lat' dir='ltr'><strong>passos</strong></span> <span class='ocrx_word' id='word_1_716' title='bbox 724 5036 805 5082; x_wconf 92' lang='lat' dir='ltr'><strong>est</strong></span> <span class='ocrx_word' id='word_1_717' title='bbox 839 5027 1190 5095; x_wconf 82' lang='lat' dir='ltr'><strong>di-positi-ne</strong></span> <span class='ocrx_word' id='word_1_718' title='bbox 1240 5029 1526 5082; x_wconf 65' lang='lat' dir='ltr'><strong>substitoi?</strong></span> <span class='ocrx_word' id='word_1_719' title='bbox 1556 5030 1665 5096; x_wconf 82' lang='lat' dir='ltr'><strong>Qua</strong></span> 
     </span>
    </p>
   </div>
   <div class='ocr_carea' id='block_1_97' title="bbox 175 5108 1671 5189">
    <p class='ocr_par' dir='ltr' id='par_1_97' title="bbox 175 5108 1671 5189">
     <span class='ocr_line' id='line_1_97' title="bbox 175 5108 1671 5189; baseline 0.014 -33"><span class='ocrx_word' id='word_1_720' title='bbox 175 5108 434 5183; x_wconf 74' lang='lat' dir='ltr'><strong>deniqoeper</strong></span> <span class='ocrx_word' id='word_1_721' title='bbox 463 5129 633 5173; x_wconf 91' lang='lat' dir='ltr'><strong>totum</strong></span> <span class='ocrx_word' id='word_1_722' title='bbox 682 5118 955 5173; x_wconf 85' lang='lat' dir='ltr'><strong>Orientem</strong></span> <span class='ocrx_word' id='word_1_723' title='bbox 1009 5120 1213 5189; x_wconf 82' lang='lat' dir='ltr'><strong>synodo</strong></span> <span class='ocrx_word' id='word_1_724' title='bbox 1268 5122 1451 5185; x_wconf 79' lang='lat' dir='ltr'><strong>ejectis</strong></span> <span class='ocrx_word' id='word_1_725' title='bbox 1487 5124 1671 5177; x_wconf 88' lang='lat' dir='ltr'><strong>ortho-</strong></span> 
     </span>
    </p>
   </div>
   <div class='ocr_carea' id='block_1_98' title="bbox 176 5196 1673 5281">
    <p class='ocr_par' dir='ltr' id='par_1_98' title="bbox 176 5196 1673 5281">
     <span class='ocr_line' id='line_1_98' title="bbox 176 5196 1673 5281; baseline 0.014 -33"><span class='ocrx_word' id='word_1_726' title='bbox 176 5196 452 5267; x_wconf 77' lang='lat' dir='ltr'><strong>doxis,aullo</strong></span> <span class='ocrx_word' id='word_1_727' title='bbox 488 5210 724 5265; x_wconf 83' lang='lat' dir='ltr'><strong>crimine</strong></span> <span class='ocrx_word' id='word_1_728' title='bbox 768 5209 1077 5277; x_wconf 84' lang='lat' dir='ltr'><strong>maculatis,</strong></span> <span class='ocrx_word' id='word_1_729' title='bbox 1111 5225 1303 5278; x_wconf 87' lang='lat' dir='ltr'><strong>pravos</strong></span> <span class='ocrx_word' id='word_1_730' title='bbox 1352 5227 1590 5281; x_wconf 86' lang='lat' dir='ltr'><strong>quosque</strong></span> <span class='ocrx_word' id='word_1_731' title='bbox 1619 5224 1673 5269; x_wconf 90' lang='lat' dir='ltr'><strong>et</strong></span> 
     </span>
    </p>
   </div>
   <div class='ocr_carea' id='block_1_99' title="bbox 179 5403 1666 5480">
    <p class='ocr_par' dir='ltr' id='par_1_99' title="bbox 179 5403 1666 5480">
     <span class='ocr_line' id='line_1_99' title="bbox 179 5403 1666 5480; baseline 0.008 -26"><span class='ocrx_word' id='word_1_732' title='bbox 179 5472 183 5479; x_wconf 34' lang='grc' dir='ltr'><strong>Ι</strong></span> <span class='ocrx_word' id='word_1_733' title='bbox 225 5403 387 5480; x_wconf 71' lang='lat' dir='ltr'><strong>‘Quod</strong></span> <span class='ocrx_word' id='word_1_734' title='bbox 405 5412 441 5460; x_wconf 69' lang='lat' dir='ltr'><strong>si</strong></span> <span class='ocrx_word' id='word_1_735' title='bbox 460 5413 569 5477; x_wconf 83' lang='lat' dir='ltr'><strong>quis</strong></span> <span class='ocrx_word' id='word_1_736' title='bbox 624 5411 732 5463; x_wconf 67' lang='lat' dir='ltr'><strong>Itan:</strong></span> <span class='ocrx_word' id='word_1_737' title='bbox 782 5410 841 5462; x_wconf 85' lang='lat' dir='ltr'><strong>ab</strong></span> <span class='ocrx_word' id='word_1_738' title='bbox 886 5410 1163 5480; x_wconf 71' lang='lat' dir='ltr'><strong>apostolica</strong></span> <span class='ocrx_word' id='word_1_739' title='bbox 1208 5411 1324 5463; x_wconf 84' lang='lat' dir='ltr'><strong>sede</strong></span> <span class='ocrx_word' id='word_1_740' title='bbox 1366 5414 1441 5465; x_wconf 86' lang='lat' dir='ltr'><strong>vel</strong></span> <span class='ocrx_word' id='word_1_741' title='bbox 1486 5422 1666 5466; x_wconf 82' lang='lat' dir='ltr'><strong>sancta</strong></span> 
     </span>
    </p>
   </div>
   <div class='ocr_carea' id='block_1_100' title="bbox 175 5476 1663 5551">
    <p class='ocr_par' dir='ltr' id='par_1_100' title="bbox 175 5476 1663 5551">
     <span class='ocr_line' id='line_1_100' title="bbox 175 5476 1663 5551; baseline 0.007 -25"><span class='ocrx_word' id='word_1_742' title='bbox 175 5476 286 5551; x_wconf 65' lang='lat' dir='ltr'><strong>male</strong></span> <span class='ocrx_word' id='word_1_743' title='bbox 308 5482 516 5549; x_wconf 68' lang='lat' dir='ltr'><strong>tacenda)</strong></span> <span class='ocrx_word' id='word_1_744' title='bbox 539 5480 742 5549; x_wconf 74' lang='lat' dir='ltr'><strong>synodo</strong></span> <span class='ocrx_word' id='word_1_745' title='bbox 794 5476 1283 5545; x_wconf 32' lang='lat' dir='ltr'><strong>acta&#39;repreheniiit,</strong></span> <span class='ocrx_word' id='word_1_746' title='bbox 1320 5494 1503 5550; x_wconf 64' lang='lat' dir='ltr'><strong>printer</strong></span> <span class='ocrx_word' id='word_1_747' title='bbox 1529 5485 1663 5551; x_wconf 82' lang='lat' dir='ltr'><strong>quod</strong></span> 
     </span>
    </p>
   </div>
   <div class='ocr_carea' id='block_1_101' title="bbox 176 5552 1664 5617">
    <p class='ocr_par' dir='ltr' id='par_1_101' title="bbox 176 5552 1664 5617">
     <span class='ocr_line' id='line_1_101' title="bbox 176 5552 1664 5617; baseline 0.009 -23"><span class='ocrx_word' id='word_1_748' title='bbox 176 5560 292 5605; x_wconf 70' lang='lat' dir='ltr'><strong>prisca</strong></span> <span class='ocrx_word' id='word_1_749' title='bbox 331 5564 473 5601; x_wconf 78' lang='lat' dir='ltr'><strong>rerum</strong></span> <span class='ocrx_word' id='word_1_750' title='bbox 529 5552 829 5617; x_wconf 82' lang='lat' dir='ltr'><strong>probatione</strong></span> <span class='ocrx_word' id='word_1_751' title='bbox 886 5552 1213 5613; x_wconf 80' lang='lat' dir='ltr'><strong>convincitur,</strong></span> <span class='ocrx_word' id='word_1_752' title='bbox 1266 5554 1465 5605; x_wconf 45' lang='lat' dir='ltr'><strong>interim</strong></span> <span class='ocrx_word' id='word_1_753' title='bbox 1508 5556 1664 5609; x_wconf 82' lang='lat' dir='ltr'><strong>multo</strong></span> 
     </span>
    </p>
   </div>
   <div class='ocr_carea' id='block_1_102' title="bbox 175 5620 1403 5689">
    <p class='ocr_par' dir='ltr' id='par_1_102' title="bbox 175 5620 1403 5689">
     <span class='ocr_line' id='line_1_102' title="bbox 175 5620 1403 5689; baseline 0.011 -25"><span class='ocrx_word' id='word_1_754' title='bbox 175 5620 285 5689; x_wconf 66' lang='lat' dir='ltr'><strong>magis</strong></span> <span class='ocrx_word' id='word_1_755' title='bbox 311 5620 467 5672; x_wconf 62' lang='lat' dir='ltr'><strong>Acutio</strong></span> <span class='ocrx_word' id='word_1_756' title='bbox 500 5639 597 5675; x_wconf 81' lang='lat' dir='ltr'><strong>non</strong></span> <span class='ocrx_word' id='word_1_757' title='bbox 624 5622 826 5673; x_wconf 68' lang='lat' dir='ltr'><strong>licuisse</strong></span> <span class='ocrx_word' id='word_1_758' title='bbox 856 5624 1111 5689; x_wconf 74' lang='lat' dir='ltr'><strong>fatebitur.</strong></span> <span class='ocrx_word' id='word_1_759' title='bbox 1144 5625 1403 5677; x_wconf 59' lang='grc' dir='ltr'><strong>Ιιλῐιιιηυδ.</strong></span> 
     </span>
    </p>
   </div>
   <div class='ocr_carea' id='block_1_103' title="bbox 220 5686 1594 5758">
    <p class='ocr_par' dir='ltr' id='par_1_103' title="bbox 220 5686 1594 5758">
     <span class='ocr_line' id='line_1_103' title="bbox 220 5686 1594 5758; baseline 0.007 -21"><span class='ocrx_word' id='word_1_760' title='bbox 220 5686 411 5758; x_wconf 47' lang='lat' dir='ltr'><strong>{Inclusa</strong></span> <span class='ocrx_word' id='word_1_761' title='bbox 443 5691 745 5758; x_wconf 75' lang='lat' dir='ltr'><strong>parenthesi</strong></span> <span class='ocrx_word' id='word_1_762' title='bbox 772 5686 954 5745; x_wconf 71' lang='lat' dir='ltr'><strong>desunt</strong></span> <span class='ocrx_word' id='word_1_763' title='bbox 994 5695 1039 5745; x_wconf 88' lang='lat' dir='ltr'><strong>in</strong></span> <span class='ocrx_word' id='word_1_764' title='bbox 1070 5695 1251 5747; x_wconf 79' lang='lat' dir='ltr'><strong>codice</strong></span> <span class='ocrx_word' id='word_1_765' title='bbox 1281 5696 1594 5751; x_wconf 77' lang='lat' dir='ltr'><strong>Veronensi.</strong></span> 
     </span>
    </p>
   </div>
   <div class='ocr_carea' id='block_1_104' title="bbox 221 5754 818 5820">
    <p class='ocr_par' dir='ltr' id='par_1_104' title="bbox 221 5754 818 5820">
     <span class='ocr_line' id='line_1_104' title="bbox 221 5754 818 5820; baseline 0.005 -11"><span class='ocrx_word' id='word_1_766' title='bbox 221 5754 237 5783; x_wconf 90' lang='grc'><strong><em>³</em></strong></span> <span class='ocrx_word' id='word_1_767' title='bbox 260 5757 316 5812; x_wconf 76' lang='grc' dir='ltr'><strong>Μ.</strong></span> <span class='ocrx_word' id='word_1_768' title='bbox 342 5754 472 5820; x_wconf 37' lang='lat' dir='ltr'><strong>Cod;</strong></span> <span class='ocrx_word' id='word_1_769' title='bbox 502 5778 555 5815; x_wconf 85' lang='lat' dir='ltr'><strong>ac</strong></span> <span class='ocrx_word' id='word_1_770' title='bbox 590 5764 818 5815; x_wconf 58' lang='lat' dir='ltr'><strong>Araxius.</strong></span> 
     </span>
    </p>
   </div>
   <div class='ocr_carea' id='block_1_105' title="bbox 1778 4656 3361 4728">
    <p class='ocr_par' dir='ltr' id='par_1_105' title="bbox 1778 4656 3361 4728">
     <span class='ocr_line' id='line_1_105' title="bbox 1778 4656 3361 4728; baseline -0.002 -14"><span class='ocrx_word' id='word_1_771' title='bbox 1778 4678 1896 4715; x_wconf 89' lang='lat' dir='ltr'><strong>cum</strong></span> <span class='ocrx_word' id='word_1_772' title='bbox 1925 4658 2163 4728; x_wconf 86' lang='lat' dir='ltr'><strong>ejusdem</strong></span> <span class='ocrx_word' id='word_1_773' title='bbox 2195 4657 2370 4712; x_wconf 79' lang='lat' dir='ltr'><strong>Acacii</strong></span> <span class='ocrx_word' id='word_1_774' title='bbox 2396 4666 2544 4711; x_wconf 86' lang='lat' dir='ltr'><strong>esset</strong></span> <span class='ocrx_word' id='word_1_775' title='bbox 2564 4657 2810 4725; x_wconf 88' lang='lat' dir='ltr'><strong>specialis</strong></span> <span class='ocrx_word' id='word_1_776' title='bbox 2844 4656 3016 4711; x_wconf 87' lang='lat' dir='ltr'><strong>fautor</strong></span> <span class='ocrx_word' id='word_1_777' title='bbox 3047 4666 3098 4710; x_wconf 89' lang='lat' dir='ltr'><strong>et</strong></span> <span class='ocrx_word' id='word_1_778' title='bbox 3126 4668 3361 4722; x_wconf 52' lang='lat' dir='ltr'><strong>amatur;</strong></span> 
     </span>
    </p>
   </div>
   <div class='ocr_carea' id='block_1_106' title="bbox 1779 4750 3366 4823">
    <p class='ocr_par' dir='ltr' id='par_1_106' title="bbox 1779 4750 3366 4823">
     <span class='ocr_line' id='line_1_106' title="bbox 1779 4750 3366 4823; baseline -0.003 -14"><span class='ocrx_word' id='word_1_779' title='bbox 1779 4765 1832 4809; x_wconf 90' lang='lat' dir='ltr'><strong>et</strong></span> <span class='ocrx_word' id='word_1_780' title='bbox 1855 4755 1942 4823; x_wconf 91' lang='lat' dir='ltr'><strong>qui</strong></span> <span class='ocrx_word' id='word_1_781' title='bbox 1978 4754 2168 4808; x_wconf 83' lang='lat' dir='ltr'><strong>litteris</strong></span> <span class='ocrx_word' id='word_1_782' title='bbox 2198 4751 2311 4805; x_wconf 86' lang='lat' dir='ltr'><strong>suis</strong></span> <span class='ocrx_word' id='word_1_783' title='bbox 2346 4761 2451 4804; x_wconf 89' lang='lat' dir='ltr'><strong>tam</strong></span> <span class='ocrx_word' id='word_1_784' title='bbox 2485 4753 2658 4819; x_wconf 85' lang='lat' dir='ltr'><strong>ipsum</strong></span> <span class='ocrx_word' id='word_1_785' title='bbox 2706 4750 2957 4804; x_wconf 82' lang='lat' dir='ltr'><strong>Acacium</strong></span> <span class='ocrx_word' id='word_1_786' title='bbox 2986 4766 3141 4819; x_wconf 87' lang='lat' dir='ltr'><strong>quam</strong></span> <span class='ocrx_word' id='word_1_787' title='bbox 3169 4764 3366 4805; x_wconf 79' lang='lat' dir='ltr'><strong>sanctae</strong></span> 
     </span>
    </p>
   </div>
   <div class='ocr_carea' id='block_1_107' title="bbox 1781 4844 3368 4915">
    <p class='ocr_par' dir='ltr' id='par_1_107' title="bbox 1781 4844 3368 4915">
     <span class='ocr_line' id='line_1_107' title="bbox 1781 4844 3368 4915; baseline -0.004 -12"><span class='ocrx_word' id='word_1_788' title='bbox 1781 4848 2052 4903; x_wconf 71' lang='lat' dir='ltr'><strong>memoria:</strong></span> <span class='ocrx_word' id='word_1_789' title='bbox 2086 4861 2273 4915; x_wconf 89' lang='lat' dir='ltr'><strong>papam</strong></span> <span class='ocrx_word' id='word_1_790' title='bbox 2315 4844 2675 4912; x_wconf 72' lang='lat' dir='ltr'><strong>Simpliciunb</strong></span> <span class='ocrx_word' id='word_1_791' title='bbox 2702 4844 2907 4914; x_wconf 79' lang='lat' dir='ltr'><strong>magnis</strong></span> <span class='ocrx_word' id='word_1_792' title='bbox 2940 4845 3186 4898; x_wconf 70' lang='lat' dir='ltr'><strong>loud.bus</strong></span> <span class='ocrx_word' id='word_1_793' title='bbox 3217 4854 3368 4897; x_wconf 78' lang='lat' dir='ltr'><strong>extu-</strong></span> 
     </span>
    </p>
   </div>
   <div class='ocr_carea' id='block_1_108' title="bbox 1778 4938 3369 5007">
    <p class='ocr_par' dir='ltr' id='par_1_108' title="bbox 1778 4938 3369 5007">
     <span class='ocr_line' id='line_1_108' title="bbox 1778 4938 3369 5007; baseline -0.005 -10"><span class='ocrx_word' id='word_1_794' title='bbox 1778 4944 1952 5005; x_wconf 81' lang='lat' dir='ltr'><strong>Iisset,</strong></span> <span class='ocrx_word' id='word_1_795' title='bbox 1983 4942 2266 4995; x_wconf 88' lang='lat' dir='ltr'><strong>doceretur</strong></span> <span class='ocrx_word' id='word_1_796' title='bbox 2289 4940 2427 5007; x_wconf 88' lang='lat' dir='ltr'><strong>quod</strong></span> <span class='ocrx_word' id='word_1_797' title='bbox 2454 4939 2721 4993; x_wconf 86' lang='lat' dir='ltr'><strong>haereticis</strong></span> <span class='ocrx_word' id='word_1_798' title='bbox 2749 4938 3180 4993; x_wconf 83' lang='lat' dir='ltr'><strong>constantissimo</strong></span> <span class='ocrx_word' id='word_1_799' title='bbox 3214 4939 3369 4989; x_wconf 82' lang='lat' dir='ltr'><strong>resti-</strong></span> 
     </span>
    </p>
   </div>
   <div class='ocr_carea' id='block_1_109' title="bbox 1781 5027 3369 5103">
    <p class='ocr_par' dir='ltr' id='par_1_109' title="bbox 1781 5027 3369 5103">
     <span class='ocr_line' id='line_1_109' title="bbox 1781 5027 3369 5103; baseline -0.004 -16"><span class='ocrx_word' id='word_1_800' title='bbox 1781 5032 2051 5103; x_wconf 80' lang='lat' dir='ltr'><strong>tisset[at.</strong></span> <span class='ocrx_word' id='word_1_801' title='bbox 2102 5028 2466 5100; x_wconf 84' lang='lat' dir='ltr'><strong>restitissent].</strong></span> <span class='ocrx_word' id='word_1_802' title='bbox 2502 5030 2607 5084; x_wconf 80' lang='lat' dir='ltr'><strong>Cur</strong></span> <span class='ocrx_word' id='word_1_803' title='bbox 2659 5038 2804 5083; x_wconf 90' lang='lat' dir='ltr'><strong>tanto</strong></span> <span class='ocrx_word' id='word_1_804' title='bbox 2853 5040 3089 5095; x_wconf 88' lang='lat' dir='ltr'><strong>tempore</strong></span> <span class='ocrx_word' id='word_1_805' title='bbox 3143 5027 3369 5081; x_wconf 86' lang='lat' dir='ltr'><strong>Aeacius</strong></span> 
     </span>
    </p>
   </div>
   <div class='ocr_carea' id='block_1_110' title="bbox 1779 5114 3367 5191">
    <p class='ocr_par' dir='ltr' id='par_1_110' title="bbox 1779 5114 3367 5191">
     <span class='ocr_line' id='line_1_110' title="bbox 1779 5114 3367 5191; baseline -0.006 -12"><span class='ocrx_word' id='word_1_806' title='bbox 1779 5127 2028 5179; x_wconf 69' lang='lat' dir='ltr'><strong>inti-rista</strong></span> <span class='ocrx_word' id='word_1_807' title='bbox 2050 5121 2327 5188; x_wconf 90' lang='lat' dir='ltr'><strong>conticuit,</strong></span> <span class='ocrx_word' id='word_1_808' title='bbox 2357 5121 2458 5174; x_wconf 88' lang='lat' dir='ltr'><strong>nisi</strong></span> <span class='ocrx_word' id='word_1_809' title='bbox 2478 5120 2599 5191; x_wconf 86' lang='lat' dir='ltr'><strong>quia</strong></span> <span class='ocrx_word' id='word_1_810' title='bbox 2629 5118 2912 5190; x_wconf 71' lang='lat' dir='ltr'><strong>prtcpcdiri</strong></span> <span class='ocrx_word' id='word_1_811' title='bbox 2939 5117 3035 5189; x_wconf 75' lang='grc' dir='ltr'><strong>[αἱ.</strong></span> <span class='ocrx_word' id='word_1_812' title='bbox 3061 5114 3367 5189; x_wconf 83' lang='lat' dir='ltr'><strong>prohibere]</strong></span> 
     </span>
    </p>
   </div>
   <div class='ocr_carea' id='block_1_111' title="bbox 1781 5194 3371 5282">
    <p class='ocr_par' dir='ltr' id='par_1_111' title="bbox 1781 5194 3371 5282">
     <span class='ocr_line' id='line_1_111' title="bbox 1781 5194 3371 5282; baseline -0.005 -9"><span class='ocrx_word' id='word_1_813' title='bbox 1781 5218 1996 5273; x_wconf 87' lang='lat' dir='ltr'><strong>uolebat</strong></span> <span class='ocrx_word' id='word_1_814' title='bbox 2049 5216 2315 5270; x_wconf 87' lang='lat' dir='ltr'><strong>ullatenus</strong></span> <span class='ocrx_word' id='word_1_815' title='bbox 2360 5194 2528 5282; x_wconf 66' lang='lat' dir='ltr'><strong>qute9</strong></span> <span class='ocrx_word' id='word_1_816' title='bbox 2576 5227 2671 5281; x_wconf 92' lang='lat' dir='ltr'><strong>pro</strong></span> <span class='ocrx_word' id='word_1_817' title='bbox 2720 5210 2992 5268; x_wconf 83' lang='lat' dir='ltr'><strong>haereticis</strong></span> <span class='ocrx_word' id='word_1_818' title='bbox 3032 5210 3371 5267; x_wconf 85' lang='lat' dir='ltr'><strong>desiderabat</strong></span> 
     </span>
    </p>
   </div>
   <div class='ocr_carea' id='block_1_112' title="bbox 1858 5414 2366 5477">
    <p class='ocr_par' dir='ltr' id='par_1_112' title="bbox 1858 5414 2366 5477">
     <span class='ocr_line' id='line_1_112' title="bbox 1858 5414 2366 5477; baseline -0.004 -10"><span class='ocrx_word' id='word_1_819' title='bbox 1858 5414 1874 5444; x_wconf 68' lang='lat'><strong>&quot;</strong></span> <span class='ocrx_word' id='word_1_820' title='bbox 1908 5415 1981 5467; x_wconf 90' lang='lat' dir='ltr'><strong>Id.</strong></span> <span class='ocrx_word' id='word_1_821' title='bbox 2014 5415 2155 5477; x_wconf 83' lang='lat' dir='ltr'><strong>cod.,</strong></span> <span class='ocrx_word' id='word_1_822' title='bbox 2181 5414 2366 5468; x_wconf 81' lang='lat' dir='ltr'><strong>eidem.</strong></span> 
     </span>
    </p>
   </div>
   <div class='ocr_carea' id='block_1_113' title="bbox 1857 5484 2483 5549">
    <p class='ocr_par' dir='ltr' id='par_1_113' title="bbox 1857 5484 2483 5549">
     <span class='ocr_line' id='line_1_113' title="bbox 1857 5484 2483 5549; baseline -0.002 -10"><span class='ocrx_word' id='word_1_823' title='bbox 1857 5486 1875 5515; x_wconf 81' lang='grc'>⁸</span> <span class='ocrx_word' id='word_1_824' title='bbox 1906 5486 1978 5539; x_wconf 89' lang='lat' dir='ltr'><strong>Id.</strong></span> <span class='ocrx_word' id='word_1_825' title='bbox 2012 5485 2155 5549; x_wconf 89' lang='lat' dir='ltr'><strong>cod.,</strong></span> <span class='ocrx_word' id='word_1_826' title='bbox 2183 5484 2483 5539; x_wconf 78' lang='lat' dir='ltr'><strong>describere.</strong></span> 
     </span>
    </p>
   </div>
   <div class='ocr_carea' id='block_1_114' title="bbox 1856 5554 2435 5619">
    <p class='ocr_par' dir='ltr' id='par_1_114' title="bbox 1856 5554 2435 5619">
     <span class='ocr_line' id='line_1_114' title="bbox 1856 5554 2435 5619; baseline 0 -10"><span class='ocrx_word' id='word_1_827' title='bbox 1856 5557 1874 5585; x_wconf 69' lang='grc' dir='ltr'><strong>θ</strong></span> <span class='ocrx_word' id='word_1_828' title='bbox 1904 5554 1977 5610; x_wconf 88' lang='lat' dir='ltr'><strong>Id.</strong></span> <span class='ocrx_word' id='word_1_829' title='bbox 2005 5556 2150 5619; x_wconf 84' lang='lat' dir='ltr'><strong>cod.,</strong></span> <span class='ocrx_word' id='word_1_830' title='bbox 2183 5556 2226 5607; x_wconf 82' lang='lat' dir='ltr'><strong>si</strong></span> <span class='ocrx_word' id='word_1_831' title='bbox 2255 5556 2435 5610; x_wconf 78' lang='lat' dir='ltr'><strong>nollet.</strong></span> 
     </span>
    </p>
   </div>
   <div class='ocr_carea' id='block_1_115' title="bbox 1854 5626 2489 5694">
    <p class='ocr_par' dir='ltr' id='par_1_115' title="bbox 1854 5626 2489 5694">
     <span class='ocr_line' id='line_1_115' title="bbox 1854 5626 2489 5694; baseline 0.002 -18"><span class='ocrx_word' id='word_1_832' title='bbox 1854 5629 1870 5656; x_wconf 86' lang='grc'><strong>⁷</strong></span> <span class='ocrx_word' id='word_1_833' title='bbox 1906 5626 1977 5677; x_wconf 86' lang='lat' dir='ltr'><strong>Id.</strong></span> <span class='ocrx_word' id='word_1_834' title='bbox 2010 5626 2151 5685; x_wconf 88' lang='lat' dir='ltr'><strong>cod.,</strong></span> <span class='ocrx_word' id='word_1_835' title='bbox 2185 5628 2308 5694; x_wconf 83' lang='lat' dir='ltr'><strong>quid</strong></span> <span class='ocrx_word' id='word_1_836' title='bbox 2336 5626 2489 5691; x_wconf 82' lang='lat' dir='ltr'><strong>quod.</strong></span> 
     </span>
    </p>
   </div>
   <div class='ocr_carea' id='block_1_116' title="bbox 1858 5695 2766 5761">
    <p class='ocr_par' dir='ltr' id='par_1_116' title="bbox 1858 5695 2766 5761">
     <span class='ocr_line' id='line_1_116' title="bbox 1858 5695 2766 5761; baseline -0.002 -12"><span class='ocrx_word' id='word_1_837' title='bbox 1858 5699 1875 5726; x_wconf 85' lang='grc'><strong><em>⁸</em></strong></span> <span class='ocrx_word' id='word_1_838' title='bbox 1911 5697 1983 5749; x_wconf 89' lang='lat' dir='ltr'><strong>Id.</strong></span> <span class='ocrx_word' id='word_1_839' title='bbox 2018 5696 2163 5761; x_wconf 82' lang='lat' dir='ltr'><strong>cod.,</strong></span> <span class='ocrx_word' id='word_1_840' title='bbox 2192 5698 2383 5749; x_wconf 69' lang='grc' dir='ltr'><strong>(ιικειὶε</strong></span> <span class='ocrx_word' id='word_1_841' title='bbox 2416 5712 2528 5748; x_wconf 74' lang='lat' dir='ltr'><strong>cum</strong></span> <span class='ocrx_word' id='word_1_842' title='bbox 2569 5695 2766 5747; x_wconf 72' lang='lat' dir='ltr'><strong>eodem.</strong></span> 
     </span>
    </p>
   </div>
   <div class='ocr_carea' id='block_1_117' title="bbox 1855 5763 3091 5821">
    <p class='ocr_par' dir='ltr' id='par_1_117' title="bbox 1855 5763 3091 5821">
     <span class='ocr_line' id='line_1_117' title="bbox 1855 5763 3091 5821; baseline 0.002 -4"><span class='ocrx_word' id='word_1_843' title='bbox 1855 5769 1872 5797; x_wconf 72' lang='grc' dir='ltr'><strong>θ</strong></span> <span class='ocrx_word' id='word_1_844' title='bbox 1908 5766 2010 5819; x_wconf 82' lang='lat' dir='ltr'><strong>Pro</strong></span> <span class='ocrx_word' id='word_1_845' title='bbox 2037 5768 2281 5819; x_wconf 71' lang='lat' dir='ltr'><strong>htcrcticis</strong></span> <span class='ocrx_word' id='word_1_846' title='bbox 2307 5767 2499 5821; x_wconf 82' lang='lat' dir='ltr'><strong>desunt</strong></span> <span class='ocrx_word' id='word_1_847' title='bbox 2529 5766 2580 5819; x_wconf 89' lang='lat' dir='ltr'><strong>in</strong></span> <span class='ocrx_word' id='word_1_848' title='bbox 2615 5765 2735 5819; x_wconf 87' lang='lat' dir='ltr'><strong>cod.</strong></span> <span class='ocrx_word' id='word_1_849' title='bbox 2774 5763 3091 5820; x_wconf 66' lang='lat' dir='ltr'><strong>\‘eronensi.</strong></span> 
     </span>
    </p>
   </div>
  </div>
