3948 6314
532 398 548 420 ,
644 393 705 450 η
2001 380 2262 437 occasu
2302 379 2501 435 eam
2540 381 2557 434 ι
3032 442 3035 445 λ
3808 388 3861 441 72

602 566 605 569 ν
642 509 659 539 ί
703 502 948 572 impleri?
995 502 1258 555 Ponamus
1303 506 1479 551 tamen
1530 496 1735 551 etiamsi
1785 495 1927 549 nulla
1980 494 2215 564 synodus
2244 499 2294 556 Α
2329 504 2463 558 tum,
2494 510 2651 564 quam
2679 498 2794 564 ejus
2820 496 3215 569 civitatis,quae
3244 510 3351 561 non
3377 498 3546 551 solum
3576 498 3705 554 inter
3730 502 3861 557 sedes

638 593 1019 665 prmcessisset,
1048 591 1200 658 cujus
1225 586 1512 656 apostolica
1544 586 1701 638 sedes
1751 594 1896 639 recte
1931 585 2081 638 tierct
2110 598 2205 637 ex-

641 686 898 749 sccutrix,
930 698 1050 738 cum
1087 680 1279 749 quibus
1308 686 1426 733 erat
1455 679 1520 732 de
1558 677 1743 731 Acacio
1766 677 2000 746 synodus
2028 677 2216 747 ineun-

637 779 704 832 da
727 819 739 838 .
785 774 1019 845 nunquid
1050 787 1170 827 cum
1202 771 1283 825 his
1312 772 1399 841 qui
1429 771 1539 840 jam
1572 768 1864 839 participes
1898 770 2222 823 tenebantur

638 868 855 931 Acacio,
878 878 931 921 ct
953 882 1045 935 per
1066 864 1335 919 Orientem
1364 872 1531 917 totum
1555 862 1835 914 catholicis
1856 860 2219 914 sacerdotibus

640 962 905 1014 violenter
929 956 1159 1012 exclusis
1179 996 1194 1020 ,
1225 969 1425 1023 perque
1451 951 1639 1007 exsilia
1669 952 1878 1007 diversa
1925 952 2173 1020 relegatis
2204 992 2216 1013 ,

636 1051 766 1105 socii
816 1049 1092 1103 evidenter
1142 1045 1486 1109 existebant,
1538 1042 1930 1097 communionis
1982 1053 2219 1096 externa:

639 1146 784 1213 prius
813 1156 870 1195 se
895 1140 960 1194 ad
993 1140 1105 1193 haec
1140 1137 1410 1192 consortia
1458 1136 1865 1199 transferentes,
1893 1118 2053 1203 quam
2078 1133 2219 1187 sedis

638 1231 944 1301 apostolica:
987 1231 1118 1283 scita
1162 1227 1524 1282 consulerent.
1556 1226 1689 1279 Cum
1719 1224 1911 1293 quibus
1949 1239 2076 1291 ergo
2104 1235 2219 1278 erat

638 1328 876 1396 synodus
905 1322 1179 1378 ineunda?
1224 1319 1486 1375 Catholici
1518 1317 1796 1387 pontiﬁces
1826 1316 2035 1371 fuerant
2061 1317 2214 1370 undi-

634 1435 737 1488 que
764 1419 875 1488 jam
907 1414 1139 1484 depulsi,
1184 1413 1388 1483 solique
1419 1418 1789 1467 remanserant
1820 1409 1953 1464 socii
1993 1408 2219 1477 perﬁdo-

634 1525 787 1572 rum,
818 1522 937 1561 cum
968 1506 1158 1575 quibus
1195 1503 1303 1572 jam
1346 1517 1445 1557 nec
1500 1496 1689 1583 licebat
1738 1501 1934 1555 habere
1986 1515 2217 1554 conven-

637 1611 748 1655 tum
771 1600 861 1670 lat.
887 1598 1030 1651 addit
1058 1598 1268 1651 dicente
1298 1596 1534 1664 psalmo:
1559 1593 1672 1649 Non
1697 1592 1833 1659 sedi,
1870 1590 2000 1663 etc.]
2029 1593 2048 1622 ²
2073 1592 2214 1662 (quia

640 1692 804 1745 moris
850 1688 1196 1745 ecclesiastici
1233 1688 1451 1742 omnino
1496 1701 1603 1740 non
1656 1694 1798 1740 esset
1847 1698 1967 1739 cum
1998 1685 2078 1737 his
2129 1683 2217 1751 qui

640 1784 895 1853 pollutam
944 1780 1374 1837 communionem
1442 1788 1726 1843 tenerent,
1789 1778 2243 1846 permixtamque»

2328 584 2544 639 minime
2576 594 2910 649 numeratur,
2943 587 3034 640 sed
3076 582 3175 639 nec
3202 588 3345 649 inter
3372 589 3861 657 metropolitanorum

2319 680 2438 749 jura
2483 690 2767 745 censetur:
2802 696 2923 734 nam
2954 681 3094 749 quod
3119 684 3140 713 ⁸
3169 681 3376 748 dicitis,
3409 681 3513 736 alia
3560 691 3775 750 potestas
3797 697 3863 741 est

2323 774 2788 841 rcgni'smcularis,
2822 774 2922 827 alia
2956 774 3442 828 ecclesiasticarum
3490 774 3774 832 distributio
3799 778 3863 832 di-

2290 867 2602 935 gnitatum.
2635 865 2788 921 Sicut
2815 865 2955 919 enim
2986 867 3228 934 quamvis
3266 880 3432 934 parva
3472 867 3655 920 civitas
3697 884 3863 935 prtere-

2288 959 2549 1026 ‘gativam
2604 958 2883 1027 praesentis
2917 959 3064 1027 regni
3105 973 3210 1013 non
3249 957 3458 1020 minuit,
3489 960 3566 1012 sic
3608 959 3865 1029 intperialis

2288 1050 2606 1117 praesentia
2662 1064 2967 1103 mensuram
3017 1050 3435 1117 diapensationis
3487 1052 3741 1120 religiosae
3780 1070 3864 1107 non

2322 1141 2617 1195 mutat.‘Sit
2640 1142 2780 1195 clara
2810 1140 2936 1195 urbs
2957 1141 3047 1193 illa
3068 1149 3339 1209 potestate
3367 1143 3642 1208 przesentis
3663 1143 3863 1210 imperii,

2321 1234 2507 1303 religio
2538 1241 2663 1285 tunc
2692 1233 2792 1286 sub
2817 1233 3001 1286 eadem
3035 1232 3127 1303 lat,
3157 1231 3371 1302 eodem]
3405 1234 3579 1297 ﬁrma,
3612 1242 3730 1287 tunc
3761 1236 3866 1290 Iibe-

2292 1341 2410 1391 Am,
2453 1333 2579 1378 tunc
2605 1334 2859 1393 provecta
2887 1324 3164 1386 consistit,
3199 1325 3241 1377 si
3291 1325 3470 1392 potius
3508 1325 3607 1379 hoc
3634 1336 3867 1393 praesente

2322 1416 2591 1485 propriam
2626 1416 2949 1471 teneatsine
2983 1416 3087 1467 ulla
3130 1413 3531 1483 perturbatione
3573 1429 3865 1469 mensuram.

2292 1507 2670 1577 “(Postremo
2708 1507 2751 1560 si
2797 1504 2895 1561 sibi
2926 1506 2993 1560 de
3038 1507 3379 1573 imperatoris
3423 1507 3697 1575 praesentia
3738 1506 3867 1560 blan-

2292 1598 2555 1661 'diuntur,
2589 1607 2644 1652 et
2669 1597 2792 1652 inde
2822 1606 3007 1666 putant
3031 1596 3639 1664 Constantinopolitanae
3665 1598 3868 1651 civitatis

2291 1693 2553 1761 ‘episeopi
2619 1695 2880 1760 potiorem
2934 1680 3259 1759 ﬁeriposse
3308 1705 3629 1760 personam;
3678 1694 3867 1747 audiant

2320 1784 2644 1838 Marcianum
2674 1783 2913 1852 ejusdem
2944 1783 3238 1863 principem
3266 1783 3530 1848 civitatis,
3556 1794 3868 1854 posteaquam

636 1893 758 1932 cum
803 1875 1038 1943 perﬁdis,
1084 1874 1246 1927 ullum
1300 1871 1526 1927 miscere
1556 1868 1907 1939 concilium);
1958 1868 2211 1937 propheta
2244 1868 2291 1927 B
2318 1878 2727 1942 pro‘augmento
2752 1872 2897 1927 urbis
2929 1873 3094 1942 ipsius
3123 1874 3422 1929 sacerdotis
3459 1874 3772 1930 intercessor
3795 1890 3869 1929 ae-

636 1980 849 2038 quoque
879 1965 1093 2020 dicente
1118 1980 1132 2017 :
1160 1962 1281 2017 Non
1303 1963 1410 2017 sedi
1436 1963 1487 2014 in
1513 1960 1726 2015 concilio
1749 1961 2004 2024 vanitatis,
2028 1968 2074 2013 et
2105 1975 2215 2011 cum

635 2058 808 2127 iniqua
848 2054 1133 2125 gerentibus
1175 2069 1276 2107 non
1319 2052 1573 2117 introibo;
1605 2052 1626 2082 ⁸
1654 2051 1822 2120 (οάἱυὶ
1868 2052 2218 2122 congregatio-

641 2164 753 2201 nem
798 2148 1177 2215 malignorum,
1219 2156 1264 2198 et
1305 2160 1420 2197 cum
1458 2145 1628 2214 impiis
1658 2160 1760 2197 non
1796 2143 2022 2211 sedebo).
2054 2144 2217 2196 Recte

636 2238 796 2305 igitur
820 2252 915 2305 per
935 2234 1389 2290 Chalcedonensis
1427 2232 1618 2303 synodi
1662 2233 1882 2286 formam
1912 2230 2216 2301 hujusniodi

636 2327 1003 2397 praevaricatio
1033 2325 1245 2395 repulsa
1276 2332 1379 2390 est,
1414 2324 1593 2393 potius
1621 2338 1781 2392 quam
1815 2324 1881 2376 ad
1908 2324 2212 2387 conelium,

638 2418 782 2488 quod
813 2432 911 2472 nec
940 2430 1074 2486 opus
1102 2424 1219 2471 erat
1246 2423 1365 2485 post
1390 2416 1614 2484 primam
1648 2414 1934 2484 synodum,
1969 2427 2067 2467 nec
2091 2428 2213 2468 cum

638 2511 834 2565 talibus
866 2509 886 2539 δ
922 2510 1117 2563 habere
1146 2508 1376 2571 licebat,
1408 2508 1429 2537 ⁵
1456 2507 1682 2561 adducta
1722 2514 1821 2560 est.
1852 2504 1981 2559 Nam
2011 2515 2065 2559 et
2090 2506 2213 2572 quid

641 2614 887 2674 ageretur
914 2601 983 2656 de
1012 2601 1118 2654 ﬁde
1156 2600 1414 2654 catholica
1440 2639 1454 2664 ,
1485 2598 1529 2652 si
1561 2597 1858 2665 intelligere
1890 2597 2212 2663 voluissent,

640 2695 888 2769 ignorare
935 2708 1041 2746 non
1092 2694 1536 2759 poterant,'cum
1566 2689 1597 2735 λ⁶
1629 2689 1872 2743 viderant
1922 2689 2214 2743 catholicos

638 2784 917 2855 pontiﬁces
946 2782 1085 2836 nulla
1134 2780 1324 2852 synodi
1355 2781 1687 2835 discussione
1710 2819 1724 2846 ,
1761 2779 1906 2834 nullo
1947 2778 2172 2834 concilio
2198 2820 2211 2845 ,

636 2876 903 2945 prtecipue
931 2889 1050 2929 cum
1092 2886 1258 2949 novas
1287 2885 1474 2927 causas
1500 2887 1618 2926 esse
1651 2871 2069 2939 perpenderent,
2105 2880 2214 2924 toto

636 2970 866 3046 Oriente,
881 2966 1100 3036 depelli,
1145 2974 1200 3021 et
1226 2966 1405 3020 caeteri
1438 2965 1564 3034 quid
1608 2977 1879 3030 caverent,
1909 2980 1973 3018 ex
2006 2965 2212 3020 illorum

636 3062 844 3117 discere
872 3059 1128 3128 qualitate
1180 3059 1501 3127 potuissent.
1550 3056 1738 3112 Restat
1779 3058 1939 3125 igitur
1970 3067 2025 3109 ut
2076 3057 2107 3108 il
2134 3057 2214 3109 ius

639 3155 803 3222 partis
833 3167 926 3205 eos
953 3151 1115 3203 fuisse
1143 3150 1213 3203 sit
1252 3149 1474 3211 clarum,
1526 3149 1607 3201 cui
1638 3162 1697 3201 se
1724 3156 1842 3215 post
1883 3156 1959 3201 tot
2000 3148 2211 3214 experi-

2292 1967 2536 2031 ‘cedens,
2569 1975 2752 2019 contra
2776 1965 2988 2033 regulas
3016 1965 3261 2020 obtinere
3306 1966 3439 2019 nihil
3475 1968 3662 2034 potuit,
3695 1977 3869 2021 sancte

2319 2057 2592 2110 memoria:
2626 2070 2810 2124 papam
2841 2055 3071 2110 Leonem
3101 2056 3329 2111 summis
3362 2056 3608 2111 laudibus
3647 2070 3869 2124 prosecu-

2319 2158 2427 2200 tum
2452 2148 2589 2214 quod
2608 2162 2870 2202 canonum
2896 2148 3105 2215 regulas
3128 2148 3315 2203 violari
3345 2149 3491 2203 nulla
3516 2149 3672 2202 fuerit
3688 2149 3869 2201 ratione

2292 2268 2293 2271 η
2320 2252 2627 2306 perpessus.
2661 2238 2895 2291 Audiant
2920 2238 3224 2292 Anatolium
3248 2239 3491 2305 ejusdem
3514 2238 3653 2294 sedis
3682 2239 3866 2292 antisti-

2320 2338 2467 2393 tem,
2512 2328 2712 2382 clerum
2764 2328 2941 2396 potius
2972 2327 3623 2398 ConstantinOpolitauum
3652 2344 3798 2397 quam
3822 2344 3869 2383 se

2294 2427 2555 2473 tentasse
2601 2418 2722 2472 talia
2754 2421 3129 2483 conﬁtentem,
3160 2430 3317 2488 atque
3354 2420 3411 2474 in
3442 2420 3718 2489 apostolici
3758 2435 3872 2488 pra:-

2316 2510 2448 2565 sulis
2472 2518 2641 2564 totum
2672 2510 2937 2563 dicentem
2977 2511 3205 2580 positum
3240 2518 3533 2578 potestate.
3562 2510 3731 2579 Ipsum
3763 2511 3869 2562 bea-

2319 2612 2428 2656 tum
2453 2616 2640 2669 papam
2668 2601 2900 2655 Leonem
2923 2601 3069 2654 sedis
3091 2602 3400 2669 apostolica:
3431 2598 3871 2670 prtesulem,cujus

2318 2695 2553 2765 synodus
2580 2693 3029 2748 Chalcedonensis
3057 2694 3376 2748 anetoritate
3399 2694 3609 2747 ﬁrmata
3626 2702 3721 2759 est,
3740 2691 3871 2762 quid-

2317 2790 2442 2859 quid
2476 2790 2611 2843 ultra
2637 2802 2797 2857 quam
2836 2788 2904 2841 ab
2958 2787 3146 2841 eodem
3182 2802 3278 2857 pro
3310 2788 3416 2841 ﬁde
3447 2796 3501 2843 et
3523 2786 3871 2842 communione

2294 2880 2582 2934 catholica
2612 2888 2770 2948 atque
2800 2878 3092 2945 apostolica
3138 2878 3247 2932 illic
3291 2880 3587 2948 agendum,
3625 2886 3871 2933 constaret

2294 2980 2436 3023 'csse
2453 2970 2778 3037 delegatum,
2802 2984 2895 3037 per
2922 2969 3259 3023 occasionem
3284 2969 3707 3039 congregationis
3725 2968 3867 3029 illius,

2290 3084 2295 3087 ι
2319 3076 2513 3130 praeter
2543 3062 2788 3115 Nictenos
2816 3074 3049 3114 canones
3081 3074 3217 3113 nova
3245 3060 3519 3115 videretur
3536 3061 3738 3114 actione
3766 3069 3867 3111 ten-

2319 3167 2515 3221 tatum,
2557 3155 2880 3225 competenti
2930 3154 3251 3209 refutatione
3279 3167 3555 3208 vacuasse.
3599 3153 3769 3221 anue
3795 3150 3868 3202 ni-

639 3253 817 3299 menta
845 3240 1184 3306 dediderunt,
1214 3240 1512 3308 meritoque
1535 3240 1600 3293 ab
1624 3240 1912 3307 apostolica
1946 3240 2092 3305 sede,
2112 3254 2212 3293 etn-

2319 3248 2609 3302 hilominus
2631 3250 2790 3302 etiam
2814 3248 2912 3300 sub
2938 3255 3137 3299 sanctae
3155 3245 3432 3299 memoriae
3457 3259 3590 3314 papa
3619 3240 3869 3311 Simplicio

640 3334 873 3402 terisque
912 3329 1192 3385 catholicis
1224 3344 1329 3383 non
1353 3329 1461 3398 jam
1491 3320 1801 3384 consulendi
1843 3342 1991 3383 erant
2018 3330 2209 3397 potius,

639 3426 733 3481 sed
768 3423 1007 3479 notandi.
1043 3432 1068 3459 α
1095 3421 1331 3476 Risimus
1375 3430 1549 3476 autem
1572 3463 1586 3487 ,
1620 3424 1759 3489 quod
1813 3422 2211 3489 praerogativam

642 3519 826 3572 volunt
855 3514 1051 3570 Acacio
1073 3513 1394 3582 comparari,
1420 3514 1539 3581 quia
1565 3513 1845 3582 episcopus
1871 3512 2030 3566 fuerit
2057 3512 2215 3580 regite

640 3612 889 3669 civitatis.
923 3608 1171 3679 Nunquid
1224 3608 1362 3676 apud
1412 3608 1751 3671 Ravennam,
1784 3607 1922 3676 apud
1965 3607 2216 3661 Mediola—

640 3718 801 3766 num,
832 3703 850 3731 ⁷
872 3700 1124 3754 Sirmium
1145 3743 1158 3766 ,
1192 3698 1333 3766 apud
1379 3698 1647 3763 Treviros,
1683 3698 1860 3751 multis
1884 3698 2215 3766 temporibus

640 3811 749 3851 non
778 3793 1017 3847 constitit
1036 3793 1326 3860 imperator
1345 3789 1368 3841 ?
1388 3788 1762 3859 Nunquidnam
1788 3789 1975 3842 harum
2006 3787 2216 3841 urbium

640 3886 945 3943 sacerdotes
977 3884 1113 3937 ultra
1144 3898 1445 3939 mensuram
1479 3882 1691 3938 sibimet
1716 3884 2008 3951 antiquitus
2053 3883 2217 3949 depu-

642 3985 827 4039 tatam,
859 3974 1129 4043 quidpiam
1171 3973 1284 4026 suis
1304 3972 1649 4041 dignitatibus
1682 3975 2048 4047 usurparunt?
2075 3974 2215 4029 Nun-

642 4067 770 4137 qnid
815 4066 1075 4132 Aeacius,
1111 4072 1169 4117 ut
1207 4063 1467 4118 Joannem
1518 4066 1862 4132 qualemlibet
1907 4066 2214 4131 hominem,

636 4153 963 4213 catholicum
997 4164 1172 4209 tamen
1195 4170 1225 4207 a
1246 4153 1529 4208 catholicis
1553 4155 1870 4219 ordinatum,
1906 4158 1970 4210 dc
1997 4158 2218 4211 Alexan-

642 4257 757 4310 dria
791 4253 1121 4317 excluderet,
1153 4252 1475 4319 Petrumque
1502 4252 1553 4305 in
1587 4252 1902 4321 haeresijatn
1951 4258 2215 4310 detectum

644 4347 738 4417 lal.
762 4341 1052 4414 dejectum]
1083 4352 1241 4411 atque
1267 4342 1617 4407 damnatum,
1664 4345 1863 4414 absque
1903 4348 2044 4400 sedis
2092 4362 2219 4415 apo-

643 4437 847 4492 stolicae
868 4434 1258 4489 consultatione
1287 4434 1572 4501 reciperet,
1604 4436 1777 4504 aliqua
1803 4437 2012 4506 synodo
2041 4438 2215 4492 saltim

645 4531 753 4585 illic
784 4528 984 4594 habita,
1015 4527 1115 4581 hoc
1145 4527 1403 4581 audacter
1423 4529 1665 4597 arripuit,
1688 4542 1743 4583 ut
1765 4530 2120 4586 Calendonem
2150 4534 2216 4589 dc

644 4620 922 4677 Antiochia
978 4619 1235 4687 pelleret;
1290 4620 1705 4689 hmreticumque
1759 4623 2006 4687 Petrum,
2059 4640 2215 4694 quem

645 4716 759 4782 ipse
786 4726 997 4781 quoque
1042 4712 1409 4777 damnaverat,
1444 4712 1644 4781 absque
1692 4714 1878 4768 n0titia
1923 4716 2066 4770 sedis
2091 4731 2220 4784 apo-

646 4804 851 4859 stolica:
878 4817 1061 4856 rursus
1100 4802 1435 4869 admitteret.
1490 4804 1665 4873 aliqua
1694 4806 1900 4874 synodo
1948 4808 1995 4860 id
2028 4807 2219 4864 fecisse

649 4900 1020 4955 monstratur?
1046 4896 1101 4951 Si
1132 4904 1279 4949 certe
1307 4896 1374 4950 de
1400 4896 1658 4965 dignitate
1697 4900 1870 4966 agitur
1913 4900 2216 4966 civitatum,

647 4989 894 5045 secunda:
919 4987 1063 5043 sedis
1081 4998 1135 5042 et
1165 4986 1333 5041 tertiae
1377 4986 1548 5055 major
1577 4998 1657 5041 est
1700 4989 1929 5058 dignitas
1968 4994 2221 5065 sacerdo-

723 5138 747 5165 α
778 5129 932 5182 Ridet
982 5128 1215 5195 pontifex
1267 5116 1585 5197 illuu,'quou
1615 5141 1733 5181 cum
1794 5129 2089 5199 Euphemio
2121 5150 2217 5187 no-

654 5209 837 5276 vantes
891 5200 1053 5276 nostri
1088 5200 1342 5276 temporis
1372 5202 1533 5276 stulte
1568 5199 1869 5261 admodum
1921 5201 2209 5270 inculcant,

652 5272 777 5325 dum
828 5269 1034 5319 ratione
1081 5270 1241 5329 regite
1288 5269 1560 5339 dignitatis
1590 5273 1963 5338 prmrogativas
2010 5273 2214 5329 sedium

727 5406 740 5435 '
778 5402 852 5455 Id.
872 5399 1016 5464 cod.,
1048 5398 1259 5467 expleti.
1596 5464 1597 5467 η

723 5477 742 5506 ³
778 5473 979 5526 Inclusa
1012 5467 1312 5537 parenthesi
1342 5470 1531 5521 absunt
1557 5485 1584 5520 a
1616 5474 1800 5526 codice
1839 5474 2152 5530 γριηυηεηδί,

724 5546 742 5574 ³
774 5539 1308 5614 luclusaparenthcsi
1353 5539 1542 5614 absunt
1571 5544 1747 5614 aeod.
1786 5545 1978 5596 Veron.
2016 5546 2065 5599 in
2107 5562 2211 5614 quo

647 5630 829 5671 eorum
853 5614 966 5683 loco
990 5610 1234 5683 leguntur
1261 5623 1421 5683 supra
1455 5612 1503 5661 in
1530 5611 1761 5683 editione
1791 5614 2071 5669 Lahheana
2099 5610 2191 5683 jan

645 5684 856 5754 posita:
895 5682 1001 5754 Nec
1048 5679 1369 5754 ecclesiastici
1416 5682 1591 5746 moris,
1639 5686 1739 5736 etc.
1794 5683 1919 5738 Post
1966 5679 2181 5753 qutc'se

646 5751 896 5826 quatitur,
927 5751 1075 5826 Recte
1099 5751 1271 5826 igitur,
1300 5759 1402 5805 etc.

721 5824 738 5853 ⁵
769 5822 840 5876 Id.
875 5821 1017 5883 cod“
1051 5819 1243 5872 haberi.

2317 3343 2546 3412 legatum
2586 3341 2727 3396 sedis
2762 3340 3067 3409 apostolicae
3094 3328 3310 3394 sanctae
3348 3342 3626 3394 memoriae
3662 3337 3869 3393 Probum

2315 3430 2595 3486 Canusinae
2611 3432 2755 3486 urbis
2769 3431 3074 3500 episcopum
3091 3429 3269 3485 Leone
3283 3431 3523 3499 principe
3540 3440 3661 3485 tunc
3678 3436 3871 3499 petente

2318 3533 2578 3590 praesente
2611 3522 2859 3576 decuisse
2907 3521 3213 3575 nullatenus
3257 3535 3414 3587 posse
3448 3522 3672 3587 tentari,
3721 3532 3875 3586 neque

2318 3615 2399 3667 his
2427 3630 2642 3683 prorsus
2673 3614 2965 3682 praebuisse
2986 3627 3334 3677 consensum,
3359 3621 3527 3683 atque
3548 3614 3667 3667 ideo
3689 3627 3786 3665 non
3820 3608 3877 3662 ad

2316 3707 2546 3760 civitatis
2571 3704 2853 3773 cujuslibet
2882 3706 3176 3776 respiciant
3197 3706 3534 3774 qualitatem,
3562 3706 3658 3763 sed
3680 3704 3877 3759 modum

2317 3798 2727 3866 dispensationis
2747 3798 3125 3852 eeclesiasdcaa
3156 3808 3374 3880 paterna
3404 3799 3691 3853 traditione
3718 3797 3877 3849 ﬁrma-

2284 3964 2291 3972 .
2319 3900 2427 3944 tum
2460 3892 2838 3945 convenienter
2858 3889 3189 3960 observent.)
3220 3890 3438 3944 Dicatur
3462 3900 3642 3945 autem
3666 3886 3748 3961 [αι.
3787 3884 3878 3941 Sed

2312 3984 2523 4038 dicatur
2555 3980 2809 4051 forsitan]
2839 3983 2905 4035 de
2931 3980 3293 4035 Alexandrino
3320 3990 3374 4035 et
3414 3980 3751 4037 Antiocheno
3778 3976 3879 4045 epi-

2319 4078 2496 4145 scopis
2520 4077 2682 4129 certis
2709 4091 2774 4129 ex
2807 4074 2985 4128 causis
3018 4074 3311 4142 principem
3342 4074 3513 4142 magis
3544 4074 3633 4128 illa
3662 4086 3777 4142 qua:
3801 4083 3881 4138 ge-

2318 4181 2398 4222 sta
2456 4178 2608 4231 sunt,
2662 4182 2763 4218 non
2816 4165 3069 4219 Acacium
3120 4164 3458 4234 prazcepisse.
3521 4164 3626 4221 Sed
3672 4159 3880 4233 principi

2319 4260 2621 4313 Christiano
2646 4257 2904 4310 decuerat
2933 4270 3221 4325 suggerere
3266 4256 3632 4321 sacerdotem,
3666 4254 3881 4309 maxime

2319 4351 2469 4419 Cujus
2501 4349 2858 4403 familiaritate
2889 4355 2945 4403 et
2971 4348 3149 4402 favore
3192 4348 3471 4403 fruebatur
3492 4390 3506 4411 ,
3548 4348 3747 4402 salvam
3779 4344 3883 4397 fore

2322 4443 2387 4496 de
2412 4441 2648 4509 ejusdem
2676 4439 2871 4507 injuria
2897 4438 3323 4507 contumeliaque
3355 4439 3635 4492 vindictam
3668 4444 3881 4495 tantum,

2326 4542 2379 4585 ut
2409 4531 2660 4586 Ecclesia:
2691 4531 2893 4584 sineret
2928 4529 3261 4583 Christianus
3289 4528 3540 4598 princeps
3565 4525 3775 4596 regulas
3797 4538 3884 4577 cu-

2322 4623 2529 4688 stodiri,
2563 4624 2683 4690 quia
2714 4630 2769 4674 ct
2791 4635 2927 4675 nova
2956 4621 3008 4675 in
3044 4632 3272 4689 utroque
3296 4620 3542 4688 pontiﬁce
3575 4631 3731 4672 causa
3754 4620 3884 4669 esset

2321 4727 2528 4781 exorta,
2562 4727 2614 4769 et
2661 4729 2851 4767 novam
2897 4712 3287 4767 discussionem
3315 4704 3888 4780 eonscquenterinqui-

2323 4820 2500 4871 reret;
2533 4816 2587 4862 et
2633 4808 2769 4861 sicut
2799 4820 3012 4873 semper
3053 4813 3197 4881 esset
3235 4804 3481 4858 effectum
3510 4803 3662 4873 "(ac
3704 4799 3887 4854 divina!

2326 4894 2523 4972 pariter
2555 4903 2698 4969 leges
2741 4900 3093 4967 ltumanazque
3121 4907 3401 4951 censerent
3420 4896 3438 4964 )
3460 4935 3473 4959 ,
3500 4904 3554 4949 ut
3584 4890 3887 4947 sacerdotali

2296 4993 2554 5049 concilio
2582 4992 2649 5046 de
2683 4988 3051 5046 sacerdotibus
3090 4986 3183 5056 [αι.
3228 4982 3667 5054 sacerdotalibus]
3710 4983 3888 5035 indicia

2329 5132 2759 5203 patriarchaliuut
2792 5126 3129 5203 expendunt,
3161 5133 3215 5179 et
3246 5137 3357 5203 non
3397 5131 3569 5203 potius
3596 5122 3887 5203 apostolica

2329 5192 2598 5259 traditioni
2654 5202 2769 5255 haec
2837 5192 3115 5267 privilegia
3179 5202 3397 5262 accepta
3447 5192 3707 5248 referunt.
3769 5194 3884 5245 Sun

2331 5277 2529 5339 Brutus.

2403 5407 2422 5435 ⁵
2458 5406 2578 5456 Hice
2601 5404 2794 5453 desunt
2822 5400 2873 5452 in
2907 5396 3023 5450 eod.
3059 5395 3377 5452 Veronensi.

2402 5476 2420 5505 ⁶
2454 5474 2525 5525 ltl.
2558 5472 2703 5533 cod.,
2726 5470 2969 5521 riderent.

2400 5547 2417 5574 ⁷
2448 5544 2518 5594 Id.
2561 5542 2703 5601 cod.,
2733 5540 2871 5607 apud
2899 5538 3162 5592 Sirmium.

2395 5616 2414 5643 ⁸
2449 5614 2521 5664 ld.
2555 5610 2701 5674 cod.,
2732 5610 2865 5676 quod
2893 5610 3059 5661 dicitis
3091 5611 3243 5678 regia:
3272 5610 3505 5662 civitatis.

2395 5686 2411 5712 ³
2448 5683 2645 5733 Inclusa
2674 5681 2977 5747 parenthesi
3005 5677 3199 5732 desunt
3229 5680 3279 5731 in
3310 5679 3429 5731 cod.
3476 5677 3786 5731 Veronensi.

2396 5753 2434 5781 ’°
2467 5752 2665 5805 Inclusa
2693 5752 2997 5818 parenthesi
3026 5751 3217 5804 desunt
3247 5751 3297 5800 in
3328 5748 3441 5801 cod.
3476 5747 3786 5802 Veronensi.
