  <div class='ocr_page' id='page_1' title='image "/cluster/home/n/w/nwhite01/storage/ocr_20150623/59/hvd.32044073505257/066.png"; bbox 0 0 3948 6314; ppageno 0'>
   <div class='ocr_carea' id='block_1_1' title="bbox 696 296 890 309">
    <p class='ocr_par' dir='ltr' id='par_1_1' title="bbox 696 296 890 309">
     <span class='ocr_line' id='line_1_1' title="bbox 696 296 890 309; baseline 0 0"><span class='ocrx_word' id='word_1_1' title='bbox 696 302 701 309; x_wconf 83' lang='grc'><em>.</em></span> <span class='ocrx_word' id='word_1_2' title='bbox 774 296 890 309; x_wconf 55' lang='grc' dir='ltr'><strong>ννοφ-</strong></span> 
     </span>
    </p>
   </div>
   <div class='ocr_carea' id='block_1_2' title="bbox 163 355 216 409">
    <p class='ocr_par' dir='ltr' id='par_1_2' title="bbox 163 355 216 409">
     <span class='ocr_line' id='line_1_2' title="bbox 163 355 216 409; baseline 0 0"><span class='ocrx_word' id='word_1_3' title='bbox 163 355 216 409; x_wconf 64' lang='grc' dir='ltr'>τε</span> 
     </span>
    </p>
   </div>
   <div class='ocr_carea' id='block_1_3' title="bbox 1314 348 2172 414">
    <p class='ocr_par' dir='ltr' id='par_1_3' title="bbox 1314 348 2172 414">
     <span class='ocr_line' id='line_1_3' title="bbox 1314 348 2172 414; baseline 0.01 -9"><span class='ocrx_word' id='word_1_4' title='bbox 1314 348 1668 405; x_wconf 61' lang='lat' dir='ltr'><strong>EPISTOLz‘E</strong></span> <span class='ocrx_word' id='word_1_5' title='bbox 1709 349 1795 405; x_wconf 87' lang='lat' dir='ltr'>ET</span> <span class='ocrx_word' id='word_1_6' title='bbox 1833 350 2172 414; x_wconf 81' lang='lat' dir='ltr'><strong>DECRETA.</strong></span> 
     </span>
    </p>
   </div>
   <div class='ocr_carea' id='block_1_4' title="bbox 3305 373 3419 431">
    <p class='ocr_par' dir='ltr' id='par_1_4' title="bbox 3305 373 3419 431">
     <span class='ocr_line' id='line_1_4' title="bbox 3305 373 3419 431; baseline 0.026 -2"><span class='ocrx_word' id='word_1_7' title='bbox 3305 373 3419 431; x_wconf 67' lang='grc'><strong>74·</strong></span> 
     </span>
    </p>
   </div>
   <div class='ocr_carea' id='block_1_5' title="bbox 166 465 3368 555">
    <p class='ocr_par' dir='ltr' id='par_1_5' title="bbox 166 465 3368 555">
     <span class='ocr_line' id='line_1_5' title="bbox 166 465 3368 555; baseline 0.007 -35"><span class='ocrx_word' id='word_1_8' title='bbox 166 468 474 547; x_wconf 78' lang='lat' dir='ltr'><strong>provenirent;</strong></span> <span class='ocrx_word' id='word_1_9' title='bbox 521 478 627 519; x_wconf 90' lang='lat' dir='ltr'><strong>non</strong></span> <span class='ocrx_word' id='word_1_10' title='bbox 656 478 686 517; x_wconf 92' lang='lat' dir='ltr'><strong>a</strong></span> <span class='ocrx_word' id='word_1_11' title='bbox 714 465 962 520; x_wconf 62' lang='lat' dir='ltr'><strong>Saeculari</strong></span> <span class='ocrx_word' id='word_1_12' title='bbox 1015 465 1326 520; x_wconf 78' lang='lat' dir='ltr'><strong>viderentur</strong></span> <span class='ocrx_word' id='word_1_13' title='bbox 1360 465 1678 533; x_wconf 81' lang='lat' dir='ltr'><strong>qualescun-</strong></span> <span class='ocrx_word' id='word_1_14' title='bbox 1706 466 1760 526; x_wconf 76' lang='grc' dir='ltr'><strong>Α</strong></span> <span class='ocrx_word' id='word_1_15' title='bbox 1786 468 2307 539; x_wconf 78' lang='lat' dir='ltr'><strong>seseque&#39;prodidit</strong></span> <span class='ocrx_word' id='word_1_16' title='bbox 2327 474 2410 527; x_wconf 90' lang='lat' dir='ltr'><strong>bis</strong></span> <span class='ocrx_word' id='word_1_17' title='bbox 2432 476 2650 543; x_wconf 75' lang='lat' dir='ltr'><strong>agendis</strong></span> <span class='ocrx_word' id='word_1_18' title='bbox 2670 476 2828 533; x_wconf 83' lang='lat' dir='ltr'><strong>rebus</strong></span> <span class='ocrx_word' id='word_1_19' title='bbox 2850 478 3012 536; x_wconf 84' lang='lat' dir='ltr'><strong>fuisse</strong></span> <span class='ocrx_word' id='word_1_20' title='bbox 3035 482 3368 555; x_wconf 78' lang='lat' dir='ltr'><strong>participem.</strong></span> 
     </span>
    </p>
   </div>
   <div class='ocr_carea' id='block_1_6' title="bbox 166 556 1677 632">
    <p class='ocr_par' dir='ltr' id='par_1_6' title="bbox 166 556 1677 632">
     <span class='ocr_line' id='line_1_6' title="bbox 166 556 1677 632; baseline -0.003 -17"><span class='ocrx_word' id='word_1_21' title='bbox 166 576 241 632; x_wconf 77' lang='lat' dir='ltr'><strong>pte</strong></span> <span class='ocrx_word' id='word_1_22' title='bbox 264 557 523 629; x_wconf 85' lang='lat' dir='ltr'><strong>pontiﬁces,</strong></span> <span class='ocrx_word' id='word_1_23' title='bbox 554 556 655 610; x_wconf 90' lang='lat' dir='ltr'><strong>etsi</strong></span> <span class='ocrx_word' id='word_1_24' title='bbox 682 571 869 612; x_wconf 89' lang='lat' dir='ltr'><strong>errore</strong></span> <span class='ocrx_word' id='word_1_25' title='bbox 889 557 1197 613; x_wconf 86' lang='lat' dir='ltr'><strong>humanitus</strong></span> <span class='ocrx_word' id='word_1_26' title='bbox 1223 556 1538 623; x_wconf 70' lang='lat' dir='ltr'><strong>accedente,</strong></span> <span class='ocrx_word' id='word_1_27' title='bbox 1570 571 1677 611; x_wconf 90' lang='lat' dir='ltr'><strong>non</strong></span> 
     </span>
    </p>
   </div>
   <div class='ocr_carea' id='block_1_7' title="bbox 167 646 1677 720">
    <p class='ocr_par' dir='ltr' id='par_1_7' title="bbox 167 646 1677 720">
     <span class='ocr_line' id='line_1_7' title="bbox 167 646 1677 720; baseline -0.001 -16"><span class='ocrx_word' id='word_1_28' title='bbox 167 664 301 704; x_wconf 81' lang='lat' dir='ltr'><strong>tamen</strong></span> <span class='ocrx_word' id='word_1_29' title='bbox 324 650 403 720; x_wconf 77' lang='lat' dir='ltr'><strong>[aL</strong></span> <span class='ocrx_word' id='word_1_30' title='bbox 437 648 575 700; x_wconf 83' lang='lat' dir='ltr'><strong>addit</strong></span> <span class='ocrx_word' id='word_1_31' title='bbox 606 646 815 718; x_wconf 86' lang='lat' dir='ltr'><strong>contra]</strong></span> <span class='ocrx_word' id='word_1_32' title='bbox 861 648 1180 718; x_wconf 77' lang='lat' dir='ltr'><strong>religionem</strong></span> <span class='ocrx_word' id='word_1_33' title='bbox 1218 650 1487 704; x_wconf 91' lang='lat' dir='ltr'><strong>ullatenus</strong></span> <span class='ocrx_word' id='word_1_34' title='bbox 1517 662 1677 703; x_wconf 86' lang='lat' dir='ltr'><strong>exce-</strong></span> 
     </span>
    </p>
   </div>
   <div class='ocr_carea' id='block_1_8' title="bbox 167 738 1678 813">
    <p class='ocr_par' dir='ltr' id='par_1_8' title="bbox 167 738 1678 813">
     <span class='ocr_line' id='line_1_8' title="bbox 167 738 1678 813; baseline -0.003 -16"><span class='ocrx_word' id='word_1_35' title='bbox 167 743 312 797; x_wconf 88' lang='lat' dir='ltr'><strong>dentes</strong></span> <span class='ocrx_word' id='word_1_36' title='bbox 332 748 571 809; x_wconf 86' lang='lat' dir='ltr'><strong>potestate</strong></span> <span class='ocrx_word' id='word_1_37' title='bbox 621 740 864 807; x_wconf 81' lang='lat' dir='ltr'><strong>percelli.</strong></span> <span class='ocrx_word' id='word_1_38' title='bbox 893 741 977 795; x_wconf 89' lang='lat' dir='ltr'><strong>An</strong></span> <span class='ocrx_word' id='word_1_39' title='bbox 1006 740 1184 795; x_wconf 91' lang='lat' dir='ltr'><strong>adhuc</strong></span> <span class='ocrx_word' id='word_1_40' title='bbox 1206 741 1301 813; x_wconf 79' lang='grc' dir='ltr'><strong>[αι.</strong></span> <span class='ocrx_word' id='word_1_41' title='bbox 1343 743 1426 794; x_wconf 91' lang='lat' dir='ltr'><strong>An</strong></span> <span class='ocrx_word' id='word_1_42' title='bbox 1453 750 1507 794; x_wconf 88' lang='lat' dir='ltr'><strong>et</strong></span> <span class='ocrx_word' id='word_1_43' title='bbox 1539 738 1678 810; x_wconf 65' lang='lat' dir='ltr'><strong>haec]</strong></span> 
     </span>
    </p>
   </div>
   <div class='ocr_carea' id='block_1_9' title="bbox 167 828 1679 901">
    <p class='ocr_par' dir='ltr' id='par_1_9' title="bbox 167 828 1679 901">
     <span class='ocr_line' id='line_1_9' title="bbox 167 828 1679 901; baseline -0.001 -15"><span class='ocrx_word' id='word_1_44' title='bbox 167 834 274 901; x_wconf 83' lang='lat' dir='ltr'><strong>iusta</strong></span> <span class='ocrx_word' id='word_1_45' title='bbox 297 833 470 885; x_wconf 84' lang='lat' dir='ltr'><strong>ratione</strong></span> <span class='ocrx_word' id='word_1_46' title='bbox 500 828 731 898; x_wconf 86' lang='lat' dir='ltr'><strong>principi</strong></span> <span class='ocrx_word' id='word_1_47' title='bbox 764 830 1093 900; x_wconf 84' lang='lat' dir='ltr'><strong>suggerenda</strong></span> <span class='ocrx_word' id='word_1_48' title='bbox 1135 846 1243 885; x_wconf 91' lang='lat' dir='ltr'><strong>non</strong></span> <span class='ocrx_word' id='word_1_49' title='bbox 1272 839 1426 885; x_wconf 90' lang='lat' dir='ltr'><strong>erant</strong></span> <span class='ocrx_word' id='word_1_50' title='bbox 1450 830 1679 900; x_wconf 55' lang='lat' dir='ltr'><strong>“tegis:</strong></span> 
     </span>
    </p>
   </div>
   <div class='ocr_carea' id='block_1_10' title="bbox 168 923 1680 993">
    <p class='ocr_par' dir='ltr' id='par_1_10' title="bbox 168 923 1680 993">
     <span class='ocr_line' id='line_1_10' title="bbox 168 923 1680 993; baseline -0.001 -14"><span class='ocrx_word' id='word_1_51' title='bbox 168 924 353 979; x_wconf 78' lang='lat' dir='ltr'><strong>civitatis</strong></span> <span class='ocrx_word' id='word_1_52' title='bbox 388 923 571 977; x_wconf 84' lang='lat' dir='ltr'><strong>honore</strong></span> <span class='ocrx_word' id='word_1_53' title='bbox 618 923 904 990; x_wconf 87' lang='lat' dir='ltr'><strong>sublimis,</strong></span> <span class='ocrx_word' id='word_1_54' title='bbox 933 924 978 978; x_wconf 87' lang='lat' dir='ltr'><strong>si</strong></span> <span class='ocrx_word' id='word_1_55' title='bbox 1010 925 1183 979; x_wconf 89' lang='lat' dir='ltr'><strong>factus</strong></span> <span class='ocrx_word' id='word_1_56' title='bbox 1232 934 1349 978; x_wconf 86' lang='lat' dir='ltr'><strong>erat</strong></span> <span class='ocrx_word' id='word_1_57' title='bbox 1389 924 1480 977; x_wconf 92' lang='lat' dir='ltr'><strong>illa</strong></span> <span class='ocrx_word' id='word_1_58' title='bbox 1530 924 1680 993; x_wconf 84' lang='lat' dir='ltr'><strong>regia</strong></span> 
     </span>
    </p>
   </div>
   <div class='ocr_carea' id='block_1_11' title="bbox 170 1012 1677 1086">
    <p class='ocr_par' dir='ltr' id='par_1_11' title="bbox 170 1012 1677 1086">
     <span class='ocr_line' id='line_1_11' title="bbox 170 1012 1677 1086; baseline -0.002 -14"><span class='ocrx_word' id='word_1_59' title='bbox 170 1014 629 1079; x_wconf 82' lang='lat' dir='ltr'><strong>civitatesublimior,</strong></span> <span class='ocrx_word' id='word_1_60' title='bbox 680 1022 835 1070; x_wconf 88' lang='lat' dir='ltr'><strong>tanto</strong></span> <span class='ocrx_word' id='word_1_61' title='bbox 882 1016 1050 1085; x_wconf 86' lang='lat' dir='ltr'><strong>magis</strong></span> <span class='ocrx_word' id='word_1_62' title='bbox 1093 1012 1147 1069; x_wconf 84' lang='lat' dir='ltr'><strong>iri</strong></span> <span class='ocrx_word' id='word_1_63' title='bbox 1189 1016 1273 1069; x_wconf 90' lang='lat' dir='ltr'><strong>his</strong></span> <span class='ocrx_word' id='word_1_64' title='bbox 1321 1015 1677 1086; x_wconf 84' lang='lat' dir='ltr'><strong>suggerendis</strong></span> 
     </span>
    </p>
   </div>
   <div class='ocr_carea' id='block_1_12' title="bbox 170 1104 1681 1175">
    <p class='ocr_par' dir='ltr' id='par_1_12' title="bbox 170 1104 1681 1175">
     <span class='ocr_line' id='line_1_12' title="bbox 170 1104 1681 1175; baseline 0.001 -16"><span class='ocrx_word' id='word_1_65' title='bbox 170 1106 428 1159; x_wconf 81' lang='lat' dir='ltr'><strong>debuitesse</strong></span> <span class='ocrx_word' id='word_1_66' title='bbox 467 1105 851 1159; x_wconf 83' lang='lat' dir='ltr'><strong>constantior?</strong></span> <span class='ocrx_word' id='word_1_67' title='bbox 881 1104 938 1160; x_wconf 89' lang='lat' dir='ltr'><strong>Si</strong></span> <span class='ocrx_word' id='word_1_68' title='bbox 979 1114 1157 1159; x_wconf 89' lang='lat' dir='ltr'><strong>autem</strong></span> <span class='ocrx_word' id='word_1_69' title='bbox 1205 1106 1259 1159; x_wconf 91' lang='lat' dir='ltr'><strong>in</strong></span> <span class='ocrx_word' id='word_1_70' title='bbox 1314 1104 1398 1160; x_wconf 90' lang='lat' dir='ltr'><strong>his</strong></span> <span class='ocrx_word' id='word_1_71' title='bbox 1437 1120 1555 1175; x_wconf 75' lang='lat' dir='ltr'><strong>qua:</strong></span> <span class='ocrx_word' id='word_1_72' title='bbox 1586 1120 1681 1175; x_wconf 91' lang='lat' dir='ltr'><strong>pro</strong></span> 
     </span>
    </p>
   </div>
   <div class='ocr_carea' id='block_1_13' title="bbox 170 1195 1682 1267">
    <p class='ocr_par' dir='ltr' id='par_1_13' title="bbox 170 1195 1682 1267">
     <span class='ocr_line' id='line_1_13' title="bbox 170 1195 1682 1267; baseline 0.001 -16"><span class='ocrx_word' id='word_1_73' title='bbox 170 1198 368 1267; x_wconf 76' lang='lat' dir='ltr'><strong>religione</strong></span> <span class='ocrx_word' id='word_1_74' title='bbox 390 1195 586 1253; x_wconf 88' lang='lat' dir='ltr'><strong>fuerant</strong></span> <span class='ocrx_word' id='word_1_75' title='bbox 622 1198 936 1264; x_wconf 88' lang='lat' dir='ltr'><strong>exerenda,</strong></span> <span class='ocrx_word' id='word_1_76' title='bbox 978 1198 1186 1251; x_wconf 79' lang='lat' dir='ltr'><strong>exstitit</strong></span> <span class='ocrx_word' id='word_1_77' title='bbox 1232 1197 1682 1267; x_wconf 89' lang='lat' dir='ltr'><strong>contemptibilis,</strong></span> 
     </span>
    </p>
   </div>
   <div class='ocr_carea' id='block_1_14' title="bbox 170 1287 1689 1359">
    <p class='ocr_par' dir='ltr' id='par_1_14' title="bbox 170 1287 1689 1359">
     <span class='ocr_line' id='line_1_14' title="bbox 170 1287 1689 1359; baseline -0.001 -16"><span class='ocrx_word' id='word_1_78' title='bbox 170 1304 286 1359; x_wconf 79' lang='lat' dir='ltr'><strong>atque</strong></span> <span class='ocrx_word' id='word_1_79' title='bbox 307 1290 583 1357; x_wconf 79' lang='lat' dir='ltr'><strong>despectus,</strong></span> <span class='ocrx_word' id='word_1_80' title='bbox 616 1298 675 1342; x_wconf 91' lang='lat' dir='ltr'><strong>et</strong></span> <span class='ocrx_word' id='word_1_81' title='bbox 703 1297 799 1341; x_wconf 90' lang='lat' dir='ltr'><strong>aut</strong></span> <span class='ocrx_word' id='word_1_82' title='bbox 821 1289 1022 1359; x_wconf 87' lang='lat' dir='ltr'><strong>segnis,</strong></span> <span class='ocrx_word' id='word_1_83' title='bbox 1053 1297 1145 1341; x_wconf 91' lang='lat' dir='ltr'><strong>aut</strong></span> <span class='ocrx_word' id='word_1_84' title='bbox 1173 1288 1428 1342; x_wconf 88' lang='lat' dir='ltr'><strong>ﬁduciam</strong></span> <span class='ocrx_word' id='word_1_85' title='bbox 1461 1303 1567 1343; x_wconf 91' lang='lat' dir='ltr'><strong>non</strong></span> <span class='ocrx_word' id='word_1_86' title='bbox 1594 1287 1689 1341; x_wconf 87' lang='lat' dir='ltr'><strong>ha-</strong></span> 
     </span>
    </p>
   </div>
   <div class='ocr_carea' id='block_1_15' title="bbox 170 1382 1689 1453">
    <p class='ocr_par' dir='ltr' id='par_1_15' title="bbox 170 1382 1689 1453">
     <span class='ocr_line' id='line_1_15' title="bbox 170 1382 1689 1453; baseline 0 -16"><span class='ocrx_word' id='word_1_87' title='bbox 170 1385 268 1438; x_wconf 85' lang='lat' dir='ltr'><strong>hens</strong></span> <span class='ocrx_word' id='word_1_88' title='bbox 291 1382 567 1451; x_wconf 86' lang='lat' dir='ltr'><strong>intimandi,</strong></span> <span class='ocrx_word' id='word_1_89' title='bbox 599 1382 655 1436; x_wconf 89' lang='lat' dir='ltr'><strong>in</strong></span> <span class='ocrx_word' id='word_1_90' title='bbox 703 1398 811 1453; x_wconf 91' lang='lat' dir='ltr'><strong>quo</strong></span> <span class='ocrx_word' id='word_1_91' title='bbox 843 1398 939 1453; x_wconf 93' lang='lat' dir='ltr'><strong>per</strong></span> <span class='ocrx_word' id='word_1_92' title='bbox 984 1385 1186 1453; x_wconf 89' lang='lat' dir='ltr'><strong>regiam</strong></span> <span class='ocrx_word' id='word_1_93' title='bbox 1214 1383 1486 1437; x_wconf 85' lang='lat' dir='ltr'><strong>civitatem</strong></span> <span class='ocrx_word' id='word_1_94' title='bbox 1516 1383 1689 1451; x_wconf 89' lang='lat' dir='ltr'><strong>major</strong></span> 
     </span>
    </p>
   </div>
   <div class='ocr_carea' id='block_1_16' title="bbox 167 1475 1688 1545">
    <p class='ocr_par' dir='ltr' id='par_1_16' title="bbox 167 1475 1688 1545">
     <span class='ocr_line' id='line_1_16' title="bbox 167 1475 1688 1545; baseline 0.001 -16"><span class='ocrx_word' id='word_1_95' title='bbox 167 1477 333 1529; x_wconf 70' lang='lat' dir='ltr'><strong>euectus</strong></span> <span class='ocrx_word' id='word_1_96' title='bbox 373 1475 487 1529; x_wconf 85' lang='lat' dir='ltr'><strong>est?</strong></span> <span class='ocrx_word' id='word_1_97' title='bbox 524 1475 584 1544; x_wconf 74' lang='grc'><strong>(⁸</strong></span> <span class='ocrx_word' id='word_1_98' title='bbox 608 1489 682 1528; x_wconf 89' lang='lat' dir='ltr'><strong>an</strong></span> <span class='ocrx_word' id='word_1_99' title='bbox 737 1483 797 1528; x_wconf 92' lang='lat' dir='ltr'><strong>ut</strong></span> <span class='ocrx_word' id='word_1_100' title='bbox 836 1489 935 1545; x_wconf 88' lang='lat' dir='ltr'><strong>per</strong></span> <span class='ocrx_word' id='word_1_101' title='bbox 958 1491 1018 1530; x_wconf 88' lang='lat' dir='ltr'><strong>ea</strong></span> <span class='ocrx_word' id='word_1_102' title='bbox 1064 1490 1176 1530; x_wconf 65' lang='lat' dir='ltr'><strong>sua:</strong></span> <span class='ocrx_word' id='word_1_103' title='bbox 1231 1476 1688 1544; x_wconf 70' lang='lat' dir='ltr'><strong>praevaricationis</strong></span> 
     </span>
    </p>
   </div>
   <div class='ocr_carea' id='block_1_17' title="bbox 167 1566 1689 1637">
    <p class='ocr_par' dir='ltr' id='par_1_17' title="bbox 167 1566 1689 1637">
     <span class='ocr_line' id='line_1_17' title="bbox 167 1566 1689 1637; baseline 0.001 -17"><span class='ocrx_word' id='word_1_104' title='bbox 167 1576 388 1621; x_wconf 75' lang='lat' dir='ltr'><strong>exerceret</strong></span> <span class='ocrx_word' id='word_1_105' title='bbox 407 1567 573 1636; x_wconf 91' lang='lat' dir='ltr'><strong>potius</strong></span> <span class='ocrx_word' id='word_1_106' title='bbox 599 1566 971 1637; x_wconf 79' lang='lat' dir='ltr'><strong>tyrannidem,</strong></span> <span class='ocrx_word' id='word_1_107' title='bbox 1000 1582 1157 1637; x_wconf 91' lang='lat' dir='ltr'><strong>quam</strong></span> <span class='ocrx_word' id='word_1_108' title='bbox 1186 1581 1376 1622; x_wconf 86' lang='lat' dir='ltr'><strong>causas</strong></span> <span class='ocrx_word' id='word_1_109' title='bbox 1416 1567 1689 1637; x_wconf 86' lang='lat' dir='ltr'><strong>religionis</strong></span> 
     </span>
    </p>
   </div>
   <div class='ocr_carea' id='block_1_18' title="bbox 168 1660 1689 1733">
    <p class='ocr_par' dir='ltr' id='par_1_18' title="bbox 168 1660 1689 1733">
     <span class='ocr_line' id='line_1_18' title="bbox 168 1660 1689 1733; baseline 0.001 -22"><span class='ocrx_word' id='word_1_110' title='bbox 168 1660 348 1726; x_wconf 70' lang='lat' dir='ltr'><strong>legitime</strong></span> <span class='ocrx_word' id='word_1_111' title='bbox 374 1660 743 1732; x_wconf 84' lang='lat' dir='ltr'><strong>procuraret?)</strong></span> <span class='ocrx_word' id='word_1_112' title='bbox 769 1660 972 1715; x_wconf 87' lang='lat' dir='ltr'><strong>Nathan</strong></span> <span class='ocrx_word' id='word_1_113' title='bbox 1016 1661 1275 1731; x_wconf 83' lang='lat' dir='ltr'><strong>prepheta</strong></span> <span class='ocrx_word' id='word_1_114' title='bbox 1305 1660 1390 1733; x_wconf 87' lang='lat' dir='ltr'><strong>(II</strong></span> <span class='ocrx_word' id='word_1_115' title='bbox 1426 1661 1552 1733; x_wconf 80' lang='lat' dir='ltr'><strong>Reg.</strong></span> <span class='ocrx_word' id='word_1_116' title='bbox 1591 1661 1689 1731; x_wconf 86' lang='lat' dir='ltr'><strong>xu)</strong></span> 
     </span>
    </p>
   </div>
   <div class='ocr_carea' id='block_1_19' title="bbox 165 1752 1686 1824">
    <p class='ocr_par' dir='ltr' id='par_1_19' title="bbox 165 1752 1686 1824">
     <span class='ocr_line' id='line_1_19' title="bbox 165 1752 1686 1824; baseline 0.001 -19"><span class='ocrx_word' id='word_1_117' title='bbox 165 1752 295 1821; x_wconf 83' lang='lat' dir='ltr'><strong>palam</strong></span> <span class='ocrx_word' id='word_1_118' title='bbox 320 1752 619 1824; x_wconf 88' lang='lat' dir='ltr'><strong>publiceque</strong></span> <span class='ocrx_word' id='word_1_119' title='bbox 646 1753 703 1807; x_wconf 91' lang='lat' dir='ltr'><strong>in</strong></span> <span class='ocrx_word' id='word_1_120' title='bbox 737 1754 875 1808; x_wconf 87' lang='lat' dir='ltr'><strong>facie</strong></span> <span class='ocrx_word' id='word_1_121' title='bbox 899 1753 1008 1823; x_wconf 82' lang='lat' dir='ltr'><strong>regi</strong></span> <span class='ocrx_word' id='word_1_122' title='bbox 1038 1754 1229 1819; x_wconf 87' lang='lat' dir='ltr'><strong>David,</strong></span> <span class='ocrx_word' id='word_1_123' title='bbox 1254 1762 1311 1809; x_wconf 90' lang='lat' dir='ltr'><strong>et</strong></span> <span class='ocrx_word' id='word_1_124' title='bbox 1339 1753 1686 1808; x_wconf 87' lang='lat' dir='ltr'><strong>commissum</strong></span> 
     </span>
    </p>
   </div>
   <div class='ocr_carea' id='block_1_20' title="bbox 1788 558 3373 645">
    <p class='ocr_par' dir='ltr' id='par_1_20' title="bbox 1788 558 3373 645">
     <span class='ocr_line' id='line_1_20' title="bbox 1788 558 3373 645; baseline 0.014 -33"><span class='ocrx_word' id='word_1_125' title='bbox 1788 558 1892 613; x_wconf 89' lang='lat' dir='ltr'><strong>Sed</strong></span> <span class='ocrx_word' id='word_1_126' title='bbox 1921 572 2063 629; x_wconf 88' lang='lat' dir='ltr'><strong>esto,</strong></span> <span class='ocrx_word' id='word_1_127' title='bbox 2090 562 2386 619; x_wconf 83' lang='lat' dir='ltr'><strong>Calendion</strong></span> <span class='ocrx_word' id='word_1_128' title='bbox 2427 566 2772 636; x_wconf 88' lang='lat' dir='ltr'><strong>imperatoris</strong></span> <span class='ocrx_word' id='word_1_129' title='bbox 2816 586 3010 628; x_wconf 91' lang='lat' dir='ltr'><strong>nomen</strong></span> <span class='ocrx_word' id='word_1_130' title='bbox 3062 575 3373 645; x_wconf 80' lang='lat' dir='ltr'><strong>abstulerit;</strong></span> 
     </span>
    </p>
   </div>
   <div class='ocr_carea' id='block_1_21' title="bbox 1788 654 3375 741">
    <p class='ocr_par' dir='ltr' id='par_1_21' title="bbox 1788 654 3375 741">
     <span class='ocr_line' id='line_1_21' title="bbox 1788 654 3375 741; baseline 0.013 -34"><span class='ocrx_word' id='word_1_131' title='bbox 1788 654 2022 709; x_wconf 79' lang='lat' dir='ltr'><strong>Joannes</strong></span> <span class='ocrx_word' id='word_1_132' title='bbox 2067 657 2293 727; x_wconf 90' lang='lat' dir='ltr'><strong>principi</strong></span> <span class='ocrx_word' id='word_1_133' title='bbox 2343 662 2596 715; x_wconf 91' lang='lat' dir='ltr'><strong>mentitus</strong></span> <span class='ocrx_word' id='word_1_134' title='bbox 2648 662 2814 719; x_wconf 84' lang='lat' dir='ltr'><strong>fuisse</strong></span> <span class='ocrx_word' id='word_1_135' title='bbox 2838 665 3091 735; x_wconf 87' lang='lat' dir='ltr'><strong>jactetur,</strong></span> <span class='ocrx_word' id='word_1_136' title='bbox 3137 686 3259 741; x_wconf 75' lang='lat' dir='ltr'><strong>qua:</strong></span> <span class='ocrx_word' id='word_1_137' title='bbox 3297 681 3375 727; x_wconf 85' lang='lat' dir='ltr'><strong>ta-</strong></span> 
     </span>
    </p>
   </div>
   <div class='ocr_carea' id='block_1_22' title="bbox 1790 759 3459 835">
    <p class='ocr_par' dir='ltr' id='par_1_22' title="bbox 1790 759 3459 835">
     <span class='ocr_line' id='line_1_22' title="bbox 1790 759 3459 835; baseline 0.012 -34"><span class='ocrx_word' id='word_1_138' title='bbox 1790 763 1912 801; x_wconf 89' lang='lat' dir='ltr'><strong>men</strong></span> <span class='ocrx_word' id='word_1_139' title='bbox 1940 763 2060 803; x_wconf 89' lang='lat' dir='ltr'><strong>cum</strong></span> <span class='ocrx_word' id='word_1_140' title='bbox 2095 766 2247 805; x_wconf 71' lang='lat' dir='ltr'><strong>nova:</strong></span> <span class='ocrx_word' id='word_1_141' title='bbox 2273 762 2455 807; x_wconf 89' lang='lat' dir='ltr'><strong>essent</strong></span> <span class='ocrx_word' id='word_1_142' title='bbox 2474 770 2671 821; x_wconf 82' lang='lat' dir='ltr'><strong>causae,</strong></span> <span class='ocrx_word' id='word_1_143' title='bbox 2698 773 2829 812; x_wconf 89' lang='lat' dir='ltr'><strong>nova</strong></span> <span class='ocrx_word' id='word_1_144' title='bbox 2860 759 2880 789; x_wconf 69' lang='grc'><strong>⁸</strong></span> <span class='ocrx_word' id='word_1_145' title='bbox 2909 760 3093 816; x_wconf 89' lang='lat' dir='ltr'><strong>debuit</strong></span> <span class='ocrx_word' id='word_1_146' title='bbox 3122 764 3378 823; x_wconf 83' lang='lat' dir='ltr'><strong>ecclesia-</strong></span> <span class='ocrx_word' id='word_1_147' title='bbox 3456 832 3459 835; x_wconf 19' lang='grc' dir='ltr'><em>Α</em></span> 
     </span>
    </p>
   </div>
   <div class='ocr_carea' id='block_1_23' title="bbox 1790 840 3377 926">
    <p class='ocr_par' dir='ltr' id='par_1_23' title="bbox 1790 840 3377 926">
     <span class='ocr_line' id='line_1_23' title="bbox 1790 840 3377 926; baseline 0.012 -34"><span class='ocrx_word' id='word_1_148' title='bbox 1790 840 1924 892; x_wconf 91' lang='lat' dir='ltr'><strong>stica</strong></span> <span class='ocrx_word' id='word_1_149' title='bbox 1949 842 2239 908; x_wconf 88' lang='lat' dir='ltr'><strong>provenire</strong></span> <span class='ocrx_word' id='word_1_150' title='bbox 2268 842 2567 899; x_wconf 86' lang='lat' dir='ltr'><strong>discussio?</strong></span> <span class='ocrx_word' id='word_1_151' title='bbox 2596 862 2661 900; x_wconf 86' lang='lat' dir='ltr'><strong>an</strong></span> <span class='ocrx_word' id='word_1_152' title='bbox 2691 850 2779 918; x_wconf 87' lang='lat' dir='ltr'><strong>qui</strong></span> <span class='ocrx_word' id='word_1_153' title='bbox 2810 848 2864 903; x_wconf 90' lang='lat' dir='ltr'><strong>in</strong></span> <span class='ocrx_word' id='word_1_154' title='bbox 2903 850 3171 908; x_wconf 87' lang='lat' dir='ltr'><strong>hominem</strong></span> <span class='ocrx_word' id='word_1_155' title='bbox 3210 856 3377 926; x_wconf 87' lang='lat' dir='ltr'><strong>impe-</strong></span> 
     </span>
    </p>
   </div>
   <div class='ocr_carea' id='block_1_24' title="bbox 1791 934 3380 1018">
    <p class='ocr_par' dir='ltr' id='par_1_24' title="bbox 1791 934 3380 1018">
     <span class='ocr_line' id='line_1_24' title="bbox 1791 934 3380 1018; baseline 0.014 -38"><span class='ocrx_word' id='word_1_156' title='bbox 1791 938 2023 984; x_wconf 91' lang='lat' dir='ltr'><strong>ratorem</strong></span> <span class='ocrx_word' id='word_1_157' title='bbox 2052 946 2307 999; x_wconf 82' lang='lat' dir='ltr'><strong>peccasse</strong></span> <span class='ocrx_word' id='word_1_158' title='bbox 2329 934 2665 1003; x_wconf 89' lang='lat' dir='ltr'><strong>dicebantur,</strong></span> <span class='ocrx_word' id='word_1_159' title='bbox 2696 940 2837 993; x_wconf 68' lang='lat' dir='ltr'><strong>nulla</strong></span> <span class='ocrx_word' id='word_1_160' title='bbox 2868 941 3259 1001; x_wconf 89' lang='lat' dir='ltr'><strong>interveniente</strong></span> <span class='ocrx_word' id='word_1_161' title='bbox 3289 962 3380 1018; x_wconf 79' lang='lat' dir='ltr'><strong>sy-</strong></span> 
     </span>
    </p>
   </div>
   <div class='ocr_carea' id='block_1_25' title="bbox 1792 1021 3379 1103">
    <p class='ocr_par' dir='ltr' id='par_1_25' title="bbox 1792 1021 3379 1103">
     <span class='ocr_line' id='line_1_25' title="bbox 1792 1021 3379 1103; baseline 0.013 -29"><span class='ocrx_word' id='word_1_162' title='bbox 1792 1021 1934 1076; x_wconf 89' lang='lat' dir='ltr'><strong>nodo</strong></span> <span class='ocrx_word' id='word_1_163' title='bbox 1966 1022 2124 1091; x_wconf 88' lang='lat' dir='ltr'><strong>dejici</strong></span> <span class='ocrx_word' id='word_1_164' title='bbox 2153 1023 2484 1091; x_wconf 83' lang='lat' dir='ltr'><strong>debuerunt;</strong></span> <span class='ocrx_word' id='word_1_165' title='bbox 2519 1039 2569 1082; x_wconf 92' lang='lat' dir='ltr'><strong>et</strong></span> <span class='ocrx_word' id='word_1_166' title='bbox 2596 1029 2647 1083; x_wconf 92' lang='lat' dir='ltr'><strong>in</strong></span> <span class='ocrx_word' id='word_1_167' title='bbox 2679 1029 2844 1085; x_wconf 88' lang='lat' dir='ltr'><strong>Deum</strong></span> <span class='ocrx_word' id='word_1_168' title='bbox 2873 1075 2891 1099; x_wconf 88' lang='lat'><strong>,</strong></span> <span class='ocrx_word' id='word_1_169' title='bbox 2917 1036 3005 1103; x_wconf 87' lang='lat' dir='ltr'><strong>qni</strong></span> <span class='ocrx_word' id='word_1_170' title='bbox 3053 1051 3295 1092; x_wconf 87' lang='lat' dir='ltr'><strong>summus</strong></span> <span class='ocrx_word' id='word_1_171' title='bbox 3323 1049 3379 1094; x_wconf 89' lang='lat' dir='ltr'><strong>et</strong></span> 
     </span>
    </p>
   </div>
   <div class='ocr_carea' id='block_1_26' title="bbox 1793 1115 3377 1196">
    <p class='ocr_par' dir='ltr' id='par_1_26' title="bbox 1793 1115 3377 1196">
     <span class='ocr_line' id='line_1_26' title="bbox 1793 1115 3377 1196; baseline 0.015 -32"><span class='ocrx_word' id='word_1_172' title='bbox 1793 1126 1956 1167; x_wconf 90' lang='lat' dir='ltr'><strong>verus</strong></span> <span class='ocrx_word' id='word_1_173' title='bbox 1984 1124 2065 1168; x_wconf 85' lang='lat' dir='ltr'><strong>est</strong></span> <span class='ocrx_word' id='word_1_174' title='bbox 2094 1115 2407 1184; x_wconf 89' lang='lat' dir='ltr'><strong>imperator,</strong></span> <span class='ocrx_word' id='word_1_175' title='bbox 2443 1118 2694 1175; x_wconf 87' lang='lat' dir='ltr'><strong>Acacium</strong></span> <span class='ocrx_word' id='word_1_176' title='bbox 2730 1122 3128 1195; x_wconf 87' lang='lat' dir='ltr'><strong>delinquentcm</strong></span> <span class='ocrx_word' id='word_1_177' title='bbox 3148 1173 3162 1196; x_wconf 92' lang='lat'><strong>,</strong></span> <span class='ocrx_word' id='word_1_178' title='bbox 3198 1131 3377 1187; x_wconf 77' lang='lat' dir='ltr'><strong>since-</strong></span> 
     </span>
    </p>
   </div>
   <div class='ocr_carea' id='block_1_27' title="bbox 1793 1213 3377 1278">
    <p class='ocr_par' dir='ltr' id='par_1_27' title="bbox 1793 1213 3377 1278">
     <span class='ocr_line' id='line_1_27' title="bbox 1793 1213 3377 1278; baseline 0.013 -19"><span class='ocrx_word' id='word_1_179' title='bbox 1793 1222 2014 1276; x_wconf 87' lang='lat' dir='ltr'><strong>ramque</strong></span> <span class='ocrx_word' id='word_1_180' title='bbox 2041 1213 2478 1266; x_wconf 87' lang='lat' dir='ltr'><strong>communionem</strong></span> <span class='ocrx_word' id='word_1_181' title='bbox 2521 1213 2686 1267; x_wconf 88' lang='lat' dir='ltr'><strong>divini</strong></span> <span class='ocrx_word' id='word_1_182' title='bbox 2717 1220 3039 1274; x_wconf 84' lang='lat' dir='ltr'><strong>sacramenti</strong></span> <span class='ocrx_word' id='word_1_183' title='bbox 3074 1222 3377 1278; x_wconf 90' lang='lat' dir='ltr'><strong>studentem</strong></span> 
     </span>
    </p>
   </div>
   <div class='ocr_carea' id='block_1_28' title="bbox 1794 1300 3378 1382">
    <p class='ocr_par' dir='ltr' id='par_1_28' title="bbox 1794 1300 3378 1382">
     <span class='ocr_line' id='line_1_28' title="bbox 1794 1300 3378 1382; baseline 0.01 -29"><span class='ocrx_word' id='word_1_184' title='bbox 1794 1300 2024 1353; x_wconf 83' lang='lat' dir='ltr'><strong>miscere</strong></span> <span class='ocrx_word' id='word_1_185' title='bbox 2054 1315 2172 1354; x_wconf 90' lang='lat' dir='ltr'><strong>cum</strong></span> <span class='ocrx_word' id='word_1_186' title='bbox 2207 1302 2422 1369; x_wconf 89' lang='lat' dir='ltr'><strong>perﬁdis</strong></span> <span class='ocrx_word' id='word_1_187' title='bbox 2451 1344 2465 1368; x_wconf 92' lang='lat'><strong>,</strong></span> <span class='ocrx_word' id='word_1_188' title='bbox 2511 1305 2803 1360; x_wconf 87' lang='lat' dir='ltr'><strong>secundum</strong></span> <span class='ocrx_word' id='word_1_189' title='bbox 2836 1310 3098 1379; x_wconf 90' lang='lat' dir='ltr'><strong>synodum</strong></span> <span class='ocrx_word' id='word_1_190' title='bbox 3128 1328 3228 1382; x_wconf 88' lang='lat' dir='ltr'><strong>qua</strong></span> <span class='ocrx_word' id='word_1_191' title='bbox 3265 1314 3378 1369; x_wconf 69' lang='lat' dir='ltr'><strong>hare</strong></span> 
     </span>
    </p>
   </div>
   <div class='ocr_carea' id='block_1_29' title="bbox 1792 1390 3378 1475">
    <p class='ocr_par' dir='ltr' id='par_1_29' title="bbox 1792 1390 3378 1475">
     <span class='ocr_line' id='line_1_29' title="bbox 1792 1390 3378 1475; baseline 0.011 -32"><span class='ocrx_word' id='word_1_192' title='bbox 1792 1399 1876 1443; x_wconf 91' lang='lat' dir='ltr'><strong>est</strong></span> <span class='ocrx_word' id='word_1_193' title='bbox 1905 1390 2155 1443; x_wconf 89' lang='lat' dir='ltr'><strong>damnata</strong></span> <span class='ocrx_word' id='word_1_194' title='bbox 2188 1392 2410 1459; x_wconf 88' lang='lat' dir='ltr'><strong>perﬁdia</strong></span> <span class='ocrx_word' id='word_1_195' title='bbox 2431 1434 2445 1458; x_wconf 95' lang='lat'><strong>,</strong></span> <span class='ocrx_word' id='word_1_196' title='bbox 2486 1409 2591 1449; x_wconf 92' lang='lat' dir='ltr'><strong>non</strong></span> <span class='ocrx_word' id='word_1_197' title='bbox 2622 1398 2902 1465; x_wconf 86' lang='lat' dir='ltr'><strong>oportebat</strong></span> <span class='ocrx_word' id='word_1_198' title='bbox 2936 1404 3131 1471; x_wconf 78' lang='lat' dir='ltr'><strong>expelli</strong></span> <span class='ocrx_word' id='word_1_199' title='bbox 3163 1404 3256 1475; x_wconf 83' lang='grc' dir='ltr'><strong>[αι.</strong></span> <span class='ocrx_word' id='word_1_200' title='bbox 3287 1422 3378 1460; x_wconf 83' lang='lat' dir='ltr'><strong>ex-</strong></span> 
     </span>
    </p>
   </div>
   <div class='ocr_carea' id='block_1_30' title="bbox 1793 1480 3376 1558">
    <p class='ocr_par' dir='ltr' id='par_1_30' title="bbox 1793 1480 3376 1558">
     <span class='ocr_line' id='line_1_30' title="bbox 1793 1480 3376 1558; baseline 0.012 -25"><span class='ocrx_word' id='word_1_201' title='bbox 1793 1480 1997 1552; x_wconf 87' lang='lat' dir='ltr'><strong>cludi]?</strong></span> <span class='ocrx_word' id='word_1_202' title='bbox 2029 1483 2048 1512; x_wconf 80' lang='grc'>³</span> <span class='ocrx_word' id='word_1_203' title='bbox 2075 1483 2210 1548; x_wconf 84' lang='lat' dir='ltr'><strong>Quid</strong></span> <span class='ocrx_word' id='word_1_204' title='bbox 2242 1484 2309 1539; x_wconf 90' lang='lat' dir='ltr'><strong>de</strong></span> <span class='ocrx_word' id='word_1_205' title='bbox 2340 1485 2636 1542; x_wconf 87' lang='lat' dir='ltr'><strong>innumeris</strong></span> <span class='ocrx_word' id='word_1_206' title='bbox 2666 1503 2763 1558; x_wconf 92' lang='lat' dir='ltr'><strong>per</strong></span> <span class='ocrx_word' id='word_1_207' title='bbox 2794 1500 2961 1546; x_wconf 90' lang='lat' dir='ltr'><strong>totum</strong></span> <span class='ocrx_word' id='word_1_208' title='bbox 2991 1494 3264 1550; x_wconf 88' lang='lat' dir='ltr'><strong>Orientem</strong></span> <span class='ocrx_word' id='word_1_209' title='bbox 3292 1513 3376 1551; x_wconf 85' lang='lat' dir='ltr'><strong>ca-</strong></span> 
     </span>
    </p>
   </div>
   <div class='ocr_carea' id='block_1_31' title="bbox 1756 1572 3377 1653">
    <p class='ocr_par' dir='ltr' id='par_1_31' title="bbox 1756 1572 3377 1653">
     <span class='ocr_line' id='line_1_31' title="bbox 1756 1572 3377 1653; baseline 0.012 -28"><span class='ocrx_word' id='word_1_210' title='bbox 1756 1648 1762 1653; x_wconf 22' lang='lat'>.</span> <span class='ocrx_word' id='word_1_211' title='bbox 1795 1572 2010 1628; x_wconf 90' lang='lat' dir='ltr'><strong>tholicis</strong></span> <span class='ocrx_word' id='word_1_212' title='bbox 2038 1576 2408 1632; x_wconf 83' lang='lat' dir='ltr'><strong>sacerdOtibus</strong></span> <span class='ocrx_word' id='word_1_213' title='bbox 2452 1582 2662 1649; x_wconf 89' lang='lat' dir='ltr'><strong>propria</strong></span> <span class='ocrx_word' id='word_1_214' title='bbox 2705 1583 2834 1639; x_wconf 87' lang='lat' dir='ltr'><strong>sede</strong></span> <span class='ocrx_word' id='word_1_215' title='bbox 2854 1584 3115 1652; x_wconf 86' lang='lat' dir='ltr'><strong>depulsis,</strong></span> <span class='ocrx_word' id='word_1_216' title='bbox 3145 1598 3196 1642; x_wconf 88' lang='lat' dir='ltr'><strong>et</strong></span> <span class='ocrx_word' id='word_1_217' title='bbox 3220 1588 3377 1643; x_wconf 81' lang='lat' dir='ltr'><strong>indu-</strong></span> 
     </span>
    </p>
   </div>
   <div class='ocr_carea' id='block_1_32' title="bbox 1795 1665 3377 1736">
    <p class='ocr_par' dir='ltr' id='par_1_32' title="bbox 1795 1665 3377 1736">
     <span class='ocr_line' id='line_1_32' title="bbox 1795 1665 3377 1736; baseline 0.011 -18"><span class='ocrx_word' id='word_1_218' title='bbox 1795 1665 2025 1720; x_wconf 87' lang='lat' dir='ltr'><strong>bitanter</strong></span> <span class='ocrx_word' id='word_1_219' title='bbox 2050 1667 2314 1723; x_wconf 64' lang='lat' dir='ltr'><strong>haereticis</strong></span> <span class='ocrx_word' id='word_1_220' title='bbox 2340 1670 2702 1726; x_wconf 85' lang='lat' dir='ltr'><strong>intromissis?</strong></span> <span class='ocrx_word' id='word_1_221' title='bbox 2725 1674 2884 1729; x_wconf 78' lang='lat' dir='ltr'><strong>Novae</strong></span> <span class='ocrx_word' id='word_1_222' title='bbox 2912 1686 3059 1732; x_wconf 90' lang='lat' dir='ltr'><strong>certe</strong></span> <span class='ocrx_word' id='word_1_223' title='bbox 3081 1690 3235 1733; x_wconf 88' lang='lat' dir='ltr'><strong>erant</strong></span> <span class='ocrx_word' id='word_1_224' title='bbox 3256 1696 3377 1736; x_wconf 89' lang='lat' dir='ltr'><strong>catt-</strong></span> 
     </span>
    </p>
   </div>
   <div class='ocr_carea' id='block_1_33' title="bbox 1795 1758 3376 1838">
    <p class='ocr_par' dir='ltr' id='par_1_33' title="bbox 1795 1758 3376 1838">
     <span class='ocr_line' id='line_1_33' title="bbox 1795 1758 3376 1838; baseline 0.011 -27"><span class='ocrx_word' id='word_1_225' title='bbox 1795 1772 1899 1822; x_wconf 70' lang='lat' dir='ltr'><strong>sm;</strong></span> <span class='ocrx_word' id='word_1_226' title='bbox 1944 1767 1999 1811; x_wconf 91' lang='lat' dir='ltr'><strong>et</strong></span> <span class='ocrx_word' id='word_1_227' title='bbox 2031 1758 2115 1813; x_wconf 89' lang='lat' dir='ltr'><strong>his</strong></span> <span class='ocrx_word' id='word_1_228' title='bbox 2144 1772 2536 1831; x_wconf 89' lang='lat' dir='ltr'><strong>consequenter</strong></span> <span class='ocrx_word' id='word_1_229' title='bbox 2576 1765 2596 1795; x_wconf 79' lang='lat'>°</span> <span class='ocrx_word' id='word_1_230' title='bbox 2637 1780 2774 1821; x_wconf 90' lang='lat' dir='ltr'><strong>nova</strong></span> <span class='ocrx_word' id='word_1_231' title='bbox 2797 1771 3032 1838; x_wconf 80' lang='lat' dir='ltr'><strong>synodus</strong></span> <span class='ocrx_word' id='word_1_232' title='bbox 3061 1771 3376 1828; x_wconf 90' lang='lat' dir='ltr'><strong>debebatur.</strong></span> 
     </span>
    </p>
   </div>
   <div class='ocr_carea' id='block_1_34' title="bbox 168 1846 3378 1928">
    <p class='ocr_par' dir='ltr' id='par_1_34' title="bbox 168 1846 3378 1928">
     <span class='ocr_line' id='line_1_34' title="bbox 168 1846 3378 1928; baseline 0.008 -29"><span class='ocrx_word' id='word_1_233' title='bbox 168 1846 465 1912; x_wconf 81' lang='lat' dir='ltr'><strong>pronuntiarit</strong></span> <span class='ocrx_word' id='word_1_234' title='bbox 527 1861 808 1914; x_wconf 87' lang='lat' dir='ltr'><strong>errorem,</strong></span> <span class='ocrx_word' id='word_1_235' title='bbox 876 1857 929 1901; x_wconf 90' lang='lat' dir='ltr'><strong>et</strong></span> <span class='ocrx_word' id='word_1_236' title='bbox 980 1846 1157 1917; x_wconf 83' lang='lat' dir='ltr'><strong>ipsum</strong></span> <span class='ocrx_word' id='word_1_237' title='bbox 1204 1848 1540 1904; x_wconf 88' lang='lat' dir='ltr'><strong>commisisse</strong></span> <span class='ocrx_word' id='word_1_238' title='bbox 1584 1863 1691 1903; x_wconf 91' lang='lat' dir='ltr'><strong>non</strong></span> <span class='ocrx_word' id='word_1_239' title='bbox 1720 1846 1771 1905; x_wconf 86' lang='grc' dir='ltr'>Β</span> <span class='ocrx_word' id='word_1_240' title='bbox 1799 1850 1908 1905; x_wconf 82' lang='lat' dir='ltr'><strong>Cur</strong></span> <span class='ocrx_word' id='word_1_241' title='bbox 1938 1861 2063 1907; x_wconf 90' lang='lat' dir='ltr'><strong>tunc</strong></span> <span class='ocrx_word' id='word_1_242' title='bbox 2109 1870 2214 1908; x_wconf 92' lang='lat' dir='ltr'><strong>non</strong></span> <span class='ocrx_word' id='word_1_243' title='bbox 2246 1858 2393 1910; x_wconf 91' lang='lat' dir='ltr'><strong>venit</strong></span> <span class='ocrx_word' id='word_1_244' title='bbox 2429 1858 2480 1911; x_wconf 94' lang='lat' dir='ltr'><strong>in</strong></span> <span class='ocrx_word' id='word_1_245' title='bbox 2513 1871 2747 1915; x_wconf 90' lang='lat' dir='ltr'><strong>mentem</strong></span> <span class='ocrx_word' id='word_1_246' title='bbox 2774 1903 2790 1928; x_wconf 92' lang='lat'><strong>,</strong></span> <span class='ocrx_word' id='word_1_247' title='bbox 2821 1870 2877 1915; x_wconf 88' lang='lat' dir='ltr'><strong>ttt</strong></span> <span class='ocrx_word' id='word_1_248' title='bbox 2906 1864 2956 1917; x_wconf 90' lang='lat' dir='ltr'><strong>in</strong></span> <span class='ocrx_word' id='word_1_249' title='bbox 2986 1866 3175 1920; x_wconf 82' lang='lat' dir='ltr'><strong>talibus</strong></span> <span class='ocrx_word' id='word_1_250' title='bbox 3204 1869 3378 1924; x_wconf 81' lang='lat' dir='ltr'><strong>causis</strong></span> 
     </span>
    </p>
   </div>
   <div class='ocr_carea' id='block_1_35' title="bbox 166 1938 1686 2010">
    <p class='ocr_par' dir='ltr' id='par_1_35' title="bbox 166 1938 1686 2010">
     <span class='ocr_line' id='line_1_35' title="bbox 166 1938 1686 2010; baseline 0.002 -18"><span class='ocrx_word' id='word_1_251' title='bbox 166 1938 317 2003; x_wconf 82' lang='lat' dir='ltr'><strong>tacuit;</strong></span> <span class='ocrx_word' id='word_1_252' title='bbox 344 1951 391 1994; x_wconf 91' lang='lat' dir='ltr'><strong>et</strong></span> <span class='ocrx_word' id='word_1_253' title='bbox 429 1939 773 1996; x_wconf 77' lang='lat' dir='ltr'><strong>confessione</strong></span> <span class='ocrx_word' id='word_1_254' title='bbox 810 1949 1109 1995; x_wconf 88' lang='lat' dir='ltr'><strong>correctum</strong></span> <span class='ocrx_word' id='word_1_255' title='bbox 1154 1950 1546 2010; x_wconf 90' lang='lat' dir='ltr'><strong>consequenter</strong></span> <span class='ocrx_word' id='word_1_256' title='bbox 1590 1941 1686 1995; x_wconf 90' lang='lat' dir='ltr'><strong>ab-</strong></span> 
     </span>
    </p>
   </div>
   <div class='ocr_carea' id='block_1_36' title="bbox 166 2034 1688 2105">
    <p class='ocr_par' dir='ltr' id='par_1_36' title="bbox 166 2034 1688 2105">
     <span class='ocr_line' id='line_1_36' title="bbox 166 2034 1688 2105; baseline 0 -17"><span class='ocrx_word' id='word_1_257' title='bbox 166 2034 297 2088; x_wconf 75' lang='lat' dir='ltr'><strong>solvit.</strong></span> <span class='ocrx_word' id='word_1_258' title='bbox 324 2034 559 2105; x_wconf 68' lang='lat' dir='ltr'><strong>(’beataa</strong></span> <span class='ocrx_word' id='word_1_259' title='bbox 584 2038 869 2090; x_wconf 78' lang='lat' dir='ltr'><strong>memoria:</strong></span> <span class='ocrx_word' id='word_1_260' title='bbox 917 2035 1230 2090; x_wconf 82' lang='lat' dir='ltr'><strong>Ambrosius</strong></span> <span class='ocrx_word' id='word_1_261' title='bbox 1276 2034 1688 2090; x_wconf 81' lang='lat' dir='ltr'><strong>Mediolanensis</strong></span> 
     </span>
    </p>
   </div>
   <div class='ocr_carea' id='block_1_37' title="bbox 170 2124 1687 2198">
    <p class='ocr_par' dir='ltr' id='par_1_37' title="bbox 170 2124 1687 2198">
     <span class='ocr_line' id='line_1_37' title="bbox 170 2124 1687 2198; baseline 0.001 -18"><span class='ocrx_word' id='word_1_262' title='bbox 170 2127 362 2181; x_wconf 79' lang='lat' dir='ltr'><strong>sacerdos</strong></span> <span class='ocrx_word' id='word_1_263' title='bbox 410 2126 663 2183; x_wconf 72' lang='lat' dir='ltr'><strong>Ecclesia:</strong></span> <span class='ocrx_word' id='word_1_264' title='bbox 689 2170 705 2191; x_wconf 90' lang='lat'><strong>,</strong></span> <span class='ocrx_word' id='word_1_265' title='bbox 763 2124 953 2198; x_wconf 85' lang='lat' dir='ltr'><strong>majori</strong></span> <span class='ocrx_word' id='word_1_266' title='bbox 1008 2128 1310 2182; x_wconf 80' lang='lat' dir='ltr'><strong>Theodosio</strong></span> <span class='ocrx_word' id='word_1_267' title='bbox 1375 2129 1687 2197; x_wconf 74' lang='lat' dir='ltr'><strong>imperatori</strong></span> 
     </span>
    </p>
   </div>
   <div class='ocr_carea' id='block_1_38' title="bbox 169 2218 1687 2289">
    <p class='ocr_par' dir='ltr' id='par_1_38' title="bbox 169 2218 1687 2289">
     <span class='ocr_line' id='line_1_38' title="bbox 169 2218 1687 2289; baseline 0.003 -18"><span class='ocrx_word' id='word_1_268' title='bbox 169 2218 529 2274; x_wconf 84' lang='lat' dir='ltr'><strong>communionem</strong></span> <span class='ocrx_word' id='word_1_269' title='bbox 559 2220 779 2289; x_wconf 90' lang='lat' dir='ltr'><strong>publice</strong></span> <span class='ocrx_word' id='word_1_270' title='bbox 805 2220 1083 2289; x_wconf 88' lang='lat' dir='ltr'><strong>palamque</strong></span> <span class='ocrx_word' id='word_1_271' title='bbox 1111 2220 1412 2288; x_wconf 91' lang='lat' dir='ltr'><strong>suspendit,</strong></span> <span class='ocrx_word' id='word_1_272' title='bbox 1444 2232 1602 2288; x_wconf 81' lang='lat' dir='ltr'><strong>atque</strong></span> <span class='ocrx_word' id='word_1_273' title='bbox 1622 2222 1687 2275; x_wconf 87' lang='lat' dir='ltr'><strong>ad</strong></span> 
     </span>
    </p>
   </div>
   <div class='ocr_carea' id='block_1_39' title="bbox 172 2310 1692 2381">
    <p class='ocr_par' dir='ltr' id='par_1_39' title="bbox 172 2310 1692 2381">
     <span class='ocr_line' id='line_1_39' title="bbox 172 2310 1692 2381; baseline 0.002 -17"><span class='ocrx_word' id='word_1_274' title='bbox 172 2310 473 2378; x_wconf 66' lang='lat' dir='ltr'><strong>penitentiam</strong></span> <span class='ocrx_word' id='word_1_275' title='bbox 500 2312 716 2381; x_wconf 86' lang='lat' dir='ltr'><strong>redegit</strong></span> <span class='ocrx_word' id='word_1_276' title='bbox 743 2312 945 2379; x_wconf 87' lang='lat' dir='ltr'><strong>regiam</strong></span> <span class='ocrx_word' id='word_1_277' title='bbox 989 2322 1341 2380; x_wconf 85' lang='lat' dir='ltr'><strong>potestatem;</strong></span> <span class='ocrx_word' id='word_1_278' title='bbox 1376 2312 1546 2367; x_wconf 71' lang='lat' dir='ltr'><strong>beatae</strong></span> <span class='ocrx_word' id='word_1_279' title='bbox 1578 2327 1692 2367; x_wconf 89' lang='lat' dir='ltr'><strong>me-</strong></span> 
     </span>
    </p>
   </div>
   <div class='ocr_carea' id='block_1_40' title="bbox 174 2403 1691 2476">
    <p class='ocr_par' dir='ltr' id='par_1_40' title="bbox 174 2403 1691 2476">
     <span class='ocr_line' id='line_1_40' title="bbox 174 2403 1691 2476; baseline 0.003 -21"><span class='ocrx_word' id='word_1_280' title='bbox 174 2404 308 2457; x_wconf 77' lang='lat' dir='ltr'><strong>moria:</strong></span> <span class='ocrx_word' id='word_1_281' title='bbox 329 2419 448 2473; x_wconf 90' lang='lat' dir='ltr'><strong>papa</strong></span> <span class='ocrx_word' id='word_1_282' title='bbox 464 2403 575 2460; x_wconf 89' lang='lat' dir='ltr'><strong>Leo</strong></span> <span class='ocrx_word' id='word_1_283' title='bbox 604 2405 776 2475; x_wconf 88' lang='lat' dir='ltr'><strong>(sicut</strong></span> <span class='ocrx_word' id='word_1_284' title='bbox 798 2404 1015 2476; x_wconf 78' lang='lat' dir='ltr'><strong>legitur)</strong></span> <span class='ocrx_word' id='word_1_285' title='bbox 1038 2407 1418 2474; x_wconf 88' lang='lat' dir='ltr'><strong>imperatorem</strong></span> <span class='ocrx_word' id='word_1_286' title='bbox 1441 2405 1691 2460; x_wconf 86' lang='lat' dir='ltr'><strong>Theodo-</strong></span> 
     </span>
    </p>
   </div>
   <div class='ocr_carea' id='block_1_41' title="bbox 174 2494 1692 2569">
    <p class='ocr_par' dir='ltr' id='par_1_41' title="bbox 174 2494 1692 2569">
     <span class='ocr_line' id='line_1_41' title="bbox 174 2494 1692 2569; baseline 0.003 -22"><span class='ocrx_word' id='word_1_287' title='bbox 174 2494 271 2548; x_wconf 78' lang='lat' dir='ltr'><strong>sium</strong></span> <span class='ocrx_word' id='word_1_288' title='bbox 302 2496 545 2565; x_wconf 89' lang='lat' dir='ltr'><strong>juniorem</strong></span> <span class='ocrx_word' id='word_1_289' title='bbox 595 2496 877 2566; x_wconf 84' lang='lat' dir='ltr'><strong>Ephesino</strong></span> <span class='ocrx_word' id='word_1_290' title='bbox 907 2497 1188 2552; x_wconf 87' lang='lat' dir='ltr'><strong>latrocinio</strong></span> <span class='ocrx_word' id='word_1_291' title='bbox 1236 2498 1403 2553; x_wconf 88' lang='lat' dir='ltr'><strong>libere</strong></span> <span class='ocrx_word' id='word_1_292' title='bbox 1449 2498 1692 2569; x_wconf 88' lang='lat' dir='ltr'><strong>coarguit</strong></span> 
     </span>
    </p>
   </div>
   <div class='ocr_carea' id='block_1_42' title="bbox 174 2585 1691 2659">
    <p class='ocr_par' dir='ltr' id='par_1_42' title="bbox 174 2585 1691 2659">
     <span class='ocr_line' id='line_1_42' title="bbox 174 2585 1691 2659; baseline 0.005 -22"><span class='ocrx_word' id='word_1_293' title='bbox 174 2585 486 2653; x_wconf 80' lang='lat' dir='ltr'><strong>excedentem;</strong></span> <span class='ocrx_word' id='word_1_294' title='bbox 514 2598 724 2643; x_wconf 65' lang='lat' dir='ltr'><strong>sanctae</strong></span> <span class='ocrx_word' id='word_1_295' title='bbox 762 2589 1036 2645; x_wconf 81' lang='lat' dir='ltr'><strong>memoria:</strong></span> <span class='ocrx_word' id='word_1_296' title='bbox 1063 2604 1273 2659; x_wconf 87' lang='lat' dir='ltr'><strong>quoque</strong></span> <span class='ocrx_word' id='word_1_297' title='bbox 1306 2605 1437 2658; x_wconf 88' lang='lat' dir='ltr'><strong>papa</strong></span> <span class='ocrx_word' id='word_1_298' title='bbox 1480 2589 1691 2644; x_wconf 90' lang='lat' dir='ltr'><strong>llilarus</strong></span> 
     </span>
    </p>
   </div>
   <div class='ocr_carea' id='block_1_43' title="bbox 173 2677 1687 2752">
    <p class='ocr_par' dir='ltr' id='par_1_43' title="bbox 173 2677 1687 2752">
     <span class='ocr_line' id='line_1_43' title="bbox 173 2677 1687 2752; baseline 0.005 -23"><span class='ocrx_word' id='word_1_299' title='bbox 173 2677 447 2735; x_wconf 77' lang='lat' dir='ltr'><strong>Anthemium</strong></span> <span class='ocrx_word' id='word_1_300' title='bbox 477 2682 884 2752; x_wconf 87' lang='lat' dir='ltr'><strong>imperatorem,</strong></span> <span class='ocrx_word' id='word_1_301' title='bbox 914 2698 1032 2738; x_wconf 89' lang='lat' dir='ltr'><strong>cum</strong></span> <span class='ocrx_word' id='word_1_302' title='bbox 1083 2683 1394 2737; x_wconf 86' lang='lat' dir='ltr'><strong>Philotheus</strong></span> <span class='ocrx_word' id='word_1_303' title='bbox 1440 2683 1687 2737; x_wconf 84' lang='lat' dir='ltr'><strong>Macedo-</strong></span> 
     </span>
    </p>
   </div>
   <div class='ocr_carea' id='block_1_44' title="bbox 172 2772 1692 2842">
    <p class='ocr_par' dir='ltr' id='par_1_44' title="bbox 172 2772 1692 2842">
     <span class='ocr_line' id='line_1_44' title="bbox 172 2772 1692 2842; baseline 0.002 -15"><span class='ocrx_word' id='word_1_304' title='bbox 172 2772 316 2828; x_wconf 81' lang='lat' dir='ltr'><strong>nianus</strong></span> <span class='ocrx_word' id='word_1_305' title='bbox 343 2774 449 2842; x_wconf 82' lang='lat' dir='ltr'><strong>ejus</strong></span> <span class='ocrx_word' id='word_1_306' title='bbox 479 2773 849 2829; x_wconf 88' lang='lat' dir='ltr'><strong>familiaritate</strong></span> <span class='ocrx_word' id='word_1_307' title='bbox 878 2774 1123 2829; x_wconf 65' lang='lat' dir='ltr'><strong>suffultus</strong></span> <span class='ocrx_word' id='word_1_308' title='bbox 1154 2775 1482 2829; x_wconf 87' lang='lat' dir='ltr'><strong>diversarum</strong></span> <span class='ocrx_word' id='word_1_309' title='bbox 1511 2774 1692 2830; x_wconf 88' lang='lat' dir='ltr'><strong>conci-</strong></span> 
     </span>
    </p>
   </div>
   <div class='ocr_carea' id='block_1_45' title="bbox 172 2863 1687 2934">
    <p class='ocr_par' dir='ltr' id='par_1_45' title="bbox 172 2863 1687 2934">
     <span class='ocr_line' id='line_1_45' title="bbox 172 2863 1687 2934; baseline 0.002 -16"><span class='ocrx_word' id='word_1_310' title='bbox 172 2863 321 2919; x_wconf 84' lang='lat' dir='ltr'><strong>liabula</strong></span> <span class='ocrx_word' id='word_1_311' title='bbox 364 2878 486 2918; x_wconf 82' lang='lat' dir='ltr'><strong>nova</strong></span> <span class='ocrx_word' id='word_1_312' title='bbox 532 2875 808 2921; x_wconf 80' lang='lat' dir='ltr'><strong>sectarum</strong></span> <span class='ocrx_word' id='word_1_313' title='bbox 841 2866 891 2917; x_wconf 92' lang='lat' dir='ltr'><strong>in</strong></span> <span class='ocrx_word' id='word_1_314' title='bbox 942 2865 1137 2921; x_wconf 85' lang='lat' dir='ltr'><strong>Urbem</strong></span> <span class='ocrx_word' id='word_1_315' title='bbox 1189 2866 1349 2921; x_wconf 90' lang='lat' dir='ltr'><strong>vellet</strong></span> <span class='ocrx_word' id='word_1_316' title='bbox 1398 2865 1687 2934; x_wconf 88' lang='lat' dir='ltr'><strong>inducere,</strong></span> 
     </span>
    </p>
   </div>
   <div class='ocr_carea' id='block_1_46' title="bbox 172 2956 1684 3027">
    <p class='ocr_par' dir='ltr' id='par_1_46' title="bbox 172 2956 1684 3027">
     <span class='ocr_line' id='line_1_46' title="bbox 172 2956 1684 3027; baseline 0.003 -19"><span class='ocrx_word' id='word_1_317' title='bbox 172 2956 276 3024; x_wconf 84' lang='lat' dir='ltr'><strong>apud</strong></span> <span class='ocrx_word' id='word_1_318' title='bbox 299 2957 487 3011; x_wconf 86' lang='lat' dir='ltr'><strong>beatum</strong></span> <span class='ocrx_word' id='word_1_319' title='bbox 511 2957 739 3011; x_wconf 85' lang='lat' dir='ltr'><strong>Petrum</strong></span> <span class='ocrx_word' id='word_1_320' title='bbox 771 2958 1067 3026; x_wconf 91' lang='lat' dir='ltr'><strong>apostolum</strong></span> <span class='ocrx_word' id='word_1_321' title='bbox 1107 2958 1278 3027; x_wconf 89' lang='lat' dir='ltr'><strong>palam</strong></span> <span class='ocrx_word' id='word_1_322' title='bbox 1323 2973 1391 3012; x_wconf 91' lang='lat' dir='ltr'><strong>ne</strong></span> <span class='ocrx_word' id='word_1_323' title='bbox 1419 2958 1469 3011; x_wconf 91' lang='lat' dir='ltr'><strong>id</strong></span> <span class='ocrx_word' id='word_1_324' title='bbox 1501 2960 1684 3022; x_wconf 85' lang='lat' dir='ltr'><strong>licret,</strong></span> 
     </span>
    </p>
   </div>
   <div class='ocr_carea' id='block_1_47' title="bbox 174 3045 1688 3113">
    <p class='ocr_par' dir='ltr' id='par_1_47' title="bbox 174 3045 1688 3113">
     <span class='ocr_line' id='line_1_47' title="bbox 174 3045 1688 3113; baseline 0.003 -16"><span class='ocrx_word' id='word_1_325' title='bbox 174 3045 279 3099; x_wconf 83' lang='lat' dir='ltr'><strong>clara</strong></span> <span class='ocrx_word' id='word_1_326' title='bbox 304 3062 419 3102; x_wconf 83' lang='lat' dir='ltr'><strong>voce</strong></span> <span class='ocrx_word' id='word_1_327' title='bbox 446 3048 793 3113; x_wconf 76' lang='lat' dir='ltr'><strong>constrinxit,</strong></span> <span class='ocrx_word' id='word_1_328' title='bbox 825 3049 877 3101; x_wconf 88' lang='lat' dir='ltr'><strong>in</strong></span> <span class='ocrx_word' id='word_1_329' title='bbox 912 3058 1112 3102; x_wconf 88' lang='lat' dir='ltr'><strong>tantum</strong></span> <span class='ocrx_word' id='word_1_330' title='bbox 1146 3059 1203 3102; x_wconf 92' lang='lat' dir='ltr'><strong>ut</strong></span> <span class='ocrx_word' id='word_1_331' title='bbox 1224 3064 1328 3103; x_wconf 91' lang='lat' dir='ltr'><strong>non</strong></span> <span class='ocrx_word' id='word_1_332' title='bbox 1357 3063 1419 3103; x_wconf 89' lang='lat' dir='ltr'><strong>ea</strong></span> <span class='ocrx_word' id='word_1_333' title='bbox 1447 3050 1688 3104; x_wconf 84' lang='lat' dir='ltr'><strong>facienda</strong></span> 
     </span>
    </p>
   </div>
   <div class='ocr_carea' id='block_1_48' title="bbox 175 3138 1690 3210">
    <p class='ocr_par' dir='ltr' id='par_1_48' title="bbox 175 3138 1690 3210">
     <span class='ocr_line' id='line_1_48' title="bbox 175 3138 1690 3210; baseline 0.005 -21"><span class='ocrx_word' id='word_1_334' title='bbox 175 3150 261 3190; x_wconf 88' lang='lat' dir='ltr'><strong>cum</strong></span> <span class='ocrx_word' id='word_1_335' title='bbox 280 3138 658 3207; x_wconf 87' lang='lat' dir='ltr'><strong>interpositione</strong></span> <span class='ocrx_word' id='word_1_336' title='bbox 702 3141 1025 3194; x_wconf 88' lang='lat' dir='ltr'><strong>sacramenti</strong></span> <span class='ocrx_word' id='word_1_337' title='bbox 1058 3140 1199 3194; x_wconf 89' lang='lat' dir='ltr'><strong>idem</strong></span> <span class='ocrx_word' id='word_1_338' title='bbox 1228 3141 1565 3210; x_wconf 89' lang='lat' dir='ltr'><strong>promitteret</strong></span> <span class='ocrx_word' id='word_1_339' title='bbox 1591 3143 1690 3196; x_wconf 89' lang='lat' dir='ltr'><strong>im-</strong></span> 
     </span>
    </p>
   </div>
   <div class='ocr_carea' id='block_1_49' title="bbox 179 3206 1766 3305">
    <p class='ocr_par' dir='ltr' id='par_1_49' title="bbox 179 3206 1766 3305">
     <span class='ocr_line' id='line_1_49' title="bbox 179 3206 1766 3305; baseline 0.006 -24"><span class='ocrx_word' id='word_1_340' title='bbox 179 3241 362 3296; x_wconf 74' lang='lat' dir='ltr'><strong>perator;</strong></span> <span class='ocrx_word' id='word_1_341' title='bbox 386 3206 573 3286; x_wconf 67' lang='lat' dir='ltr'><strong>sanctas</strong></span> <span class='ocrx_word' id='word_1_342' title='bbox 605 3232 887 3287; x_wconf 77' lang='lat' dir='ltr'><strong>rnemoria:</strong></span> <span class='ocrx_word' id='word_1_343' title='bbox 918 3206 1289 3292; x_wconf 61' lang='lat' dir='ltr'><strong>nihilominus,</strong></span> <span class='ocrx_word' id='word_1_344' title='bbox 1307 3249 1437 3304; x_wconf 90' lang='lat' dir='ltr'><strong>papa</strong></span> <span class='ocrx_word' id='word_1_345' title='bbox 1470 3235 1689 3305; x_wconf 90' lang='lat' dir='ltr'><strong>Simpli—</strong></span> <span class='ocrx_word' id='word_1_346' title='bbox 1716 3206 1766 3270; x_wconf 64' lang='grc' dir='ltr'><strong>(ἶ</strong></span> 
     </span>
    </p>
   </div>
   <div class='ocr_carea' id='block_1_50' title="bbox 176 3322 1689 3397">
    <p class='ocr_par' dir='ltr' id='par_1_50' title="bbox 176 3322 1689 3397">
     <span class='ocr_line' id='line_1_50' title="bbox 176 3322 1689 3397; baseline 0.009 -24"><span class='ocrx_word' id='word_1_347' title='bbox 176 3322 275 3385; x_wconf 84' lang='lat' dir='ltr'><strong>cius,</strong></span> <span class='ocrx_word' id='word_1_348' title='bbox 300 3333 344 3377; x_wconf 90' lang='lat' dir='ltr'><strong>et</strong></span> <span class='ocrx_word' id='word_1_349' title='bbox 369 3334 475 3393; x_wconf 80' lang='lat' dir='ltr'><strong>post</strong></span> <span class='ocrx_word' id='word_1_350' title='bbox 502 3341 622 3380; x_wconf 90' lang='lat' dir='ltr'><strong>eum</strong></span> <span class='ocrx_word' id='word_1_351' title='bbox 653 3335 858 3380; x_wconf 60' lang='lat' dir='ltr'><strong>sancta:</strong></span> <span class='ocrx_word' id='word_1_352' title='bbox 895 3328 1166 3381; x_wconf 75' lang='lat' dir='ltr'><strong>memoria:</strong></span> <span class='ocrx_word' id='word_1_353' title='bbox 1196 3342 1327 3397; x_wconf 88' lang='lat' dir='ltr'><strong>papa</strong></span> <span class='ocrx_word' id='word_1_354' title='bbox 1379 3328 1549 3397; x_wconf 81' lang='lat' dir='ltr'><strong>Felix,</strong></span> <span class='ocrx_word' id='word_1_355' title='bbox 1584 3346 1689 3386; x_wconf 89' lang='lat' dir='ltr'><strong>non</strong></span> 
     </span>
    </p>
   </div>
   <div class='ocr_carea' id='block_1_51' title="bbox 181 3412 1688 3488">
    <p class='ocr_par' dir='ltr' id='par_1_51' title="bbox 181 3412 1688 3488">
     <span class='ocr_line' id='line_1_51' title="bbox 181 3412 1688 3488; baseline 0.007 -23"><span class='ocrx_word' id='word_1_356' title='bbox 181 3412 305 3466; x_wconf 76' lang='lat' dir='ltr'><strong>solum</strong></span> <span class='ocrx_word' id='word_1_357' title='bbox 323 3414 610 3471; x_wconf 87' lang='lat' dir='ltr'><strong>Basiliscum</strong></span> <span class='ocrx_word' id='word_1_358' title='bbox 642 3426 957 3487; x_wconf 85' lang='lat' dir='ltr'><strong>tyrannum,</strong></span> <span class='ocrx_word' id='word_1_359' title='bbox 991 3418 1083 3471; x_wconf 90' lang='lat' dir='ltr'><strong>sed</strong></span> <span class='ocrx_word' id='word_1_360' title='bbox 1112 3418 1271 3472; x_wconf 91' lang='lat' dir='ltr'><strong>etiam</strong></span> <span class='ocrx_word' id='word_1_361' title='bbox 1308 3420 1688 3488; x_wconf 86' lang='lat' dir='ltr'><strong>imperatorem</strong></span> 
     </span>
    </p>
   </div>
   <div class='ocr_carea' id='block_1_52' title="bbox 184 3501 1687 3576">
    <p class='ocr_par' dir='ltr' id='par_1_52' title="bbox 184 3501 1687 3576">
     <span class='ocr_line' id='line_1_52' title="bbox 184 3501 1687 3576; baseline 0.008 -22"><span class='ocrx_word' id='word_1_362' title='bbox 184 3501 387 3559; x_wconf 80' lang='lat' dir='ltr'><strong>Zenonem</strong></span> <span class='ocrx_word' id='word_1_363' title='bbox 414 3522 505 3576; x_wconf 92' lang='lat' dir='ltr'><strong>pro</strong></span> <span class='ocrx_word' id='word_1_364' title='bbox 534 3509 729 3563; x_wconf 86' lang='lat' dir='ltr'><strong>iisdem</strong></span> <span class='ocrx_word' id='word_1_365' title='bbox 761 3508 890 3576; x_wconf 89' lang='lat' dir='ltr'><strong>ipsis</strong></span> <span class='ocrx_word' id='word_1_366' title='bbox 919 3509 1246 3572; x_wconf 81' lang='lat' dir='ltr'><strong>excessibus,</strong></span> <span class='ocrx_word' id='word_1_367' title='bbox 1287 3512 1604 3565; x_wconf 87' lang='lat' dir='ltr'><strong>auctoritate</strong></span> <span class='ocrx_word' id='word_1_368' title='bbox 1626 3512 1687 3567; x_wconf 81' lang='lat' dir='ltr'><strong>li-</strong></span> 
     </span>
    </p>
   </div>
   <div class='ocr_carea' id='block_1_53' title="bbox 185 3591 1687 3673">
    <p class='ocr_par' dir='ltr' id='par_1_53' title="bbox 185 3591 1687 3673">
     <span class='ocr_line' id='line_1_53' title="bbox 185 3591 1687 3673; baseline 0.007 -27"><span class='ocrx_word' id='word_1_369' title='bbox 185 3591 279 3647; x_wconf 84' lang='lat' dir='ltr'><strong>bera</strong></span> <span class='ocrx_word' id='word_1_370' title='bbox 292 3597 453 3668; x_wconf 69' lang='lat' dir='ltr'><strong>sapius</strong></span> <span class='ocrx_word' id='word_1_371' title='bbox 468 3598 782 3669; x_wconf 91' lang='lat' dir='ltr'><strong>increpasse</strong></span> <span class='ocrx_word' id='word_1_372' title='bbox 803 3610 1114 3666; x_wconf 91' lang='lat' dir='ltr'><strong>noscuntur,</strong></span> <span class='ocrx_word' id='word_1_373' title='bbox 1134 3600 1383 3671; x_wconf 75' lang='lat' dir='ltr'><strong>flectique</strong></span> <span class='ocrx_word' id='word_1_374' title='bbox 1405 3604 1687 3673; x_wconf 85' lang='lat' dir='ltr'><strong>potuisset,</strong></span> 
     </span>
    </p>
   </div>
   <div class='ocr_carea' id='block_1_54' title="bbox 190 3687 1690 3762">
    <p class='ocr_par' dir='ltr' id='par_1_54' title="bbox 190 3687 1690 3762">
     <span class='ocr_line' id='line_1_54' title="bbox 190 3687 1690 3762; baseline 0.008 -24"><span class='ocrx_word' id='word_1_375' title='bbox 190 3687 265 3740; x_wconf 78' lang='lat' dir='ltr'><strong>nisi</strong></span> <span class='ocrx_word' id='word_1_376' title='bbox 285 3690 821 3762; x_wconf 75' lang='lat' dir='ltr'><strong>Constantinopolitani</strong></span> <span class='ocrx_word' id='word_1_377' title='bbox 856 3693 1097 3760; x_wconf 68' lang='lat' dir='ltr'><strong>praesulis</strong></span> <span class='ocrx_word' id='word_1_378' title='bbox 1122 3692 1467 3749; x_wconf 88' lang='lat' dir='ltr'><strong>accederetnr</strong></span> <span class='ocrx_word' id='word_1_379' title='bbox 1494 3696 1690 3749; x_wconf 87' lang='lat' dir='ltr'><strong>instin-</strong></span> 
     </span>
    </p>
   </div>
   <div class='ocr_carea' id='block_1_55' title="bbox 192 3782 1687 3852">
    <p class='ocr_par' dir='ltr' id='par_1_55' title="bbox 192 3782 1687 3852">
     <span class='ocr_line' id='line_1_55' title="bbox 192 3782 1687 3852; baseline 0.009 -24"><span class='ocrx_word' id='word_1_380' title='bbox 192 3782 365 3848; x_wconf 85' lang='lat' dir='ltr'><strong>ctu,qui</strong></span> <span class='ocrx_word' id='word_1_381' title='bbox 402 3785 666 3852; x_wconf 89' lang='lat' dir='ltr'><strong>particeps</strong></span> <span class='ocrx_word' id='word_1_382' title='bbox 718 3793 954 3838; x_wconf 76' lang='lat' dir='ltr'><strong>externa:</strong></span> <span class='ocrx_word' id='word_1_383' title='bbox 1003 3786 1391 3839; x_wconf 90' lang='lat' dir='ltr'><strong>communionis</strong></span> <span class='ocrx_word' id='word_1_384' title='bbox 1437 3787 1687 3852; x_wconf 73' lang='lat' dir='ltr'><strong>elfectus,</strong></span> 
     </span>
    </p>
   </div>
   <div class='ocr_carea' id='block_1_56' title="bbox 190 3861 1688 3946">
    <p class='ocr_par' dir='ltr' id='par_1_56' title="bbox 190 3861 1688 3946">
     <span class='ocr_line' id='line_1_56' title="bbox 190 3861 1688 3946; baseline 0.008 -22"><span class='ocrx_word' id='word_1_385' title='bbox 190 3873 421 3929; x_wconf 77' lang='lat' dir='ltr'><strong>necessario</strong></span> <span class='ocrx_word' id='word_1_386' title='bbox 445 3876 496 3929; x_wconf 90' lang='lat' dir='ltr'><strong>in</strong></span> <span class='ocrx_word' id='word_1_387' title='bbox 526 3876 673 3946; x_wconf 90' lang='lat' dir='ltr'><strong>quod</strong></span> <span class='ocrx_word' id='word_1_388' title='bbox 706 3861 988 3940; x_wconf 80' lang='lat' dir='ltr'><strong>inciderat,</strong></span> <span class='ocrx_word' id='word_1_389' title='bbox 1014 3876 1121 3945; x_wconf 91' lang='lat' dir='ltr'><strong>jam</strong></span> <span class='ocrx_word' id='word_1_390' title='bbox 1147 3878 1381 3945; x_wconf 87' lang='lat' dir='ltr'><strong>fovebat,</strong></span> <span class='ocrx_word' id='word_1_391' title='bbox 1409 3880 1611 3935; x_wconf 89' lang='lat' dir='ltr'><strong>malens</strong></span> <span class='ocrx_word' id='word_1_392' title='bbox 1636 3883 1688 3936; x_wconf 90' lang='lat' dir='ltr'><strong>in</strong></span> 
     </span>
    </p>
   </div>
   <div class='ocr_carea' id='block_1_57' title="bbox 185 3968 1687 4043">
    <p class='ocr_par' dir='ltr' id='par_1_57' title="bbox 185 3968 1687 4043">
     <span class='ocr_line' id='line_1_57' title="bbox 185 3968 1687 4043; baseline 0.01 -30"><span class='ocrx_word' id='word_1_393' title='bbox 185 3975 265 4014; x_wconf 79' lang='lat' dir='ltr'><strong>sua:</strong></span> <span class='ocrx_word' id='word_1_394' title='bbox 299 3968 723 4032; x_wconf 69' lang='lat' dir='ltr'><strong>praevaricationis</strong></span> <span class='ocrx_word' id='word_1_395' title='bbox 774 3968 1133 4024; x_wconf 90' lang='lat' dir='ltr'><strong>obstinatione</strong></span> <span class='ocrx_word' id='word_1_396' title='bbox 1185 3973 1499 4041; x_wconf 89' lang='lat' dir='ltr'><strong>persistere,</strong></span> <span class='ocrx_word' id='word_1_397' title='bbox 1531 3990 1687 4043; x_wconf 87' lang='lat' dir='ltr'><strong>quam</strong></span> 
     </span>
    </p>
   </div>
   <div class='ocr_carea' id='block_1_58' title="bbox 186 4064 1689 4138">
    <p class='ocr_par' dir='ltr' id='par_1_58' title="bbox 186 4064 1689 4138">
     <span class='ocr_line' id='line_1_58' title="bbox 186 4064 1689 4138; baseline 0.009 -28"><span class='ocrx_word' id='word_1_398' title='bbox 186 4064 389 4117; x_wconf 78' lang='lat' dir='ltr'><strong>curandus</strong></span> <span class='ocrx_word' id='word_1_399' title='bbox 408 4065 465 4118; x_wconf 90' lang='lat' dir='ltr'><strong>ad</strong></span> <span class='ocrx_word' id='word_1_400' title='bbox 493 4066 731 4120; x_wconf 86' lang='lat' dir='ltr'><strong>salubria</strong></span> <span class='ocrx_word' id='word_1_401' title='bbox 760 4080 1020 4132; x_wconf 89' lang='lat' dir='ltr'><strong>remeare,</strong></span> <span class='ocrx_word' id='word_1_402' title='bbox 1050 4067 1190 4121; x_wconf 89' lang='lat' dir='ltr'><strong>sicut</strong></span> <span class='ocrx_word' id='word_1_403' title='bbox 1217 4067 1331 4136; x_wconf 90' lang='lat' dir='ltr'><strong>ipse</strong></span> <span class='ocrx_word' id='word_1_404' title='bbox 1360 4084 1535 4121; x_wconf 85' lang='lat' dir='ltr'><strong>rerum</strong></span> <span class='ocrx_word' id='word_1_405' title='bbox 1567 4084 1689 4138; x_wconf 87' lang='lat' dir='ltr'><strong>pro-</strong></span> 
     </span>
    </p>
   </div>
   <div class='ocr_carea' id='block_1_59' title="bbox 186 4145 1689 4229">
    <p class='ocr_par' dir='ltr' id='par_1_59' title="bbox 186 4145 1689 4229">
     <span class='ocr_line' id='line_1_59' title="bbox 186 4145 1689 4229; baseline 0.011 -30"><span class='ocrx_word' id='word_1_406' title='bbox 186 4145 289 4203; x_wconf 79' lang='lat' dir='ltr'><strong>barit</strong></span> <span class='ocrx_word' id='word_1_407' title='bbox 310 4165 525 4210; x_wconf 78' lang='lat' dir='ltr'><strong>eventus.</strong></span> <span class='ocrx_word' id='word_1_408' title='bbox 558 4155 706 4211; x_wconf 82' lang='lat' dir='ltr'><strong>Ecce</strong></span> <span class='ocrx_word' id='word_1_409' title='bbox 757 4172 925 4225; x_wconf 85' lang='lat' dir='ltr'><strong>nuper</strong></span> <span class='ocrx_word' id='word_1_410' title='bbox 952 4156 1217 4212; x_wconf 90' lang='lat' dir='ltr'><strong>llonorico</strong></span> <span class='ocrx_word' id='word_1_411' title='bbox 1248 4161 1359 4229; x_wconf 85' lang='lat' dir='ltr'><strong>regi</strong></span> <span class='ocrx_word' id='word_1_412' title='bbox 1385 4160 1689 4216; x_wconf 63' lang='lat' dir='ltr'><strong>Vandalicas</strong></span> 
     </span>
    </p>
   </div>
   <div class='ocr_carea' id='block_1_60' title="bbox 189 4240 1689 4320">
    <p class='ocr_par' dir='ltr' id='par_1_60' title="bbox 189 4240 1689 4320">
     <span class='ocr_line' id='line_1_60' title="bbox 189 4240 1689 4320; baseline 0.011 -30"><span class='ocrx_word' id='word_1_413' title='bbox 189 4240 376 4310; x_wconf 79' lang='lat' dir='ltr'><strong>nationis,</strong></span> <span class='ocrx_word' id='word_1_414' title='bbox 406 4247 483 4300; x_wconf 90' lang='lat' dir='ltr'><strong>vir</strong></span> <span class='ocrx_word' id='word_1_415' title='bbox 512 4263 742 4316; x_wconf 86' lang='lat' dir='ltr'><strong>magnus</strong></span> <span class='ocrx_word' id='word_1_416' title='bbox 770 4259 825 4302; x_wconf 91' lang='lat' dir='ltr'><strong>et</strong></span> <span class='ocrx_word' id='word_1_417' title='bbox 853 4248 1094 4317; x_wconf 80' lang='lat' dir='ltr'><strong>egregius</strong></span> <span class='ocrx_word' id='word_1_418' title='bbox 1124 4250 1377 4304; x_wconf 85' lang='lat' dir='ltr'><strong>sacerdos</strong></span> <span class='ocrx_word' id='word_1_419' title='bbox 1426 4251 1689 4320; x_wconf 83' lang='lat' dir='ltr'><strong>Eugenius</strong></span> 
     </span>
    </p>
   </div>
   <div class='ocr_carea' id='block_1_61' title="bbox 189 4330 1690 4409">
    <p class='ocr_par' dir='ltr' id='par_1_61' title="bbox 189 4330 1690 4409">
     <span class='ocr_line' id='line_1_61' title="bbox 189 4330 1690 4409; baseline 0.012 -30"><span class='ocrx_word' id='word_1_420' title='bbox 189 4330 547 4403; x_wconf 74' lang='lat' dir='ltr'><strong>Carthaginensis</strong></span> <span class='ocrx_word' id='word_1_421' title='bbox 569 4339 892 4408; x_wconf 83' lang='lat' dir='ltr'><strong>episcopus,</strong></span> <span class='ocrx_word' id='word_1_422' title='bbox 927 4340 1184 4409; x_wconf 89' lang='lat' dir='ltr'><strong>multique</strong></span> <span class='ocrx_word' id='word_1_423' title='bbox 1209 4357 1328 4395; x_wconf 90' lang='lat' dir='ltr'><strong>cum</strong></span> <span class='ocrx_word' id='word_1_424' title='bbox 1379 4342 1566 4397; x_wconf 90' lang='lat' dir='ltr'><strong>eodem</strong></span> <span class='ocrx_word' id='word_1_425' title='bbox 1599 4360 1690 4397; x_wconf 85' lang='lat' dir='ltr'><strong>ca-</strong></span> 
     </span>
    </p>
   </div>
   <div class='ocr_carea' id='block_1_62' title="bbox 193 4420 1685 4503">
    <p class='ocr_par' dir='ltr' id='par_1_62' title="bbox 193 4420 1685 4503">
     <span class='ocr_line' id='line_1_62' title="bbox 193 4420 1685 4503; baseline 0.011 -27"><span class='ocrx_word' id='word_1_426' title='bbox 193 4420 322 4480; x_wconf 75' lang='lat' dir='ltr'><strong>tholici</strong></span> <span class='ocrx_word' id='word_1_427' title='bbox 356 4434 647 4486; x_wconf 87' lang='lat' dir='ltr'><strong>sacerdotes</strong></span> <span class='ocrx_word' id='word_1_428' title='bbox 686 4443 998 4487; x_wconf 78' lang='lat' dir='ltr'><strong>conSIanter</strong></span> <span class='ocrx_word' id='word_1_429' title='bbox 1050 4434 1359 4490; x_wconf 86' lang='lat' dir='ltr'><strong>resisterent</strong></span> <span class='ocrx_word' id='word_1_430' title='bbox 1415 4438 1685 4503; x_wconf 73' lang='lat' dir='ltr'><strong>saevienti,</strong></span> 
     </span>
    </p>
   </div>
   <div class='ocr_carea' id='block_1_63' title="bbox 194 4524 1686 4597">
    <p class='ocr_par' dir='ltr' id='par_1_63' title="bbox 194 4524 1686 4597">
     <span class='ocr_line' id='line_1_63' title="bbox 194 4524 1686 4597; baseline 0.011 -28"><span class='ocrx_word' id='word_1_431' title='bbox 194 4527 419 4587; x_wconf 78' lang='lat' dir='ltr'><strong>cunctaque</strong></span> <span class='ocrx_word' id='word_1_432' title='bbox 445 4533 678 4580; x_wconf 88' lang='lat' dir='ltr'><strong>extrema</strong></span> <span class='ocrx_word' id='word_1_433' title='bbox 704 4524 1016 4588; x_wconf 86' lang='lat' dir='ltr'><strong>tolerantes,</strong></span> <span class='ocrx_word' id='word_1_434' title='bbox 1048 4526 1310 4596; x_wconf 85' lang='lat' dir='ltr'><strong>hodieque</strong></span> <span class='ocrx_word' id='word_1_435' title='bbox 1332 4532 1686 4597; x_wconf 87' lang='lat' dir='ltr'><strong>persecutori-</strong></span> 
     </span>
    </p>
   </div>
   <div class='ocr_carea' id='block_1_64' title="bbox 194 4601 1686 4688">
    <p class='ocr_par' dir='ltr' id='par_1_64' title="bbox 194 4601 1686 4688">
     <span class='ocr_line' id='line_1_64' title="bbox 194 4601 1686 4688; baseline 0.015 -31"><span class='ocrx_word' id='word_1_436' title='bbox 194 4601 260 4659; x_wconf 79' lang='lat' dir='ltr'><strong>bos</strong></span> <span class='ocrx_word' id='word_1_437' title='bbox 276 4612 488 4669; x_wconf 83' lang='lat' dir='ltr'><strong>resistere</strong></span> <span class='ocrx_word' id='word_1_438' title='bbox 508 4631 613 4669; x_wconf 92' lang='lat' dir='ltr'><strong>non</strong></span> <span class='ocrx_word' id='word_1_439' title='bbox 639 4617 911 4670; x_wconf 88' lang='lat' dir='ltr'><strong>omittunt.</strong></span> <span class='ocrx_word' id='word_1_440' title='bbox 942 4617 1051 4671; x_wconf 88' lang='lat' dir='ltr'><strong>Nos</strong></span> <span class='ocrx_word' id='word_1_441' title='bbox 1081 4634 1294 4688; x_wconf 90' lang='lat' dir='ltr'><strong>quoque</strong></span> <span class='ocrx_word' id='word_1_442' title='bbox 1318 4619 1544 4677; x_wconf 89' lang='lat' dir='ltr'><strong>Odoacri</strong></span> <span class='ocrx_word' id='word_1_443' title='bbox 1572 4625 1686 4678; x_wconf 87' lang='lat' dir='ltr'><strong>bar-</strong></span> 
     </span>
    </p>
   </div>
   <div class='ocr_carea' id='block_1_65' title="bbox 195 4693 1684 4786">
    <p class='ocr_par' dir='ltr' id='par_1_65' title="bbox 195 4693 1684 4786">
     <span class='ocr_line' id='line_1_65' title="bbox 195 4693 1684 4786; baseline 0.014 -36"><span class='ocrx_word' id='word_1_444' title='bbox 195 4693 283 4751; x_wconf 75' lang='lat' dir='ltr'><strong>baro</strong></span> <span class='ocrx_word' id='word_1_445' title='bbox 302 4699 521 4760; x_wconf 76' lang='lat' dir='ltr'><strong>bzeretico</strong></span> <span class='ocrx_word' id='word_1_446' title='bbox 538 4722 761 4776; x_wconf 84' lang='lat' dir='ltr'><strong>regnum</strong></span> <span class='ocrx_word' id='word_1_447' title='bbox 789 4707 949 4762; x_wconf 74' lang='lat' dir='ltr'><strong>Italiae</strong></span> <span class='ocrx_word' id='word_1_448' title='bbox 981 4718 1104 4763; x_wconf 94' lang='lat' dir='ltr'><strong>tunc</strong></span> <span class='ocrx_word' id='word_1_449' title='bbox 1123 4713 1343 4776; x_wconf 85' lang='lat' dir='ltr'><strong>tenenti,</strong></span> <span class='ocrx_word' id='word_1_450' title='bbox 1368 4729 1487 4768; x_wconf 91' lang='lat' dir='ltr'><strong>cum</strong></span> <span class='ocrx_word' id='word_1_451' title='bbox 1509 4716 1684 4786; x_wconf 90' lang='lat' dir='ltr'><strong>aliqua</strong></span> 
     </span>
    </p>
   </div>
   <div class='ocr_carea' id='block_1_66' title="bbox 198 4788 1686 4887">
    <p class='ocr_par' dir='ltr' id='par_1_66' title="bbox 198 4788 1686 4887">
     <span class='ocr_line' id='line_1_66' title="bbox 198 4788 1686 4887; baseline 0.017 -48"><span class='ocrx_word' id='word_1_452' title='bbox 198 4788 495 4887; x_wconf 66' lang='lat' dir='ltr'><strong>Malacienda</strong></span> <span class='ocrx_word' id='word_1_453' title='bbox 520 4800 859 4869; x_wconf 65' lang='lat' dir='ltr'><strong>prteciperet,</strong></span> <span class='ocrx_word' id='word_1_454' title='bbox 894 4799 1003 4854; x_wconf 91' lang='lat' dir='ltr'><strong>Deo</strong></span> <span class='ocrx_word' id='word_1_455' title='bbox 1050 4813 1334 4870; x_wconf 70' lang='lat' dir='ltr'><strong>praestante</strong></span> <span class='ocrx_word' id='word_1_456' title='bbox 1384 4809 1686 4885; x_wconf 87' lang='lat' dir='ltr'><strong>nullatenus</strong></span> 
     </span>
    </p>
   </div>
   <div class='ocr_carea' id='block_1_67' title="bbox 203 4887 1687 4955">
    <p class='ocr_par' dir='ltr' id='par_1_67' title="bbox 203 4887 1687 4955">
     <span class='ocr_line' id='line_1_67' title="bbox 203 4887 1687 4955; baseline 0.014 -21"><span class='ocrx_word' id='word_1_457' title='bbox 203 4887 369 4936; x_wconf 64' lang='lat' dir='ltr'><strong>musae</strong></span> <span class='ocrx_word' id='word_1_458' title='bbox 392 4888 715 4942; x_wconf 86' lang='lat' dir='ltr'><strong>manifestum</strong></span> <span class='ocrx_word' id='word_1_459' title='bbox 746 4890 874 4955; x_wconf 88' lang='lat' dir='ltr'><strong>est.)</strong></span> <span class='ocrx_word' id='word_1_460' title='bbox 902 4890 994 4945; x_wconf 90' lang='lat' dir='ltr'><strong>llic</strong></span> <span class='ocrx_word' id='word_1_461' title='bbox 1024 4901 1202 4947; x_wconf 90' lang='lat' dir='ltr'><strong>autem</strong></span> <span class='ocrx_word' id='word_1_462' title='bbox 1229 4894 1311 4947; x_wconf 89' lang='lat' dir='ltr'><strong>vir</strong></span> <span class='ocrx_word' id='word_1_463' title='bbox 1339 4895 1508 4953; x_wconf 84' lang='lat' dir='ltr'><strong>bonus</strong></span> <span class='ocrx_word' id='word_1_464' title='bbox 1551 4900 1687 4955; x_wconf 88' lang='lat' dir='ltr'><strong>Aca-</strong></span> 
     </span>
    </p>
   </div>
   <div class='ocr_carea' id='block_1_68' title="bbox 205 4964 1687 5055">
    <p class='ocr_par' dir='ltr' id='par_1_68' title="bbox 205 4964 1687 5055">
     <span class='ocr_line' id='line_1_68' title="bbox 205 4964 1687 5055; baseline 0.016 -33"><span class='ocrx_word' id='word_1_465' title='bbox 205 4964 299 5029; x_wconf 68' lang='grc' dir='ltr'><strong>εἱιιε,</strong></span> <span class='ocrx_word' id='word_1_466' title='bbox 320 4978 609 5033; x_wconf 79' lang='lat' dir='ltr'><strong>etsaccrdos</strong></span> <span class='ocrx_word' id='word_1_467' title='bbox 636 4979 863 5035; x_wconf 89' lang='lat' dir='ltr'><strong>eximius</strong></span> <span class='ocrx_word' id='word_1_468' title='bbox 894 4979 986 5051; x_wconf 81' lang='grc' dir='ltr'><strong>[αι.</strong></span> <span class='ocrx_word' id='word_1_469' title='bbox 1013 4982 1298 5055; x_wconf 84' lang='lat' dir='ltr'><strong>egregius],</strong></span> <span class='ocrx_word' id='word_1_470' title='bbox 1324 4985 1375 5039; x_wconf 91' lang='lat' dir='ltr'><strong>in</strong></span> <span class='ocrx_word' id='word_1_471' title='bbox 1406 4996 1608 5043; x_wconf 88' lang='lat' dir='ltr'><strong>tantum</strong></span> <span class='ocrx_word' id='word_1_472' title='bbox 1629 5006 1687 5045; x_wconf 89' lang='lat' dir='ltr'><strong>se</strong></span> 
     </span>
    </p>
   </div>
   <div class='ocr_carea' id='block_1_69' title="bbox 207 5061 1684 5147">
    <p class='ocr_par' dir='ltr' id='par_1_69' title="bbox 207 5061 1684 5147">
     <span class='ocr_line' id='line_1_69' title="bbox 207 5061 1684 5147; baseline 0.015 -34"><span class='ocrx_word' id='word_1_473' title='bbox 207 5061 247 5103; x_wconf 72' lang='grc' dir='ltr'><strong>ει</strong></span> <span class='ocrx_word' id='word_1_474' title='bbox 262 5068 479 5147; x_wconf 56' lang='lat' dir='ltr'><strong>merere</strong></span> <span class='ocrx_word' id='word_1_475' title='bbox 500 5069 735 5137; x_wconf 87' lang='lat' dir='ltr'><strong>potuisse</strong></span> <span class='ocrx_word' id='word_1_476' title='bbox 761 5074 1094 5139; x_wconf 87' lang='lat' dir='ltr'><strong>monstravit,</strong></span> <span class='ocrx_word' id='word_1_477' title='bbox 1112 5083 1165 5127; x_wconf 93' lang='lat' dir='ltr'><strong>et</strong></span> <span class='ocrx_word' id='word_1_478' title='bbox 1184 5076 1416 5132; x_wconf 89' lang='lat' dir='ltr'><strong>noluisse</strong></span> <span class='ocrx_word' id='word_1_479' title='bbox 1436 5078 1684 5147; x_wconf 90' lang='lat' dir='ltr'><strong>deprom-</strong></span> 
     </span>
    </p>
   </div>
   <div class='ocr_carea' id='block_1_70' title="bbox 207 5146 1687 5239">
    <p class='ocr_par' dir='ltr' id='par_1_70' title="bbox 207 5146 1687 5239">
     <span class='ocr_line' id='line_1_70' title="bbox 207 5146 1687 5239; baseline 0.022 -41"><span class='ocrx_word' id='word_1_480' title='bbox 207 5146 301 5239; x_wconf 84' lang='lat' dir='ltr'><strong>psit,</strong></span> <span class='ocrx_word' id='word_1_481' title='bbox 319 5151 395 5207; x_wconf 86' lang='lat' dir='ltr'><strong>imo</strong></span> <span class='ocrx_word' id='word_1_482' title='bbox 412 5159 591 5216; x_wconf 84' lang='lat' dir='ltr'><strong>lavisse</strong></span> <span class='ocrx_word' id='word_1_483' title='bbox 618 5163 872 5231; x_wconf 84' lang='lat' dir='ltr'><strong>patefecit</strong></span> <span class='ocrx_word' id='word_1_484' title='bbox 898 5182 912 5230; x_wconf 93' lang='lat'><strong>;</strong></span> <span class='ocrx_word' id='word_1_485' title='bbox 937 5174 992 5221; x_wconf 91' lang='lat' dir='ltr'><strong>ut</strong></span> <span class='ocrx_word' id='word_1_486' title='bbox 1022 5176 1074 5220; x_wconf 91' lang='lat' dir='ltr'><strong>et</strong></span> <span class='ocrx_word' id='word_1_487' title='bbox 1103 5167 1398 5236; x_wconf 89' lang='lat' dir='ltr'><strong>imperator</strong></span> <span class='ocrx_word' id='word_1_488' title='bbox 1418 5146 1604 5226; x_wconf 86' lang='lat' dir='ltr'><strong>cuncta</strong></span> <span class='ocrx_word' id='word_1_489' title='bbox 1628 5189 1687 5230; x_wconf 89' lang='lat' dir='ltr'><strong>se</strong></span> 
     </span>
    </p>
   </div>
   <div class='ocr_carea' id='block_1_71' title="bbox 204 5240 1690 5333">
    <p class='ocr_par' dir='ltr' id='par_1_71' title="bbox 204 5240 1690 5333">
     <span class='ocr_line' id='line_1_71' title="bbox 204 5240 1690 5333; baseline 0.009 -27"><span class='ocrx_word' id='word_1_490' title='bbox 204 5249 253 5289; x_wconf 66' lang='grc' dir='ltr'><strong>ει</strong></span> <span class='ocrx_word' id='word_1_491' title='bbox 277 5240 365 5307; x_wconf 64' lang='lat' dir='ltr'><strong>ei“!</strong></span> <span class='ocrx_word' id='word_1_492' title='bbox 386 5254 580 5313; x_wconf 69' lang='lat' dir='ltr'><strong>gessisse</strong></span> <span class='ocrx_word' id='word_1_493' title='bbox 606 5256 829 5309; x_wconf 87' lang='lat' dir='ltr'><strong>consilio</strong></span> <span class='ocrx_word' id='word_1_494' title='bbox 857 5271 962 5310; x_wconf 92' lang='lat' dir='ltr'><strong>non</strong></span> <span class='ocrx_word' id='word_1_495' title='bbox 988 5267 1207 5323; x_wconf 88' lang='lat' dir='ltr'><strong>taceret,</strong></span> <span class='ocrx_word' id='word_1_496' title='bbox 1233 5272 1286 5315; x_wconf 93' lang='lat' dir='ltr'><strong>et</strong></span> <span class='ocrx_word' id='word_1_497' title='bbox 1318 5263 1434 5333; x_wconf 88' lang='lat' dir='ltr'><strong>ipse</strong></span> <span class='ocrx_word' id='word_1_498' title='bbox 1462 5264 1690 5333; x_wconf 83' lang='lat' dir='ltr'><strong>impera-</strong></span> 
     </span>
    </p>
   </div>
   <div class='ocr_carea' id='block_1_72' title="bbox 201 5335 1682 5426">
    <p class='ocr_par' dir='ltr' id='par_1_72' title="bbox 201 5335 1682 5426">
     <span class='ocr_line' id='line_1_72' title="bbox 201 5335 1682 5426; baseline 0.022 -45"><span class='ocrx_word' id='word_1_499' title='bbox 201 5335 330 5386; x_wconf 87' lang='lat' dir='ltr'><strong>torem</strong></span> <span class='ocrx_word' id='word_1_500' title='bbox 366 5342 541 5409; x_wconf 85' lang='lat' dir='ltr'><strong>magnis</strong></span> <span class='ocrx_word' id='word_1_501' title='bbox 599 5346 878 5414; x_wconf 73' lang='lat' dir='ltr'><strong>praeconiis</strong></span> <span class='ocrx_word' id='word_1_502' title='bbox 926 5348 1161 5405; x_wconf 85' lang='lat' dir='ltr'><strong>clevaret</strong></span> <span class='ocrx_word' id='word_1_503' title='bbox 1212 5352 1311 5406; x_wconf 88' lang='lat' dir='ltr'><strong>ista</strong></span> <span class='ocrx_word' id='word_1_504' title='bbox 1362 5353 1682 5426; x_wconf 80' lang='lat' dir='ltr'><strong>facientem;</strong></span> 
     </span>
    </p>
   </div>
   <div class='ocr_carea' id='block_1_73' title="bbox 1711 4580 1767 4643">
    <p class='ocr_par' dir='ltr' id='par_1_73' title="bbox 1711 4580 1767 4643">
     <span class='ocr_line' id='line_1_73' title="bbox 1711 4580 1767 4643; baseline 0 0"><span class='ocrx_word' id='word_1_505' title='bbox 1711 4580 1767 4643; x_wconf 88' lang='lat' dir='ltr'><strong><em>D</em></strong></span> 
     </span>
    </p>
   </div>
   <div class='ocr_carea' id='block_1_74' title="bbox 247 5502 1328 5580">
    <p class='ocr_par' dir='ltr' id='par_1_74' title="bbox 247 5502 1328 5580">
     <span class='ocr_line' id='line_1_74' title="bbox 247 5502 1328 5580; baseline 0.019 -20"><span class='ocrx_word' id='word_1_506' title='bbox 247 5502 380 5580; x_wconf 63' lang='grc' dir='ltr'><strong>ξῌκο</strong></span> <span class='ocrx_word' id='word_1_507' title='bbox 404 5514 589 5579; x_wconf 80' lang='lat' dir='ltr'><strong>pariter</strong></span> <span class='ocrx_word' id='word_1_508' title='bbox 613 5515 803 5571; x_wconf 83' lang='lat' dir='ltr'><strong>desunt</strong></span> <span class='ocrx_word' id='word_1_509' title='bbox 833 5519 885 5573; x_wconf 89' lang='lat' dir='ltr'><strong>in</strong></span> <span class='ocrx_word' id='word_1_510' title='bbox 914 5520 1101 5577; x_wconf 89' lang='lat' dir='ltr'><strong>eodem</strong></span> <span class='ocrx_word' id='word_1_511' title='bbox 1125 5525 1328 5580; x_wconf 91' lang='lat' dir='ltr'><strong>codice.</strong></span> 
     </span>
    </p>
   </div>
   <div class='ocr_carea' id='block_1_75' title="bbox 180 5574 1682 5665">
    <p class='ocr_par' dir='ltr' id='par_1_75' title="bbox 180 5574 1682 5665">
     <span class='ocr_line' id='line_1_75' title="bbox 180 5574 1682 5665; baseline 0.008 -19"><span class='ocrx_word' id='word_1_512' title='bbox 180 5574 521 5665; x_wconf 47' lang='lat' dir='ltr'><strong>&#39;njﬁqgémia</strong></span> <span class='ocrx_word' id='word_1_513' title='bbox 548 5600 755 5665; x_wconf 75' lang='lat' dir='ltr'><strong>Quoque</strong></span> <span class='ocrx_word' id='word_1_514' title='bbox 774 5574 976 5645; x_wconf 80' lang='lat' dir='ltr'><strong>ansulis</strong></span> <span class='ocrx_word' id='word_1_515' title='bbox 992 5574 1209 5648; x_wconf 58' lang='lat' dir='ltr'><strong>inclusa</strong></span> <span class='ocrx_word' id='word_1_516' title='bbox 1234 5597 1604 5657; x_wconf 89' lang='lat' dir='ltr'><strong>desiderantur</strong></span> <span class='ocrx_word' id='word_1_517' title='bbox 1629 5606 1682 5661; x_wconf 91' lang='lat' dir='ltr'><strong>in</strong></span> 
     </span>
    </p>
   </div>
   <div class='ocr_carea' id='block_1_76' title="bbox 197 5640 653 5707">
    <p class='ocr_par' dir='ltr' id='par_1_76' title="bbox 197 5640 653 5707">
     <span class='ocr_line' id='line_1_76' title="bbox 197 5640 653 5707; baseline 0.037 -16"><span class='ocrx_word' id='word_1_518' title='bbox 197 5640 329 5699; x_wconf 83' lang='lat' dir='ltr'><strong>codice</strong></span> <span class='ocrx_word' id='word_1_519' title='bbox 350 5640 653 5707; x_wconf 56' lang='lat' dir='ltr'><strong>~Veronet&#39;tsi.</strong></span> 
     </span>
    </p>
   </div>
   <div class='ocr_carea' id='block_1_77' title="bbox 242 5711 959 5808">
    <p class='ocr_par' dir='ltr' id='par_1_77' title="bbox 242 5711 959 5808">
     <span class='ocr_line' id='line_1_77' title="bbox 242 5711 959 5808; baseline 0.018 -37"><span class='ocrx_word' id='word_1_520' title='bbox 242 5711 259 5808; x_wconf 58' lang='grc' dir='ltr'>ξ</span> <span class='ocrx_word' id='word_1_521' title='bbox 278 5714 679 5808; x_wconf 40' lang='grc' dir='ltr'><strong>Εοᾱζχετοειςηε,</strong></span> <span class='ocrx_word' id='word_1_522' title='bbox 708 5731 959 5808; x_wconf 74' lang='lat' dir='ltr'><strong>proderet.</strong></span> 
     </span>
    </p>
   </div>
   <div class='ocr_carea' id='block_1_78' title="bbox 277 5783 758 5854">
    <p class='ocr_par' dir='ltr' id='par_1_78' title="bbox 277 5783 758 5854">
     <span class='ocr_line' id='line_1_78' title="bbox 277 5783 758 5854; baseline 0.031 -19"><span class='ocrx_word' id='word_1_523' title='bbox 277 5783 338 5840; x_wconf 89' lang='lat' dir='ltr'><strong>ld.</strong></span> <span class='ocrx_word' id='word_1_524' title='bbox 362 5790 493 5854; x_wconf 87' lang='lat' dir='ltr'><strong>cod.,</strong></span> <span class='ocrx_word' id='word_1_525' title='bbox 522 5783 758 5851; x_wconf 70' lang='lat' dir='ltr'><strong>debuerit.</strong></span> 
     </span>
    </p>
   </div>
   <div class='ocr_carea' id='block_1_79' title="bbox 405 5883 872 5953">
    <p class='ocr_par' dir='ltr' id='par_1_79' title="bbox 405 5883 872 5953">
     <span class='ocr_line' id='line_1_79' title="bbox 405 5883 872 5953; baseline 0.021 -11"><span class='ocrx_word' id='word_1_526' title='bbox 405 5883 663 5946; x_wconf 68' lang='grc' dir='ltr'><strong>Ρλτιοι..</strong></span> <span class='ocrx_word' id='word_1_527' title='bbox 707 5890 872 5953; x_wconf 82' lang='lat' dir='ltr'><strong>LIX.</strong></span> 
     </span>
    </p>
   </div>
   <div class='ocr_carea' id='block_1_80' title="bbox 1797 1950 3378 2031">
    <p class='ocr_par' dir='ltr' id='par_1_80' title="bbox 1797 1950 3378 2031">
     <span class='ocr_line' id='line_1_80' title="bbox 1797 1950 3378 2031; baseline 0.016 -38"><span class='ocrx_word' id='word_1_528' title='bbox 1797 1952 2067 2012; x_wconf 77' lang='lat' dir='ltr'><strong>peteretur</strong></span> <span class='ocrx_word' id='word_1_529' title='bbox 2116 1960 2144 1998; x_wconf 92' lang='lat' dir='ltr'><strong>a</strong></span> <span class='ocrx_word' id='word_1_530' title='bbox 2186 1950 2427 2017; x_wconf 89' lang='lat' dir='ltr'><strong>principe</strong></span> <span class='ocrx_word' id='word_1_531' title='bbox 2472 1951 2659 2005; x_wconf 88' lang='lat' dir='ltr'><strong>saltem</strong></span> <span class='ocrx_word' id='word_1_532' title='bbox 2713 1956 3096 2028; x_wconf 86' lang='lat' dir='ltr'><strong>qualiscunque</strong></span> <span class='ocrx_word' id='word_1_533' title='bbox 3144 1963 3378 2031; x_wconf 76' lang='lat' dir='ltr'><strong>synodus</strong></span> 
     </span>
    </p>
   </div>
   <div class='ocr_carea' id='block_1_81' title="bbox 1794 2035 3379 2117">
    <p class='ocr_par' dir='ltr' id='par_1_81' title="bbox 1794 2035 3379 2117">
     <span class='ocr_line' id='line_1_81' title="bbox 1794 2035 3379 2117; baseline 0.013 -30"><span class='ocrx_word' id='word_1_534' title='bbox 1794 2035 2149 2100; x_wconf 89' lang='lat' dir='ltr'><strong>celebranda;</strong></span> <span class='ocrx_word' id='word_1_535' title='bbox 2184 2047 2235 2092; x_wconf 91' lang='lat' dir='ltr'><strong>ut</strong></span> <span class='ocrx_word' id='word_1_536' title='bbox 2268 2055 2588 2110; x_wconf 87' lang='lat' dir='ltr'><strong>quocunque</strong></span> <span class='ocrx_word' id='word_1_537' title='bbox 2609 2044 2693 2097; x_wconf 89' lang='lat' dir='ltr'><strong>vel</strong></span> <span class='ocrx_word' id='word_1_538' title='bbox 2722 2045 3180 2117; x_wconf 90' lang='lat' dir='ltr'><strong>coloratojudicio</strong></span> <span class='ocrx_word' id='word_1_539' title='bbox 3212 2053 3379 2107; x_wconf 86' lang='lat' dir='ltr'><strong>tradi-</strong></span> 
     </span>
    </p>
   </div>
   <div class='ocr_carea' id='block_1_82' title="bbox 1794 2124 3380 2201">
    <p class='ocr_par' dir='ltr' id='par_1_82' title="bbox 1794 2124 3380 2201">
     <span class='ocr_line' id='line_1_82' title="bbox 1794 2124 3380 2201; baseline 0.014 -25"><span class='ocrx_word' id='word_1_540' title='bbox 1794 2124 1957 2177; x_wconf 83' lang='lat' dir='ltr'><strong>tionis</strong></span> <span class='ocrx_word' id='word_1_541' title='bbox 1999 2127 2377 2182; x_wconf 63' lang='lat' dir='ltr'><strong>ecclesiasticae</strong></span> <span class='ocrx_word' id='word_1_542' title='bbox 2420 2132 2616 2197; x_wconf 81' lang='lat' dir='ltr'><strong>passim</strong></span> <span class='ocrx_word' id='word_1_543' title='bbox 2643 2135 2921 2201; x_wconf 88' lang='lat' dir='ltr'><strong>pontiﬁces</strong></span> <span class='ocrx_word' id='word_1_544' title='bbox 2952 2138 3265 2195; x_wconf 90' lang='lat' dir='ltr'><strong>viderentur</strong></span> <span class='ocrx_word' id='word_1_545' title='bbox 3289 2158 3380 2197; x_wconf 76' lang='lat' dir='ltr'><strong>ex-</strong></span> 
     </span>
    </p>
   </div>
   <div class='ocr_carea' id='block_1_83' title="bbox 1796 2215 3376 2298">
    <p class='ocr_par' dir='ltr' id='par_1_83' title="bbox 1796 2215 3376 2298">
     <span class='ocr_line' id='line_1_83' title="bbox 1796 2215 3376 2298; baseline 0.014 -31"><span class='ocrx_word' id='word_1_546' title='bbox 1796 2215 1935 2268; x_wconf 91' lang='lat' dir='ltr'><strong>cludi</strong></span> <span class='ocrx_word' id='word_1_547' title='bbox 1961 2256 1975 2279; x_wconf 91' lang='lat'><strong>,</strong></span> <span class='ocrx_word' id='word_1_548' title='bbox 2010 2231 2115 2270; x_wconf 91' lang='lat' dir='ltr'><strong>non</strong></span> <span class='ocrx_word' id='word_1_549' title='bbox 2138 2218 2308 2272; x_wconf 90' lang='lat' dir='ltr'><strong>solum</strong></span> <span class='ocrx_word' id='word_1_550' title='bbox 2336 2235 2774 2292; x_wconf 87' lang='lat' dir='ltr'><strong>quarumcunque</strong></span> <span class='ocrx_word' id='word_1_551' title='bbox 2805 2227 3012 2281; x_wconf 81' lang='lat' dir='ltr'><strong>urbium</strong></span> <span class='ocrx_word' id='word_1_552' title='bbox 3044 2233 3376 2298; x_wconf 88' lang='lat' dir='ltr'><strong>sacerdotes,</strong></span> 
     </span>
    </p>
   </div>
   <div class='ocr_carea' id='block_1_84' title="bbox 1797 2306 3381 2379">
    <p class='ocr_par' dir='ltr' id='par_1_84' title="bbox 1797 2306 3381 2379">
     <span class='ocr_line' id='line_1_84' title="bbox 1797 2306 3381 2379; baseline 0.012 -18"><span class='ocrx_word' id='word_1_553' title='bbox 1797 2306 1891 2361; x_wconf 90' lang='lat' dir='ltr'><strong>sed</strong></span> <span class='ocrx_word' id='word_1_554' title='bbox 1924 2310 2318 2377; x_wconf 80' lang='lat' dir='ltr'><strong>metropolitani</strong></span> <span class='ocrx_word' id='word_1_555' title='bbox 2353 2311 2724 2369; x_wconf 86' lang='lat' dir='ltr'><strong>incunctanter</strong></span> <span class='ocrx_word' id='word_1_556' title='bbox 2763 2318 3064 2374; x_wconf 85' lang='lat' dir='ltr'><strong>antistites?</strong></span> <span class='ocrx_word' id='word_1_557' title='bbox 3092 2321 3182 2376; x_wconf 76' lang='lat' dir='ltr'><strong>llis</strong></span> <span class='ocrx_word' id='word_1_558' title='bbox 3205 2325 3381 2379; x_wconf 84' lang='lat' dir='ltr'><strong>omni-</strong></span> 
     </span>
    </p>
   </div>
   <div class='ocr_carea' id='block_1_85' title="bbox 1796 2402 3378 2479">
    <p class='ocr_par' dir='ltr' id='par_1_85' title="bbox 1796 2402 3378 2479">
     <span class='ocr_line' id='line_1_85' title="bbox 1796 2402 3378 2479; baseline 0.009 -22"><span class='ocrx_word' id='word_1_559' title='bbox 1796 2402 1896 2457; x_wconf 63' lang='lat' dir='ltr'><strong>bus</strong></span> <span class='ocrx_word' id='word_1_560' title='bbox 1925 2417 2045 2457; x_wconf 90' lang='lat' dir='ltr'><strong>cum</strong></span> <span class='ocrx_word' id='word_1_561' title='bbox 2078 2416 2185 2455; x_wconf 90' lang='lat' dir='ltr'><strong>non</strong></span> <span class='ocrx_word' id='word_1_562' title='bbox 2218 2403 2410 2456; x_wconf 84' lang='lat' dir='ltr'><strong>restitit</strong></span> <span class='ocrx_word' id='word_1_563' title='bbox 2431 2407 2774 2473; x_wconf 86' lang='lat' dir='ltr'><strong>suggestione</strong></span> <span class='ocrx_word' id='word_1_564' title='bbox 2802 2424 2902 2476; x_wconf 88' lang='lat' dir='ltr'><strong>qua</strong></span> <span class='ocrx_word' id='word_1_565' title='bbox 2930 2413 3122 2479; x_wconf 88' lang='lat' dir='ltr'><strong>potuit,</strong></span> <span class='ocrx_word' id='word_1_566' title='bbox 3154 2430 3378 2471; x_wconf 85' lang='lat' dir='ltr'><strong>consen-</strong></span> 
     </span>
    </p>
   </div>
   <div class='ocr_carea' id='block_1_86' title="bbox 1795 2494 3378 2571">
    <p class='ocr_par' dir='ltr' id='par_1_86' title="bbox 1795 2494 3378 2571">
     <span class='ocr_line' id='line_1_86' title="bbox 1795 2494 3378 2571; baseline 0.009 -24"><span class='ocrx_word' id='word_1_567' title='bbox 1795 2495 1865 2547; x_wconf 88' lang='lat' dir='ltr'><strong>sit</strong></span> <span class='ocrx_word' id='word_1_568' title='bbox 1888 2495 2133 2559; x_wconf 89' lang='lat' dir='ltr'><strong>Aeacius,</strong></span> <span class='ocrx_word' id='word_1_569' title='bbox 2164 2494 2613 2550; x_wconf 89' lang='lat' dir='ltr'><strong>communicando</strong></span> <span class='ocrx_word' id='word_1_570' title='bbox 2638 2501 2867 2568; x_wconf 89' lang='lat' dir='ltr'><strong>cunctis,</strong></span> <span class='ocrx_word' id='word_1_571' title='bbox 2893 2503 2981 2571; x_wconf 91' lang='lat' dir='ltr'><strong>qui</strong></span> <span class='ocrx_word' id='word_1_572' title='bbox 3006 2504 3056 2557; x_wconf 93' lang='lat' dir='ltr'><strong>in</strong></span> <span class='ocrx_word' id='word_1_573' title='bbox 3089 2507 3378 2561; x_wconf 85' lang='lat' dir='ltr'><strong>catholico-</strong></span> 
     </span>
    </p>
   </div>
   <div class='ocr_carea' id='block_1_87' title="bbox 1796 2587 3378 2667">
    <p class='ocr_par' dir='ltr' id='par_1_87' title="bbox 1796 2587 3378 2667">
     <span class='ocr_line' id='line_1_87' title="bbox 1796 2587 3378 2667; baseline 0.01 -28"><span class='ocrx_word' id='word_1_574' title='bbox 1796 2601 1915 2639; x_wconf 90' lang='lat' dir='ltr'><strong>rum</strong></span> <span class='ocrx_word' id='word_1_575' title='bbox 1967 2588 2139 2640; x_wconf 91' lang='lat' dir='ltr'><strong>locum</strong></span> <span class='ocrx_word' id='word_1_576' title='bbox 2189 2587 2425 2641; x_wconf 70' lang='lat' dir='ltr'><strong>haeretici</strong></span> <span class='ocrx_word' id='word_1_577' title='bbox 2460 2588 2673 2644; x_wconf 83' lang='lat' dir='ltr'><strong>fuerant</strong></span> <span class='ocrx_word' id='word_1_578' title='bbox 2726 2592 3043 2662; x_wconf 84' lang='lat' dir='ltr'><strong>subrogati:</strong></span> <span class='ocrx_word' id='word_1_579' title='bbox 3094 2598 3378 2667; x_wconf 87' lang='lat' dir='ltr'><strong>Apostolus</strong></span> 
     </span>
    </p>
   </div>
   <div class='ocr_carea' id='block_1_88' title="bbox 1795 2677 3379 2760">
    <p class='ocr_par' dir='ltr' id='par_1_88' title="bbox 1795 2677 3379 2760">
     <span class='ocr_line' id='line_1_88' title="bbox 1795 2677 3379 2760; baseline 0.011 -31"><span class='ocrx_word' id='word_1_580' title='bbox 1795 2685 1975 2731; x_wconf 89' lang='lat' dir='ltr'><strong>autem</strong></span> <span class='ocrx_word' id='word_1_581' title='bbox 2018 2677 2143 2730; x_wconf 88' lang='lat' dir='ltr'><strong>dicit</strong></span> <span class='ocrx_word' id='word_1_582' title='bbox 2185 2696 2196 2729; x_wconf 92' lang='lat'><strong>:</strong></span> <span class='ocrx_word' id='word_1_583' title='bbox 2231 2677 2354 2731; x_wconf 86' lang='lat' dir='ltr'><strong>Non</strong></span> <span class='ocrx_word' id='word_1_584' title='bbox 2381 2679 2545 2732; x_wconf 81' lang='lat' dir='ltr'><strong>solum</strong></span> <span class='ocrx_word' id='word_1_585' title='bbox 2576 2682 2661 2750; x_wconf 88' lang='lat' dir='ltr'><strong>qui</strong></span> <span class='ocrx_word' id='word_1_586' title='bbox 2685 2685 2882 2752; x_wconf 76' lang='lat' dir='ltr'><strong>faciunt</strong></span> <span class='ocrx_word' id='word_1_587' title='bbox 2906 2726 2920 2750; x_wconf 93' lang='lat'><strong>,</strong></span> <span class='ocrx_word' id='word_1_588' title='bbox 2952 2688 3041 2741; x_wconf 83' lang='lat' dir='ltr'><strong>sed</strong></span> <span class='ocrx_word' id='word_1_589' title='bbox 3068 2700 3117 2743; x_wconf 84' lang='lat' dir='ltr'><strong>et</strong></span> <span class='ocrx_word' id='word_1_590' title='bbox 3146 2694 3235 2760; x_wconf 84' lang='lat' dir='ltr'><strong>qui</strong></span> <span class='ocrx_word' id='word_1_591' title='bbox 3260 2709 3379 2748; x_wconf 85' lang='lat' dir='ltr'><strong>con-</strong></span> 
     </span>
    </p>
   </div>
   <div class='ocr_carea' id='block_1_89' title="bbox 1794 2769 3379 2844">
    <p class='ocr_par' dir='ltr' id='par_1_89' title="bbox 1794 2769 3379 2844">
     <span class='ocr_line' id='line_1_89' title="bbox 1794 2769 3379 2844; baseline 0.013 -23"><span class='ocrx_word' id='word_1_592' title='bbox 1794 2770 2017 2822; x_wconf 77' lang='lat' dir='ltr'><strong>sentiunt</strong></span> <span class='ocrx_word' id='word_1_593' title='bbox 2072 2769 2378 2837; x_wconf 80' lang='lat' dir='ltr'><strong>facientibus</strong></span> <span class='ocrx_word' id='word_1_594' title='bbox 2437 2772 2625 2839; x_wconf 82' lang='lat' dir='ltr'><strong>(Rom.</strong></span> <span class='ocrx_word' id='word_1_595' title='bbox 2676 2775 2730 2843; x_wconf 83' lang='grc' dir='ltr'><strong>ι)</strong></span> <span class='ocrx_word' id='word_1_596' title='bbox 2765 2821 2778 2844; x_wconf 86' lang='lat'><strong>,</strong></span> <span class='ocrx_word' id='word_1_597' title='bbox 2836 2793 2959 2833; x_wconf 87' lang='lat' dir='ltr'><strong>reos</strong></span> <span class='ocrx_word' id='word_1_598' title='bbox 3015 2781 3379 2841; x_wconf 84' lang='lat' dir='ltr'><strong>indubitanter</strong></span> 
     </span>
    </p>
   </div>
   <div class='ocr_carea' id='block_1_90' title="bbox 1795 2860 3380 2938">
    <p class='ocr_par' dir='ltr' id='par_1_90' title="bbox 1795 2860 3380 2938">
     <span class='ocr_line' id='line_1_90' title="bbox 1795 2860 3380 2938; baseline 0.015 -26"><span class='ocrx_word' id='word_1_599' title='bbox 1795 2860 2011 2914; x_wconf 88' lang='lat' dir='ltr'><strong>ascribi.</strong></span> <span class='ocrx_word' id='word_1_600' title='bbox 2043 2862 2123 2913; x_wconf 92' lang='lat' dir='ltr'><strong>An</strong></span> <span class='ocrx_word' id='word_1_601' title='bbox 2153 2862 2265 2916; x_wconf 64' lang='lat' dir='ltr'><strong>haec</strong></span> <span class='ocrx_word' id='word_1_602' title='bbox 2297 2862 2443 2917; x_wconf 88' lang='lat' dir='ltr'><strong>licuit</strong></span> <span class='ocrx_word' id='word_1_603' title='bbox 2472 2869 2715 2922; x_wconf 70' lang='lat' dir='ltr'><strong>smculari</strong></span> <span class='ocrx_word' id='word_1_604' title='bbox 2745 2874 2992 2938; x_wconf 89' lang='lat' dir='ltr'><strong>potestati</strong></span> <span class='ocrx_word' id='word_1_605' title='bbox 3024 2884 3078 2929; x_wconf 91' lang='lat' dir='ltr'><strong>et</strong></span> <span class='ocrx_word' id='word_1_606' title='bbox 3098 2879 3229 2933; x_wconf 86' lang='lat' dir='ltr'><strong>actis</strong></span> <span class='ocrx_word' id='word_1_607' title='bbox 3260 2880 3380 2935; x_wconf 87' lang='lat' dir='ltr'><strong>tali-</strong></span> 
     </span>
    </p>
   </div>
   <div class='ocr_carea' id='block_1_91' title="bbox 1795 2952 3379 3042">
    <p class='ocr_par' dir='ltr' id='par_1_91' title="bbox 1795 2952 3379 3042">
     <span class='ocr_line' id='line_1_91' title="bbox 1795 2952 3379 3042; baseline 0.016 -37"><span class='ocrx_word' id='word_1_608' title='bbox 1795 2952 1895 3006; x_wconf 90' lang='lat' dir='ltr'><strong>bus</strong></span> <span class='ocrx_word' id='word_1_609' title='bbox 1919 2994 1933 3017; x_wconf 94' lang='lat'><strong>,</strong></span> <span class='ocrx_word' id='word_1_610' title='bbox 1970 2954 2165 3007; x_wconf 78' lang='lat' dir='ltr'><strong>Acacio</strong></span> <span class='ocrx_word' id='word_1_611' title='bbox 2192 2957 2561 3013; x_wconf 83' lang='lat' dir='ltr'><strong>consentiente</strong></span> <span class='ocrx_word' id='word_1_612' title='bbox 2592 2960 2793 3029; x_wconf 87' lang='lat' dir='ltr'><strong>absque</strong></span> <span class='ocrx_word' id='word_1_613' title='bbox 2817 2966 2919 3018; x_wconf 91' lang='lat' dir='ltr'><strong>ulla</strong></span> <span class='ocrx_word' id='word_1_614' title='bbox 2951 2970 3186 3037; x_wconf 88' lang='lat' dir='ltr'><strong>synodo,</strong></span> <span class='ocrx_word' id='word_1_615' title='bbox 3220 2988 3379 3042; x_wconf 89' lang='lat' dir='ltr'><strong>quam</strong></span> 
     </span>
    </p>
   </div>
   <div class='ocr_carea' id='block_1_92' title="bbox 1794 3040 3379 3130">
    <p class='ocr_par' dir='ltr' id='par_1_92' title="bbox 1794 3040 3379 3130">
     <span class='ocr_line' id='line_1_92' title="bbox 1794 3040 3379 3130; baseline 0.017 -35"><span class='ocrx_word' id='word_1_616' title='bbox 1794 3040 1907 3111; x_wconf 89' lang='lat' dir='ltr'><strong>ipsa</strong></span> <span class='ocrx_word' id='word_1_617' title='bbox 1940 3058 2117 3097; x_wconf 91' lang='lat' dir='ltr'><strong>rerum</strong></span> <span class='ocrx_word' id='word_1_618' title='bbox 2148 3046 2359 3100; x_wconf 90' lang='lat' dir='ltr'><strong>novitas</strong></span> <span class='ocrx_word' id='word_1_619' title='bbox 2388 3049 2655 3117; x_wconf 78' lang='lat' dir='ltr'><strong>exigebat,</strong></span> <span class='ocrx_word' id='word_1_620' title='bbox 2681 3053 2881 3124; x_wconf 81' lang='lat' dir='ltr'><strong>absque</strong></span> <span class='ocrx_word' id='word_1_621' title='bbox 2907 3060 3049 3113; x_wconf 89' lang='lat' dir='ltr'><strong>sedis</strong></span> <span class='ocrx_word' id='word_1_622' title='bbox 3072 3040 3379 3130; x_wconf 70' lang='lat' dir='ltr'><strong>apostolica:</strong></span> 
     </span>
    </p>
   </div>
   <div class='ocr_carea' id='block_1_93' title="bbox 1795 3133 3377 3228">
    <p class='ocr_par' dir='ltr' id='par_1_93' title="bbox 1795 3133 3377 3228">
     <span class='ocr_line' id='line_1_93' title="bbox 1795 3133 3377 3228; baseline 0.013 -36"><span class='ocrx_word' id='word_1_623' title='bbox 1795 3138 2187 3194; x_wconf 88' lang='lat' dir='ltr'><strong>consultatione</strong></span> <span class='ocrx_word' id='word_1_624' title='bbox 2211 3141 2499 3209; x_wconf 89' lang='lat' dir='ltr'><strong>perﬁcere;</strong></span> <span class='ocrx_word' id='word_1_625' title='bbox 2522 3146 2705 3201; x_wconf 87' lang='lat' dir='ltr'><strong>etsedi</strong></span> <span class='ocrx_word' id='word_1_626' title='bbox 2729 3133 3039 3217; x_wconf 83' lang='lat' dir='ltr'><strong>apestolicae</strong></span> <span class='ocrx_word' id='word_1_627' title='bbox 3073 3170 3176 3209; x_wconf 85' lang='lat' dir='ltr'><strong>non</strong></span> <span class='ocrx_word' id='word_1_628' title='bbox 3206 3157 3377 3228; x_wconf 89' lang='lat' dir='ltr'><strong>licuit,</strong></span> 
     </span>
    </p>
   </div>
   <div class='ocr_carea' id='block_1_94' title="bbox 1796 3231 3378 3308">
    <p class='ocr_par' dir='ltr' id='par_1_94' title="bbox 1796 3231 3378 3308">
     <span class='ocr_line' id='line_1_94' title="bbox 1796 3231 3378 3308; baseline 0.015 -24"><span class='ocrx_word' id='word_1_629' title='bbox 1796 3231 2089 3285; x_wconf 90' lang='lat' dir='ltr'><strong>secundum</strong></span> <span class='ocrx_word' id='word_1_630' title='bbox 2141 3243 2380 3288; x_wconf 89' lang='lat' dir='ltr'><strong>tenorem</strong></span> <span class='ocrx_word' id='word_1_631' title='bbox 2412 3238 2602 3306; x_wconf 85' lang='lat' dir='ltr'><strong>synodi</strong></span> <span class='ocrx_word' id='word_1_632' title='bbox 2634 3236 3087 3300; x_wconf 86' lang='lat' dir='ltr'><strong>Chalcedonensis</strong></span> <span class='ocrx_word' id='word_1_633' title='bbox 3120 3247 3176 3301; x_wconf 92' lang='lat' dir='ltr'><strong>in</strong></span> <span class='ocrx_word' id='word_1_634' title='bbox 3206 3254 3378 3308; x_wconf 91' lang='lat' dir='ltr'><strong>veteri</strong></span> 
     </span>
    </p>
   </div>
   <div class='ocr_carea' id='block_1_95' title="bbox 1798 3323 3379 3404">
    <p class='ocr_par' dir='ltr' id='par_1_95' title="bbox 1798 3323 3379 3404">
     <span class='ocr_line' id='line_1_95' title="bbox 1798 3323 3379 3404; baseline 0.017 -29"><span class='ocrx_word' id='word_1_635' title='bbox 1798 3323 1981 3391; x_wconf 88' lang='lat' dir='ltr'><strong>utique</strong></span> <span class='ocrx_word' id='word_1_636' title='bbox 2008 3340 2165 3379; x_wconf 86' lang='lat' dir='ltr'><strong>causa</strong></span> <span class='ocrx_word' id='word_1_637' title='bbox 2188 3367 2201 3392; x_wconf 92' lang='lat'><strong>,</strong></span> <span class='ocrx_word' id='word_1_638' title='bbox 2233 3338 2285 3381; x_wconf 93' lang='lat' dir='ltr'><strong>et</strong></span> <span class='ocrx_word' id='word_1_639' title='bbox 2326 3329 2493 3383; x_wconf 88' lang='lat' dir='ltr'><strong>veteri</strong></span> <span class='ocrx_word' id='word_1_640' title='bbox 2523 3333 2814 3388; x_wconf 91' lang='lat' dir='ltr'><strong>constituto</strong></span> <span class='ocrx_word' id='word_1_641' title='bbox 2836 3335 2986 3404; x_wconf 87' lang='lat' dir='ltr'><strong>juxta</strong></span> <span class='ocrx_word' id='word_1_642' title='bbox 3012 3340 3379 3401; x_wconf 88' lang='lat' dir='ltr'><strong>definitionem</strong></span> 
     </span>
    </p>
   </div>
   <div class='ocr_carea' id='block_1_96' title="bbox 1796 3413 3378 3501">
    <p class='ocr_par' dir='ltr' id='par_1_96' title="bbox 1796 3413 3378 3501">
     <span class='ocr_line' id='line_1_96' title="bbox 1796 3413 3378 3501; baseline 0.016 -35"><span class='ocrx_word' id='word_1_643' title='bbox 1796 3413 2042 3468; x_wconf 89' lang='lat' dir='ltr'><strong>damnata</strong></span> <span class='ocrx_word' id='word_1_644' title='bbox 2074 3414 2166 3487; x_wconf 81' lang='grc' dir='ltr'><strong>[αι.</strong></span> <span class='ocrx_word' id='word_1_645' title='bbox 2210 3418 2350 3485; x_wconf 89' lang='lat' dir='ltr'><strong>justa</strong></span> <span class='ocrx_word' id='word_1_646' title='bbox 2382 3420 2693 3478; x_wconf 89' lang='lat' dir='ltr'><strong>deﬁnitione</strong></span> <span class='ocrx_word' id='word_1_647' title='bbox 2728 3426 3097 3501; x_wconf 85' lang='lat' dir='ltr'><strong>damnatum],</strong></span> <span class='ocrx_word' id='word_1_648' title='bbox 3144 3433 3378 3492; x_wconf 86' lang='lat' dir='ltr'><strong>inimicis</strong></span> 
     </span>
    </p>
   </div>
   <div class='ocr_carea' id='block_1_97' title="bbox 1795 3510 3376 3584">
    <p class='ocr_par' dir='ltr' id='par_1_97' title="bbox 1795 3510 3376 3584">
     <span class='ocr_line' id='line_1_97' title="bbox 1795 3510 3376 3584; baseline 0.015 -22"><span class='ocrx_word' id='word_1_649' title='bbox 1795 3510 1984 3580; x_wconf 88' lang='lat' dir='ltr'><strong>synodi</strong></span> <span class='ocrx_word' id='word_1_650' title='bbox 2028 3511 2485 3568; x_wconf 88' lang='lat' dir='ltr'><strong>Chalcedonensis</strong></span> <span class='ocrx_word' id='word_1_651' title='bbox 2516 3518 2771 3574; x_wconf 88' lang='lat' dir='ltr'><strong>Acacium</strong></span> <span class='ocrx_word' id='word_1_652' title='bbox 2814 3526 3297 3584; x_wconf 89' lang='lat' dir='ltr'><strong>comrnunicantem</strong></span> <span class='ocrx_word' id='word_1_653' title='bbox 3344 3547 3376 3584; x_wconf 89' lang='lat' dir='ltr'><strong>a</strong></span> 
     </span>
    </p>
   </div>
   <div class='ocr_carea' id='block_1_98' title="bbox 1794 3602 3376 3680">
    <p class='ocr_par' dir='ltr' id='par_1_98' title="bbox 1794 3602 3376 3680">
     <span class='ocr_line' id='line_1_98' title="bbox 1794 3602 3376 3680; baseline 0.013 -26"><span class='ocrx_word' id='word_1_654' title='bbox 1794 3616 1891 3654; x_wconf 89' lang='lat' dir='ltr'><strong>sua</strong></span> <span class='ocrx_word' id='word_1_655' title='bbox 1934 3602 2310 3658; x_wconf 85' lang='lat' dir='ltr'><strong>communione</strong></span> <span class='ocrx_word' id='word_1_656' title='bbox 2351 3604 2660 3671; x_wconf 87' lang='lat' dir='ltr'><strong>depellere?</strong></span> <span class='ocrx_word' id='word_1_657' title='bbox 2687 3610 2790 3664; x_wconf 91' lang='lat' dir='ltr'><strong>Sed</strong></span> <span class='ocrx_word' id='word_1_658' title='bbox 2819 3612 3064 3680; x_wconf 90' lang='lat' dir='ltr'><strong>inquiunt</strong></span> <span class='ocrx_word' id='word_1_659' title='bbox 3094 3633 3106 3668; x_wconf 89' lang='lat'><strong>:</strong></span> <span class='ocrx_word' id='word_1_660' title='bbox 3148 3618 3376 3675; x_wconf 85' lang='lat' dir='ltr'><strong>Aeacius</strong></span> 
     </span>
    </p>
   </div>
   <div class='ocr_carea' id='block_1_99' title="bbox 1796 3694 3376 3775">
    <p class='ocr_par' dir='ltr' id='par_1_99' title="bbox 1796 3694 3376 3775">
     <span class='ocr_line' id='line_1_99' title="bbox 1796 3694 3376 3775; baseline 0.012 -29"><span class='ocrx_word' id='word_1_661' title='bbox 1796 3694 2019 3762; x_wconf 84' lang='lat' dir='ltr'><strong>principi</strong></span> <span class='ocrx_word' id='word_1_662' title='bbox 2042 3695 2259 3752; x_wconf 88' lang='lat' dir='ltr'><strong>obviare</strong></span> <span class='ocrx_word' id='word_1_663' title='bbox 2288 3713 2395 3752; x_wconf 89' lang='lat' dir='ltr'><strong>non</strong></span> <span class='ocrx_word' id='word_1_664' title='bbox 2426 3702 2615 3767; x_wconf 91' lang='lat' dir='ltr'><strong>potuit.</strong></span> <span class='ocrx_word' id='word_1_665' title='bbox 2650 3703 2754 3755; x_wconf 74' lang='lat' dir='ltr'><strong>Cur</strong></span> <span class='ocrx_word' id='word_1_666' title='bbox 2800 3704 3077 3771; x_wconf 89' lang='lat' dir='ltr'><strong>Basilisco,</strong></span> <span class='ocrx_word' id='word_1_667' title='bbox 3120 3712 3239 3775; x_wconf 83' lang='lat' dir='ltr'><strong>quia</strong></span> <span class='ocrx_word' id='word_1_668' title='bbox 3276 3727 3376 3765; x_wconf 87' lang='lat' dir='ltr'><strong>vo-</strong></span> 
     </span>
    </p>
   </div>
   <div class='ocr_carea' id='block_1_100' title="bbox 1794 3787 3373 3861">
    <p class='ocr_par' dir='ltr' id='par_1_100' title="bbox 1794 3787 3373 3861">
     <span class='ocr_line' id='line_1_100' title="bbox 1794 3787 3373 3861; baseline 0.012 -22"><span class='ocrx_word' id='word_1_669' title='bbox 1794 3787 1892 3840; x_wconf 91' lang='lat' dir='ltr'><strong>lnit</strong></span> <span class='ocrx_word' id='word_1_670' title='bbox 1915 3829 1930 3852; x_wconf 95' lang='lat'><strong>,</strong></span> <span class='ocrx_word' id='word_1_671' title='bbox 1964 3788 2233 3843; x_wconf 84' lang='lat' dir='ltr'><strong>obviavit?</strong></span> <span class='ocrx_word' id='word_1_672' title='bbox 2256 3804 2352 3844; x_wconf 92' lang='lat' dir='ltr'><strong>cur</strong></span> <span class='ocrx_word' id='word_1_673' title='bbox 2382 3793 2495 3859; x_wconf 91' lang='lat' dir='ltr'><strong>ipse</strong></span> <span class='ocrx_word' id='word_1_674' title='bbox 2520 3792 2739 3859; x_wconf 88' lang='lat' dir='ltr'><strong>Zenoni,</strong></span> <span class='ocrx_word' id='word_1_675' title='bbox 2766 3811 2831 3849; x_wconf 91' lang='lat' dir='ltr'><strong>ne</strong></span> <span class='ocrx_word' id='word_1_676' title='bbox 2860 3799 3032 3861; x_wconf 83' lang='lat' dir='ltr'><strong>palam</strong></span> <span class='ocrx_word' id='word_1_677' title='bbox 3064 3799 3222 3855; x_wconf 84' lang='lat' dir='ltr'><strong>Petro</strong></span> <span class='ocrx_word' id='word_1_678' title='bbox 3258 3805 3373 3858; x_wconf 82' lang='lat' dir='ltr'><strong>An-</strong></span> 
     </span>
    </p>
   </div>
   <div class='ocr_carea' id='block_1_101' title="bbox 1797 3886 3373 3956">
    <p class='ocr_par' dir='ltr' id='par_1_101' title="bbox 1797 3886 3373 3956">
     <span class='ocr_line' id='line_1_101' title="bbox 1797 3886 3373 3956; baseline 0.011 -18"><span class='ocrx_word' id='word_1_679' title='bbox 1797 3886 2046 3939; x_wconf 89' lang='lat' dir='ltr'><strong>tiocheno</strong></span> <span class='ocrx_word' id='word_1_680' title='bbox 2094 3887 2336 3955; x_wconf 80' lang='lat' dir='ltr'><strong>quamvis</strong></span> <span class='ocrx_word' id='word_1_681' title='bbox 2368 3887 2596 3942; x_wconf 90' lang='lat' dir='ltr'><strong>latenter</strong></span> <span class='ocrx_word' id='word_1_682' title='bbox 2625 3889 2727 3943; x_wconf 91' lang='lat' dir='ltr'><strong>hoc</strong></span> <span class='ocrx_word' id='word_1_683' title='bbox 2754 3890 2948 3945; x_wconf 80' lang='lat' dir='ltr'><strong>fecerit</strong></span> <span class='ocrx_word' id='word_1_684' title='bbox 2976 3899 3373 3956; x_wconf 84' lang='lat' dir='ltr'><strong>communicare</strong></span> 
     </span>
    </p>
   </div>
   <div class='ocr_carea' id='block_1_102' title="bbox 1795 3976 3374 4044">
    <p class='ocr_par' dir='ltr' id='par_1_102' title="bbox 1795 3976 3374 4044">
     <span class='ocr_line' id='line_1_102' title="bbox 1795 3976 3374 4044; baseline 0.01 -17"><span class='ocrx_word' id='word_1_685' title='bbox 1795 3976 2070 4029; x_wconf 91' lang='lat' dir='ltr'><strong>videretur</strong></span> <span class='ocrx_word' id='word_1_686' title='bbox 2093 4016 2110 4037; x_wconf 88' lang='lat'><strong>.</strong></span> <span class='ocrx_word' id='word_1_687' title='bbox 2145 3993 2246 4029; x_wconf 90' lang='lat' dir='ltr'><strong>non</strong></span> <span class='ocrx_word' id='word_1_688' title='bbox 2277 3978 2639 4032; x_wconf 84' lang='lat' dir='ltr'><strong>commodavit</strong></span> <span class='ocrx_word' id='word_1_689' title='bbox 2679 3984 3003 4036; x_wconf 82' lang='lat' dir='ltr'><strong>assensum?</strong></span> <span class='ocrx_word' id='word_1_690' title='bbox 3031 3999 3155 4039; x_wconf 91' lang='lat' dir='ltr'><strong>ecce</strong></span> <span class='ocrx_word' id='word_1_691' title='bbox 3205 3977 3374 4044; x_wconf 79' lang='lat' dir='ltr'><strong>resan</strong></span> 
     </span>
    </p>
   </div>
   <div class='ocr_carea' id='block_1_103' title="bbox 1794 4066 3370 4142">
    <p class='ocr_par' dir='ltr' id='par_1_103' title="bbox 1794 4066 3370 4142">
     <span class='ocr_line' id='line_1_103' title="bbox 1794 4066 3370 4142; baseline 0.012 -24"><span class='ocrx_word' id='word_1_692' title='bbox 1794 4066 1924 4118; x_wconf 87' lang='lat' dir='ltr'><strong>tanti</strong></span> <span class='ocrx_word' id='word_1_693' title='bbox 1974 4081 2077 4119; x_wconf 91' lang='lat' dir='ltr'><strong>non</strong></span> <span class='ocrx_word' id='word_1_694' title='bbox 2110 4066 2296 4120; x_wconf 89' lang='lat' dir='ltr'><strong>institit</strong></span> <span class='ocrx_word' id='word_1_695' title='bbox 2324 4066 2416 4138; x_wconf 85' lang='grc' dir='ltr'><strong>[αι.</strong></span> <span class='ocrx_word' id='word_1_696' title='bbox 2463 4069 2683 4142; x_wconf 88' lang='lat' dir='ltr'><strong>restitit]</strong></span> <span class='ocrx_word' id='word_1_697' title='bbox 2724 4072 3015 4140; x_wconf 85' lang='lat' dir='ltr'><strong>imperator</strong></span> <span class='ocrx_word' id='word_1_698' title='bbox 3060 4095 3071 4128; x_wconf 91' lang='lat'><strong>:</strong></span> <span class='ocrx_word' id='word_1_699' title='bbox 3109 4094 3234 4134; x_wconf 85' lang='lat' dir='ltr'><strong>ecce</strong></span> <span class='ocrx_word' id='word_1_700' title='bbox 3263 4085 3370 4138; x_wconf 86' lang='lat' dir='ltr'><strong>vim</strong></span> 
     </span>
    </p>
   </div>
   <div class='ocr_carea' id='block_1_104' title="bbox 1795 4157 3373 4237">
    <p class='ocr_par' dir='ltr' id='par_1_104' title="bbox 1795 4157 3373 4237">
     <span class='ocr_line' id='line_1_104' title="bbox 1795 4157 3373 4237; baseline 0.011 -26"><span class='ocrx_word' id='word_1_701' title='bbox 1795 4157 1994 4211; x_wconf 84' lang='lat' dir='ltr'><strong>nolenti</strong></span> <span class='ocrx_word' id='word_1_702' title='bbox 2036 4173 2139 4211; x_wconf 87' lang='lat' dir='ltr'><strong>non</strong></span> <span class='ocrx_word' id='word_1_703' title='bbox 2187 4159 2397 4224; x_wconf 89' lang='lat' dir='ltr'><strong>intulit;</strong></span> <span class='ocrx_word' id='word_1_704' title='bbox 2429 4174 2554 4215; x_wconf 91' lang='lat' dir='ltr'><strong>ecce</strong></span> <span class='ocrx_word' id='word_1_705' title='bbox 2600 4163 2887 4232; x_wconf 82' lang='lat' dir='ltr'><strong>refugienti</strong></span> <span class='ocrx_word' id='word_1_706' title='bbox 2916 4169 3156 4237; x_wconf 87' lang='lat' dir='ltr'><strong>contagia</strong></span> <span class='ocrx_word' id='word_1_707' title='bbox 3202 4174 3373 4229; x_wconf 87' lang='lat' dir='ltr'><strong>mani-</strong></span> 
     </span>
    </p>
   </div>
   <div class='ocr_carea' id='block_1_105' title="bbox 1796 4249 3371 4331">
    <p class='ocr_par' dir='ltr' id='par_1_105' title="bbox 1796 4249 3371 4331">
     <span class='ocr_line' id='line_1_105' title="bbox 1796 4249 3371 4331; baseline 0.013 -30"><span class='ocrx_word' id='word_1_708' title='bbox 1796 4249 1933 4303; x_wconf 81' lang='lat' dir='ltr'><strong>festa</strong></span> <span class='ocrx_word' id='word_1_709' title='bbox 1952 4252 2218 4304; x_wconf 85' lang='lat' dir='ltr'><strong>concessit</strong></span> <span class='ocrx_word' id='word_1_710' title='bbox 2246 4267 2258 4303; x_wconf 89' lang='lat'>:</span> <span class='ocrx_word' id='word_1_711' title='bbox 2293 4262 2562 4320; x_wconf 64' lang='lat' dir='ltr'><strong>poswemo</strong></span> <span class='ocrx_word' id='word_1_712' title='bbox 2589 4294 2603 4318; x_wconf 95' lang='lat'><strong>,</strong></span> <span class='ocrx_word' id='word_1_713' title='bbox 2637 4269 2732 4307; x_wconf 92' lang='lat' dir='ltr'><strong>cur</strong></span> <span class='ocrx_word' id='word_1_714' title='bbox 2764 4266 2909 4309; x_wconf 90' lang='lat' dir='ltr'><strong>tanto</strong></span> <span class='ocrx_word' id='word_1_715' title='bbox 2938 4267 3179 4329; x_wconf 87' lang='lat' dir='ltr'><strong>tempore</strong></span> <span class='ocrx_word' id='word_1_716' title='bbox 3201 4308 3215 4331; x_wconf 96' lang='lat'><strong>,</strong></span> <span class='ocrx_word' id='word_1_717' title='bbox 3248 4279 3371 4321; x_wconf 92' lang='lat' dir='ltr'><strong>cum</strong></span> 
     </span>
    </p>
   </div>
   <div class='ocr_carea' id='block_1_106' title="bbox 1795 4341 3373 4421">
    <p class='ocr_par' dir='ltr' id='par_1_106' title="bbox 1795 4341 3373 4421">
     <span class='ocr_line' id='line_1_106' title="bbox 1795 4341 3373 4421; baseline 0.013 -28"><span class='ocrx_word' id='word_1_718' title='bbox 1795 4341 1893 4393; x_wconf 85' lang='lat' dir='ltr'><strong>ista</strong></span> <span class='ocrx_word' id='word_1_719' title='bbox 1940 4352 2297 4410; x_wconf 84' lang='lat' dir='ltr'><strong>gererentur,</strong></span> <span class='ocrx_word' id='word_1_720' title='bbox 2345 4344 2424 4396; x_wconf 87' lang='lat' dir='ltr'><strong>vel</strong></span> <span class='ocrx_word' id='word_1_721' title='bbox 2454 4345 2685 4413; x_wconf 83' lang='lat' dir='ltr'><strong>gerenda</strong></span> <span class='ocrx_word' id='word_1_722' title='bbox 2720 4363 3108 4421; x_wconf 78' lang='lat' dir='ltr'><strong>cognosceret,</strong></span> <span class='ocrx_word' id='word_1_723' title='bbox 3151 4371 3257 4410; x_wconf 89' lang='lat' dir='ltr'><strong>non</strong></span> <span class='ocrx_word' id='word_1_724' title='bbox 3303 4359 3373 4415; x_wconf 89' lang='lat' dir='ltr'><strong>ad</strong></span> 
     </span>
    </p>
   </div>
   <div class='ocr_carea' id='block_1_107' title="bbox 1793 4432 3373 4520">
    <p class='ocr_par' dir='ltr' id='par_1_107' title="bbox 1793 4432 3373 4520">
     <span class='ocr_line' id='line_1_107' title="bbox 1793 4432 3373 4520; baseline 0.014 -35"><span class='ocrx_word' id='word_1_725' title='bbox 1793 4432 1974 4486; x_wconf 86' lang='lat' dir='ltr'><strong>sedem</strong></span> <span class='ocrx_word' id='word_1_726' title='bbox 2015 4434 2383 4501; x_wconf 81' lang='lat' dir='ltr'><strong>apostolicam,</strong></span> <span class='ocrx_word' id='word_1_727' title='bbox 2408 4451 2437 4487; x_wconf 91' lang='lat' dir='ltr'><strong>a</strong></span> <span class='ocrx_word' id='word_1_728' title='bbox 2466 4452 2567 4504; x_wconf 91' lang='lat' dir='ltr'><strong>qua</strong></span> <span class='ocrx_word' id='word_1_729' title='bbox 2613 4438 2713 4492; x_wconf 90' lang='lat' dir='ltr'><strong>sibi</strong></span> <span class='ocrx_word' id='word_1_730' title='bbox 2745 4455 2923 4495; x_wconf 90' lang='lat' dir='ltr'><strong>curam</strong></span> <span class='ocrx_word' id='word_1_731' title='bbox 2955 4443 3167 4501; x_wconf 80' lang='lat' dir='ltr'><strong>illatum</strong></span> <span class='ocrx_word' id='word_1_732' title='bbox 3199 4452 3373 4520; x_wconf 81' lang='lat' dir='ltr'><strong>regio-</strong></span> 
     </span>
    </p>
   </div>
   <div class='ocr_carea' id='block_1_108' title="bbox 1794 4526 3371 4610">
    <p class='ocr_par' dir='ltr' id='par_1_108' title="bbox 1794 4526 3371 4610">
     <span class='ocr_line' id='line_1_108' title="bbox 1794 4526 3371 4610; baseline 0.015 -34"><span class='ocrx_word' id='word_1_733' title='bbox 1794 4540 1919 4577; x_wconf 91' lang='lat' dir='ltr'><strong>num</strong></span> <span class='ocrx_word' id='word_1_734' title='bbox 1954 4536 2176 4579; x_wconf 89' lang='lat' dir='ltr'><strong>noverat</strong></span> <span class='ocrx_word' id='word_1_735' title='bbox 2203 4526 2500 4595; x_wconf 86' lang='lat' dir='ltr'><strong>delegatam</strong></span> <span class='ocrx_word' id='word_1_736' title='bbox 2528 4567 2545 4594; x_wconf 94' lang='lat'><strong>,</strong></span> <span class='ocrx_word' id='word_1_737' title='bbox 2577 4530 2779 4586; x_wconf 81' lang='lat' dir='ltr'><strong>referre</strong></span> <span class='ocrx_word' id='word_1_738' title='bbox 2823 4537 3110 4591; x_wconf 89' lang='lat' dir='ltr'><strong>maturavit</strong></span> <span class='ocrx_word' id='word_1_739' title='bbox 3139 4538 3232 4610; x_wconf 78' lang='grc' dir='ltr'><strong>[αι.</strong></span> <span class='ocrx_word' id='word_1_740' title='bbox 3274 4560 3371 4599; x_wconf 86' lang='lat' dir='ltr'><strong>cu-</strong></span> 
     </span>
    </p>
   </div>
   <div class='ocr_carea' id='block_1_109' title="bbox 1793 4613 3372 4701">
    <p class='ocr_par' dir='ltr' id='par_1_109' title="bbox 1793 4613 3372 4701">
     <span class='ocr_line' id='line_1_109' title="bbox 1793 4613 3372 4701; baseline 0.012 -31"><span class='ocrx_word' id='word_1_741' title='bbox 1793 4613 1988 4686; x_wconf 85' lang='lat' dir='ltr'><strong>ravit]?</strong></span> <span class='ocrx_word' id='word_1_742' title='bbox 2017 4617 2121 4671; x_wconf 91' lang='lat' dir='ltr'><strong>Sed</strong></span> <span class='ocrx_word' id='word_1_743' title='bbox 2166 4618 2313 4684; x_wconf 88' lang='lat' dir='ltr'><strong>prius</strong></span> <span class='ocrx_word' id='word_1_744' title='bbox 2343 4618 2587 4673; x_wconf 50' lang='lat' dir='ltr'><strong>laudator</strong></span> <span class='ocrx_word' id='word_1_745' title='bbox 2623 4619 2793 4675; x_wconf 88' lang='lat' dir='ltr'><strong>factus</strong></span> <span class='ocrx_word' id='word_1_746' title='bbox 2822 4631 2906 4678; x_wconf 91' lang='lat' dir='ltr'><strong>est</strong></span> <span class='ocrx_word' id='word_1_747' title='bbox 2936 4625 3047 4694; x_wconf 90' lang='lat' dir='ltr'><strong>ipse</strong></span> <span class='ocrx_word' id='word_1_748' title='bbox 3077 4642 3372 4701; x_wconf 88' lang='lat' dir='ltr'><strong>gestorum,</strong></span> 
     </span>
    </p>
   </div>
   <div class='ocr_carea' id='block_1_110' title="bbox 1795 4713 3376 4787">
    <p class='ocr_par' dir='ltr' id='par_1_110' title="bbox 1795 4713 3376 4787">
     <span class='ocr_line' id='line_1_110' title="bbox 1795 4713 3376 4787; baseline 0.01 -21"><span class='ocrx_word' id='word_1_749' title='bbox 1795 4728 1953 4783; x_wconf 89' lang='lat' dir='ltr'><strong>quam</strong></span> <span class='ocrx_word' id='word_1_750' title='bbox 2000 4713 2079 4767; x_wconf 90' lang='lat' dir='ltr'><strong>vel</strong></span> <span class='ocrx_word' id='word_1_751' title='bbox 2121 4722 2476 4779; x_wconf 71' lang='lat' dir='ltr'><strong>praemoneret</strong></span> <span class='ocrx_word' id='word_1_752' title='bbox 2517 4714 2639 4767; x_wconf 89' lang='lat' dir='ltr'><strong>talia</strong></span> <span class='ocrx_word' id='word_1_753' title='bbox 2683 4730 2802 4771; x_wconf 90' lang='lat' dir='ltr'><strong>esse</strong></span> <span class='ocrx_word' id='word_1_754' title='bbox 2854 4724 3129 4787; x_wconf 90' lang='lat' dir='ltr'><strong>tentanda,</strong></span> <span class='ocrx_word' id='word_1_755' title='bbox 3179 4727 3260 4779; x_wconf 84' lang='lat' dir='ltr'><strong>vel</strong></span> <span class='ocrx_word' id='word_1_756' title='bbox 3308 4745 3376 4784; x_wconf 88' lang='lat' dir='ltr'><strong>ne</strong></span> 
     </span>
    </p>
   </div>
   <div class='ocr_carea' id='block_1_111' title="bbox 1798 4805 3375 4883">
    <p class='ocr_par' dir='ltr' id='par_1_111' title="bbox 1798 4805 3375 4883">
     <span class='ocr_line' id='line_1_111' title="bbox 1798 4805 3375 4883; baseline 0.009 -24"><span class='ocrx_word' id='word_1_757' title='bbox 1798 4814 2133 4861; x_wconf 88' lang='lat' dir='ltr'><strong>tentarentur</strong></span> <span class='ocrx_word' id='word_1_758' title='bbox 2169 4805 2473 4859; x_wconf 89' lang='lat' dir='ltr'><strong>obsisteret.</strong></span> <span class='ocrx_word' id='word_1_759' title='bbox 2504 4807 2651 4862; x_wconf 90' lang='lat' dir='ltr'><strong>Sicut</strong></span> <span class='ocrx_word' id='word_1_760' title='bbox 2678 4808 2778 4861; x_wconf 91' lang='lat' dir='ltr'><strong>sub</strong></span> <span class='ocrx_word' id='word_1_761' title='bbox 2808 4809 3065 4866; x_wconf 88' lang='lat' dir='ltr'><strong>Basilisco</strong></span> <span class='ocrx_word' id='word_1_762' title='bbox 3086 4815 3197 4883; x_wconf 89' lang='lat' dir='ltr'><strong>jam</strong></span> <span class='ocrx_word' id='word_1_763' title='bbox 3233 4819 3375 4873; x_wconf 82' lang='lat' dir='ltr'><strong>fece-</strong></span> 
     </span>
    </p>
   </div>
   <div class='ocr_carea' id='block_1_112' title="bbox 1796 4895 3377 4976">
    <p class='ocr_par' dir='ltr' id='par_1_112' title="bbox 1796 4895 3377 4976">
     <span class='ocr_line' id='line_1_112' title="bbox 1796 4895 3377 4976; baseline 0.007 -25"><span class='ocrx_word' id='word_1_764' title='bbox 1796 4908 1901 4961; x_wconf 89' lang='lat' dir='ltr'><strong>rat,</strong></span> <span class='ocrx_word' id='word_1_765' title='bbox 1947 4911 2042 4950; x_wconf 91' lang='lat' dir='ltr'><strong>cur</strong></span> <span class='ocrx_word' id='word_1_766' title='bbox 2092 4895 2195 4949; x_wconf 88' lang='lat' dir='ltr'><strong>illis</strong></span> <span class='ocrx_word' id='word_1_767' title='bbox 2245 4895 2455 4949; x_wconf 70' lang='lat' dir='ltr'><strong>creteris</strong></span> <span class='ocrx_word' id='word_1_768' title='bbox 2499 4898 2896 4952; x_wconf 88' lang='lat' dir='ltr'><strong>communicare</strong></span> <span class='ocrx_word' id='word_1_769' title='bbox 2944 4907 3237 4969; x_wconf 85' lang='lat' dir='ltr'><strong>consensit,</strong></span> <span class='ocrx_word' id='word_1_770' title='bbox 3284 4910 3377 4976; x_wconf 92' lang='lat' dir='ltr'><strong>qni</strong></span> 
     </span>
    </p>
   </div>
   <div class='ocr_carea' id='block_1_113' title="bbox 1796 4986 3465 5056">
    <p class='ocr_par' dir='ltr' id='par_1_113' title="bbox 1796 4986 3465 5056">
     <span class='ocr_line' id='line_1_113' title="bbox 1796 4986 3465 5056; baseline 0.009 -15"><span class='ocrx_word' id='word_1_771' title='bbox 1796 4986 2033 5056; x_wconf 87' lang='lat' dir='ltr'><strong>depulsis</strong></span> <span class='ocrx_word' id='word_1_772' title='bbox 2061 4986 2337 5039; x_wconf 86' lang='lat' dir='ltr'><strong>catholicis</strong></span> <span class='ocrx_word' id='word_1_773' title='bbox 2366 4986 2756 5052; x_wconf 86' lang='lat' dir='ltr'><strong>sacerdotibus,</strong></span> <span class='ocrx_word' id='word_1_774' title='bbox 2804 4988 3171 5048; x_wconf 85' lang='lat' dir='ltr'><strong>indubitanter</strong></span> <span class='ocrx_word' id='word_1_775' title='bbox 3204 4994 3378 5054; x_wconf 73' lang='lat' dir='ltr'><strong>lttcre-</strong></span> <span class='ocrx_word' id='word_1_776' title='bbox 3460 5042 3465 5055; x_wconf 56' lang='grc'>;</span> 
     </span>
    </p>
   </div>
   <div class='ocr_carea' id='block_1_114' title="bbox 1796 5082 3464 5153">
    <p class='ocr_par' dir='ltr' id='par_1_114' title="bbox 1796 5082 3464 5153">
     <span class='ocr_line' id='line_1_114' title="bbox 1796 5082 3464 5153; baseline 0.007 -14"><span class='ocrx_word' id='word_1_777' title='bbox 1796 5086 1883 5140; x_wconf 92' lang='lat' dir='ltr'><strong>tici</strong></span> <span class='ocrx_word' id='word_1_778' title='bbox 1907 5084 2135 5153; x_wconf 84' lang='lat' dir='ltr'><strong>singulis</strong></span> <span class='ocrx_word' id='word_1_779' title='bbox 2163 5084 2384 5138; x_wconf 90' lang='lat' dir='ltr'><strong>urbibus</strong></span> <span class='ocrx_word' id='word_1_780' title='bbox 2405 5084 2617 5137; x_wconf 85' lang='lat' dir='ltr'><strong>fuerant</strong></span> <span class='ocrx_word' id='word_1_781' title='bbox 2644 5082 2955 5139; x_wconf 84' lang='lat' dir='ltr'><strong>substituti?</strong></span> <span class='ocrx_word' id='word_1_782' title='bbox 2984 5086 3265 5147; x_wconf 86' lang='lat' dir='ltr'><strong>Postremo</strong></span> <span class='ocrx_word' id='word_1_783' title='bbox 3290 5094 3379 5151; x_wconf 90' lang='lat' dir='ltr'><strong>ille</strong></span> <span class='ocrx_word' id='word_1_784' title='bbox 3460 5089 3464 5093; x_wconf 50' lang='grc'><em>“</em></span> 
     </span>
    </p>
   </div>
   <div class='ocr_carea' id='block_1_115' title="bbox 1795 5174 3377 5245">
    <p class='ocr_par' dir='ltr' id='par_1_115' title="bbox 1795 5174 3377 5245">
     <span class='ocr_line' id='line_1_115' title="bbox 1795 5174 3377 5245; baseline -0.003 -13"><span class='ocrx_word' id='word_1_785' title='bbox 1795 5178 1962 5232; x_wconf 84' lang='lat' dir='ltr'><strong>defuit</strong></span> <span class='ocrx_word' id='word_1_786' title='bbox 1982 5179 2091 5231; x_wconf 88' lang='lat' dir='ltr'><strong>suis</strong></span> <span class='ocrx_word' id='word_1_787' title='bbox 2118 5175 2388 5245; x_wconf 88' lang='lat' dir='ltr'><strong>partibus;</strong></span> <span class='ocrx_word' id='word_1_788' title='bbox 2420 5183 2475 5228; x_wconf 92' lang='lat' dir='ltr'><strong>et</strong></span> <span class='ocrx_word' id='word_1_789' title='bbox 2498 5189 2616 5241; x_wconf 80' lang='lat' dir='ltr'><strong>quae</strong></span> <span class='ocrx_word' id='word_1_790' title='bbox 2644 5174 2916 5230; x_wconf 90' lang='lat' dir='ltr'><strong>sacerdoti</strong></span> <span class='ocrx_word' id='word_1_791' title='bbox 2937 5178 3204 5245; x_wconf 89' lang='lat' dir='ltr'><strong>catholico</strong></span> <span class='ocrx_word' id='word_1_792' title='bbox 3229 5200 3377 5240; x_wconf 72' lang='grc' dir='ltr'><strong>εοηι-</strong></span> 
     </span>
    </p>
   </div>
   <div class='ocr_carea' id='block_1_116' title="bbox 1794 5266 3376 5345">
    <p class='ocr_par' dir='ltr' id='par_1_116' title="bbox 1794 5266 3376 5345">
     <span class='ocr_line' id='line_1_116' title="bbox 1794 5266 3376 5345; baseline 0.006 -19"><span class='ocrx_word' id='word_1_793' title='bbox 1794 5278 2076 5342; x_wconf 88' lang='lat' dir='ltr'><strong>peterent,</strong></span> <span class='ocrx_word' id='word_1_794' title='bbox 2110 5283 2270 5337; x_wconf 82' lang='lat' dir='ltr'><strong>agere</strong></span> <span class='ocrx_word' id='word_1_795' title='bbox 2302 5266 2556 5321; x_wconf 89' lang='lat' dir='ltr'><strong>fastidivit</strong></span> <span class='ocrx_word' id='word_1_796' title='bbox 2577 5266 2671 5339; x_wconf 81' lang='lat' dir='ltr'><strong>[aL</strong></span> <span class='ocrx_word' id='word_1_797' title='bbox 2703 5284 2811 5324; x_wconf 92' lang='lat' dir='ltr'><strong>non</strong></span> <span class='ocrx_word' id='word_1_798' title='bbox 2834 5272 3059 5345; x_wconf 89' lang='lat' dir='ltr'><strong>curavit]</strong></span> <span class='ocrx_word' id='word_1_799' title='bbox 3092 5291 3106 5329; x_wconf 92' lang='lat'><strong>:</strong></span> <span class='ocrx_word' id='word_1_800' title='bbox 3142 5276 3260 5332; x_wconf 92' lang='lat' dir='ltr'><strong>ideo</strong></span> <span class='ocrx_word' id='word_1_801' title='bbox 3289 5294 3376 5335; x_wconf 90' lang='lat' dir='ltr'><strong>se-</strong></span> 
     </span>
    </p>
   </div>
   <div class='ocr_carea' id='block_1_117' title="bbox 1793 5356 3371 5437">
    <p class='ocr_par' dir='ltr' id='par_1_117' title="bbox 1793 5356 3371 5437">
     <span class='ocr_line' id='line_1_117' title="bbox 1793 5356 3371 5437; baseline 0.003 -18"><span class='ocrx_word' id='word_1_802' title='bbox 1793 5364 1888 5419; x_wconf 86' lang='lat' dir='ltr'><strong>des</strong></span> <span class='ocrx_word' id='word_1_803' title='bbox 1918 5360 2207 5432; x_wconf 88' lang='lat' dir='ltr'><strong>apostolica</strong></span> <span class='ocrx_word' id='word_1_804' title='bbox 2243 5356 2383 5425; x_wconf 88' lang='lat' dir='ltr'><strong>quod</strong></span> <span class='ocrx_word' id='word_1_805' title='bbox 2425 5359 2444 5389; x_wconf 88' lang='lat'>&quot;</span> <span class='ocrx_word' id='word_1_806' title='bbox 2474 5357 2540 5413; x_wconf 89' lang='lat' dir='ltr'><strong>ad</strong></span> <span class='ocrx_word' id='word_1_807' title='bbox 2585 5360 2772 5415; x_wconf 87' lang='lat' dir='ltr'><strong>eadem</strong></span> <span class='ocrx_word' id='word_1_808' title='bbox 2806 5363 3135 5429; x_wconf 89' lang='lat' dir='ltr'><strong>pertinebat,</strong></span> <span class='ocrx_word' id='word_1_809' title='bbox 3166 5367 3247 5420; x_wconf 90' lang='lat' dir='ltr'><strong>vel</strong></span> <span class='ocrx_word' id='word_1_810' title='bbox 3274 5383 3371 5437; x_wconf 83' lang='lat' dir='ltr'><strong>po-</strong></span> 
     </span>
    </p>
   </div>
   <div class='ocr_carea' id='block_1_118' title="bbox 1872 5532 3373 5601">
    <p class='ocr_par' dir='ltr' id='par_1_118' title="bbox 1872 5532 3373 5601">
     <span class='ocr_line' id='line_1_118' title="bbox 1872 5532 3373 5601; baseline 0.005 -13"><span class='ocrx_word' id='word_1_811' title='bbox 1872 5538 1890 5568; x_wconf 79' lang='grc'>⁸</span> <span class='ocrx_word' id='word_1_812' title='bbox 1946 5535 2007 5589; x_wconf 82' lang='lat' dir='ltr'><strong>.d.</strong></span> <span class='ocrx_word' id='word_1_813' title='bbox 2057 5534 2204 5595; x_wconf 71' lang='lat' dir='ltr'><strong>cod.,</strong></span> <span class='ocrx_word' id='word_1_814' title='bbox 2241 5533 2378 5597; x_wconf 84' lang='lat' dir='ltr'><strong>Quid</strong></span> <span class='ocrx_word' id='word_1_815' title='bbox 2404 5547 2492 5597; x_wconf 84' lang='lat' dir='ltr'><strong>per</strong></span> <span class='ocrx_word' id='word_1_816' title='bbox 2523 5540 2684 5586; x_wconf 84' lang='lat' dir='ltr'><strong>totum</strong></span> <span class='ocrx_word' id='word_1_817' title='bbox 2714 5532 2968 5586; x_wconf 79' lang='lat' dir='ltr'><strong>Orientem</strong></span> <span class='ocrx_word' id='word_1_818' title='bbox 2998 5537 3061 5589; x_wconf 86' lang='lat' dir='ltr'><strong>de</strong></span> <span class='ocrx_word' id='word_1_819' title='bbox 3089 5538 3373 5601; x_wconf 67' lang='lat' dir='ltr'><strong>innumeri;</strong></span> 
     </span>
    </p>
   </div>
   <div class='ocr_carea' id='block_1_119' title="bbox 1790 5602 3370 5672">
    <p class='ocr_par' dir='ltr' id='par_1_119' title="bbox 1790 5602 3370 5672">
     <span class='ocr_line' id='line_1_119' title="bbox 1790 5602 3370 5672; baseline 0.008 -14"><span class='ocrx_word' id='word_1_820' title='bbox 1790 5606 1997 5660; x_wconf 80' lang='lat' dir='ltr'><strong>urbibus</strong></span> <span class='ocrx_word' id='word_1_821' title='bbox 2042 5604 2174 5672; x_wconf 78' lang='lat' dir='ltr'><strong>pulsi</strong></span> <span class='ocrx_word' id='word_1_822' title='bbox 2216 5602 2454 5656; x_wconf 78' lang='lat' dir='ltr'><strong>catholici</strong></span> <span class='ocrx_word' id='word_1_823' title='bbox 2488 5602 2811 5667; x_wconf 79' lang='lat' dir='ltr'><strong>sacerdotes,</strong></span> <span class='ocrx_word' id='word_1_824' title='bbox 2855 5613 2901 5655; x_wconf 84' lang='lat' dir='ltr'><strong>et</strong></span> <span class='ocrx_word' id='word_1_825' title='bbox 2940 5602 3163 5663; x_wconf 73' lang='lat' dir='ltr'><strong>haeretici</strong></span> <span class='ocrx_word' id='word_1_826' title='bbox 3187 5614 3370 5669; x_wconf 77' lang='lat' dir='ltr'><strong>subra-</strong></span> 
     </span>
    </p>
   </div>
   <div class='ocr_carea' id='block_1_120' title="bbox 1788 5678 1934 5747">
    <p class='ocr_par' dir='ltr' id='par_1_120' title="bbox 1788 5678 1934 5747">
     <span class='ocr_line' id='line_1_120' title="bbox 1788 5678 1934 5747; baseline -0.014 -17"><span class='ocrx_word' id='word_1_827' title='bbox 1788 5679 1892 5747; x_wconf 85' lang='lat' dir='ltr'><strong>gati</strong></span> <span class='ocrx_word' id='word_1_828' title='bbox 1911 5678 1934 5728; x_wconf 88' lang='lat'><strong>?</strong></span> 
     </span>
    </p>
   </div>
   <div class='ocr_carea' id='block_1_121' title="bbox 1858 5746 2332 5812">
    <p class='ocr_par' dir='ltr' id='par_1_121' title="bbox 1858 5746 2332 5812">
     <span class='ocr_line' id='line_1_121' title="bbox 1858 5746 2332 5812; baseline -0.006 -13"><span class='ocrx_word' id='word_1_829' title='bbox 1858 5748 1878 5777; x_wconf 71' lang='grc'>⁸</span> <span class='ocrx_word' id='word_1_830' title='bbox 1918 5746 1993 5799; x_wconf 90' lang='lat' dir='ltr'><strong>Id.</strong></span> <span class='ocrx_word' id='word_1_831' title='bbox 2027 5747 2181 5812; x_wconf 89' lang='lat' dir='ltr'><strong>cod.,</strong></span> <span class='ocrx_word' id='word_1_832' title='bbox 2212 5764 2332 5799; x_wconf 83' lang='lat' dir='ltr'><strong>una.</strong></span> 
     </span>
    </p>
   </div>
   <div class='ocr_carea' id='block_1_122' title="bbox 1855 5818 2431 5884">
    <p class='ocr_par' dir='ltr' id='par_1_122' title="bbox 1855 5818 2431 5884">
     <span class='ocr_line' id='line_1_122' title="bbox 1855 5818 2431 5884; baseline -0.009 -14"><span class='ocrx_word' id='word_1_833' title='bbox 1855 5820 1872 5847; x_wconf 90' lang='grc'><strong>⁷</strong></span> <span class='ocrx_word' id='word_1_834' title='bbox 1912 5818 1989 5871; x_wconf 91' lang='lat' dir='ltr'><strong>ld.</strong></span> <span class='ocrx_word' id='word_1_835' title='bbox 2026 5819 2169 5884; x_wconf 88' lang='lat' dir='ltr'><strong>cod.,</strong></span> <span class='ocrx_word' id='word_1_836' title='bbox 2205 5818 2271 5869; x_wconf 88' lang='lat' dir='ltr'><strong>ad</strong></span> <span class='ocrx_word' id='word_1_837' title='bbox 2303 5832 2431 5871; x_wconf 83' lang='lat' dir='ltr'><strong>eam.</strong></span> 
     </span>
    </p>
   </div>
  </div>
