3948 6314
495 397 564 494 7t;

1853 441 2126 497 GliLASll
2161 441 2363 496 ΡΑΡλΕ
2403 442 2421 496 1

3703 439 3774 495 76

493 551 596 608 tuit
641 551 722 609 vel
778 547 963 608 d‘ebuit
1021 554 1335 622 praeterire?
1383 555 1633 621 Quolibet
1691 554 1847 622 igitur
1903 552 2069 608 modo
2105 554 2155 613 Α
2183 529 2388 624 ῳιίὶίη
2420 557 2621 604 sortem
2649 547 2955 603 reciderant
2995 546 3427 617 praevaricatoris
3458 545 3638 600 Acacii
3669 564 3680 596 :
3714 557 3774 604 et

492 644 868 702 hmreticorum
923 645 1234 714 complicetn
1295 646 1584 710 refutavit,
1641 659 1692 701 et
1750 655 2072 720 consortem

493 730 887 793 communionis
930 741 1166 792 externae
1211 752 1241 792 a
1279 752 1374 791 sua
1407 737 1786 792 communione
1813 736 2076 802 dimovit;

493 843 592 882 nec
630 817 764 897 opus
814 813 911 882 fuit
943 843 1081 882 nova
1130 828 1334 899 synodo
1363 867 1378 894 ,
1422 844 1542 882 cum
1569 828 1766 883 veteris
1796 827 2074 882 constituti

494 912 821 973 sufﬁcienter
847 921 863 949 ί
895 917 1008 973 baro
1047 918 1214 972 forma
1249 921 1649 989 praescriberet;
1685 934 1786 974 nec
1815 935 1952 987 Opus
1978 918 2075 971 fuit

495 1017 553 1061 In
580 1007 694 1062 haec
721 1003 936 1065 scienda
967 1008 1058 1082 [αι.
1087 1009 1348 1082 facienda]
1383 1011 1621 1064 Orientis
1652 1010 1924 1078 episcopis
1957 1011 2082 1088 inti-

433 1169 435 1172 ;
494 1111 687 1167 maret,
706 1118 839 1174 quos
857 1113 922 1159 ex‘
947 1105 1260 1173 cxpulsione
1277 1105 1687 1169 catholicorum,
1704 1120 1821 1172 qua:
1847 1104 2080 1172 ageban-

495 1204 579 1247 tur
609 1191 662 1248 in
684 1194 844 1248 causa
882 1186 1002 1249 ﬁdei
1023 1236 1038 1260 ,
1063 1209 1170 1248 non
1201 1195 1477 1265 ignorasse
1509 1195 1847 1248 manifestum
1879 1204 1995 1257 est;
2027 1202 2080 1246 et

495 1281 939 1337 cbmmunicando
993 1284 1262 1338 haereticis
1293 1285 1630 1354 subrogatis,
1665 1284 1804 1338 facto
1836 1283 1922 1336 tali
1953 1298 2080 1337 con-

500 1371 735 1427 sensisse
769 1388 874 1426 non
898 1371 1120 1426 dubium
1143 1384 1254 1434 est;
1279 1374 1298 1402 '
1328 1374 1486 1426 etiam
1521 1389 1640 1425 eum
1671 1383 1906 1426 externa:
1937 1388 2082 1426 com-

489 1457 765 1518 munionis
807 1463 1012 1518 eﬁ'eetis
1041 1463 1133 1537 [αι.
1177 1463 1321 1516 addit
1352 1473 1510 1534 atque
1539 1463 1658 1516 ideo
1698 1478 1818 1518 cum
1850 1460 2077 1540 eisjaui]

495 1575 595 1616 nec
638 1562 915 1629 potuisse,
967 1575 1068 1614 nec
1109 1559 1358 1614 debuisse
1397 1558 1546 1613 sedis
1591 1557 1899 1626 apostolicae
1949 1557 2076 1608 scita

496 1655 734 1709 tractari.
771 1655 910 1710 Ecce
937 1663 1269 1724 agnoverunt
1310 1657 1358 1707 in
1407 1671 1588 1708 eorum
1628 1653 1959 1722 professione
1989 1655 2100 1734 qui

497 1749 936 1802 constantissime
961 1749 1342 1818 perdurarunt,
1370 1734 1508 1815 quod
1545 1746 1664 1797 ﬁ-lei
1689 1742 2080 1796 counnunioni-

498 1853 600 1907 que
627 1837 905 1892 catholij
932 1837 1239 1892 deberetur.
1276 1837 1412 1889 Ecce
1458 1824 1786 1904 agnoverunt
1824 1836 2080 1902 quemad-

2189 643 2332 698 illius
2350 657 2407 696 se
2428 643 2545 696 sine
2575 641 2741 695 dubio
2771 639 3119 712 pervidebant
3143 640 3408 693 sententia
3437 652 3748 706 consequen

2189 742 2269 785 ter
2298 731 2543 802 astringi,
2579 731 2674 804 lat.
2704 731 2850 783 addit
2893 728 2968 801 et]
3011 729 3080 785 ob
3121 729 3223 786 hoc
3267 745 3392 786 eum
3422 729 3594 782 videri
3628 730 3782 806 uolee

2184 823 2313 877 bant
2342 837 2462 878 esse
2485 823 2957 892 damn‘atum,quia
2984 836 3044 877 se
3073 821 3470 890 cognoscebant
3493 822 3545 874 in
3579 821 3777 875 eadem

2187 917 2625 986 praevaricatione
2672 917 2990 984 damnatos,
3021 917 3074 972 in
3099 932 3203 988 qua
3229 915 3389 993 hodie
3419 932 3632 986 quoque
3661 933 3780 984 ma—~

2185 1024 2314 1064 nere
2341 1010 2663 1078 persistuut.
2691 1008 2797 1064 Sed
2826 1010 2966 1064 sicut
3002 1010 3038 1064 ii
3090 1009 3254 1064 simili
3284 1010 3593 1064 conditione
3639 1025 3778 1062 eun-

2185 1101 2356 1154 stricti
2407 1100 2723 1171 complicem
2769 1115 2922 1155 suum
2968 1115 3074 1156 non
3107 1111 3332 1170 possunt
3373 1101 3618 1171 judicare
3662 1115 3779 1156 non

2182 1195 2305 1264 jure
2343 1195 2686 1261 damnatum,
2722 1210 2894 1264 neque
2923 1210 3076 1250 reum.
3104 1196 3196 1268 [αι.
3233 1196 3309 1250 rei
3341 1193 3514 1266 reum]
3546 1204 3777 1264 possunt

2186 1297 2550 1358 eompetenter
2573 1289 2852 1343 absolvere
2877 1329 2896 1354 ,
2943 1289 3022 1342 sic
3052 1288 3140 1342 illo
3167 1288 3310 1357 juste
3353 1290 3779 1357 pnevarieatore

2185 1378 2466 1444 damnato,
2511 1379 2612 1447 ipsi
2662 1394 2874 1449 quoque
2905 1379 3018 1446 pari
3061 1379 3248 1446 jaceut
3283 1379 3623 1433 damnatione
3651 1395 3785 1448 pro—

2186 1468 2361 1534 srrati,
2400 1468 2572 1538 neque
2603 1469 2706 1522 nisi
2739 1469 3140 1544 resipiscentes,
3186 1453 3310 1525 inde
3338 1480 3588 1537 poterunt
3616 1485 3783 1539 pror-

2184 1575 2276 1615 sus
2298 1562 2504 1614 absolvi
2539 1581 2549 1613 :
2584 1562 2705 1630 quia
2735 1564 2871 1617 sicut
2905 1578 3000 1632 per
3031 1579 3191 1617 unum
3225 1563 3550 1624 scribentem
3583 1579 3786 1618 eorum

2183 1654 2422 1705 omnium
2456 1654 2664 1722 vulgata
2704 1647 3128 1722 tranSgressione
3155 1649 3250 1724 [aL
3283 1656 3636 1725 transgressio
3667 1655 3781 1728 est]

2185 1747 2273 1813 qui
2324 1749 2375 1799 in
2418 1748 2663 1802 eamdem
2691 1747 2928 1815 perﬁdiae
2952 1743 3258 1802 reciderant
3294 1749 3580 1812 actionem,
3610 1749 3691 1803 sic
3723 1750 3789 1801 in.

2189 1851 2296 1890 uno
2325 1838 2621 1906 eodemque
2649 1838 2737 1906 qui
2769 1853 2869 1906 pro
2891 1837 3138 1891 omnibus
3166 1839 3455 1906 scripserat
3483 1879 3497 1901 ,
3528 1839 3610 1892 vel
3636 1839 3785 1892 scri-

496 1930 717 1984 modum
743 1945 772 1984 a
804 1929 1000 1983 talibus
1026 1929 1326 1982 recedendo
1347 1971 1362 1991 ,
1389 1929 1495 1980 imo
1528 1929 1719 1979 talibus
1749 1936 1932 1979 contra
1969 1942 2080 1978 rno-
2190 1927 2363 1980 bendo
2387 1928 2624 1981 omnium
2658 1928 2963 1995 prodiderat
2982 1929 3315 1995 voluntates,
3335 1929 3782 2006 transgressione

493 2019 696 2086 Iiendo,
732 2037 759 2073 a
787 2019 888 2074 ﬁde
920 2029 974 2072 et
998 2020 1375 2073 communione
1405 2019 1664 2072 catholica
1698 2019 1923 2072 deviarit
1950 2022 2085 2072 Aca-

494 2112 610 2168 cius
635 2151 652 2180 ,
681 2127 846 2182 seque
879 2112 1082 2181 pariter
1124 2126 1244 2164 cum
1288 2113 1476 2164 eodem
1521 2110 1690 2164 errori
1723 2109 2078 2163 subdiderint.

494 2209 641 2264 Ecce
680 2217 1013 2278 agnoverunt
1062 2221 1221 2275 quam
1251 2206 1409 2272 justis
1451 2220 1513 2257 ex
1557 2205 1732 2256 causis
1771 2219 1865 2270 pro
1899 2202 2004 2256 fide
2026 2211 2081 2256 et

495 2305 874 2360 communione
897 2301 1158 2354 catholica
1180 2309 1340 2367 atque
1364 2297 1676 2366 apostolica,
1701 2296 1786 2350 cui
1815 2305 1868 2350 et
1901 2296 1973 2349 illi
1991 2295 2080 2363 qui

483 2398 553 2467 ~in
580 2413 641 2451 ea
668 2394 1016 2465 perstiterant
1043 2391 1425 2461 congruebant,
1451 2398 1504 2442 et
1530 2388 1579 2442 lii
1611 2389 1699 2458 qui
1723 2387 2081 2457 perstantibus

495 2488 784 2543 obviabant
805 2527 819 2552 ,
853 2485 920 2538 ab
950 2483 1137 2538 eadem
1183 2481 1513 2535 docebantur
1545 2479 1736 2542 alieni,
1765 2477 1905 2532 sedis
1945 2492 2079 2544 apo-

482 2555 702 2638 ‘stolicze
732 2579 1048 2632 auctoritate
1095 2574 1164 2627 sit
1215 2559 1452 2626 remotus
1504 2569 1726 2623 Aeacius
1759 2569 1805 2638 (³
1835 2567 1899 2621 ad
1924 2566 2080 2634 cujus

493 2678 763 2750 prxcipue
790 2682 1010 2728 vocatus
1040 2683 1266 2724 examen
1297 2668 1378 2721 vel
1406 2667 1582 2720 venire
1603 2664 1684 2717 vel
1713 2662 1924 2716 mittere
1966 2676 2074 2714 non

494 2771 719 2833 curavit,
749 2777 805 2822 ut
832 2782 890 2820 se
920 2766 986 2820 de
1017 2765 1100 2817 his
1147 2761 1396 2816 omnibus
1417 2801 1429 2824 ,
1463 2769 1519 2813 ut
1547 2757 1872 2822 conﬁdebat,
1907 2757 2079 2811 absol-

478 2865 705 2935 veret),
738 2863 959 2932 ejusque
1007 2859 1204 2929 pariter
1244 2857 1548 2927 quicunque
1588 2855 1880 2922 complices
1908 2855 2080 2908 exsti-

494 2957 677 3022 terint,
720 2965 879 3024 atque
925 2953 994 3005 ab
1031 2951 1122 3003 illa
1165 2949 1358 3002 merito
1397 2963 1514 3001 cum
1569 2946 1652 3001 his
1702 2947 2079 3002 communione

494 3055 758 3108 discretus
785 3091 798 3112 ,
827 3066 856 3103 a
900 3063 1004 3118 qua
1035 3061 1093 3100 se
1124 3047 1236 3114 ipse
1267 3043 1492 3112 primum
1525 3057 1644 3096 cum
1671 3045 1781 3096 suis
1813 3043 2078 3096 consorti-

495 3146 596 3201 bus
643 3143 926 3200 catholici's
967 3139 1310 3210 pontiﬁcibus
1343 3137 1694 3202 discreta:de
1736 3137 2078 3205 cognoscitur

482 3221 804 3304 separasse;
827 3233 1052 3302 jureque
1073 3231 1393 3284 sententiam
1419 3228 1508 3282 ille
1538 3227 1898 3281 damnationis
1919 3244 2076 3284 exce-

493 3326 594 3394 pit,
650 3323 973 3391 ueterisque
1028 3320 1365 3374 consortibus
1417 3336 1536 3372 eum
1578 3320 1688 3373 suis
1739 3290 2154 3375 consortibuscl

493 3411 938 3485 promulgandam
961 3427 978 3475 ;
1006 3410 1099 3480 qui
1137 3409 1286 3463 solus
1329 3425 1423 3477 pro
1451 3411 1698 3464 omnibus
1721 3411 1829 3465 suis
1856 3425 2078 3466 consor-

495 3505 637 3558 tibus
668 3503 721 3557 in
747 3501 1177 3556 communionem
1208 3515 1266 3554 se
1296 3500 1552 3554 recidisse
1584 3501 1823 3568 perﬁdiae
1852 3503 1916 3555 ad
1946 3519 2078 3572 apo-

494 3590 740 3650 stolicam
764 3594 948 3652 sedem
974 3593 1151 3647 missis
1174 3593 1364 3647 litteris
1386 3603 1468 3648 est
1491 3593 1784 3663 professus.
1819 3595 1915 3650 Cui
1945 3597 2076 3650 Aea.-

495 3690 577 3742 cio
608 3729 623 3754 ,
656 3687 702 3740 si
735 3686 1264 3740 communieaverant
1301 3685 1601 3740 Orientales
1642 3687 1880 3758 episcopi
1925 3699 2078 3743 ante-

496 3793 656 3848 quam
683 3776 785 3832 huc
810 3776 1036 3854 referret
1079 3775 1170 3848 [aL
1197 3773 1547 3845 referretur],
1581 3777 1692 3845 pari
1724 3777 1905 3847 utique
1930 3788 2077 3834 reatu

494 3865 612 3930 sine
665 3875 824 3928 dubio
853 3873 874 3903 ’δ
904 3874 1231 3944 probabatur
1261 3871 1487 3940 involvi,
1531 3873 1762 3942 jureque
1802 3889 1898 3944 per
1929 3875 2075 3930 illum

495 3965 940 4034 transgressioais
989 3966 1310 4018 sententiam
1360 3977 1760 4032 susceperunt,
1822 3972 2074 4034 tanquam

493 4058 619 4113 facti
663 4072 783 4110 cum
818 4056 1009 4110 eodem
1049 4054 1444 4108 communionis
1483 4065 1752 4122 externas;
1782 4057 1872 4125 qui
1896 4058 2078 4127 utique

495 4163 602 4207 non
632 4145 838 4201 consuli
881 4129 1130 4212 tanquam
1180 4151 1376 4196 nostrae
1407 4146 1802 4199 communionis
1835 4149 2076 4200 homines

493 4237 601 4306 jam
635 4237 912 4298 deberent,
944 4233 1037 4288 sed
1084 4241 1334 4299 tanquam
1367 4231 1419 4285 in
1446 4235 1718 4288 contrario
1740 4235 1895 4302 positi
1943 4253 2075 4290 cou-

487 4323 661 4380 's"ortio
697 4324 936 4379 refutari.
971 4313 1026 4376 Si
1056 4336 1186 4375 vero
1227 4336 1332 4375 non
1367 4325 1895 4379 communieaverant
1922 4339 2076 4382 ante-

493 4430 652 4485 quam
686 4414 909 4467 Aeacius
941 4413 1040 4466 huc
1066 4411 1294 4466 referret
1325 4412 1416 4484 lat.
1449 4414 1806 4488 referretur],
1838 4429 1891 4472 et
1932 4435 2076 4475 com-

494 4507 851 4561 municantem
886 4511 1069 4557 notare
1099 4502 1417 4567 debuerant,
1451 4515 1503 4559 et
1528 4505 1641 4574 ipse
1669 4506 1736 4562 de
1765 4509 1955 4565 eodem
1984 4527 2076 4582 po-

494 4599 597 4650 tius
630 4597 730 4649 huc
762 4589 968 4648 referre
989 4637 1004 4663 ,
1037 4602 1194 4664 atque
1225 4595 1535 4663 apostolicae
1564 4597 1708 4652 sedis
1738 4601 1920 4669 vigore
1949 4619 2074 4673 per-

493 4690 643 4744 culsu
653 4705 700 4741 ιιι
722 4689 910 4742 merito
923 4673 1297 4757 comprobare,
1321 4703 1548 4758 eumque
1564 4705 1626 4745 ea
1641 4692 1768 4747 sede
1782 4697 2072 4764 apostolica

493 4780 757 4849 tantisque
797 4777 902 4831 illis
950 4777 1231 4832 catholicis
1272 4782 1612 4849 pontiﬁcibus
1677 4787 1845 4854 magis
1891 4797 2074 4845 tenere

491 4871 854 4926 concordiam.
901 4870 1006 4924 Sed
1055 4871 1177 4940 quia
1206 4871 1272 4926 ab
1298 4873 1510 4928 illorum
1542 4875 1799 4931 societate
1829 4878 2070 4936 dcscivc.

491 4978 642 5034 rant,
672 4979 724 5022 et
760 4981 945 5020 eorum
989 4955 1393 5020 succeSsoribus
1425 4948 1826 5024 communicare
1856 4973 2070 5042 delege-

491 5069 642 5123 rant;
673 5060 792 5112 ideo
820 5074 939 5112 eum
963 5047 1090 5111 sede
1116 5045 1409 5126 apostolica
1427 5057 1649 5111 minime
1678 5064 2070 5134 congruebant;

562 5240 578 5268 ¹
621 5239 696 5309 ld.
719 5239 862 5309 cod_.,
890 5241 984 5291 hoc
1026 5242 1210 5309 forma.

558 5310 580 5339 ²
621 5306 888 5386 ωηοοᾲη
934 5306 1085 5386 etiam
1139 5316 1508 5368 communionis
1561 5321 1786 5371 exterrita
1821 5315 2028 5386 eﬂ‘ectos

485 5389 648 5440 atque.
664 5379 782 5432 ideo
803 5381 921 5430 dum
947 5379 1022 5430 eis
1045 5393 1155 5440 nec,
1177 5390 1280 5434 etc.

623 5450 748 5502 Haac
776 5448 970 5503 desunt
999 5448 1052 5501 in
1083 5449 1201 5502 cod.
1235 5451 1543 5507 Veronensi.

561 5517 584 5590 ξ
617 5519 694 5574 ld.
723 5519 864 5590 cod.,
895 5521 1286 5590 probabantur,
1499 5583 1502 5588 _

565 5588 586 5618 ⁸
621 5587 858 5654 Td.cod.,
889 5587 1206 5644 cunctorum.
1231 5589 1354 5655 Qua:
1375 5591 1442 5642 ad
1470 5591 1857 5650 instructionem
1885 5606 2062 5652 vestrm

492 5659 923 5736 dilectionissatis
953 5661 1250 5736 abundeque
1274 5661 1498 5730 sufﬁcere
1519 5662 1814 5736 judicainus
1839 5707 1852 5728 ,
1882 5685 2062 5736 quam-

493 5731 566 5783 vis
582 5729 754 5782 cadent
773 5728 947 5796 latius,
972 5733 1013 5782 si
1039 5729 1284 5784 Dominus
1300 5728 1926 5800 concesseritfacultateni,
1956 5748 2065 5791 stu-

494 5802 700 5875 deamus
725 5815 989 5875 exponere,
1014 5812 1255 5867 quatenus
1273 5813 1317 5856 et
1328 5802 1556 5875 ﬁdelium
1579 5804 1786 5871 quisque
1799 5819 2062 5875 cognoscat

496 5871 624 5926 nihil
655 5870 981 5936 apostolicam
1018 5875 1183 5924 sedem
1204 5912 1221 5938 ,
1253 5873 1387 5939 quod
1414 5872 1569 5940 absit,
1591 5870 1929 5940 ’prwprovére
1951 5892 2066 5931 cen-

2121 3251 2138 3280 Ι

2190 2019 2397 2086 punita,
2447 2021 2643 2085 pariter
2682 2034 2894 2088 quoque
2923 2035 3044 2072 cum
3097 2021 3310 2085 eodem,
3364 2021 3444 2072 vel
3488 2005 3539 2074 in
3580 2005 3783 2074 eodem

2187 2119 2266 2162 est
2295 2111 2614 2175 complicum
2647 2113 2998 2180 transgressio
3021 2112 3198 2180 punita
3233 2101 3780 2180 cunctorum.75‘Quae

2189 2213 2364 2255 tamen
2399 2204 2662 2257 sententia
2697 2205 2747 2256 in
2791 2204 3044 2258 Acacium
3078 2204 3380 2268 destinata,
3414 2207 3514 2260 etsi
3553 2207 3783 2260 nomine

2187 2296 2553 2350 tantummodo
2607 2297 2851 2364 praesulis
2891 2298 3218 2365 apostolici,
3260 2299 3412 2365 eujus
3442 2307 3556 2352 erat
3587 2283 3786 2370 utique

2189 2387 2471 2455 potestatis
2519 2388 2768 2457 legitimae
2797 2428 2812 2453 ,
2845 2390 3097 2458 probatur
3127 2405 3245 2444 esse
3271 2379 3604 2462 deprompta,
3634 2393 3787 2462 prai—

2184 2483 2337 2551 cipue
2365 2499 2484 2536 cum
2517 2492 2729 2536 secreto
2759 2482 3036 2550 dirigenda
3070 2484 3340 2539 videretur
3374 2502 3386 2538 :
3413 2501 3480 2540 ne
3509 2486 3786 2540 custodiis

2187 2576 2379 2644 ubique
2406 2574 2677 2642 praetentis
2705 2573 2990 2643 dispositio
3018 2576 3268 2630 salutaris
3302 2576 3623 2646 quibuslibet
3659 2578 3784 2633 dif-

2187 2667 2510 2720 ﬁcultatibus
2541 2666 2798 2736 impedita
2848 2667 3208 2721 necessarinru
3243 2653 3436 2723 habere
3487 2686 3591 2724 non
3646 2687 3788 2740 pos-

2182 2767 2265 2810 set
2295 2757 2573 2823 eﬁ‘ectum;
2601 2766 2774 2812 tamen
2794 2759 2918 2827 quia
2946 2758 3262 2814 orthodoxis
3295 2747 3487 2836 ubique
3517 2762 3781 2833 dejectis,

2183 2857 2237 2902 et
2263 2849 2528 2904 haereticis
2551 2850 2921 2905 tantummodo
2952 2866 3245 2922 eorumque
3277 2854 3612 2907 consortibus
3648 2841 3780 2923 jam

2183 2942 2384 2997 relictis
2434 2944 2484 2997 in
2515 2944 2764 3008 Oriente,
2806 2945 3056 2998 catholici
3102 2946 3382 3013 pontiﬁces
3432 2956 3521 2999 aut
3563 2949 3786 3003 residui

2183 3036 2400 3087 omnino
2434 3051 2537 3086 non
2568 3042 2782 3101 es~ent,
2833 3045 2921 3088 aut
2949 3033 3146 3089 nullam
3176 3048 3422 3106 gererent
3462 3025 3784 3095 libertatem

2181 3127 2530 3196 plurimorum
2573 3127 2624 3179 iu
2672 3126 2817 3179 Italia
2857 3127 3243 3182 catholicorum
3291 3132 3783 3200 congregatio'sa-

2181 3218 2486 3296 cerdotum;
2543 3217 2928 3296 rationabiliter
2979 3219 3031 3272 in
3080 3219 3330 3274 Acacium
3376 3222 3396 3250 ⁸
3449 3209 3783 3278 sententiam

2185 3293 2434 3379 eoguovit
2495 3287 2656 3366 fuisse
2713 3310 3010 3380 prolatam,
3066 3329 3185 3381 qua:
3237 3315 3579 3382 congregatio
3628 3301 3782 3371 facta

2185 3391 2492 3473 pontiﬁcum
2547 3418 2650 3456 non
2705 3413 2890 3456 contra
2937 3387 3455 3472 Chalcedonensem,
3502 3422 3610 3460 non
3653 3385 3786 3462 tan--

2169 3517 2343 3578 (quam
2398 3518 2533 3555 nova
2600 3501 2834 3570 synodus
2903 3511 3087 3556 contra
3143 3512 3376 3558 veterem
3438 3505 3787 3574 primamque

2183 3593 2201 3622 "
2236 3593 2515 3661 cognovit;
2546 3593 2638 3646 sed
2690 3594 2865 3660 potius
2919 3594 3208 3648 secundum
3267 3605 3507 3649 tenorem
3567 3598 3785 3652 veteris

2183 3686 2451 3740 constituti
2508 3686 2776 3760 particeps
2814 3687 3123 3754 apostolicae
3165 3679 3527 3742 exsecutionis
3571 3688 3782 3746 effecta

2184 3788 2264 3833 est
2283 3795 2294 3840 ;
2315 3789 2376 3831 ut
2403 3778 2533 3830 satis
2560 3787 2811 3845 appareat
2838 3777 3128 3832 Ecclesiam
3162 3779 3478 3834 catholicam
3508 3821 3523 3845 ,
3553 3781 3784 3836 sedem-

2182 3886 2286 3946 que
2310 3872 2657 3940 apostolicam
2682 3912 2696 3938 ,
2730 3871 2850 3941 quia
2879 3872 3003 3926 alibi
3025 3872 3135 3939 jam
3167 3874 3386 3926 omnino
3409 3888 3512 3927 non
3549 3885 3778 3949 posset,

2183 3963 2270 4018 ubi
2304 3965 2472 4032 potuit
2502 4004 2518 4030 ,
2546 3975 2597 4018 et
2626 3979 2745 4018 eum
2775 3965 2966 4033 quibus
2989 3965 3177 4031 potuit.
3213 3951 3340 4018 nihil
3377 3966 3586 4032 penitus
3616 3967 3772 4019 omi-

2181 4055 2336 4118 sisse,
2362 4055 2501 4124 quod
2531 4055 2594 4108 ad
2632 4056 2920 4109 fraternum
2953 4057 3246 4124 pertineret
3277 4059 3297 4088 ⁸
3325 4072 3420 4126 pro
3445 4057 3779 4113 intemerata

2183 4155 2238 4202 et
2262 4148 2469 4202 sincera
2510 4148 2890 4200 communione
2923 4156 3239 4211 tractatum;
3269 4153 3288 4181 θ
3318 4164 3436 4215 quae
3478 4165 3595 4204 cum
3637 4150 3774 4204 nni-

2181 4255 2336 4294 versa
2390 4241 2637 4294 noverint
2685 4240 2774 4308 qui
2825 4240 3070 4294 videntur
3103 4242 3353 4296 Ecclesiis
3401 4223 3783 4302 Orientalibus

2182 4347 2323 4386 nunc
2337 4347 2594 4402 pratesse,
2617 4341 2892 4402 propterea
2906 4331 3261 4389 Christianam
3279 4335 3513 4402 reparari
3527 4336 3780 4404 legitima

2181 4425 2455 4479 curatione
2487 4424 2753 4492 refugiunt
2783 4425 3075 4490 unitatem;
3113 4426 3234 4494 quia
3275 4425 3610 4480 occasionem
3641 4427 3778 4482 dis-

2179 4515 2445 4569 sensionis
2487 4513 2645 4590 hujus
2691 4513 2800 4568 suis
2849 4515 3232 4570 ambitionibus
3260 4516 3635 4585 sutiragantem
3668 4518 3782 4576 de-
3841 4497 3848 4504 ’

2183 4621 2380 4676 ponere
2397 4605 2506 4673 jam
2537 4615 2782 4660 recusant
2803 4622 2815 4666 ;
2836 4605 2958 4674 quia
2982 4606 3096 4660 sine
3123 4608 3442 4664 auctoritate
3465 4607 3605 4662 sedis
3625 4625 3780 4677 apo-

2181 4697 2382 4753 stolicae
2428 4698 2668 4751 omnium
2720 4697 3080 4752 Ecclesiarum
3137 4685 3332 4767 passim
3370 4701 3491 4770 jura
3534 4700 3780 4758 confun-

2182 4789 2340 4854 dant,
2389 4789 2556 4857 magis
2603 4789 2860 4857 eligentes
2908 4788 2962 4841 in
3010 4804 3195 4844 errore
3236 4775 3547 4858 persistere,
3597 4807 3774 4862 quam

2180 4882 2658 4952 praesumptionem
2712 4896 2925 4935 suarum
2984 4883 3210 4952 perdere
3265 4884 3596 4952 facultatem,
3637 4889 3776 4956 plus

2181 4963 2588 5042 usurpatibnum
2646 4988 2862 5026 suarum
2923 4973 3192 5027 licentiam
3263 4974 3544 5042 diligentes
3598 4993 3772 5046 quam

2182 5065 2343 5122 divini
2381 5063 2565 5133 judicii
2615 5071 2857 5117 tenentes
2887 5062 3048 5115 corde
3078 5071 3404 5128 respectum.
3439 5061 3494 5116 ln
3527 5079 3632 5133 quo
3665 5083 3775 5124 ne.

2177 5252 2354 5305 suisse.
2397 5248 2518 5301 Haec
2539 5261 2568 5298 a
2599 5240 3137 5314 Labbeoatfernntur
3163 5239 3229 5294 ad
3260 5241 3459 5314 calcem
3489 5243 3760 5312 epistolae.

2248 5319 2269 5349 °
2309 5319 2439 5372 Cod.
2476 5315 2672 5386 Veron.
2722 5311 2922 5386 omisso
2956 5310 3121 5365 verbo
3151 5313 3451 5365 sententiain
3496 5310 3565 5367 iia
3601 5315 3759 5386 legit,

2175 5391 2228 5443 in
2263 5388 2504 5442 Acacium
2536 5384 2692 5452 fuisse
2716 5381 2934 5452 prolata.
3503 5411 3508 5413 .
3656 5381 3675 5384 ‘
3727 5413 3730 5416 .

2246 5461 2265 5491 "
2307 5459 2381 5512 Id.
2424 5450 2565 5514 eod.,
2599 5450 2859 5504 Convenit.

2246 5531 2266 5560 ⁸
2305 5527 2382 5580 Id.
2408 5525 2552 5589 cod.,
2586 5538 2676 5586 pro
2703 5521 3004 5575 intemerata
3033 5521 3156 5589 ﬁde.

2245 5601 2266 5630 ’
2306 5597 2402 5675 llic
2441 5587 2619 5675 deficit
2670 5591 2786 5675 lucc
2827 5587 3054 5675 epistola
3080 5593 3132 5647 in
3335 5593 3665 5675 Veronensi,
3701 5595 3760 5649 in

2172 5657 2276 5736 quo
2310 5667 2423 5720 haec
2451 5663 2790 5736 subdantur;
2831 5657 3056 5736 Explicit
3091 5665 3302 5736 rationis
3329 5664 3598 5716 reddendas
3622 5666 3763 5717 Aca-

2167 5733 2301 5792 cium
2350 5754 2379 5789 a
2421 5735 2536 5788 sede
2577 5735 2854 5802 apostolica
2908 5733 3068 5802 fuisse
3106 5735 3441 5800 damnatum,
3474 5750 3561 5796 nec
3606 5750 3764 5799 posse

2168 5823 2462 5876 quamquam
2489 5806 2595 5857 sine
2623 5804 2917 5876 discrimine
2947 5804 3132 5858 animi:
3157 5804 3263 5858 suae
3289 5805 3406 5858 eius
3436 5807 3762 5859 communio-

2174 5875 2250 5935 nis
2281 5887 2391 5942 part
2401 5877 2574 5932 icivem
2615 5875 2749 5941 ﬁeri.
