3948 6314
147 329 220 424 ri

1374 365 1727 426 EPISTOLA‘J
1767 365 1854 421 ET
1895 365 2239 425 DECRETA.

1889 279 1924 286 ..ο
1935 279 1946 286 ο
1965 278 1977 284 -
1989 269 2108 284 αδτημ
2117 275 2126 281 -

3368 351 3461 450 τέ’

150 478 308 538 desse
330 493 411 536 cst
439 482 607 536 velint
632 480 806 537 nolint
833 490 942 536 tam
973 483 1041 538 de
1095 483 1212 539 tidei
1251 482 1750 553 communionisque
1779 478 2041 542 [eliceret
2063 479 2282 546 iterare,
2303 481 2504 534 nullum
2537 492 2720 538 contra
2752 485 2992 556 singulos
3017 471 3256 566 quosq-ué
3283 475 3462 571 ρἲοιῷ

152 575 440 628 catholica:
470 573 787 627 sinceritate
818 574 1068 642 neglecta
1087 616 1101 639 ,
1128 588 1282 644 quam
1307 574 1372 628 de
1396 574 1634 643 paternis
1659 587 1753 626 ca-

155 663 397 719 nonibus
421 663 706 718 evidenter
733 664 955 732 irruptis
988 665 1249 733 recipiant
1281 664 1422 734 quod
1455 672 1754 727 merentur,

155 753 267 813 niSi'
316 758 443 810 dum
501 757 591 811 hic
669 768 882 825 tempus
936 759 1168 812 admittit
1221 759 1336 813 haec
1391 757 1756 811 damnationis

157 861 390 906 aeterne
419 849 656 920 pericula
683 853 942 906 correctis
986 843 1254 905 mentibus
1302 851 1550 904 studeant
1599 845 1758 902 deCli-

157 941 304 997 dare
331 985 348 1006 ,
399 951 452 996 ut
481 941 684 1010 possint
726 959 832 996 non
863 941 998 996 tales
1025 951 1360 1010 permanere,
1392 941 1582 1009 quibus
1612 941 1757 992 ins’o-

170 1035 362 1090 labilis
391 1045 463 1088 εει
496 1034 595 1086 lata
639 1034 928 1088 sententia.
969 1033 1077 1087 Sed
1107 1047 1136 1086 a
1181 1033 1377 1086 talibus
1417 1031 1755 1095 recedentes,

171 1126 238 1179 ab
264 1125 452 1179 eadem
484 1125 751 1180 sententia
781 1141 886 1179 non
920 1126 1088 1179 teneri
1117 1143 1129 1177 :
1176 1140 1295 1194 quae
1326 1125 1464 1179 sient
1493 1127 1542 1177 in
1575 1136 1759 1178 errore

173 1206 488 1272 durantibus
514 1205 784 1286 nunquam
808 1219 1060 1274 solvenda
1087 1218 1300 1287 prtelixa
1328 1228 1404 1273 est
1429 1259 1443 1283 ,
1476 1218 1554 1272 sic
1576 1217 1642 1270 ab
1676 1215 1760 1270 his

173 1313 272 1366 erit
299 1311 650 1410 aiie’naz'qui
689 1296 1000 1394 exstiterint
1050 1311 1329 1381 puniendze
1362 1311 1638 1380 pravitatis
1670 1310 1762 1363 im-

174 1416 378 1455 munes.
430 1401 561 1456 Huic
607 1411 737 1456 vero
767 1402 832 1455 ad
863 1403 1266 1457 instructionem
1303 1413 1496 1470 vestrae
1520 1401 1762 1454 dilectio-

174 1497 252 1549 nis
303 1495 438 1548 satis
475 1495 801 1565 abundeque
839 1497 1088 1559 sufficere
1139 1496 1460 1564 jndicamus,
1517 1494 1760 1562 quamvis

171 1588 352 1641 eadem
402 1586 606 1654 latius,
643 1589 686 1640 si
741 1587 1001 1641 Dominus
1058 1588 1382 1642 concesserit
1433 1585 1760 1653 facultatem,

171 1680 486 1733 studeamtts
527 1687 803 1746 exponere
838 1698 851 1732 :
895 1690 1155 1747 quatenus
1193 1690 1247 1733 et
1278 1678 1508 1732 lidelium
1537 1677 1765 1746 quisque

169 1778 457 1838 cognoscat
494 1811 511 1835 ,
565 1769 704 1824 nihil
756 1772 1106 1839 apostolicam
1157 1771 1337 1824 sedem
1384 1769 1552 1838 (quod
1602 1763 1764 1834 absit)
1821 1833 1846 1844 .-

1805 647 1829 666 ς

1858 585 1950 626 sus
1983 585 2196 625 errores
2222 572 2412 626 stabile
2447 575 2749 637 persist‘eret
2787 577 3040 637 Ecclesiae
3063 577 3436 665 constitutum,

1858 663 1928 713 ac"
1963 675 2178 731 semper
2206 662 2395 716 iisdem
2438 659 2707 722 furoribus
2736 671 2986 726 recidivis'
3028 665 3201 735 omnis
3231 659 3436 759 integra

1859 751 2105 808 definitio
2136 755 2462 811 turbaretur.
2483 757 2614 813 Nam
2639 759 2684 813 si
2715 759 2976 822 limitibus
3001 772 3160 827 etiam
3206 751 3438 846 pragﬁvxjs

1861 848 2153 915 positarum
2185 849 2352 904 semel
2371 852 2707 921 synodalium
2739 859 3061 928 regularum,
3098 867 3202 922 nOn
3227 868 3438 935 ce'ssant

1861 939 2011 994 elisae
2044 949 2222 1010 pestes
2268 947 2558 1013 resumptis
2599 951 3009 1020 certaminibus,
3045 949 3230 1016 contra
3255 957 3470 1026 funda:

1863 1038 2102 1084 mentum
2128 1045 2248 1085 sese
2275 1034 2519 1088 veritatis
2551 1038 2816 1105 attollere,
2847 1053 2899 1096 et
2926 1045 3187 1116 simplicia
3218 1069 3441 1129 quaeque

1863 1119 2026 1174 corda
2075 1132 2394 1190 percutere:
2445 1125 2568 1195 quid
2621 1127 2772 1184 fieret
2818 1134 2861 1186 si
2911 1137 3138 1195 subinde
3188 1117 3265 1198 fas
3302 1117 3468 1206 esset,

1865 1208 2087 1300 perfidis
2113 1213 2250 1267 inire
2276 1216 2600 1270 concilium?
2628 1215 2744 1274 cum
2765 1213 3012 1290 qumlibet
3049 1221 3132 1284 illa
3165 1215 3466 1296 manifesta!

1866 1299 1937 1352 sit
1963 1301 2162 1397 veritas
2191 1345 2203 1366 ,
2229 1317 2510 1376 nunquam"
2554 1309 2692 1364 desit
2735 1313 2889 1382 quod"
2910 1312 3205 1385 perniciosa
3250 1307 3468 1397 ἀέρι-ος,

1867 1402 1979 1446 mat
2005 1391 2212 1451 falsitas
2235 1438 2248 1461 ,
2277 1399 2380 1452 etsi
2411 1403 2648 1468 ratione,
2684 1406 2766 1460 vel
2811 1412 3131 1470 auctoritate
3164 1391 3440 1491 (leftciens,

1867 1485 1981 1539 s'ola
2040 1497 2214 1543 tamen
2267 1491 2565 1550 intentione
2620 1513 2724 1552 non
2771 1501 2986 1559 cedens.
3039 1501 3167 1575 Quae
3215 1485 3466 1584 majores.

1868 1579 2034 1631 nostri
2067 1579 2242 1636 divina
2275 1584 2623 1653 inspiratione
2649 1605 2964 1661 cernentes,
2993 1579 3468 1676 necessarie'prte-i

1869 1675 2148 1766 caverunt,
2201 1685 2257 1729 ut
2303 1677 2446 1745 quod
2489 1691 2671 1734 contra
2725 1700 3155 1760 unamquamque
3200 1675 3447 1756 ltwresim

1869 1771 2056 1819 coacta‘
2083 1771 2322 1836 synodus
2354 1787 2448 1837 pro
2482 1773 2582 1828 lide
2609 1819 2621 1842 ,
2653 1781 3061 1850 cointnuuione,
3096 1788 3322 1844 veritate
3352 1807 3448 1847 ca-

169 1876 513 1930 pmpropere
539 1864 846 1926 censuisse,
876 1871 928 1916 et
954 1865 1056 1915 non
1091 1861 1285 1916 habere
1316 1860 1619 1929 quodjust’e
1644 1871 1764 1926 pos-
1796 1845 1850 1910 Β
1873 1858 2069 1913 tbolica
2102 1870 2260 1926 atque
2286 1863 2578 1932 apostolica
2612 1871 3020 1941 promulgasset,
3049 1845 3164 1931 non
3212 1845 3471 1945 sinerent:

167 1956 230 2009 sit
257 1971 564 2024 opponere,
605 1971 861 2024 perversa
909 1957 1164 2010 doceatur
1214 1955 1548 2025 improbitas.
1605 1954 1768 2007 [tecte

167 2055 340 2100 autem
370 2049 534 2101 faciet
563 2059 750 2102 vestra
781 2049 999 2102 dilectio
1028 2092 1040 2113 ,
1079 2057 1130 2101 ut
1169 2049 1268 2102 ista
1300 2063 1418 2117 qua}
1458 2046 1765 2110 scribimus,

169 2143 366 2208 pariter
417 2140 715 2195 catholicis
756 2151 808 2195 et
861 2141 1131 2195 crintraria
1183 2141 1517 2210 sapientibus
1559 2141 1770 2214 iuncte:

168 2232 360 2283 stant:
412 2238 524 2301 quo
579 2241 633 2285 et
692 2233 841 2284 sinis
893 2232 1194 2287 necessaria
1246 2232 1491 2298 ﬁrmitas,
1535 2238 1588 2283 ct
1631 2229 1769 2283 male

166 2323 309 2376 sanis
340 2334 671 2393 competens
706 2323 970 2376 medicina
1009 2323 1328 2392 praebeatur.
1375 2323 1562 2375 Datum
1591 2319 1770 2375 calen-

166 2416 247 2470 dis
273 2415 594 2480 Februarii,
631 2420 646 2447 ³
676 2405 891 2471 Victore
913 2417 1027 2470 viro
1049 2417 1348 2471 clarissimo
1377 2413 1619 2470 consule.

627 2551 940 2608 EIUSDEM
979 2549 1332 2606 EPISTOLE

740 2683 914 2724 FORIA
957 2685 1196 2725 BREVIOB.

227 2780 625 2838 Dilectissimis
694 2785 944 2840 fratribus
1015 2786 1274 2840 universis
1343 2781 1609 2854 episcopis
1677 2769 1772 2851 per

159 2877 490 2931 Dardaniam
526 2879 846 2932 constitutis
873 2877 1140 2933 Gelasius.

161 2971 170 2977 ’
228 2967 400 3023 Valde
437 2971 628 3023 mirati
685 2986 894 3036 sumus,
957 2969 1100 3039 quod
1137 2979 1312 3024 vestra
1372 2967 1588 3021 dileCtio
1621 2949 1772 3035 quasi

1873 1948 2024 2002 novis
2067 1959 2184 2013 post
2229 1951 2343 2005 haec
2372 1958 2838 2014 retractationibus
2870 1967 3130 2035 mutilari,
3179 1985 3245 2027 ne
3274 1948 3468 2044 pravis:

1874 2041 2090 2095 occasio
2132 2043 2460 2109 prteberetur
2503 2057 2620 2115 (ιιιω
2671 2053 3060 2112 medicinaliter
3090 2041 3304 2118 fuerant
3337 2053 3464 2124 s'ta-I

1874 2125 1986 2185 tuta
2047 2133 2319 2202 pulsandi;
2365 2137 2468 2191 sed
2510 2148 2728 2195 auctore
2769 2143 3053 2212 cujuslibet
3099 2152 3340 2224 insaniae,
3390 2173 3453 2216 ac

1874 2225 2076 2291 pariter
2128 2239 2314 2282 errore
2364 2226 2659 2301 damnato,
2703 2233 2949 2291 sufficere
2998 2219 3337 2315 judicarunt,
3395 2219 3466 2308 ut.Y

1873 2316 2120 2386 quisquis
2192 2320 2479 2388 aliquando
2549 2324 2706 2393 hujus
2769 2331 2968 2384 erroris
3024 2317 3450 2397 comntunicalor

1875 2407 2149 2472 existeret,
2180 2410 2458 2482 principali
2489 2407 2751 2470 sententia
2778 2418 3134 2480 damnationis
3165 2427 3278 2498 ejus
3301 2409 3464 2488 esset:

1874 2501 2201 2590 obstrictus;
2247 2507 2498 2575 quoniam
2545 2509 2826 2567 manifeste
2869 2509 3090 2582 quilibet
3125 2497 3209 2576 vel
3240 2497 3465 2592 profess;

1873 2589 2025 2652 Sione
2045 2611 2159 2663 sua,
2192 2599 2277 2654 vel
2307 2603 2686 2658 communione
2720 2614 2901 2673 posset
2928 2603 3163 2680 agnosci.
3241 2589 3256 2592 '
3455 2589 3458 2615 δ

1944 2685 2012 2740 Ει
2033 2695 2092 2742 ut
2122 2689 2399 2746 brevitatis
2428 2707 2589 2747 causa
2629 2695 2806 2763 priora
2842 2686 3108 2758 taceamus
3133 2746 3147 2771 ,
3179 2723 3297 2776 quze
3332 2711 3453 2766 dili-

1872 2769 2004 2848 gens
2037 2779 2322 2849 inquisitor
2369 2781 2525 2839 facile
2563 2775 2760 2854 poterit
2804 2790 3067 2861 vestigare
3100 2769 3459 2859 :VS-abelli'um'

1873 2867 2145 2955 damnavit
2175 2871 2448 2941 synodus,
2489 2889 2588 2929 nec
2615 2875 2714 2930 fuit
2750 2893 2969 2936 necesse
3016 2894 3074 2938 ut
3122 2885 3238 2955 ejus
3280 2902 3456 2946 secta-

1875 2954 2020 3013 iores
2042 2967 2228 3028 postea
2279 2961 2681 3031 damnarentur,
2727 2969 2966 3037 singulas
2993 2954 3188 3028 viritim
3218 2979 3454 3048 synodos

157 3077 351 3114 novam
407 3074 464 3117 et
517 3063 692 3116 veluti
749 3059 1028 3116 difficilem
1077 3061 1453 3131 quaestionem,
1502 3070 1557 3114 et
1602 3056 1774 3112 adhuc

156 3164 414 3223 tanquam
456 3153 767 3209 inauditum
803 3157 1072 3225 quippiam
1119 3170 1277 3210 nosse
1305 3155 1608 3218 desiderat,
1633 3148 1772 3218 quod

154 3243 524 3314 Entychianze
579 3245 902 3315 pestilentize
946 3247 1458 3311 communicatores,
1519 3262 1623 3298 non
1671 3215 1847 3296 ha-c

155 3336 352 3393 litotes
375 3338 511 3408 quid
549 3351 650 3407 pro
683 3337 794 3391 sua:
824 3339 1140 3407 perditionis
1170 3340 1527 3393 obstinatione
1553 3351 1771 3405 respon-

158 3430 320 3485 deant
349 3475 366 3496 ,
401 3423 690 3500 frequenti!
711 3431 819 3500 jam
853 3430 1061 3485 ratione
1094 3430 1357 3496 convicti,
1404 3432 1516 3483 sola
1549 3437 1772 3481 conten-

1877 3051 2139 3106 celcbrari
2169 3094 2182 3116 ,
2237 3056 2332 3109 sed
2391 3072 2485 3125 pro
2541 3067 2727 3115 tenore
2776 3063 3173 3123 constitutionis
3222 3072 3456 3143 antiquas

1877 3151 2097 3199 Cunctos
2142 3146 2230 3215 qui
2282 3146 2363 3202 vel
2404 3148 2681 3217 pravitatis
2725 3152 2865 3207 illius
2892 3195 2905 3219 ,
2937 3157 3020 3210 vel
3061 3159 3456 3221 communionis

1873 3237 2128 3293 exstitere
2160 3240 2448 3311 participes
2470 3284 2484 3308 ,
2518 3244 2836 3301 universalis
2861 3247 3098 3305 Ecclesia
3135 3252 3294 3309 duxit
3325 3271 3448 3314 esse

1874 3333 2211 3389 relutandos.
2261 3333 2350 3390 Sic
2405 3345 2621 3405 propter
2670 3338 3029 3409 blasphemias
3077 3345 3236 3420 Arii,
3284 3347 3457 3407 forma

1875 3423 2004 3479 lidei
2022 3428 2517 3499 communionisque
2539 3430 2818 3486 catholicae
2846 3433 3061 3491 Nicmno
3092 3439 3294 3506 prolata
3325 3458 3458 3500 con-

161 3524 312 3577 tione
370 3523 822 3577 submurmurant
867 3542 878 3575 :
923 3529 1027 3577 non
1076 3525 1199 3593 quia
1263 3524 1333 3576 sit
1382 3521 1606 3587 alicujus
1655 3531 1773 3572 mo-

161 3615 336 3667 menti
365 3615 508 3683 quod
545 3615 792 3684 garriunt
819 3655 834 3679 ,
870 3627 968 3669 nec
998 3616 1271 3668 inveniunt
1301 3613 1513 3688 penitus
1535 3609 1661 3681 quid
1692 3610 1774 3664 lo-

167 3715 431 3775 quantur.
455 3705 564 3764 Ubi
592 3709 763 3776 magis
795 3715 888 3762 eos
919 3709 1008 3778 qui
1029 3708 1302 3763 catholicis
1334 3706 1581 3762 sensibus
1612 3705 1768 3758 insti-

170 3799 280 3852 tuti
309 3807 453 3866 sunt,
487 3801 672 3853 adhuc
705 3800 916 3854 haerere
950 3801 1228 3865 miramur,
1280 3803 1436 3868 qu'am
1479 3799 1597 3853 illos
1628 3797 1716 3866 qui
1744 3812 1772 3847 a

173 3892 402 3947 veritate
424 3892 771 3956 exciderunt,
801 3901 855 3945 et
882 3894 948 3946 ab
975 3895 1188 3961 antiqua
1210 3891 1462 3945 Ecclesiae
1491 3890 1775 3944 traditione

174 3996 296 4039 sunt
328 3981 497 4052 devii,
537 3983 794 4054 profanas
823 3991 1016 4040 v'ocum'
1046 3985 1311 4040 novitates
1347 3993 1398 4037 et
1422 3984 1648 4051 ineptias
1686 3997 1776 4035 ca-

181 4077 325 4132 duca
351 4079 736 4148 perversitatis
757 4067 1069 4133 obtendere.
1098 4078 1299 4144 Quibus
1323 4093 1415 4131 eos
1444 4085 1616 4129 vestra
1641 4068 1775 4128 diie-

182 4171 284 4224 ctio
309 4171 500 4226 retulit
527 4163 782 4240 jac-litare
803 4212 816 4234 ,
868 4170 989 4224 ideo
1017 4170 1264 4224 Acacium
1298 4185 1402 4222 non
1438 4177 1624 4237 putare
1651 4167 1772 4236 jure

185 4261 522 4330 damnatum,
568 4262 720 4333 quod
769 4280 872 4316 non
929 4279 958 4316 a
1015 4261 1232 4332 speciali
1275 4260 1483 4329 synodo
1527 4247 1776 4314 videatur

179 4355 345 4412 fuisse
387 4355 674 4423 deiectus,
704 4365 757 4410 et
794 4357 1012 4424 insuper
1038 4354 1359 4409 dementiam
1389 4368 1497 4407 sua:
1529 4351 1776 4406 vanitatis

187 4449 527 4503 accumulare
587 4435 868 4515 pueriliter
895 4491 908 4516 ,
958 4446 1269 4516 adjicientcs
1302 4464 1312 4498 :
1355 4447 1625 4514 prmcipuw
1650 4459 1777 4515 pon-

195 4541 364 4610 tiﬁcem
393 4545 562 4612 regia:
582 4531 821 4596 civitatis.
858 4541 1194 4611 Quapropter
1223 4519 1497 4594 stultitiam
1523 4555 1776 4608 respuen-

201 4641 269 4684 tes
293 4625 538 4688 inanium
570 4633 944 4704 querelarum,
989 4648 1302 4701 percurrere
1343 4647 1435 4685 vos
1471 4640 1682 4700 oportet
1711 4629 1777 4684 ab

201 4719 313 4791 ips’s
340 4711 520 4780 beatis
551 4717 845 4792 apostolis;
879 4729 934 4778 et
963 4724 1304 4778 considerare
1338 4722 1628 4791 prudenter
1648 4735 1779 4791 quo-

207 4817 327 4867 niam
355 4817 540 4886 patres
566 4803 781 4881 nostri,
815 4801 1066 4870 c‘atli'olici
1098 4801 1346 4868 videlicet
1368 4811 1617 4879 doctique
1651 4828 1783 4880 pon-

207 4905 374 4970 tiliees.
403 4911 459 4965 in
490 4893 826 4980 unaquaque
856 4897 1052 4963 h’air‘es'i
1074 4907 1316 4978 quolibet
1348 4913 1591 4975 tempore
1612 4904 1784 4959 Susci-

211 5007 306 5050 ιω
334 5045 345 5067 ,
373 4991 646 5073 quidquid
671 4999 773 5071 pro
817 4983 926 5055 ﬁde
958 5042 972 5066 ,
1005 5003 1100 5069 pro
1125 5001 1351 5054 veritate
1371 5041 1385 5063 ,
1418 5002 1514 5066 p'ro
1545 5012 1784 5051 commu-

215 5093 362 5147 nione
395 5089 658 5152 catholica
705 5080 1196 5176 atq‘ueapostolica'
1226 5093 1518 5149 secundum
1548 5091 1786 5168 Scriptu-

211 5197 379 5236 rarum
415 5183 682 5244 tramite‘ni'
727 5179 1282 5258 prtiéditfat'ionemqtte
1331 5185 1592 5253 majorum
1649 5182 1786 5240 facta

193 5273 369 5335 semel
403 5271 821 5358 cuttgregatio'ne
871 5289 1204 5348 sanxerunt,
1236 5273 1605 5352 inconvulsum
1637 5277 1787 5332 dein-

209 5385 320 5440 ceps
349 5373 606 5431 voluerint
633 5418 650 5442 ,
690 5359 1025 5440 lir‘n'tum‘que
1057 5373 1304 5425 constare
1332 5415 1345 5436 ,
1385 5384 1483 5423 nec
1514 5371 1564 5422 in
1595 5368 1781 5422 eadem

209 5478 335 5522 causa
360 5468 533 5526 denuo
574 5469 711 5540 quae
744 5459 974 5542 prz'efixa
1027 5462 1238 5516 fuerant
1269 5461 1578 5526 retractari,
1615 5459 1782 5530 quali-

208 5551 273 5612 δαί
293 5562 482 5619 recenti
506 5551 968 5632 praesumptione
996 5552 1367 5622 permiserint;
1393 5550 1784 5618 sapientissime

1874 3530 2058 3586 ventu,
2090 3520 2318 3576 Arianos
2357 3539 2576 3590 omnes,
2601 3525 2682 3580 vel
2715 3524 2954 3598 quisquis
2983 3531 3035 3586 in
3079 3533 3218 3590 hanc
3245 3547 3454 3606 pestem

1877 3610 1989 3663 sive
2010 3626 2170 3665 sensu
2201 3612 2312 3666 sive
2342 3617 2722 3672 communione
2742 3619 3020 3688 deciderit,
3051 3626 3169 3680 sine
3196 3637 3457 3686 retracta-

1873 3703 2022 3792 tione
2052 3706 2341 3761 concludit.
2376 3709 2466 3763 Sic
2499 3709 2818 3766 Eunomium
2848 3756 2862 3779 ,
2907 3717 3302 3789 Ma’cedonium,
3351 3726 3458 3782 Ne-

1877 3796 2102 3849 storium
2126 3838 2139 3859 ,
2172 3799 2410 3868 synodus
2440 3803 2605 3855 semel
2638 3811 2784 3870 gesta
2809 3805 3203 3874 condemnans,
3235 3795 3457 3872 ulterius

1877 3881 1946 3935 ad
1994 3900 2128 3938 nova
2180 3888 2407 3941 concilia
2441 3890 2622 3944 venire
2669 3907 2772 3943 non
2823 3891 2985 3960 sivit;
3029 3896 3122 3950 sed
3178 3900 3456 3963 universos

1878 3990 2195 4060 quocunque
2218 3967 2377 4031 modo
2406 3979 2456 4032 iu
2486 3980 2581 4033 has
2609 3981 2968 4052 blasphemias
2993 3988 3310 4057 recidentes,
3344 4002 3456 4050 tra-

1878 4066 1990 4119 dito
2021 4067 2121 4120 sibi
2165 4067 2334 4125 limite
2375 4070 2616 4141 synodali
2659 4073 2911 4130 refutavit
2940 4075 3201 4147 Ecclesia,
3237 4099 3334 4139 nec
3365 4103 3460 4140 un-

1879 4163 2035 4222 q‘t‘tam
2065 4166 2208 4212 recte
2239 4161 2468 4215 cessisse
2498 4162 2838 4216 manifestum
2866 4176 2945 4219 est
2965 4207 2978 4229 ,
3007 4157 3242 4234 qualibet
3274 4189 3458 4228 ncces-

1869 4247 2036 4304 's'itate
2067 4261 2291 4317 cogente
2320 4295 2332 4317 ,
2362 4252 2571 4306 noviter
2607 4270 2725 4324 qttzc
2771 4258 2975 4310 fuerant
3016 4257 3302 4316 salubriter
3327 4281 3459 4320 cort-

1881 4345 2100 4410 stituta,
2147 4350 2460 4401 temerasse.
2511 4345 2626 4401 Non
2668 4359 2845 4403 autem
2876 4367 2970 4405 nos
3004 4353 3130 4408 latet
3158 4357 3210 4409 in
3253 4367 3459 4431 tempe:

1883 4442 2022 4489 state
2077 4436 2463 4502 persecutionis
2511 4439 2721 4491 Arianm
2769 4440 3025 4507 plurimos
3074 4446 3356 4512 pontifices
3392 4449 3458 4504 de

1883 4525 2115 4589 exsiliis,
2154 4541 2284 4594 pace
2315 4527 2543 4593 reddita,
2568 4531 2895 4608 respirantes
2917 4548 3011 4600 per
3039 4549 3216 4591 certas
3248 4515 3463 4608 provin-

1883 4615 1992 4670 cias
2031 4618 2368 4687 congregatis
2414 4633 2595 4672 secum
2642 4619 2895 4674 fratribus
2941 4622 3206 4679 Ecclesias
3246 4644 3462 4700 compo~

1884 4709 2056 4762 suisse
2088 4709 2361 4774 turbatas;
2392 4719 2497 4762 nun
2530 4719 2704 4764 tamen
2735 4723 2790 4764 ut
2821 4712 2962 4767 illius
2991 4718 3182 4784 synodi
3213 4718 3460 4788 Nicmnze,

1888 4802 2142 4872 quidquid
2172 4803 2237 4856 de
2268 4803 2371 4858 fide
2412 4811 2464 4858 et
2494 4805 2873 4859 communione
2903 4805 3165 4864 catholica
3210 4811 3464 4868 dclinive-

1871 4897 1991 4959 rat,
2046 4895 2412 4961 immutarem,
2470 4909 2567 4949 nec
2617 4909 2751 4948 nova
2801 4913 3124 4969 quemquam
3162 4901 3464 4970 prolapsum

1890 4987 2233 5041 damnatione
2287 4985 2678 5057 percellerent,
2720 4988 2812 5041 sed
2860 4988 3002 5042 illius
3041 4990 3240 5043 decreti
3274 4998 3464 5050 tenore

1892 5085 1991 5137 nisi
2025 5084 2354 5153 resipuisset,
2379 5083 2686 5153 judicavere
2709 5085 3036 5149 damnatmn,
3061 5093 3309 5156 essetque
3335 5103 3466 5143 con-

1893 5181 2144 5246 sequens,
2174 5185 2229 5230 ut
2252 5175 2352 5230 nisi
2385 5175 2700 5244 corrigeret,
2734 5173 3060 5229 damnationi
3095 5176 3276 5244 procul
3304 5178 3465 5232 dubio

1892 5269 2212 5338 sobjaceret.
2268 5265 2473 5335 Quibus
2516 5265 2917 5332 convenienter,
2953 5277 3008 5321 ut
3037 5267 3238 5322 dictum
3267 5279 3367 5333 est,
3400 5286 3467 5325 ex

1892 5355 2108 5428 paterna
2139 5359 2427 5414 traditione
2452 5358 2729 5428 perpensis
2751 5357 3088 5422 confidimus,
3118 5360 3258 5430 quod
3287 5361 3465 5437 nullus

1889 5457 1995 5520 jam
2030 5453 2290 5505 veraciter
2333 5445 2667 5506 Christianus
2701 5451 2906 5530 ignoret
2937 5451 3354 5518 uniuscujusque
3377 5466 3468 5524 sy-

1893 5547 2014 5599 nodi
2047 5541 2426 5609 constitutum,
2464 5543 2605 5614 quod
2639 5542 2953 5598 universalis
2987 5531 3238 5594 Ecclesia:
3259 5537 3462 5624 proba}

200 5627 524 5721 providentes”;
561 5641 852 5724 q'ubni‘am
901 5643 943 5697 si
973 5638 1186 5698 decreta
1213 5642 1508 5697 salubriter
1535 5643 1777 5708 cuiquam
1874 5642 1970 5717 'vit
2002 5637 2248 5725 assensus
2275 5682 2288 5705 ,
2319 5627 2514 5692 nullam
2560 5637 2727 5706 magis
2753 5635 2975 5704 exsequi
3001 5631 3184 5688 sedem
3213 5635 3468 5704 Oporter'e

228 5815 652 5880 ‘Scribendtlln
714 5813 814 5864 est
871 5801 1106 5866 “wore;
1151 5800 1240 5866 qui
1271 5814 1355 5852 an.
1414 5798 1613 5854 Christi
1676 5797 1779 5854 £95
1801 5796 2136 5853 consulatum
2171 5793 2334 5857 gessit
