3948 6314
539 352 612 414 55

1893 354 2157 409 GELASII
2195 354 2393 410 ΡΑΡΛΞ
2432 357 2449 411 I

3737 351 3810 421 εδ

543 474 751 543 planius
772 490 787 537 ;
808 472 883 525 ita
906 472 975 525 ’in
1010 470 1161 542 Lina]
1190 484 1459 537 exponere
1486 446 1839 538 praeteriturus,
1871 485 1937 524 ne
1961 484 2122 523 sexus
2154 472 2199 528 Α
2232 470 2275 524 si
2308 479 2485 525 tamen
2516 470 2858 523 sacerdotum
2896 469 3004 538 jam
3037 470 3141 523 sint
3161 470 3421 525 vocabulo
3448 474 3805 544 nuucupandi,

539 565 805 620 instabilis
833 579 937 619 non
976 573 1083 620 tam
1128 562 1386 619 deterreri
1432 576 1590 632 quam
1614 561 1894 616 admoneri
1943 562 2124 616 videa-

540 669 648 714 tur.

538 839 675 894 inire
712 841 1053 907 conceditur,
1101 842 1169 894 ita
1203 828 1321 909 pust
1341 854 1434 895 eas
1460 838 1635 892 nullus
1662 837 1727 890 ad
1760 825 2021 891 'clericale
2051 836 2123 890 si-

538 932 681 986 nitur
708 932 894 987 venire
920 932 1224 1001 collegium.
1254 931 1371 986 Alia
1396 938 1481 985 est
1509 929 1651 984 enim
1676 928 1923 982 humanae
1955 927 2120 995 fragi-
2148 922 2151 925 ’

537 1023 669 1077 litati
698 1024 1020 1093 generaliter
1042 1038 1294 1077 concessa
1320 1022 1554 1086 licentia,
1577 1021 1679 1075 alia
1694 1021 1853 1074 debet
1877 1034 1998 1074 esse
2013 1020 2118 1072 vita

534 1115 834 1170 divinarum
869 1132 1046 1170 rerum
1072 1115 1291 1169 servitio
1322 1116 1337 1145 ί
1364 1114 1627 1167 dedicata.

602 1204 730 1258 Car.
765 1206 1305 1275 XXlll.—Quisqnis
1330 1205 1558 1274 propria:
1586 1192 1829 1259 desertor
1852 1202 2116 1267 ecclesiae,

534 1297 693 1349 nullis
723 1298 1077 1351 existentibus
1103 1298 1310 1360 causis,
1342 1296 1406 1350 ad
1446 1295 1602 1348 aliam
1636 1293 1907 1365 putaverit
1934 1302 2117 1346 trans-

532 1388 802 1454 eundum,
837 1398 1148 1458 temereque
1191 1395 1473 1457 susceptus
1503 1386 1662 1440 fuerit
1701 1396 1757 1440 et
1800 1392 2076 1453 promotus
2098 1426 2113 1449 ,

532 1482 958 1535 reverendorum
1005 1495 1268 1555 canonum
1314 1480 1399 1536 vel
1444 1482 1557 1549 ipse
1603 1478 1689 1533 vel
1739 1486 1985 1547 receptor
2026 1476 2143 1557 [ad

531 1584 690 1639 quem
733 1570 1007 1640 profectus
1055 1571 1155 1642 est]
1206 1574 1323 1638 eius
1370 1581 1530 1640 atque
1577 1579 1867 1639 provector
1916 1568 2116 1621 consti-

532 1672 640 1717 tuta
683 1679 787 1717 non
815 1664 1063 1735 effugiet,
1101 1680 1219 1734 qum
1248 1665 1315 1719 de
1355 1662 1656 1732 hujusmodi
1706 1660 2111 1732 praesumptori-

530 1744 626 1808 bus
654 1742 942 1823 praefixere
970 1755 1232 1810 servanda
1264 1754 1492 1825 (Nicteni
1515 1770 1580 1808 xv
1602 1762 1648 1807 et
1677 1753 1807 1821 XVI).

607 748 736 802 Car.
772 748 934 803 XXII.
970 779 1038 789 —
1064 747 1334 829 Secundas
1365 746 1575 815 nuptias
1605 744 2153 829 sicnt‘smcularibus,

2228 562 2319 630 qui
2349 564 2369 593 ³
2401 562 2702 631 delegatum
2744 562 2843 615 sibi
2882 562 3155 631 religionis
3196 563 3429 618 officium
3468 564 3544 618 sic
3576 576 3806 633 proster-

2228 667 2357 707 nere
2402 652 2711 717 moliuntur,
2742 661 2800 707 ut
2844 654 2895 707 in
2926 668 3174 731 perversa
3210 658 3451 723 qumque
3482 655 3807 727 profanaque

2226 747 2482 811 declives,
2532 748 2647 800 sine
2678 747 2787 800 ullo
2809 755 3054 814 respectu
3081 747 3282 815 regula:
3324 744 3643 802 Christiana:
3675 765 3808 817 prte-

2225 837 2404 905 cipitia
2439 836 2647 892 funesta
2675 832 2971 891 sectentur.
3001 837 3243 907 Cumque
3273 839 3532 907 scriptum
3562 830 3633 893 sit
3661 858 3673 893 :
3710 840 3808 895 Mi-

2224 929 2359 981 nima
2405 930 2493 998 qui
2537 929 2751 997 spernit,
2785 930 3035 997 paulatim
3073 929 3259 983 decidit
3307 916 3515 997 (Eccli.
3547 947 3633 985 xu
3656 972 3671 995 ,
3708 934 3758 1003 I)
3790 951 3803 986 :

2223 1021 2348 1088 quid
2378 1032 2459 1075 est
2504 1005 2570 1074 de
2614 1022 2808 1075 talibus
2849 1020 3262 1074 existimandum
3302 1021 3393 1090 qui
3427 1022 3705 1076 immensis
3747 1039 3808 1079 ae

2222 1112 2603 1182 multiplicibus
2630 1114 2948 1181 pravitatum
2974 1113 3203 1167 molibus
3232 1114 3500 1181 occupati,
3537 1115 3804 1182 ingentem

2224 1205 2430 1259 ruinam
2456 1204 2783 1259 multimodis
2805 1204 3214 1273 impulsionibns
3237 1204 3541 1271 ediderunt,
3566 1222 3686 1276 quze
3704 1224 3806 1263 non

2222 1295 2394 1349 solum
2435 1297 2582 1363 ipsos
2612 1295 2858 1350 videatur
2902 1296 3156 1361 obruere,
3189 1295 3285 1349 sed
3315 1305 3368 1350 et
3408 1296 3662 1352 Ecclesiis
3695 1301 3810 1353 uni-

2176 1404 2178 1408 λ
2221 1388 2393 1441 versis
2435 1388 2790 1454 mortiferam,
2822 1387 2866 1441 si
2920 1402 3025 1441 non
3069 1397 3348 1453 sanentur,
3382 1387 3581 1445 inferre
3621 1392 3809 1459 perni-

2220 1479 2395 1532 ciem?
2426 1479 2532 1532 Ncc
2582 1478 2855 1548 ambigant
2907 1480 2995 1547 qui
3046 1479 3160 1532 hinc
3202 1480 3317 1533 ausi
3366 1490 3490 1533 sunt
3528 1494 3807 1544 exercere,

2220 1569 2311 1624 sed
2342 1569 2502 1623 etiam
2533 1569 2621 1638 qui
2656 1571 2915 1623 hactenus
2946 1569 3160 1637 cognita
3193 1569 3475 1636 siluerunt,
3512 1570 3613 1625 sub
3637 1572 3807 1625 hono-

2220 1661 2293 1714 ris
2324 1661 2527 1729 proprii
2559 1660 2815 1729 scjacere
2844 1661 3145 1729 dispendio,
3178 1661 3223 1715 si
3246 1673 3351 1715 non
3377 1670 3569 1729 quanta
3601 1665 3809 1731 possint

2217 1751 2493 1807 celeritate
2545 1751 2817 1816 festinent,
2865 1763 2920 1806 ut
2953 1752 3167 1806 lethalia
3218 1753 3438 1807 vulnera
3478 1755 3809 1823 competenti

566 1836 728 1899 ‘CAP.
768 1845 956 1901 XXIV.
1003 1876 1065 1886 —
1108 1847 1185 1901 De
1224 1845 1502 1899 monachis
1543 1844 1800 1913 Iaieisqne
1842 1844 1892 1897 iu
1940 1842 2111 1913 prima
2141 1833 2189 1892 B
2220 1834 2574 1899 medicatinne
2599 1853 2872 1897 curentur.
2904 1844 3020 1910 Quo
3069 1844 3211 1899 enim
3254 1859 3403 1898 more
3433 1854 3655 1900 teneant
3679 1844 3806 1912 jura

528 1923 796 2003 copiosius
837 1936 1215 2006 praeceptionis
1261 1936 1420 2005 hujus
1462 1936 1490 2008 ⁸,
1525 1935 1977 2006 ρητιθιιῑεθειυῐη
2007 1943 2111 2002 est,

526 2026 683 2097 (Vide
712 2022 870 2096 Supra
920 2043 1038 2096 cap.
1073 2028 1108 2080 2
1130 2037 1185 2082 et
1214 2026 1267 2095 5)
1292 2072 1306 2095 ,
1354 2042 1472 2096 qum
1499 2026 1583 2079 vel
1613 2035 1876 2094 quatenus
1906 2025 1987 2078 bis
2017 2020 2137 2095 pro

525 2102 704 2173 rerum
750 2112 1156 2195 temporumque
1194 2119 1514 2172 necessitate
1558 2129 1815 2171 concessa
1867 2116 1995 2181 sint,
2028 2114 2135 2195 vel,

525 2210 974 2278 quemadmodum
998 2251 1012 2275 ,
1048 2210 1136 2263 ubi
1170 2209 1368 2263 nullius
1417 2208 1755 2262 necessitatis
1796 2206 1948 2278 [forte
1991 2206 2113 2260 facti

524 2302 839 2371 necessitas]
890 2305 1152 2357 interesse
1186 2302 1441 2370 probatur
1465 2341 1479 2365 ,
1510 2314 1616 2353 non
1655 2299 1755 2353 nisi
1780 2307 1934 2375 vetus
1964 2298 2135 2351 insti-‘

524 2395 655 2447 tutio
686 2392 879 2447 debeat
903 2392 1179 2447 custodiri.
1211 2391 1359 2458 Quos
1384 2405 1512 2447 vero
1533 2390 1835 2445 constiterit
1865 2378 2133 2457 indignos:

524 2485 729 2539 meritis
755 2526 770 2551 ,
802 2498 1010 2538 sacram
1052 2493 1319 2539 mercatos
1370 2496 1491 2537 esse
1546 2480 1723 2551 pretio
1770 2480 2107 2548 dignitatem,

522 2578 797 2643 convictos
837 2586 1049 2646 oportet
1087 2576 1258 2631 arceri
1302 2591 1409 2629 non
1458 2574 1578 2628 sine
1622 2574 1860 2642 periculo
1906 2573 2112 2627 facinus

524 2669 630 2725 tale
656 2669 677 2700 ³
706 2676 1078 2739 perpetrantes
1114 2685 1127 2722 :
1155 2667 1277 2737 quia
1300 2666 1515 2745 dantem
1541 2665 1741 2734 pariter
1763 2673 1817 2719 et
1842 2654 2131 2730 accipien-J

523 2774 630 2818 tem
660 2764 933 2818 damnatio
963 2762 1201 2819 Simonis
1221 2801 1236 2828 ,
1268 2776 1428 2832 quam
1460 2775 1610 2816 sacra
1642 2759 1801 2814 lectio
1826 2759 1962 2827 (Act.
1992 2760 2108 2826 vm)

448 2862 465 2872 ’
524 2848 782 2922 testatur,
805 2855 1050 2908 involvit.
1136 2920 1141 2923 _

592 2946 721 3000 CAP.
750 2945 915 3000 XXV.
949 2974 1019 2985 -—
1044 2945 1121 2999 De
1161 2945 1399 2999 locorum
1443 2941 1851 2998 consecratione
1896 2930 2127 2996 sancto?

523 3051 658 3101 rum,
704 3037 951 3107 quamvis
980 3037 1225 3105 superius
1256 3035 1406 3107 (Cap.
1440 3035 1495 3104 4)
1524 3035 1749 3088 strictim
1782 3034 1941 3089 fuerit
1962 3024 2125 3087 com;

522 3130 867 3198 prehensum.
888 3127 1043 3182 nobis
1054 3142 1267 3197 quoque
1286 3128 1605 3193 patefactum
1624 3136 1726 3190 est,
1747 3126 1887 3195 quod
1907 3127 2107 3195 absque

2221 1936 2551 2007 pontificum,
2579 1938 2668 2006 qui
2695 1937 3091 2005 pontificalibus
3118 1938 3359 1992 excubiis
3378 1945 3601 1992 eatenus
3628 1938 3807 2006 injun-

2218 2036 2303 2083 cta
2335 2028 2697 2091 dissimulant,
2731 2035 2790 2081 ut
2817 2028 3085 2082 contraria
3108 2027 3290 2081 domui
3341 2028 3457 2095 Dei,
3491 2030 3572 2084 cui
3609 2030 3803 2097 przesi-

2217 2120 2367 2185 dent,
2389 2121 2567 2189 potius
2593 2120 2922 2189 operentur?
2947 2120 3044 2186 Qui
3070 2129 3329 2188 quantum
3360 2120 3498 2190 apud
3523 2122 3805 2176 Dominum

2220 2220 2459 2278 possent,
2486 2213 2530 2267 si
2553 2228 2658 2267 non
2678 2213 2779 2266 nisi
2801 2212 3177 2266 convenientia
3202 2221 3572 2281 procurarent,
3598 2222 3805 2269 tantum

2217 2303 2343 2372 quid
2375 2313 2682 2359 mereantur
2702 2304 2985 2371 aspiciant,
3013 2318 3134 2358 cum
3163 2304 3479 2357 exsecrabili
3508 2303 3686 2359 studio
3715 2320 3805 2360 se-

2217 2402 2430 2448 ctentur
2466 2394 2711 2448 adversa.
2753 2393 2819 2446 Et
2856 2393 3006 2463 quasi
3042 2394 3211 2463 magis
3242 2394 3358 2448 haec
3388 2396 3569 2462 regula
3606 2396 3675 2448 sit
3704 2409 3807 2464 qua

2217 2472 2475 2539 Ecclesia:
2504 2485 2737 2539 debeant
2781 2485 3097 2555 gubernari,
3141 2486 3185 2540 si
3210 2486 3466 2557 quidquid
3516 2497 3597 2542 est
3633 2490 3807 2543 eccle-

2214 2576 2443 2631 siasticis
2466 2576 2736 2630 inimicum
2784 2567 2978 2647 regulis
3003 2585 3362 2646 perpetratur,
3392 2593 3513 2633 cum
3545 2589 3599 2633 et
3627 2579 3671 2634 si
3707 2594 3805 2635 co-

2214 2669 2394 2735 gnitos
2418 2667 2600 2721 habuit
2629 2684 2865 2725 canones
2893 2672 3259 2740 unusquisque
3287 2672 3599 2740 pontificum
3620 2712 3634 2737 ,
3666 2674 3805 2727 inte<

2216 2767 2414 2813 merata
2468 2759 2715 2813 debuerit
2775 2747 2959 2816 tenere
3018 2760 3277 2815 custodia.
3342 2761 3407 2815 Et
3465 2762 3510 2816 si
3578 2763 3805 2820 forsitan

2214 2850 2513 2913 nesciebat,
2563 2850 2846 2905 consulere
2900 2851 3126 2905 fidenter
3183 2853 3484 2920 oportuerit
3529 2853 3795 2907 scientem

2214 2941 2307 3012 [aL
2342 2939 2721 3012 ignorantem].
2752 2942 2867 3009 Quo
2889 2943 3055 3012 magis
3085 2932 3358 2998 exc'usatio
3403 2944 3547 2997 nulla
3575 2959 3802 2999 succur—

2214 3035 2284 3085 rit
2319 3032 2620 3085 errantibus
2652 3048 2665 3086 :
2696 3035 2817 3101 quia
2849 3036 3091 3088 nesciens
3120 3031 3241 3106 [nec
3269 3036 3447 3088 sciens
3478 3036 3687 3089 omnino
3718 3037 3797 3091 le-

2212 3123 2430 3191 gendum
2463 3134 2555 3186 est,
2588 3134 2641 3175 ut
2672 3123 2818 3177 liabet
2845 3125 2960 3178 cad.
2992 3123 3132 3178 Just.
3180 3135 3227 3177 et
3263 3126 3390 3191 edit.
3424 3123 3646 3195 Canon],
3670 3142 3802 3196 pro-

523 3229 794 3287 praccepto
826 3220 968 3272 sedis
992 3219 1320 3289 (apostolica:
1353 3216 1597 3269 nonnulli
1643 3215 1811 3270 factas
1850 3217 2107 3272 ecclesias
2137 3203 2183 3265 C
2217 3217 2393 3282 posuit
2440 3232 2653 3271 servare
2682 3217 2822 3286 quod
2854 3227 3105 3283 noverat,
3156 3233 3254 3273 nec
3299 3219 3552 3287 ignorans
3591 3224 3803 3277 curavit
3882 3272 3885 3273 ν

523 3312 606 3365 vel
638 3311 868 3364 oratoria
920 3323 1134 3364 sacrare
1159 3317 1483 3377 prxsumant
1512 3326 1528 3379 ;
1566 3307 1667 3362 hoc
1691 3323 1878 3363 sumus
1927 3319 2103 3364 tamen

522 3403 721 3457 indicio
773 3398 1173 3456 detestabiliore
1217 3401 1475 3468 permoti,
1514 3399 1655 3468 quod
1697 3400 1750 3452 in
1785 3414 2106 3470 quocunque

524 3489 612 3562 Ia'f.
652 3492 1114 3565 quorumeunque]
1144 3492 1361 3547 nomine
1399 3490 1803 3557 defunctorum,
1838 3501 1891 3547 et
1914 3478 2121 3561 (quan--

510 3568 635 3641 tum
682 3586 901 3655 dicitur)
937 3600 1035 3640 nec
1083 3584 1303 3639 omnino
1353 3584 1625 3652 fidelium,
1676 3585 2105 3638 constructiones

523 3676 815 3733 adificatas
844 3678 1013 3732 sacris
1043 3674 1626 3748 processionibtis[_AI.,
1658 3674 2102 3746 professionibus]

523 3771 779 3825 audacter
809 3769 1092 3823 instituere
1117 3775 1485 3821 memorantur
1515 3783 1527 3819 :
1558 3780 1679 3834 qua:
1715 3767 1966 3835 quoniam
1995 3776 2100 3820 tam

521 3863 713 3916 acerba
737 3872 841 3913 tam
874 3861 1006 3913 dura
1038 3867 1162 3914 sunt
1185 3857 1288 3923 “,si
1313 3872 1502 3913 revera
1533 3844 2103 3912 Christianitatisaffeo

519 3963 635 4006 ctus
659 3954 709 4004 iu
741 3951 848 4004 illis
870 3949 1176 4019 regionibus
1196 3957 1373 4003 certus
1391 3959 1443 4003 et
1460 3948 1598 4002 fixus
1619 3958 1720 4016 est,
1736 3958 1789 4004 et
1808 3938 2119 4004 districtius

519 4042 619 4095 ista
649 4049 976 4109 maturantur,
1000 4048 1053 4094 et
1074 4054 1101 4091 a
1121 4040 1312 4108 quibus
1338 4040 1533 4093 fuerint
1558 4051 1730 4110 gesta,
1756 4042 2052 4110 prodantur
2087 4061 2099 4095 :

520 4134 771 4204 quoniam
800 4134 937 4186 sicut
966 4130 1257 4186 latentibus
1286 4132 1337 4183 in
1365 4132 1461 4183 hac
1489 4134 1769 4187 atrocitate
1793 4135 2100 4188 nominibus

519 4241 627 4280 non
657 4232 852 4289 exstat,
887 4224 938 4277 in
961 4238 1119 4292 quem
1150 4221 1416 4277 sententia
1460 4220 1637 4275 debita
1667 4222 1996 4289 proferatur;
2028 4226 2100 4279 ita

428 4298 437 4359 ἲ
518 4331 640 4370 cum
690 4312 984 4368 manifesﬁs
1025 4311 1184 4366 fuerit
1232 4311 1570 4365 documentis
1596 4311 1892 4381 expositus,
1941 4330 2099 4384 quem

519 4410 668 4480 [forte
696 4408 877 4480 quam]
906 4410 1039 4463 tanti
1075 4409 1293 4464 sceleris
1321 4409 1491 4477 poscit
1532 4408 1859 4475 immanitas,
1890 4424 1994 4465 non
2024 4411 2103 4466 ef-

518 4501 679 4570 fugiet
706 4500 859 4573 [forte
887 4500 1092 4572 vitabit]
1124 4500 1393 4556 ullatenus
1424 4500 1700 4555 ultionem.

2213 3323 2371 3362 nosse
2401 3311 2538 3378 quod
2568 3320 2797 3379 gereret.

2292 3404 2422 3456 Car.
2470 3400 2683 3457 XXVII.
2713 3388 2783 3443 4—
2830 3405 3070 3469 Quatuor
3123 3398 3298 3458 autem
3350 3412 3455 3458 tam
3509 3403 3578 3458 de
3622 3404 3803 3467 reditu

2209 3507 2367 3561 quam
2396 3493 2461 3547 de
2490 3494 2760 3571 oblatione
2801 3493 3035 3548 fidelium
3057 3536 3070 3560 ,
3113 3504 3271 3563 prout
3297 3495 3581 3565 cujuslibet
3623 3497 3801 3553 eccle-

2208 3586 2302 3639 size
2336 3585 2559 3640 facultas
2590 3587 2855 3650 admittit,
2881 3587 3020 3643 sicut
3050 3587 3248 3641 dudum
3278 3587 3667 3644 rationabiliter
3704 3600 3799 3646 est

2208 3677 2516 3741 decretum,
2549 3679 2802 3733 convenit
2832 3680 2944 3732 fieri
2986 3681 3281 3747 portiones.
3313 3680 3548 3747 Quarum
3583 3684 3653 3736 sit
3683 3698 3797 3738 una

2209 3768 2496 3837 pontificis,
2521 3770 2685 3824 altera
2715 3769 3056 3835 clericorum,
3085 3786 3375 3840 pauperum
3401 3773 3579 3839 tertia,
3602 3784 3797 3842 quarta

2208 3860 2423 3914 fabricis
2466 3860 2797 3930 applicanda.
2835 3862 2910 3916 De
2939 3863 3158 3929 quibus,
3193 3864 3331 3917 sicut
3371 3865 3665 3919 sacerdotis
3704 3867 3795 3919 in-

2208 3954 2426 4019 tererit,
2486 3954 2745 4024 integram
2812 3954 3071 4010 ministris
3136 3955 3380 4011 ecclesiae
3437 3966 3821 4013 memoratamx

2206 4045 2509 4114 dependere
2538 4047 2884 4115 quantitatem
2902 4086 2918 4111 ,
2945 4047 3023 4101 sic
3045 4048 3221 4102 clerus
3252 4048 3340 4119 [αι.
3368 4047 3620 4118 clericus]
3650 4050 3794 4109 ultra

2205 4137 2503 4206 delcgatam
2552 4136 2654 4191 sibi
2707 4153 2973 4209 summam
3033 4139 3165 4193 nihil
3230 4138 3794 4207 insolenterJioverit

2205 4229 2584 4302 expetendum.
2614 4230 2686 4283 Ea
2718 4223 2845 4285 vero
2875 4246 2993 4300 qiue
3030 4232 3404 4287 ecclesiasticis
3435 4217 3673 4287 aedificiis
3700 4242 3791 4287 at-

2208 4320 2402 4374 tributa
2433 4329 2588 4387 snnt,
2624 4321 2747 4375 huic
2777 4324 2926 4388 oneri
2972 4323 3233 4377 veraciter
3272 4334 3597 4393 praerogata,
3645 4324 3793 4379 loc0«

2204 4426 2320 4465 rum
2361 4411 2551 4466 doceat
2595 4413 2910 4467 instauratio
2955 4415 3236 4469 manifesta
3276 4424 3585 4470 sanctorum
3618 4433 3631 4471 :
3661 4418 3792 4486 quia

2205 4504 2352 4558 nefas
2398 4511 2514 4569 est,
2562 4505 2607 4557 si
2661 4504 2829 4559 sacris
2872 4505 3079 4559 aedibus
3128 4505 3430 4573 destitutis,
3482 4509 3531 4562 in
3580 4508 3791 4565 lucrum

588 4594 717 4649 Car.
746 4592 935 4647 XXVI.
957 4623 1026 4631 —-
1047 4591 1405 4648 Nihilominus
1432 4593 1774 4673 impatienter
1795 4595 2095 4650 audivimus
2122 4577 2174 4636 Ῑ)
2203 4609 2357 4649 suum
2401 4596 2594 4663 prwsul
2639 4595 2905 4663 impendia
2952 4596 3035 4650 his
3074 4597 3351 4666 designata
3392 4599 3489 4673 [αι.
3514 4600 3793 4674 deputata]

515 4694 723 4739 tantum
767 4686 1064 4740 divinarum
1096 4702 1276 4741 rerum
1309 4687 1539 4741 subiisse
1565 4688 1900 4757 despectum,
1931 4699 1988 4744 ut
2021 4689 2094 4745 fe-

515 4777 674 4830 mina:
698 4777 868 4830 sacris
891 4777 1149 4831 altaribus
1172 4778 1478 4832 ministrare
1497 4778 1736 4833 ferantur
1759 4776 1848 4850 [aL
1879 4782 2095 4835 firmen-

514 4877 632 4934 tur;
660 4868 733 4923 ita
763 4875 809 4923 et
850 4867 902 4919 in
927 4866 1077 4937 Lua]
1103 4885 1117 4932 ;
1141 4882 1196 4923 et
1220 4878 1547 4939 cunctaqua:
1578 4886 1681 4925 non
1720 4872 1820 4926 nisi
1851 4872 2091 4928 virorum

512 4960 787 5016 famulatui
816 4960 1067 5031 deputata
1107 4971 1270 5029 sunt,
1320 4976 1505 5017 sexum
1552 4964 1636 5017 cui
1684 4981 1787 5018 non
1835 4968 2091 5036 competit

515 5053 792 5108 exhibere.

585 5143 712 5198 Viso
724 5144 819 5214 [αι.
836 5146 957 5210 nisi;
973 5148 1045 5200 ita
1058 5152 1103 5201 et
1118 5148 1169 5201 in
1192 5146 1343 5217 Lua]
1358 5146 1498 5217 quod
1512 5146 1750 5201 omnium
1768 5147 2087 5204 delictorum

510 5250 627 5304 qua:
655 5235 922 5304 sigillatim
948 5238 1377 5304 perstrinximus,
1406 5254 1541 5294 noxa
1569 5240 1743 5293 omnis
1775 5239 1870 5311 [αι.
1900 5242 2090 5297 noxio—

508 5342 627 5382 rum
656 5334 839 5381 reatus
865 5327 1060 5397 omnis]
1091 5337 1144 5381 et
1180 5331 1381 5383 crimen
1413 5348 1507 5385 eos
1534 5330 1751 5399 respicit
1780 5334 2090 5390 sacerdotes

506 5420 593 5488 qui
625 5419 710 5473 vel
749 5421 849 5474 ista
889 5419 1258 5483 committunt,
1292 5422 1372 5473 vel
1419 5423 1821 5477 committentes
1867 5425 2091 5482 minime

506 5511 847 5580 publicando,
875 5512 1050 5582 pravis
1085 5512 1394 5568 excessibus
1425 5528 1483 5568 se
1524 5516 1701 5572 favere
1733 5517 2039 5587 significant
2073 5539 2085 5571 :

574 5647 589 5676 ¹
624 5646 700 5699 Id.
725 5649 869 5712 cod.,
900 5651 1319 5706 dedicandorum.

574 5716 593 5747 ²
734 5720 878 5793 cod.,
907 5733 1049 5787 parte
1074 5725 1286 5793 digesta.

625 5787 699 5848 Id.
726 5788 871 5861 cod.,
905 5787 1165 5847 vendente.

2200 4695 2495 4742 convertat.
2544 4686 2715 4756 Ipsam
2750 4688 3095 4743 nihilominus
3124 4690 3412 4760 ascriptam
3458 4693 3790 4761 pauperibus

2203 4780 2499 4846 portionem
2521 4818 2534 4843 ,
2558 4780 2799 4847 quamvis
2824 4779 3017 4834 divinis
3043 4781 3339 4835 rationibus
3359 4796 3417 4836 se
3445 4784 3791 4851 dispensasse

2202 4880 2592 4926 monstraturus
2623 4886 2743 4935 esse
2782 4872 3043 4937 videatur,
3078 4882 3254 4927 tamen
3282 4873 3431 4942 juxta
3464 4875 3605 4942 quod
3652 4877 3791 4929 scri-

2203 4973 2346 5029 ptum
2381 4969 2499 5016 est:
2539 4961 2605 5016 Ut
2634 4963 2833 5016 videant
2861 4979 3017 5030 Opera
3045 4972 3211 5017 vestra
3241 4963 3390 5028 bona,
3416 4974 3463 5017 et
3498 4965 3791 5043 gloriﬁcent

2207 5040 2409 5109 Patrem
2447 5064 2692 5119 vestrum,
2723 5057 2808 5126 qui
2846 5057 2900 5108 in
2930 5057 3066 5110 cortis
3097 5066 3170 5111 est
3212 5056 3427 5128 (Matth.
3458 5056 3511 5127 ν)
3531 5099 3543 5120 ,
3570 5040 3791 5125 Oportet

2198 5147 2358 5200 etiam
2426 5149 2673 5215 prrcsenti
2731 5148 3104 5203 testiﬁcatione
3159 5148 3469 5217 prmdicari,
3522 5159 3577 5205 et
3624 5150 3785 5206 bona:

2199 5240 2352 5294 famae
2380 5240 2662 5310 prazconiis
2688 5255 2791 5295 non
2825 5242 3011 5297 taceri.

2270 5332 2397 5386 Car.
2431 5331 2665 5385 XXVIII.
2688 5362 2757 5371 —
2786 5332 3124 5401 Quapropter
3166 5347 3264 5388 nec
3302 5334 3396 5405 [αι.
3427 5332 3514 5404 ne]
3557 5336 3781 5389 clerico-

2194 5440 2312 5480 rum
2365 5425 2629 5494 quispiam
2677 5440 2737 5479 se
2789 5424 2945 5493 hujus
2997 5424 3217 5478 offensae
3266 5408 3500 5481 futurum
3546 5428 3787 5482 contidat

2195 5522 2526 5584 immunem,
2563 5518 2606 5569 si
2656 5516 2708 5569 in
2750 5514 2832 5571 his
2870 5530 2989 5584 quae
3027 5515 3315 5572 salubriter
3362 5519 3631 5588 sequenda
3689 5519 3787 5573 dc-

2257 5655 2279 5685 ⁶
2314 5654 2390 5709 Id.
2430 5653 2551 5708 cod.
2591 5653 2739 5708 addit
2760 5663 2815 5707 nt
2842 5655 3018 5720 eadem
3046 5655 3131 5709 vix
3152 5662 3320 5709 noster
3345 5658 3479 5725 ferre
3502 5657 3663 5726 possit
3688 5674 3787 5713 eu.

2191 5727 2333 5780 ditus
2363 5725 2408 5777 si
2436 5740 2630 5789 revera.
2662 5735 2765 5779 etc.
3128 5760 3131 5761 ν

2260 5797 2280 5827 ⁸
2315 5795 2393 5849 Μ.
2427 5798 2569 5859 cod.,
2606 5800 2847 5855 σΙνἿιῑηιΝ.

3856 4863 3879 4905 ς

3856 4912 3877 4954 ἐ
