3948 6314
204 341 253 395 57
1349 334 1698 409 EPISTULA-2
1738 331 1826 389 ET
1868 334 2204 392 occasu.
3347 343 3412 398 ss

206 451 538 525 pmmpsimus,
588 450 700 504 sive
754 449 1064 519 episcopum
1091 489 1103 510 ,
1157 450 1269 503 sive
1320 449 1722 521 presbyterum,
1755 453 1807 513 Α
1839 453 2086 521 quoniam
2120 466 2215 521 pro
2240 451 2386 506 sedis
2414 452 2721 521 apostolicae
2763 456 3093 525 principatu,
3127 458 3277 526 cujus
3306 438 3443 514 sol?

204 551 290 602 sive
312 546 567 600 diaconum
607 546 803 601 viderit
828 543 1179 598 excedentem
1198 588 1212 612 ,
1245 559 1351 598 non
1377 546 1718 615 protinusad

201 653 325 693 aures
348 646 538 691 nostras
563 632 773 690 deferre
805 635 1107 700 curaverit,
1140 636 1544 704 probationibus
1582 637 1743 691 dun-='

200 740 312 785 taxat
347 737 689 797 competenter
731 727 1005 791 exhibitis,
1037 737 1097 782 ut
1128 731 1541 799 transgressoris
1583 731 1717 787 ultio
1751 726 1755 729 ⁷

199 824 295 887 ﬁat,
320 832 367 878 et
389 822 578 877 caeteris
607 820 920 875 interdictio
948 820 1313 891 delinquendi.
1346 820 1438 876 Sui
1480 821 1575 894 [αι.
1606 821 1717 893 Sic]

197 929 302 968 vero
331 913 475 968 modis
500 911 744 966 omnibus
766 912 873 966 erit
899 914 1261 982 unusquisque
1292 913 1601 981 pontificum
1629 928 1719 967 or-

196 1007 315 1062 diuis
345 1017 388 1061 et
432 1006 630 1059 honoris
658 1004 844 1070 elisor,
876 1005 919 1058 si
950 998 1207 1074 cuiquam
1244 1004 1595 1069 clericorum,
1630 1004 1714 1061 vel

196 1099 405 1153 Ecclesia
437 1099 584 1152 totius
622 1097 828 1152 auditui
858 1098 970 1152 haec
1012 1097 1273 1166 putaverit
1314 1098 1711 1166 supprimenda.

192 1192 295 1245 Data
319 1206 349 1242 ν
379 1189 484 1244 idus
526 1189 701 1244 Martii
756 1191 916 1260 (anno
954 1190 1153 1243 Christi
1198 1188 1364 1258 494),
1410 1189 1623 1244 Asterio
1663 1198 1717 1243 et

192 1280 399 1336 Presidio
418 1281 540 1335 viris
577 1280 897 1336 clarissimis
923 1281 1251 1336 consulibus.
1289 1281 1353 1334 Et
1381 1282 1487 1335 alia
1517 1298 1670 1335 manu
1695 1274 1741 1334 :7

190 1374 299 1428 Deus
320 1388 404 1429 vos
424 1372 715 1428 incolumes
741 1372 1034 1440 custodiat,
1065 1373 1255 1427 fratres
1282 1372 1567 1427 carissimi.

711 1485 1041 1541 EPISTOLA
1078 1486 1142 1540 Χ.
1196 1530 1199 1531 ν

610 1594 683 1632 ΔΙ)
716 1592 994 1631 εριεεοιιοε
1023 1592 1245 1632 ειειιιιε.

185 1667 382 1741 Ecclesiae
414 1668 683 1741 facultates
709 1669 773 1741 ab
802 1670 1070 1739 episcOpis,
1088 1670 1298 1741 rclericis
1327 1680 1373 1723 et
1406 1670 1712 1741 pauperibus

233 1738 436 1793 distribui
472 1740 689 1805 debere;
719 1738 956 1791 diwceses
992 1750 1035 1792 et
1077 1740 1205 1791 bona
1247 1740 1469 1793 ecclesire
1497 1738 1558 1792 ab
1603 1741 1711 1805 epi-

230 1811 347 1879 copis
372 1810 567 1879 triginta
597 1825 765 1863 annos
796 1825 1028 1875 possessa
1051 1811 1123 1863 eis
1152 1826 1253 1863 non
1284 1811 1582 1877 auferenda.

231 1919 443 1975 Gelasius
473 1920 730 1975 Romanae
757 1920 1009 1975 Ecclesia:
1035 1920 1319 1989 episcopus
1346 1920 1709 1975 dilectissimis

176 2012 282 2067 etin
316 2012 499 2067 Christi
535 2012 763 2068 caritate
794 2012 1120 2067 unanimiter
1157 2012 1412 2066 connexis
1458 2012 1709 2068 fratribus

175 2105 391 2173 episcopis
409 2105 494 2174 qui
518 2105 570 2159 in
598 2104 788 2160 Sicilia
816 2114 941 2158 sunt
969 2103 1264 2158 constituti.

229 2198 490 2254 Prnsnlum
530 2199 829 2252 auctoritas
868 2207 1175 2251 nostrorum
1222 2198 1519 2262 emanavit,
1548 2205 1605 2251 ut
1634 2196 1709 2251 fa-

173 2289 356 2345 cultates
383 2290 623 2344 ecclesiae
653 2291 891 2359 episc0pi
934 2290 997 2341 ad
1030 2289 1321 2359 regendum
1356 2288 1587 2344 habeant
1616 2278 1735 2358 po?

171 2393 401 2448 testatem;
430 2384 501 2438 ita
534 2394 715 2439 tamen
744 2393 801 2437 ut
823 2382 1134 2451 viduarum,
1167 2382 1518 2453 pupillorum,
1549 2391 1711 2453 atque

170 2490 446 2546 pauperum,
474 2492 574 2532 nec
605 2494 713 2532 nun
743 2478 1059 2531 clericorum
1086 2477 1357 2544 stipendia
1388 2461 1711 2532 distribuere

167 2568 369 2622 debeant.
401 2568 510 2622 Hoc
548 2572 635 2624 eis
672 2569 830 2623 etiam
864 2568 1145 2622 statuimus
1180 2567 1327 2636 dari,
1357 2568 1497 2637 quod
1530 2567 1733 2633 liactey

166 2673 244 2715 nus
268 2652 521 2715 decretum
554 2670 662 2715 est.
695 2661 977 2731 Reliquum
1013 2661 1114 2714 sibi
1144 2662 1379 2729 episcopi
1412 2660 1707 2727 vindicent,

165 2760 207 2802 ut
232 2751 371 2819 (sicut
396 2761 516 2806 ante
548 2750 810 2819 diximus)
843 2752 1243 2820 peregrinorum
1275 2758 1437 2819 atque
1472 2750 1711 2818 captivo-

165 2856 258 2895 rum
279 2842 538 2911 largitores
560 2857 687 2897 esse
719 2841 946 2911 possint.
1728 2834 1731 2837 ’

217 2932 329 2985 Illud
373 2934 527 2987 etiam
559 2932 778 2987 adnecti
810 2932 1033 3000 placuit,
1070 2942 1127 2986 ιιι
1159 2933 1200 2986 si
1242 2932 1402 3003 (quod
1444 2932 1603 3001 absit)
1637 2934 1712 2988 fa-

164 3020 350 3075 cultates
376 3022 643 3087 ecclesim,
683 3035 783 3075 nec
820 3035 924 3074 non
957 3030 1009 3075 et
1048 3021 1310 3077 dimceses
1355 3038 1475 3091 qum
1511 3024 1578 3075 ah
1615 3022 1712 3076 ali-

162 3112 321 3179 quibus
369 3112 713 3181 possidentur
754 3112 1052 3181 episcopis,
1094 3114 1211 3181 jure
1258 3113 1359 3167 sibi
1404 3114 1706 3179 vindicent,

1739 1822 1786 1881 B
1816 1822 2127 1876 intemerata
2182 1823 2410 1878 servetis
2454 1843 2464 1875 :

1825 542 2048 597 licitudo
2066 542 2318 627 delegata
2350 543 2607 598 divinitus
2635 548 2841 602 cunctis
2878 546 3105 603 debetur
3136 549 3407 620 Ecclesiis,

1823 648 1923 689 nos
1969 634 2225 701 vivimus,
2268 636 2311 690 si
2352 650 2450 691 vos
2497 640 2649 692 statis
2694 639 2746 693 in
2799 640 3053 705 Domino,
3092 641 3409 711 magnisque

1822 725 2033 794 gaudiis
2071 726 2484 796 triumphamus.
2518 728 2650 783 Cum
2682 730 2878 800 ubique
2920 740 3182 786 terrarum
3227 732 3439 787 Domir

1821 832 1948 872 num
2003 818 2239 874 Sabamh
2289 834 2471 875 semen
2523 836 2666 890 pura:
2712 822 3063 879 confessionis
3113 824 3398 894 reliquisse

1819 910 2215 977 cognoscimus,
2246 911 2387 980 quod
2420 927 2525 965 non
2564 912 2617 965 in
2663 923 2875 981 petrosa
2922 914 3236 982 deveniens,
3272 924 3406 971 testu

1821 1000 2128 1055 tentationis
2172 1003 2409 1069 exaruit,
2453 1017 2551 1058 nec
2596 1003 2695 1058 viae
2742 1005 3041 1073 proximum
3084 1007 3276 1061 cecidit
3315 1021 3408 1063 va-

1819 1090 2060 1144 cantibus
2110 1090 2341 1145 inimicis
2389 1093 2728 1161 expositum,
2781 1109 2879 1149 nec
2929 1095 2981 1150 in
3027 1096 3198 1164 spinis
3248 1097 3406 1152 irruit

1820 1182 2216 1250 suffoeandum,
2254 1184 2347 1238 sed
2394 1184 2446 1239 iu
2480 1186 2671 1240 bonam
2720 1188 3056 1257 terram-piae
3102 1188 3406 1245 devotionis

1818 1282 2010 1329 vestrae
2056 1275 2260 1331 cmlesti
2314 1277 2542 1331 factione
2590 1276 2683 1348 [αι.
2717 1276 2954 1348 satione]
2998 1277 3297 1347 dispersum
3350 1278 3403 1332 in

1819 1364 2147 1433 trigesimum
2193 1374 2245 1419 ct
2291 1367 2685 1435 sexagesimum
2729 1366 2961 1421 fructum
3006 1367 3427 1423 centenarium-'

1819 1468 1921 1522 que
1963 1452 2222 1523 profecit,
2257 1456 2751 1525 profectionemque
2792 1456 2997 1511 scilicet
3030 1456 3279 1512 frumenti
3307 1438 3403 1511 do-

1818 1546 1995 1599 minici
2030 1546 2250 1616 mystica
2293 1548 2559 1602 locutione
2598 1548 2901 1618 designans.
2938 1547 3273 1617 Quapropter
3308 1562 3402 1602 ex-

1816 1638 2138 1693 sultantibus
2192 1639 2387 1693 animis
2437 1640 2792 1694 conﬁdentius
2846 1640 3165 1705 incitamus,
3222 1649 3279 1694 ut
3330 1639 3401 1694 ab

1819 1729 2165 1799 Eutychiana:
2198 1732 2362 1799 pestis
2404 1730 2621 1786 incursu
2663 1734 2879 1801 pectora
2910 1742 3085 1787 vestra
3130 1733 3423 1802 sapienter_

2517 1825 2771 1892 quoniam
2820 1825 2928 1895 jam
2976 1826 3064 1895 qui
3112 1831 3401 1897 perseuerat

1813 1930 1967 1985 usque
2011 1917 2063 1967 in
2094 1914 2281 1982 ﬁnem,
2317 1916 2400 1968 hic
2444 1914 2617 1970 salvus
2657 1918 2749 1971 erit
2792 1916 3003 1987 (Matth.
3031 1917 3112 1985 x).
3147 1917 3399 1971 Dominus

1812 2022 1970 2075 prope
2010 2016 2113 2073 est,
2157 2007 2287 2060 nihil
2326 2008 2536 2061 solliciti
2578 2010 2689 2061 sitis
2728 2008 2963 2078 (Philip.
2993 2010 3102 2078 tv);
3134 2010 3398 2079 siquidem

1812 2102 1985 2171 major
2007 2112 2089 2156 est
2117 2101 2256 2171 quod
2286 2102 2338 2155 in
2371 2102 2527 2155 nobis
2554 2111 2814 2171 estquam
2838 2103 2926 2168 qui
2958 2103 3010 2155 in
3041 2103 3143 2156 hoc
3170 2102 3418 2169 mundo,‘

1812 2209 2141 2265 regnumque
2174 2196 2381 2251 Domini
2424 2198 2562 2250 intra
2595 2210 2692 2251 nos
2721 2195 2903 2266 (etiam
2933 2195 3208 2265 Scriptura
3237 2194 3389 2268 [Lua
3416 2214 3417 2217 η

1818 2285 1947 2356 xvn]
1988 2270 2350 2358 testantefsit
2395 2296 2625 2343 certum.
2658 2289 2727 2343 Ut
2753 2295 2930 2342 autem
2961 2287 3030 2341 ab
3074 2302 3260 2342 eorum
3304 2287 3397 2357 qui

1814 2380 1867 2434 in
1895 2395 2078 2435 errore
2109 2390 2233 2435 sunt
2260 2382 2451 2450 positi,
2494 2381 2950 2435 noxia'societate
2988 2380 3244 2445 caveatis,
3274 2380 3398 2436 nul-

1814 2470 1927 2525 lum
1969 2471 2163 2527 talibus
2209 2473 2690 2527 communicantem
2738 2472 3081 2526 ad'vestrum
3122 2470 3396 2549 recipiatis

1812 2562 2049 2632 qualibet
2074 2548 2418 2633 subreptione
2447 2563 2775 2618 consortium
2803 2580 2814 2615 :
2848 2563 2971 2633 quia
3012 2564 3152 2617 sicut
3183 2562 3234 2618 in
3264 2550 3397 2618 utia-

1814 2670 2024 2726 quaque
2057 2655 2249 2712 hteresi
2286 2672 2404 2711 cum
2449 2659 2727 2726 pravitatis
2753 2666 2974 2712 auctore
2999 2657 3252 2724 damnato
3276 2658 3399 2712 suc-

1812 2761 2056 2803 cessores
2096 2748 2213 2816 ejus
2252 2758 2306 2803 et
2334 2749 2626 2818 complices
2668 2756 2829 2818 atque
2872 2746 3177 2819 h'ujusmodi
3222 2756 3397 2803 secta-

1815 2841 2020 2896 toribus
2082 2842 2287 2910 polluta
2341 2842 2720 2896 communione
2781 2841 3075 2910 permixtos
3135 2841 3397 2895 catholica

1812 2934 1981 2986 vitare
2010 2931 2169 2987 debet
2203 2932 2498 3001 integritas.
2530 2932 2602 2985 ita
2630 2946 2751 2986 eum
2785 2931 3080 3001 Eutychete
3110 2931 3397 2984 Dioscorus

1813 3024 2076 3093 simulque
2120 3023 2436 3079 Timotheus
2480 3022 2706 3080 Elurus
2746 3031 2803 3077 et
2847 3023 3035 3077 Petrus
3077 3021 3398 3076 Alexandri-

1815 3130 1935 3178 nus,
1963 3116 2186 3184 ejusque
2211 3115 2633 3170 communicator
2667 3114 2913 3179 Aeacius,
2947 3127 3045 3168 nec
3080 3128 3186 3167 non
3230 3114 3395 3168 etiam

163 3201 277 3268 quod
308 3203 601 3257 tricennalis
644 3201 742 3275 [al.
774 3201 1117 3275 tricenuariaj
1151 3203 1231 3256 lex
1258 3204 1551 3269 conclusit,
1584 3205 1707 3272 quia
1738 3192 1791 3281 Cp
1817 3206 2177 3261 Antiochenus
2211 3207 2421 3272 Petrus,
2462 3222 2581 3261 cum
2627 3206 2740 3262 suis
2770 3216 2897 3261 sunt
2939 3206 3158 3260 omnino
3187 3204 3398 3274 partici-

163 3300 206 3345 et
228 3290 432 3347 filiorum
462 3302 773 3347 nostrorum
805 3293 1102 3361 principum
1131 3292 1200 3345 ita
1231 3294 1494 3347 emanavit
1531 3304 1712 3348 aucto-
1764 3320 1767 3321 ν

164 3380 299 3450 ritas,
338 3385 394 3437 ιιι
435 3384 571 3439 ultra
625 3382 841 3452 triginta
891 3398 1060 3437 annos
1119 3384 1248 3437 nulli
1300 3385 1458 3439 liccat
1504 3401 1599 3454 pro
1647 3400 1712 3439 eo

164 3476 420 3542 appellare,
450 3477 593 3547 quod
644 3477 819 3543 legum
864 3485 1072 3545 tempus
1117 3476 1209 3548 [al.
1242 3478 1436 3542 tutela,
1481 3480 1582 3532 sive
1624 3494 1709 3533 rc-

164 3564 294 3630 gula,
320 3576 398 3618 aut
425 3568 592 3635 potius
629 3564 856 3636 cautela]
899 3566 1146 3621 exclusit.
1190 3567 1318 3621 Data
1355 3568 1527 3622 idibus
1558 3568 1708 3636 Maii,

168 3654 346 3711 Asterie
364 3668 412 3713 et
442 3658 706 3713 Praesidio
731 3658 859 3712 viris
883 3658 1195 3713 clarissimis
1217 3660 1524 3716 consulibus
1550 3662 1712 3731 (anno

170 3744 333 3801 cursu
356 3750 472 3821 tsi)
497 3752 537 3805 ι.
1718 3738 1721 3741 ’

686 3843 1018 3901 EPISTULA
1058 3844 1150 3899 XI.

390 3974 452 4011 AD
482 3972 766 4012 EPISCOPOS
796 3972 1073 4012 DARDANIE
1104 3971 1171 4009 ΕΤ
1200 3969 1447 4010 ιιιῐιιιει.

164 4085 456 4144 Commendat
498 4108 677 4146 eorum
716 4092 1049 4162 religionem;
1082 4086 1715 4162 Thessalonicensemepi-

219 4177 434 4229 scopum,
462 4166 549 4233 qui
580 4158 931 4216 hereticorum
952 4162 1157 4213 nomina
1178 4162 1422 4212 damnare
1447 4158 1713 4233 recusavit,

217 4228 485 4297 apostolica}
511 4234 652 4286 sedis
682 4233 1031 4286 communione
1068 4236 1323 4300 privatum
1351 4244 1477 4292 esse,
1510 4239 1555 4281 et
1587 4228 1715 4279 Acao

217 4303 334 4353 cium
362 4304 411 4355 in
452 4303 979 4357 excontmunicatione
1006 4310 1265 4354 mortuum
1294 4316 1393 4354 non
1435 4314 1583 4361 posse
1626 4301 1717 4349 ab—

219 4374 328 4425 solvi
353 4374 633 4443 signiﬁcat.

217 4482 440 4539 Gelasius
484 4486 772 4554 episcopus
816 4484 1079 4539 universis
1122 4483 1390 4553 episcopis
1440 4497 1539 4552 per
1582 4483 1717 4537 Dar-

1818 3297 1976 3366 pibus
2012 3298 2313 3353 abdicandi.
2352 3297 2461 3352 Nec
2489 3298 2796 3368 quisquam,
2830 3297 3037 3353 etiamsi
3085 3296 3399 3367 pravitatem

1817 3391 2088 3461 deponere
2118 3406 2177 3446 se
2204 3392 2513 3460 promittat,
2555 3390 2843 3446 recitandis
2886 3400 3064 3445 tamen
3095 3388 3399 3444 nominibus

1817 3483 2157 3537 consentiens
2188 3482 2553 3551 perditorum;
2582 3483 2667 3537 vel
2705 3482 2895 3537 eadem
2926 3480 3264 3537 recitantium
3296 3480 3400 3534 mi-

1820 3574 1962 3628 nime
1988 3574 2361 3628 communione
2389 3574 2654 3629 discretus
2683 3575 2748 3628 ad
2794 3574 3137 3628 immaculata
3181 3571 3407 3641 sacrile-r

1816 3668 1916 3735 giis
1973 3666 2131 3720 ovilia
2186 3668 2587 3737 quibuscunque
2638 3668 2815 3721 modis
2869 3678 2951 3721 est
3010 3666 3400 3737 permittendus

1816 3760 2039 3823 intrare,
2066 3768 2122 3811 ut
2152 3758 2389 3814 Ecclesia
2425 3759 2515 3813 Dei
2544 3762 2744 3822 nostri,
2772 3773 2885 3826 qua:
2913 3757 3167 3809 maculam
3193 3770 3399 3823 rugam-

1718 3834 1721 3837 I
1816 3866 1914 3918 que
1960 3865 2061 3902 non
2106 3851 2315 3903 sustinet
2362 3848 2591 3917 (Ep/tes.
2632 3847 2717 3917 v),
2766 3846 3015 3900 inviolata
3066 3854 3397 3915 permaneat.

1760 3964 1763 3967 -
1816 3940 2009 3993 Absint
2047 3953 2175 4006 ergo
2206 3953 2235 3991 a
2277 3937 2523 3991 fidelibus
2562 3936 2763 3992 Christi
2812 3935 3010 4005 viperte
3052 3935 3241 4004 capitis
3284 3934 3399 3993 dira

1817 4031 2139 4084 commercia
2157 4074 2172 4098 ,
2199 4041 2251 4084 et
2282 4030 2468 4098 procul
2493 4044 2522 4083 a
2550 4029 2860 4084 caelestibus
2889 4029 3096 4098 pascuis
3127 4028 3399 4086 mortifera

1819 4137 2023 4177 venena
2052 4122 2443 4191 pellantur,,ut
2487 4122 2736 4176 salutaris
2778 4122 3029 4176 alimonia
3062 4120 3212 4189 panis
3258 4119 3400 4175 illius

1820 4215 1907 4284 qui
1936 4215 2004 4269 de
2033 4215 2171 4269 coelo
2220 4214 2497 4269 descendit
2540 4213 2721 4284 (Joan.
2748 4213 2857 4284 vt),
2904 4211 3088 4265 ﬁdeles
3134 4210 3274 4264 hanc
3313 4224 3400 4264 su-

1823 4318 2029 4363 mentes
2060 4309 2123 4363 ad
2152 4308 2311 4363 vitam
2345 4309 2600 4377 perducat
2628 4317 2903 4363 mternam.

1892 4402 2022 4465 Quae
2051 4409 2107 4454 ut
2146 4410 2327 4455 mutua
2356 4400 2627 4455 valeamus
2655 4400 3032 4454 exhortatione
3074 4397 3399 4469 prospicere,

1822 4494 1912 4547 det
1937 4506 2153 4562 operam
2178 4501 2354 4547 vestra
2379 4492 2595 4547 dilectio
2619 4500 2677 4545 ut
2701 4493 3015 4559 sospitatem
3044 4499 3236 4544 vestrae
3265 4488 3402 4543 cari-

163 4573 343 4631 daniam
385 4578 457 4649 [in
487 4596 575 4648 qq.
602 4580 754 4632 codd.
786 4580 884 4648 tcg.
914 4588 968 4633 et
992 4575 1231 4647 Daciam]
1260 4578 1374 4643 sive
1422 4592 1516 4645 per
1546 4577 1712 4647 lllyri-
1820 4585 1946 4639 tatis
1993 4594 2227 4654 optatam
2248 4624 2262 4649 ,
2311 4593 2367 4639 et
2416 4584 2537 4638 fidei
2586 4582 2888 4637 communis
2938 4582 3188 4636 instantia
3246 4580 3403 4636 nobis

163 4681 261 4719 cum
294 4671 615 4724 constitutis.
1242 4708 1283 4749 χ

220 4759 492 4816 Audientes
512 4762 867 4817 orthodoxam
892 4771 1085 4816 vestra:
1104 4760 1408 4816 dilectionis
1429 4761 1479 4815 in
1503 4760 1717 4816 Christo

162 4856 511 4918 constantiam,
561 4863 720 4923 atque
763 4855 835 4908 ita
874 4868 970 4908 vos
1016 4855 1251 4923 antiqua:
1302 4854 1422 4908 fidei
1468 4870 1711 4909 commn-

165 4942 406 5013 uionisque
442 4948 672 5001 sincerae
700 4945 1071 4999 traditionibus
1099 4945 1443 5012 inhrerentcs,
1479 4955 1538 5000 ut
1569 4962 1711 5000 men-

164 5041 253 5085 tem
281 5034 585 5091 Christiana:
605 5037 839 5091 deditam
865 5037 1076 5092 veritati
1105 5036 1410 5091 nullatenus
1435 5037 1716 5091 infecerint

166 5129 605 5189 prmvaricatorum
629 5132 799 5184 vicina
828 5130 1091 5199 contagia,
1126 5129 1579 5199 magnificavimus
1612 5129 1714 5182 Do-

164 5214 348 5270 minum
367 5259 380 5280 ,
409 5220 793 5289 caritatemque
818 5231 1052 5274 vestram
1082 5219 1262 5273 missis
1289 5218 1482 5271 litteris
1513 5218 1711 5286 alloqui

164 5319 247 5368 ter
275 5310 538 5379 religiosos
576 5314 724 5366 viros
766 5312 904 5366 filios
945 5321 1155 5365 nostros
1195 5310 1516 5381 Cyprianum
1554 5319 1713 5379 atquc

162 5394 421 5456 llacarium
448 5404 700 5459 diaconos
731 5414 838 5459 tota
879 5403 1054 5458 cordis
1084 5402 1339 5457 aviditate
1368 5403 1710 5458 curavimus:

224 5558 237 5587 '
263 5558 312 5612 In
341 5575 460 5614 meo
489 5575 588 5614 ms.
622 5561 884 5615 Buchardi
912 5560 1033 5615 cod.
1079 5561 1169 5616 lib.
1200 5576 1319 5625 Vill,
1351 5576 1469 5629 cap.
1495 5561 1583 5627 46,
1616 5564 1716 5619 hoc

159 5623 413 5700 decretum
443 5640 692 5700 tanquam
720 5646 786 5685 ex
817 5632 1043 5698 epistola
1076 5628 1270 5685 Gelasii
1298 5623 1360 5684 ad
1412 5623 1717 5688 Sicilienses

159 5697 417 5768 episcopos
443 5697 562 5769 cap;
588 5704 620 5755 9
651 5711 925 5769 acceptum
949 5702 1164 5770 affertur
1189 5720 1200 5753 :
1239 5702 1416 5770 Neque
1440 5702 1621 5757 viduas
1646 5705 1715 5755 ad

160 5771 346 5824 nuntias
384 5773 593 5825 transire
618 5773 843 5826 patimur
881 5788 994 5838 qua:
1032 5769 1269 5838 religioso
1304 5775 1565 5840 proposito
1601 5775 1717 5827 diu-

1820 4676 2062 4731 erebrius
2094 4676 2307 4746 aperire
2351 4690 2456 4731 non
2491 4675 2731 4744 desinat,
2760 4684 3023 4745 quatenus
3051 4675 3276 4729 alternis
3304 4686 3402 4728 nos

1816 4760 2261 4823 iustruetionibus
2298 4768 2623 4835 excitantes,
2666 4768 3023 4836 legitimorum
3058 4766 3268 4820 Domini
3312 4778 3403 4818 δας

1817 4862 2092 4917 cerdotum
2124 4864 2390 4931 possimus
2424 4865 2667 4919 invenire
2710 4863 3039 4917 mercedem.
3073 4861 3173 4915 Per
3202 4858 3401 4913 vicinas

1820 4968 2031 5023 quoque
2075 4956 2377 5023 provincias
2409 4956 2524 5011 haec
2551 4957 2737 5010 eadem
2779 4954 3079 5024 patefacere
3113 4958 3282 5005 vestra
3312 4963 3401 5004 ca-

1822 5044 1950 5098 ritas
1977 5044 2256 5114 vigilanter
2289 5047 2530 5112 insistat;
2571 5058 2624 5101 ut
2652 5057 2705 5102 et
2730 5049 2817 5115 qui
2856 5043 3133 5099 catholica:
3161 5054 3402 5096 commu-

1824 5135 1999 5189 nionis
2042 5137 2349 5191 sinceritate
2397 5138 2723 5201 subsistunt,
2770 5134 3197 5204 competentibus
3243 5132 3407 5187 robo-

1823 5236 2009 5280 rentur
2036 5228 2313 5295 alloquiis;
2345 5237 2398 5282 et
2426 5230 2515 5297 qui
2541 5226 2765 5282 forsitan
2796 5226 2864 5281 ab
2899 5224 3059 5295 hujus
3088 5222 3407 5280 rectitudine

1822 5319 2132 5383 deviar‘unt,
2164 5321 2231 5374 ad
2281 5322 2642 5389 integritatem
2690 5321 2953 5391 dogmatis
2982 5315 3275 5373 Christiani
3324 5329 3407 5367 επις

1823 5408 2063 5466 lubrihus
2106 5413 2321 5468 monitis
2370 5413 2712 5469 reducantur.
2743 5411 2959 5468 Noverit
3006 5418 3181 5463 autem
3224 5413 3404 5459 vestra

1825 5577 1977 5624 turna
2009 5572 2353 5627 observatione
2382 5582 2787 5642 permanserunt.
2822 5571 3069 5642 Similiter
3096 5575 3267 5642 autem
3306 5565 3401 5620 sir-

1824 5642 1969 5707 gines
2008 5643 2201 5715 nubere
2242 5638 2565 5715 prohibemus
2593 5659 2719 5715 quas
2748 5642 2895 5715 annis
2928 5638 3166 5711 plurimis
3208 5638 3262 5691 in
3290 5653 3399 5691 mo-

1826 5714 2060 5765 nasteriis
2085 5712 2281 5769 (etatem
2314 5715 2560 5786 peregisse
2585 5712 2869 5782 contigerit.
