3948 6314
510 377 578 434 30
856 379 866 386 ’
1846 375 1885 431 (ἶ
1898 376 2054 428 HAS

2161 369 2230 426 PA
2244 375 2347 428 [⁸Ᾰέ
2386 379 2402 431 l

3680 385 3749 437 ω

511 494 765 562 tatisjnra
787 491 1082 552 descendit,
1115 503 1267 555 quam
1295 489 1565 556 scriptura
1599 497 1778 542 sancta
1831 489 1911 542 sic
1959 504 2068 542 me-
2103 489 2149 544 Α
2181 499 2386 553 ruerat,
2419 490 2836 545 misericorditer
2854 490 3150 545 absolutum
3179 500 3343 546 esset.
3375 490 3540 562 Hujus
3568 507 3744 548 sacra-

508 595 676 638 tnorat
710 601 723 637 :
759 582 920 634 Grave
933 585 1117 653 jugum
1145 595 1294 645 super
1320 581 1453 644 ﬁlios
1475 580 1634 631 Adam
1657 596 1687 631 a
1718 580 1800 632 die
1822 579 1989 633 exitus
2014 583 2076 631 de

507 683 674 726 ventre
709 673 882 724 matris
924 687 1096 724 eorum
1126 686 1281 736 usque
1311 671 1362 721 in
1395 671 1525 723 diem
1563 669 1836 738 sepultura:
1871 671 1921 722 in
1963 687 2071 723 ma-

504 772 630 816 trem
653 763 875 816 omnium
916 759 1136 831 (Eccles.
1169 760 1295 827 xc);
1343 759 1408 813 de
1443 775 1542 828 qua
1569 774 1738 828 genus
1774 759 2062 812 humanum

506 869 610 906 non
641 853 740 905 nisi
784 853 933 906 solus
963 851 1215 904 Dominus
1246 857 1426 904 noster
1453 849 1610 904 Jesus
1639 849 1881 904 Christus
1925 865 2073 904 com-

505 945 706 999 mercio
730 957 840 996 sum
866 943 1091 997 redemit
1125 940 1406 1010 passionis,
1452 951 1506 994 et
1547 949 1746 994 mutata
1793 941 2069 994 nativitate

505 1049 603 1088 nos
628 1033 803 1088 eruit?
834 1033 987 1088 Solus
1005 1034 1176 1101 utique
1205 1033 1336 1086 venit
1366 1047 1608 1098 querere,
1642 1041 1688 1084 et
1711 1033 1904 1085 salvare
1930 1032 2064 1100 quod

503 1129 718 1195 perierat
751 1123 959 1193 (Matth.
982 1124 1154 1192 xvtn),
1184 1133 1239 1176 ut
1279 1123 1516 1186 libertas,
1553 1137 1672 1192 qua:
1706 1139 1797 1192 per
1831 1131 2063 1177 temera-

503 1220 634 1268 riam
661 1216 829 1268 fuerat
857 1214 1061 1282 dejecta
1093 1213 1416 1281 superbiam,
1457 1212 1781 1266 instauretur
1821 1225 2063 1281 reparata

507 1322 599 1372 ιερτ
619 1307 838 1373 gratiam
863 1320 876 1368 ;
917 1318 1204 1371 mutuaque
1238 1304 1354 1358 vice
1391 1304 1631 1356 humana:
1657 1304 1948 1358 voluntatis
1975 1319 2066 1357 ar-

503 1395 738 1461 bitrium,
763 1395 898 1471 sicut
919 1393 1190 1462 sequendo
1219 1393 1505 1456 diabolum,
1544 1394 1903 1462 captivitatem
1949 1410 2064 1449 me-

504 1495 682 1537 ruerat
708 1485 1106 1550 sempiternam,
1144 1485 1220 1537 sic
1246 1482 1548 1537 reformata:
1596 1485 1973 1554 subsequendo
2005 1485 2064 1538 li-

505 1578 724 1630 bertaus
767 1588 1068 1637 auctorem,
1110 1575 1362 1628 amissum
1411 1576 1609 1630 rediret
1650 1577 1714 1629 ad
1760 1577 2057 1645 praemium.

495 1669 631 1722 ilinc
652 1680 729 1721 est
759 1667 898 1735 quod
945 1669 1070 1738 ipse
1097 1667 1350 1721 Dominus
1378 1669 1452 1722 ait
1481 1685 1494 1724 :
1529 1668 1657 1720 Cum
1685 1685 1770 1721 vos
1801 1668 1966 1722 Filius
1994 1672 2060 1722 li-

496 1761 758 1822 ueraveril,
787 1770 908 1812 tunc
937 1776 1048 1812 rere
1085 1760 1228 1818 liberi
1263 1760 1423 1813 erilis.
1464 1759 1527 1812 Et
1553 1761 1824 1827 apostolus
1875 1761 2059 1814 beatus

2181 579 2344 633 tnenti
2363 580 2732 651 redemptione
2751 592 2873 638 ante
2889 584 3068 638 mundi
3085 584 3400 654 principium
3422 586 3744 655 sempiterna

2177 675 2507 741 providentia
2539 679 2846 745 prmparati,
2871 679 2985 733 sive
3008 680 3238 734 nondum
3262 681 3464 758 prolata
3491 683 3624 752 lege,
3649 699 3744 736 seu

2175 763 2273 816 sub
2286 762 2660 822 observatione
2683 767 2859 836 legali,
2879 768 3180 836 ﬁguralibus
3206 770 3370 840 signis
3398 782 3556 836 atque
3579 773 3744 826 sacri-

2177 853 2309 908 ficiis
2340 856 2574 910 onmium
2605 868 2908 912 sanctorum
2922 861 3153 914 virorum
3171 861 3591 930 feminarumque
3617 877 3742 915 san-

2172 954 2375 998 ctarum
2403 956 2552 1000 vetns
2579 949 2728 1017 origo
2769 949 3016 1003 mundata
3060 959 3163 1016 est,
3198 950 3560 1020 universisque
3582 952 3741 1021 justs

2174 1049 2269 1102 per
2296 1037 2481 1101 gratia:
2510 1037 2753 1105 spiritum
2781 1038 2879 1091 hoc
2906 1039 2972 1092 de
2999 1040 3153 1108 longe
3182 1039 3452 1094 adoranda
3481 1041 3740 1111 mysterio

2173 1126 2359 1180 salutis
2385 1128 2867 1181 mternm~remedia
2909 1128 3269 1197 contigerunt,
3310 1129 3461 1198 cujus
3497 1129 3551 1185 in
3579 1129 3737 1186 Chri-

2171 1223 2256 1267 sto
2306 1215 2640 1269 manifestata
2682 1216 2930 1285 gentibus
2973 1217 3262 1286 plenitudo,
3313 1218 3564 1274 mundum
3611 1235 3737 1289 pur-

2169 1315 2277 1374 gat,
2312 1315 2365 1359 et
2394 1318 2633 1370 renovat,
2679 1306 3125 1378 beatitudinisque
3152 1320 3418 1377 perpetua:
3443 1323 3570 1365 vere
3611 1310 3737 1365 facit

2170 1409 2288 1450 esse
2321 1396 2627 1465 participes.
2660 1397 2994 1466 Quapropter
3029 1399 3187 1452 nimis
3216 1397 3518 1453 incusamus
3543 1398 3732 1454 fratres

2170 1496 2224 1541 et
2262 1488 2612 1556 coepiscopos
2649 1498 2877 1552 nostros,
2909 1489 3138 1544 maxime
3165 1504 3257 1556 per
3302 1488 3479 1543 Piceni
3508 1489 3726 1558 provin—

2167 1578 2279 1632 cias
2310 1578 2601 1632 Ecclesiam
2636 1577 2842 1632 Domini
2871 1578 3246 1647 gnbernantes,
3283 1578 3372 1647 qui
3411 1592 3516 1632 non
3555 1579 3727 1633 solum

2168 1667 2482 1734 ineptissimi
2528 1659 2692 1735 senis,
2735 1667 3062 1736 abjectmque
3093 1682 3332 1736 ρειεοιιω
3368 1683 3586 1737 pravum
3624 1683 3731 1724 non

2167 1756 2478 1811 deterruere
2501 1757 2845 1824 colloquium,
2891 1771 3072 1810 verum
3098 1765 3152 1811 et
3177 1772 3272 1810 suo
3305 1757 3572 1812 nutrivere
3596 1772 3731 1811 ceu-

495 1850 690 1902 Paulus
737 1850 1084 1918 exsequitur:
1112 1849 1237 1901 Cum
1272 1850 1400 1902 serri
1441 1851 1608 1902 essetis
1651 1852 1859 1918 peccati,
1915 1850 2058 1902 liberi
2093 1832 2138 1891 Β
2166 1859 2348 1899 sensu.
2378 1847 2508 1912 Quis
2549 1846 2766 1898 audiat?
2795 1847 2911 1914 quis
2942 1847 3096 1912 ferat,
3145 1860 3329 1914 passos
3373 1861 3490 1901 esse
3521 1847 3733 1915 pontifi-

493 1941 658 2009 fuistis
672 1941 909 2010 justitite,
940 1940 989 1993 id
1019 1950 1100 1994 est
1138 1940 1296 1994 alieni
1335 1941 1615 2010 ajustitia,
1660 1942 1859 1994 liberati
1890 1953 2060 1995 autem

491 2047 524 2082 a
545 2041 766 2098 peccato,
791 2031 917 2083 servi
937 2031 1060 2098 facti
1082 2031 1199 2083 estis
1206 2031 1425 2102 justitia?
1447 2032 1464 2099 (
1474 2031 1620 2085 Rom.
1644 2034 1755 2100 VI);
1783 2044 1836 2086 et
1866 2033 2056 2086 iterum

492 2119 630 2172 idem
655 2121 766 2186 ipse
785 2136 796 2171 :
822 2119 1146 2182 Libertatem,
1165 2120 1354 2188 inquit,
1371 2136 1469 2188 qua
1482 2135 1566 2173 vos
1580 2119 1811 2173 Christus
1833 2121 2059 2173 liberavit

492 2208 691 2274 (Galat.
717 2213 791 2273 ν).
816 2210 998 2263 Nonne
1023 2210 1135 2276 ipse
1158 2224 1246 2262 vas
1261 2209 1537 2263 electionis
1554 2209 1803 2274 afllrmat,
1833 2219 1886 2263 et
1906 2210 2059 2267 dicit:

493 2299 632 2353 Deus
658 2310 728 2353 est
756 2301 840 2367 qui
873 2311 1108 2368 operatur
1148 2302 1199 2351 in
1231 2301 1366 2354 vobis
1387 2311 1432 2353 et
1460 2301 1583 2354 t'clle
1607 2311 1652 2354 et
1689 2303 1926 2370 per/icere
1972 2320 2061 2370 pro

490 2392 623 2444 bona
640 2393 890 2444 tab-atate
908 2390 1130 2462 (Philip.
1157 2393 1252 2459 tt)?
1279 2408 1345 2447 ne
1360 2393 1516 2446 etiam
1543 2395 1593 2445 in
1613 2393 1748 2446 mala
1763 2394 2055 2456 voluntate,

492 2492 546 2534 et
569 2481 702 2535 velle
731 2492 783 2534 et
812 2480 1068 2548 perficere
1095 2483 1234 2535 Deus
1263 2492 1536 2548 putaretur
1555 2485 1785 2551 operari.
1812 2483 1940 2536 Illud
1963 2499 2059 2534 au-

495 2580 602 2624 tem
634 2569 1033 2639 Pelagianorum
1078 2573 1345 2638 peculiare
1387 2571 1532 2626 virus
1560 2582 1661 2635 est,
1703 2574 1934 2640 olimque
1963 2575 2058 2626 de-

497 2661 698 2722 tritum,
737 2675 842 2728 quo
889 2668 1073 2729 putant
1122 2663 1348 2728 gratiam
1397 2662 1488 2716 Dei
1535 2663 1824 2716 secundum
1873 2665 2059 2716 merita

495 2749 768 2802 hominum
820 2764 974 2817 posse
1022 2750 1280 2816 conferri,
1333 2751 1472 2820 quod
1522 2751 1661 2805 absit
1711 2767 1739 2805 a
1794 2754 2060 2807 mentibus

492 2839 828 2906 Christianis,
862 2856 979 2893 cum
1005 2850 1230 2894 testetur
1264 2842 1548 2910 Apostolus
1577 2859 1590 2896 :
1623 2841 1801 2896 Gratia
1836 2855 1908 2895 est
1947 2860 2061 2911 qme

490 2931 648 3001 gratis
675 2931 865 2994 datur;
903 2931 1127 2997 alioquin
1151 2933 1199 2984 sf
1224 2949 1286 2985 ex
1315 2933 1544 3001 aperibus
1575 2934 1757 3002 gratia,
1799 2936 1914 3004 jam
1960 2949 2057 2983 non

489 3033 558 3076 est
584 3023 942 3092 gratia(Rom.
969 3035 1064 3090 xl),
1099 3023 1224 3088 quia
1270 3038 1474 3078 merces
1520 3023 1757 3077 redditur
1802 3040 1904 3076 non
1939 3039 2057 3090 gra-

491 3113 577 3178 tis,
639 3112 778 3166 unde
823 3114 989 3180 gratia
1045 3128 1241 3167 nomen
1289 3115 1493 3181 accepit
1537 3113 1880 3180 impenditur.
1928 3113 2054 3178 Quis

2165 1950 2276 2000 ces,
2309 1946 2361 1988 ut
2389 1936 2620 1990 cadaver
2648 1937 2829 1990 nescio
2857 1936 2994 2005 quod
3037 1937 3328 2004 indignum,
3361 1937 3730 2007 presbyterum

2165 2026 2264 2079 sibi
2293 2040 2396 2079 non
2426 2026 2852 2092 acquiescentem
2896 2025 3103 2090 audire,
3145 2027 3518 2081 communione
3554 2026 3732 2096 priva-

2147 2119 2282 2172 ret?
2309 2117 2576 2187 quomodo
2605 2117 2723 2170 talis
2750 2118 2832 2170 vel
2881 2125 3156 2184 susceptus
3189 2118 3256 2170 ab
3285 2117 3479 2186 aliquo,
3521 2118 3602 2170 vel
3628 2132 3728 2186 pa-

2167 2209 2356 2262 tienter
2383 2207 2595 2261 auditus
2622 2208 2739 2262 est?
2769 2205 2856 2276 qui
2895 2207 3109 2275 insuper
3135 2207 3278 2276 leges
3301 2207 3464 2273 dedit,
3502 2207 3730 2259 libenter

2172 2302 2184 2330 '
2216 2308 2491 2368 exceptus,
2524 2307 2583 2352 ut
2611 2300 2748 2353 servi
2776 2302 2864 2353 Dei
2894 2313 3014 2352 cum
3044 2299 3232 2366 puellis
3253 2299 3418 2353 sacris
3440 2315 3481 2351 Ct
3505 2314 3729 2366 ngrega-

2167 2389 2310 2442 tione
2355 2389 2767 2443 dedecorissima
2819 2389 3214 2443 miscerentur?
3241 2405 3358 2441 nata
3400 2403 3519 2442 cum
3568 2390 3728 2457 spiri-

2165 2481 2330 2533 tuales
2359 2480 2545 2544 animi,
2579 2480 2737 2533 etiam
2767 2495 2885 2533 cum
2911 2479 3081 2534 desint
3108 2479 3206 2533 ista
3229 2481 3514 2544 consortia,
3540 2480 3725 2547 imagi-

2165 2570 2327 2623 nariis
2356 2569 2674 2624 infestentur
2721 2568 3010 2634 illecebris,
3055 2569 3497 2638 quemadmodum
3533 2570 3726 2624 alterni

2163 2675 2322 2715 sexus
2366 2659 2580 2723 intuitu,
2616 2661 2634 2689 '
2663 2658 2752 2728 qui
2784 2657 2965 2713 illicite
3005 2660 3247 2714 nolentes
3289 2673 3392 2712 non
3431 2658 3725 2713 vehemen-

2163 2754 2265 2807 tius
2295 2747 2582 2806 incitentui'
2600 2752 2622 2805 ἲ
2643 2751 2829 2805 Adhuc
2854 2749 3023 2819 majus
3051 2751 3224 2804 scelus
3247 2751 3518 2814 accrescit,
3544 2760 3599 2804 ut
3622 2751 3724 2806 sub

2160 2851 2444 2910 conspectu
2475 2850 2529 2895 et
2560 2840 2840 2908 prtesentia
2868 2839 3221 2905 sacerdotum,
3259 2840 3426 2894 beata:
3452 2839 3726 2893 memoriae

2163 2934 2544 3002 Hieronymum
2566 2941 2726 2999 atque
2751 2931 3101 2999 Augustinum
3129 2931 3605 2984 ecclesiasticorum
3635 2929 3725 2983 lu-

2161 3024 2299 3077 mina
2337 3022 2731 3092 magistrorum,
2772 3038 2943 3074 musca
2989 3021 3255 3084 moritura,
3285 3018 3423 3074 sicut
3465 3019 3724 3089 scriptqu

2159 3125 2259 3180 est,
2287 3114 2632 3165 exterminans
2654 3112 2823 3165 oleum
2843 3113 3101 3164 suavitatis
3129 3109 3348 3179 (Eccles.
3379 3109 3459 3178 ι),
3487 3110 3725 3165 lacerare

489 3213 666 3256 autem
689 3202 880 3256 audeat
901 3201 1081 3256 dicere
1107 3203 1465 3262 Christianus.
1487 3202 1682 3270 aliquid
1713 3201 1908 3255 habere
1933 3203 2053 3256 ιιοηί
2083 3185 2128 3248 C
2159 3203 2528 3257 contenderet.
2560 3202 2665 3256 Sed
2695 3201 2820 3270 quid
2854 3201 3108 3255 miremur
3138 3199 3489 3253 Ecelesiarum
3521 3214 3725 3269 praesu-

489 3298 602 3346 sine
626 3295 814 3361 gratia,
837 3293 1050 3362 quando
1072 3293 1326 3362 magister
1348 3293 1581 3362 gentium
1615 3292 1830 3357 clamat,
1861 3304 2051 3346 cuncta

487 3384 724 3440 breviter
752 3387 801 3436 in
847 3399 906 3437 se
941 3383 1078 3437 dona
1116 3386 1444 3440 concludens
1477 3401 1493 3440 :
1525 3383 1702 3439 Gratia
1739 3384 1831 3438 Dei
1862 3403 1972 3438 sum
2001 3386 2056 3438 id

445 3517 450 3521 .
487 3475 621 3544 quod
646 3490 778 3538 sum,
805 3485 850 3527 cl
871 3476 1036 3542 gratia
1059 3477 1171 3544 cjus
1199 3476 1249 3528 in
1279 3492 1354 3530 me
1383 3493 1542 3530 vacua
1582 3493 1680 3529 non
1715 3477 1809 3544 fuit
1847 3475 1906 3547 (I
1933 3476 2030 3529 Cor

489 3566 620 3632 xv);
653 3574 708 3619 ut
732 3565 1035 3619 ostenderet
1066 3569 1190 3632 quia
1216 3569 1410 3620 donum
1441 3569 1625 3636 gratim
1651 3585 1753 3622 non
1782 3570 1894 3637 ipse
1927 3584 2052 3637 prte-

488 3658 728 3725 cesscrit,
777 3656 869 3711 sed
914 3655 1075 3710 fuerit
1127 3660 1476 3722 subsecutus;
1531 3669 1688 3727 atque
1734 3669 2055 3715 menswaiet

487 3755 885 3814 cooperatorem
916 3763 977 3805 se
1003 3763 1126 3804 esse
1155 3752 1339 3819 grazite
1368 3750 1741 3818 subsequentia
1773 3769 1786 3804 ε
1817 3752 1905 3805 sed
1943 3753 2054 3818 plus

487 3847 735 3910 omnibus,
785 3846 986 3913 inquit,
1030 3844 1135 3896 illis
1183 3843 1407 3896 laboraui
1451 3842 1715 3913 (Ibidem).
1757 3843 1833 3897 Ac
1871 3859 2054 3898 rursus

489 3937 689 3988 veritus
732 3950 799 3988 ne
837 3935 903 3988 de
947 3949 1004 3988 se
1053 3950 1375 4002 praesumere
1421 3933 1711 3995 videretur,
1765 3933 2049 4002 adjunxit:

485 4045 583 4080 non
612 4043 734 4096 ego,
777 4027 864 4078 sed
892 4028 1058 4096 gratia
1092 4028 1183 4080 Dei
1225 4045 1437 4082 mecum.
1485 4029 1596 4082 Non
1646 4029 1776 4083 divit
1812 4048 1824 4082 :
1866 4046 1966 4099 ego
1999 4039 2052 4083 et

482 4117 648 4186 gratia
681 4116 769 4170 Dei
793 4131 1028 4179 mecum;
1065 4116 1158 4170 sed
1187 4119 1714 4186 prmpowitgratiam
1741 4121 2047 4186 prteceden-

486 4217 590 4260 tem
618 4222 696 4272 se,
727 4216 882 4276 atque
907 4207 1199 4274 subjunxit.
1245 4205 1378 4272 Quid
1427 4216 1601 4260 autem
1656 4207 1839 4261 haberi
1886 4211 2051 4276 possit

483 4296 598 4348 sine
621 4295 811 4361 gratia,
843 4311 963 4348 cum
993 4295 1062 4348 sit
1102 4294 1232 4348 fides
1271 4296 1380 4362 ipsa
1413 4310 1508 4363 per
1552 4295 1812 4363 gratiam;
1859 4298 2045 4351 eodem

484 4383 723 4450 apostolo
754 4396 848 4435 nos
876 4383 1102 4436 docente
1129 4400 1139 4434 :
1174 4382 1572 4435 Misericordium
1597 4395 1893 4439 consecutus
1913 4404 2046 4451 sum,

482 4484 538 4526 ut
562 4473 725 4540 ﬁdelis
757 4489 914 4526 essem
943 4472 993 4538 (Ι
1022 4473 1152 4528 Tim.
1178 4474 1237 4543 t).
1273 4474 1378 4529 Nec
1405 4475 1546 4529 aliud
1575 4487 1657 4531 est
1685 4478 2042 4532 misericordia

483 4567 659 4617 divina
689 4580 846 4633 quam
875 4565 1063 4633 gratia.
1097 4568 1384 4620 Audiamus
1413 4570 1570 4622 etiam
1596 4570 2041 4637 quemadmodum

482 4656 730 4710 informat
761 4657 1049 4712 Ecclesium
1077 4674 1089 4710 :
1119 4658 1315 4720 Grata,
1361 4661 1547 4729 inquit,
1591 4660 1722 4713 salvi
1764 4661 1887 4729 [λι-ιε
1929 4665 2045 4716 estis

477 4765 572 4817 per
601 4748 748 4814 ﬁdem
780 4748 994 4816 (Ep/tes.
1023 4755 1111 4815 ιι);
1140 4762 1194 4804 ιιι
1226 4751 1540 4817 principium
1564 4751 1751 4804 salu1is
1779 4763 1830 4806 et
1860 4753 1982 4806 fidei
2015 4771 2044 4807 a

481 4852 645 4909 gratia
678 4841 907 4908 cmpisse
932 4842 1242 4917 dissereret,
1273 4845 1408 4896 sicut
1429 4852 1641 4898 secutus
1674 4845 1941 4898 adnectit:
1979 4845 2042 4898 Et

481 4943 578 4984 noc
607 4948 705 4984 non
729 4949 793 4985 ea:
811 4931 970 4996 vobis,
994 4935 1081 4985 sed
1104 4933 1195 4986 Dei
1219 4935 1407 4986 donum
1433 4942 1502 4985 est
1527 4950 1544 4997 ;
1576 4951 1675 4986 non
1702 4951 1764 4988 ea:
1791 4937 2042 5002 operibus,

484 5037 545 5073 ne
571 5023 682 5091 quis
705 5024 984 5077 extollatur
1010 5023 1222 5096 (lbid.).
1259 5024 1399 5077 Idem
1430 5024 1543 5092 ipse
1569 5024 1691 5078 alibi
1723 5027 2047 5094 generaliter

481 5123 537 5169 et
579 5117 821 5170 absolute
858 5121 1195 5185 pronuntiat,
1239 5116 1422 5170 dicens
1463 5133 1478 5170 :
1529 5115 1664 5181 Quid
1719 5120 1853 5170 enim
1894 5119 2045 5171 habes

481 5208 617 5277 quod
658 5223 758 5259 non
802 5210 1085 5275 accepisti?
1127 5210 1227 5261 Aut
1266 5210 1316 5262 si
1353 5209 1611 5278 accepisti,
1646 5211 1768 5278 quid
1803 5211 2043 5279 gloriaris

480 5300 627 5368 quasi
657 5315 755 5351 non
776 5301 1025 5365 acceperis
1060 5300 1107 5368 (1
1134 5301 1253 5355 Cor.
1283 5299 1397 5369 tv)?
1427 5302 1556 5367 Quis
1585 5301 1812 5355 sufficiet
1833 5303 2039 5371 singula

479 5391 797 5445 recensere?
825 5389 1014 5457 quibus
1048 5391 1323 5445 evidenter
1364 5404 1603 5460 apparet,
1641 5410 1742 5446 nun
1787 5395 2042 5448 naturalis

483 5483 743 5538 libertatis
758 5485 1032 5538 arbitrimn
1055 5487 1276 5552 gratiam
1304 5487 1614 5551 promereri,
1639 5487 1729 5539 sed
1753 5489 1926 5555 potius
1951 5503 1982 5555 p
2017 5501 2044 5541 r

479 5575 700 5641 gratiam
729 5577 983 5643 recipere,
1016 5585 1069 5626 ut
1096 5593 1122 5626 a
1153 5575 1427 5639 servitute,
1459 5591 1615 5644 quam
1641 5575 1906 5643 peccando
1929 5595 2042 5632 nte-

558 5694 571 5722 '
607 5691 763 5745 Forte
790 5704 1039 5760 exceptas.
1073 5693 1323 5747 "ADDUH.

2076 4523 2126 4582 D

2160 3296 2237 3351 les
2282 3295 2378 3350 ista
2421 3293 2708 3364 negligere,
2759 3306 2892 3359 quos
2935 3291 3075 3348 sicut
3103 3306 3133 3344 a
3181 3292 3362 3346 multis
3391 3291 3724 3358 audivimus,

2156 3398 2339 3442 contra
2372 3401 2605 3442 canones
2635 3385 2811 3438 omnia
2842 3399 3047 3453 gerere,
3072 3393 3128 3439 et
3155 3393 3339 3437 contra
3380 3382 3724 3451 apostolicam

2157 3481 2199 3554 (l
2225 3481 2342 3534 Cor.
2381 3482 2492 3546 xrv)
2522 3477 2856 3546 disciplinain
2889 3477 3084 3545 passim
3111 3485 3300 3529 cuneta
3331 3475 3574 3538 miscere,
3609 3491 3724 3528 ma-

2158 3572 2404 3625 nifestum
2431 3579 2545 3636 est;
2573 3584 2678 3623 non
2704 3568 2928 3622 servatis
2959 3565 3152 3635 regulis
3174 3566 3438 3630 ordinare,
3473 3565 3724 3634 liciteqne

2157 3678 2260 3715 non
2287 3661 2458 3714 solum
2503 3659 2816 3725 monachos,
2859 3656 2953 3711 sed
2992 3659 3151 3711 etiam
3182 3656 3451 3710 ministros
3479 3656 3724 3710 ecclesias

2155 3769 2274 3807 cum
2307 3753 2518 3806 feminis
2539 3751 2605 3805 ad
2637 3751 2912 3819 peregrina
2937 3749 3222 3817 migrantes
3243 3763 3483 3803 remeate
3511 3763 3721 3812 rnisns,

2157 3855 2206 3897 et
2233 3845 2300 3897 ab
2321 3844 2443 3896 aliis
2471 3843 2734 3910 episcopis
2775 3843 2826 3896 in
2869 3841 3110 3894 militiam
3139 3840 3354 3909 provehi
3385 3839 3723 3893 clericalem?

2155 3938 2284 4003 Qua:
2313 3953 2434 3991 cum
2463 3937 2666 4005 singula
2701 3935 2974 3990 toleranda
3018 3947 3120 3986 non
3154 3933 3280 3999 sint,
3311 3932 3429 4000 quis
3461 3930 3723 3986 sustineat

2157 4036 2233 4080 tot
2280 4036 2334 4080 et
2363 4027 2482 4079 talia
2517 4027 2580 4078 fat
2602 4027 2748 4079 inora
2781 4023 3098 4094 perpetrari.
3129 4022 3320 4089 quibus
3359 4021 3722 4088 spectaculum

2152 4117 2460 4186 gentilibus,
2489 4115 2706 4177 Judreis,
2738 4123 2792 4166 et
2837 4112 3100 4166 ha-rctieis
3139 4126 3242 4164 non
3289 4111 3551 4164 immerito
3578 4125 3722 4178 prm-

2157 4208 2361 4270 bentcs,
2393 4207 2442 4258 in
2476 4205 2645 4273 ipsum
2678 4203 2839 4272 (quod
2880 4203 3038 4271 absit)
3071 4203 3288 4256 tendere
3317 4201 3554 4254 videatur
3594 4201 3722 4255 reli-

2153 4299 2323 4368 gionis
2352 4297 2657 4351 excidium?
2684 4295 2946 4365 digneque
2987 4295 3082 4348 ista
3111 4292 3424 4348 facientibus
3449 4293 3720 4364 aptabitur

2154 4390 2238 4441 illa
2260 4387 2519 4441 sententia
2553 4385 2779 4440 dicentis
2807 4384 3042 4454 Apostoli
3071 4401 3082 4436 :
3120 4384 3318 4436 Nomen
3347 4383 3482 4435 enim
3510 4381 3603 4435 Dei
3629 4399 3722 4451 per

2154 4499 2236 4534 ros
2261 4480 2640 4546 blasphematur
2660 4477 2711 4528 in
2738 4475 2964 4547 gentibus
2988 4475 3160 4546 (Rom.
3186 4474 3268 4541 ιι).
3297 4473 3536 4529 Sufficiat
3560 4474 3722 4542 igitur

2155 4577 2411 4628 hactenus
2453 4574 2615 4625 fuisse
2643 4571 2755 4623 haec
2797 4568 3105 4633 commissa,
3131 4576 3268 4621 etut
3307 4566 3542 4634 placetur
3580 4564 3722 4620 Deus

2156 4669 2402 4723 Immanis
2440 4669 2594 4721 rebus
2623 4664 2903 4718 sollicitius
2933 4663 3110 4715 divina
3137 4669 3411 4714 curentur.
3449 4659 3719 4727 Nusquam

2156 4762 2255 4814 loci
2285 4773 2502 4827 prorsus
2532 4757 2830 4809 inveniatur
2874 4751 3106 4822 prmfatm
3136 4750 3299 4821 pestis
3329 4759 3584 4808 assertor.
3620 4765 3722 4803 nec

2155 4865 2427 4905 accessum
2461 4861 2676 4916 prorsus
2708 4845 2949 4899 ecclesia:
2989 4843 3070 4896 vel
3104 4855 3323 4911 usquam
3354 4840 3722 4908 participatin-

2154 4957 2274 4996 nem
2305 4940 2578 4993 catholica:
2621 4935 3014 4989 communionis
3047 4934 3280 4985 inveniat
3307 4931 3393 4998 qui
3445 4931 3722 4983 limrctico.

2154 5049 2269 5086 rum
2317 5031 2513 5084 mavult
2564 5029 2813 5095 subsequi
2861 5024 3060 5078 nefaria
3113 5021 3448 5092 professione
3493 5034 3720 5072 consor~

2157 5126 2321 5186 tintn;
2369 5133 2421 5175 et
2464 5121 2515 5173 hi
2562 5135 2682 5172 cum
2715 5117 2908 5186 quibus
2941 5125 3094 5168 antea
3143 5110 3455 5181 probabitur
3499 5113 3718 5163 noxium

2155 5214 2435 5269 mi-cuisse
2459 5211 2807 5278 colloquium,
2835 5208 2934 5261 nisi
2968 5205 3303 5272 resipiscunt,
3327 5213 3379 5255 et
3402 5201 3469 5255 ab
3490 5201 3608 5269 cjns
3633 5217 3716 5253 sn.

2152 5307 2348 5358 cietate
2389 5302 2692 5364 discedunt,
2739 5299 2806 5351 ab
2837 5295 3197 5350 ecclesiasﬁco
3235 5292 3426 5346 remoti
3475 5292 3718 5351 servius,

2152 5398 2339 5450 devota
2373 5392 2574 5445 ultione
2597 5391 2916 5456 plectantur,
2940 5400 3043 5454 quo
3072 5384 3280 5438 czeteris
3319 5383 3539 5436 cavendi
3566 5381 3717 5433 inini-

2152 5495 2350 5539 stretur
2381 5481 2705 5547 exemplum,
2741 5478 2939 5530 nullum
2970 5475 3145 5539 adeat,
3188 5490 3285 5528 nec
3314 5487 3530 5542 nsquam
3578 5472 3716 5538 loqui

2152 5583 2412 5634 damnata!
2459 5576 2583 5625 olitn
2635 5570 2978 5637 blasphemia:
3014 5569 3122 5636 jant
3172 5568 3409 5622 sinantnr
3448 5566 3716 5617 :discrcta

2225 5697 2244 5726 ¹
2273 5692 2426 5746 Forte.
2455 5688 2542 5739 etsi
2567 5685 2759 5736 illicite.
2797 5684 3049 5737 iisunum.
