3948 6314
164 448 213 502 ι,
776 464 779 465 κ
1316 414 1665 486 EPISTOLAS
1692 427 1793 497 ur
1836 423 2180 481 DECRETA.
2568 474 2571 477 λ
2994 446 2999 451 -
3312 423 3395 487 42

163 557 251 611 suis
274 532 670 609 habitationibus
712 551 947 609 virorum
986 554 1147 617 atque
1178 546 1524 611 feminarum,
1557 546 1695 601 sicut
1726 553 1780 607 Α
1808 544 1933 598 ﬁdei
1969 542 2245 598 catholica:
2291 558 2483 599 ncesse
2521 557 2861 613 comperero,
2896 559 2995 614 pro
3014 559 3144 617 meo
3174 547 3394 606 modulo

163 657 364 705 sanetum
402 646 732 715 pr0positum
777 642 953 706 decet,
996 642 1321 695 exerceatur
1362 638 1696 705 circumspe-

164 756 232 797 cta
268 741 476 796 devotio.
502 739 702 793 Contra
732 750 995 791 canonum
1021 732 1311 788 constituta
1344 731 1522 786 nullus
1545 729 1693 798 (Nic.

165 851 225 895 ιι,
244 832 319 904 l0)
346 831 404 886 ad
433 826 853 885 ecclesiasticum
880 825 1221 895 permittatur
1257 822 1349 894 [aL
1376 836 1694 891 promovea-

168 923 261 994 tur]
284 923 486 979 ofﬁcium
518 939 532 975 :
556 936 668 975 non
694 918 1019 989 ignoraturis
1042 917 1332 986 provinciae
1357 913 1698 982 uniuscujus-

167 1032 255 1085 que
281 1016 563 1079 rectoribus,
598 1027 701 1069 nec
730 1012 798 1067 de
838 1010 1124 1079 prmteritis
1164 1022 1222 1062 se
1266 1008 1477 1063 veniam
1514 1020 1702 1075 reper-

171 1120 297 1161 turos
323 1104 593 1168 erroribus,
642 1105 688 1157 si
740 1102 993 1170 deinceps
1032 1099 1491 1155 dissimulaverint
1529 1097 1699 1152 vitare

169 1196 417 1267 patefactus
444 1209 578 1249 :nec
618 1192 983 1248 excusationis
1024 1190 1093 1245 de
1123 1199 1321 1244 cretero
1368 1188 1702 1257 relinquetur

167 1290 364 1352 occasio,
403 1289 444 1341 si
484 1295 604 1354 post
643 1294 911 1354 praecepta
953 1284 1262 1353 praesentia,
1294 1297 1414 1352 qua:
1456 1296 1548 1349 per
1591 1282 1701 1335 Ro-

170 1381 335 1434 mulum
362 1378 660 1443 diaconum,
690 1376 843 1445 cujus
872 1374 1147 1429 solertiam
1177 1387 1275 1442 pro
1304 1371 1408 1427 ﬁde
1438 1370 1700 1426 catholica

170 1480 213 1523 et
242 1484 325 1539 pro
362 1469 612 1538 religione
664 1466 987 1536 vigilantiam
1033 1463 1338 1534 gratissime
1387 1463 1719 1531 comprobem

169 1575 284 1626 mus,
312 1559 546 1615 duximus
580 1556 901 1614 destinanda
930 1555 1171 1626 quisquis
1212 1568 1374 1623 super
1411 1552 1497 1607 bis
1534 1554 1708 1607 omni-

166 1654 244 1707 bus
266 1662 347 1706 aut
372 1661 707 1721 contemptor
732 1659 825 1705 aut
852 1649 1129 1719 negligens
1150 1647 1582 1717 deprehendetur
1611 1661 1709 1701 an-

167 1746 308 1799 tistes.
338 1745 478 1801 Sicut
506 1746 651 1800 enim
690 1744 756 1799 ad
806 1743 949 1799 sedis
986 1742 1299 1811 apostolica:
1336 1741 1706 1796 moderamina

172 1836 385 1905 pertinet,
410 1838 617 1890 cunctis
662 1834 1076 1889 sollicitudinem
1116 1832 1354 1888 debitam
1396 1831 1707 1885 ministrare

1766 644 1771 671 τ
1809 622 2239 703 suggestionibus
2290 634 2605 703 opportunis
2659 636 2910 704 supplere
2951 636 3237 693 contendo.
3276 639 3391 695 Dis-

1807 726 2123 796 pensatione
2163 727 2361 781 etenim
2389 726 2522 780 mihi
2553 725 2719 779 divini
2744 728 3006 782 sermonis
3037 728 3298 796 injuncta,
3320 746 3395 785 υω

1770 846 1775 849 ~
1806 819 1934 873 milii
1955 829 2045 883 est,
2072 822 2115 873 si
2144 836 2247 873 non
2278 820 2685 890 euangelizavero
2718 818 2773 889 (Ι
2803 820 2921 874 Cor.
2947 820 3056 891 ts)!
3083 821 3235 887 Quod
3272 838 3393 878 cum

1772 942 1773 945 η
1810 928 1901 966 vas
1944 913 2222 967 electionis
2270 914 2456 967 beatus
2497 913 2689 966 Paulus
2737 914 3008 982 apostolus
3051 914 3302 971 formidet
3341 927 3399 972 et

1808 1003 2022 1069 clamet,
2060 1005 2226 1058 multo
2258 1004 2426 1071 magis
2463 1003 2592 1057 tnihi
2623 1004 2813 1073 exiguo
2839 1004 3186 1059 metuendum
3219 1016 3321 1073 est,
3351 1008 3397 1061 si

1809 1096 2064 1152 divinitus
2093 1100 2111 1128 "
2144 1098 2494 1166 inspiratum,
2540 1104 2596 1150 et
2636 1108 2855 1165 paterna
2896 1097 3185 1153 devotione
3221 1108 3396 1153 trans-

1811 1191 2058 1255 missum,
2092 1192 2412 1245 subtraxcro
2451 1189 2803 1244 ministerium
2833 1190 3180 1259 praedicandi.
3216 1191 3395 1245 Pieta-

1812 1290 1919 1336 tem
1953 1292 2094 1336 tnam
2131 1297 2320 1348 precor
2350 1296 2417 1335 ne
2451 1281 2811 1349 arrogantiam
2840 1283 3049 1351 judices
3080 1284 3275 1339 divina:
3310 1300 3397 1339 ra-

1812 1370 1972 1425 tionis
1994 1371 2253 1426 ofﬁcium.
2286 1371 2460 1440 Absit,
2486 1387 2688 1441 quaeso,
2718 1388 2749 1426 a
2776 1372 3019 1428 Romano
3051 1374 3312 1445 principe,
3342 1384 3400 1431 ut

1772 1462 2113 1516 ‘intimatam
2164 1466 2275 1517 suis
2325 1464 2575 1519 sensibus
2604 1464 2886 1520 veritatem
2930 1466 3218 1523 arbitretur
3260 1470 3398 1537 inju-

1778 1574 1781 1577 ·
1814 1553 1967 1607 riam.
2007 1554 2119 1607 Duo
2150 1554 2171 1586 ⁸
2196 1554 2393 1623 quippe
2418 1564 2561 1617 sunt,
2597 1557 2888 1625 imperator
2914 1554 3174 1628 Auguste,
3206 1561 3400 1630 quibus

1814 1644 2185 1714 principaliter
2234 1646 2465 1701 mundus
2518 1647 2604 1702 hic
2646 1647 2850 1717 regitur
2882 1666 2896 1703 :
2923 1650 3211 1706 auctoritas
3248 1667 3401 1709 sacra

1817 1738 1909 1807 |Aal.
1943 1736 2176 1809 sacrata]
2209 1738 2542 1806 pontiﬁcum,
2579 1747 2633 1792 et
2662 1740 2859 1808 regalis
2886 1748 3146 1808 potestas.
3190 1742 3245 1797 In
3275 1745 3401 1812 qui-

1815 1826 1915 1880 bus
1961 1836 2106 1881 tant‘o
2149 1830 2364 1896 gravius
2409 1838 2492 1882 est
2542 1829 2751 1897 pondus
2798 1830 3161 1899 sacerdotum,
3203 1846 3403 1903 quanto

168 1934 485 1994 congruenter
518 1924 813 1990 Ecclesiis;
844 1925 917 1978 ita
944 1938 1168 1979 necesse
1207 1932 1312 1987 est,
1345 1930 1403 1975 ut
1431 1923 1485 1976 in
1516 1933 1707 1976 contu-
1738 1925 1788 1986 Β
1814 1923 1973 1976 etiam
2009 1936 2107 1989 pro
2137 1924 2266 1991 ipsis
2296 1923 2509 1992 regibus
2535 1927 2555 1957 ⁸
2586 1924 2816 1977 Domino
2846 1924 2898 1979 in
2931 1924 3114 1980 divino
3145 1927 3403 1985 reddituri

171 2032 320 2073 maces
345 2028 396 2072 et
429 2017 644 2073 desides
682 2017 931 2071 traditam
961 2017 1062 2071 sibi
1104 2016 1367 2071 divinitus
1412 2029 1519 2070 non
1551 2015 1709 2069 dissi-

170 2109 309 2164 mulet
331 2118 668 2178 potestatem.
695 2108 829 2163 Data
858 2107 1096 2163 calendis
1136 2106 1477 2171 Novembris,
1514 2104 1709 2160 Albino
1774 2114 1777 2117 ‘

170 2201 265 2256 viro
285 2200 573 2257 clarissimo
595 2202 819 2257 consule
845 2202 1010 2272 (anno
1035 2198 1235 2254 Christi
1261 2198 1410 2266 595).

657 2342 684 2370 κ
713 2330 1055 2387 ΕΡΙὸΤΟΙιΑ,
1084 2330 1215 2385 VIII.

475 2444 541 2482 AD
582 2440 916 2481 ANASTASIUM
956 2438 1328 2478 IMPERATORI“!
1338 2465 1352 2479 .

169 2512 405 2570 Prtmnissa
454 2519 781 2570 excusatione
827 2532 916 2567 cur
950 2515 1017 2567 ad
1046 2514 1407 2583 imperatorem
1448 2530 1549 2567 non
1586 2515 1714 2567 scri-

224 2590 376 2655 pserit,
407 2588 553 2640 illum
582 2592 816 2639 hortatur
840 2595 896 2638 ut
925 2588 1220 2655 apostolica:
1249 2586 1356 2638 sedi
1387 2585 1714 2654 obtemperet,

227 2665 285 2717 et,
308 2657 471 2709 Αωάὶ
511 2657 719 2712 nomine
760 2654 1026 2721 damnato,
1055 2654 1406 2709 Ecclesiarum
1435 2671 1613 2726 pacem
1636 2671 1715 2709 re-

225 2729 506 2781 stituendam
530 2737 699 2781 curet.

231 2842 243 2870 '
268 2840 505 2896 GelaSius
521 2844 809 2910 episcopus
834 2840 902 2895 ad
927 2840 1270 2895 Anastasium
1298 2843 1616 2911 Augustum.

225 2931 409 2987 Fatnuli
435 2943 631 2989 vestra:
657 2933 893 3001 pietatis,
926 2933 1022 2988 lilii
1051 2933 1176 2999 mei,
1205 2933 1435 2988 Faustus
1468 2936 1720 3004 magister

169 3024 447 3081 etlrenscus
489 3028 591 3081 viri
638 3027 896 3091 illustres,
928 3034 1088 3096 atque
1128 3040 1315 3081 eorum
1352 3028 1580 3081 comites
1624 3020 1721 3095 νυ-

170 3114 282 3171 blica
322 3120 578 3189 legatione
629 3122 930 3190 iungentes,
981 3121 1047 3173 ad
1097 3120 1292 3185 Urbem
1340 3122 1567 3187 reversi,
1614 3123 1722 3177 cle-

172 3210 391 3263 mentiam
419 3220 655 3267 vestram
700 3211 961 3280 quaesisse
1008 3211 1255 3266 dixerunt
1295 3210 1388 3283 [αι.
1418 3212 1717 3283 dicuntur].

1778 2020 1783 2023 '
1816 2023 1937 2066 sunt
1974 2016 2221 2067 examine
2248 2019 2531 2068 ratlonem.
2566 2015 2717 2069 Nosti
2742 2018 2962 2081 etenim,
2995 2020 3070 2071 ﬁli
3098 2021 3404 2075 clementis-

1817 2105 1972 2170 sime,
2004 2108 2143 2174 quod
2176 2106 2299 2160 licet
2330 2107 2620 2173 praesidens
2653 2107 3095 2178 humanogeneri
3122 2112 3402 2181 dignitate,

1818 2211 1998 2249 rerum
2026 2206 2201 2249 tamen
2226 2197 2543 2266 praesulibus
2565 2197 2863 2252 divinarum
2889 2200 3111 2254 devotus
3128 2202 3263 2256 cella
3281 2204 3406 2259 sub-

1819 2288 2007 2351 mittis,
2040 2297 2202 2357 atque
2238 2288 2304 2342 ab
2354 2289 2432 2343 eis
2475 2304 2664 2344 causas
2701 2300 2804 2344 tua:
2849 2291 3037 2347 salutis
3081 2295 3288 2364 expetis
3312 2296 3404 2366 [αι.

1820 2383 2148 2455 exspectas],
2178 2384 2339 2452 inque
2369 2386 2646 2439 sumendis
2676 2388 2987 2443 caelestibus
3028 2394 3406 2458 sacramentis,

1819 2474 2007 2542 eisque
2049 2476 2129 2541 {ut
2177 2476 2453 2545 competit)
2495 2477 2873 2546 disponendis,
2920 2480 3076 2534 subdi
3122 2490 3173 2536 te
3213 2483 3411 2541 debere

1821 2567 2101 2633 cognoscis
2153 2566 2431 2635 religionis
2479 2567 2669 2623 ordine
2719 2570 2894 2636 potius
2939 2586 3097 2639 quam
3156 2588 3410 2640 prmcsse.

1822 2657 1968 2711 N0~ti
2000 2657 2177 2727 itaque
2217 2659 2357 2713 inter
2380 2661 2513 2725 lucc,
2563 2675 2627 2715 ex
2676 2661 2888 2717 illorum
2933 2671 2983 2718 te
3014 2666 3412 2736 pendetejudi-

1823 2749 1929 2814 (io,
1974 2745 2077 2802 non
2115 2750 2235 2802 illos
2276 2750 2340 2803 ad
2378 2761 2523 2804 tuam
2566 2752 2703 2807 velle
2757 2753 2926 2823 redigi
2952 2755 3302 2813 voluntatem.
3356 2759 3414 2815 Si

1826 2840 1994 2907 enim,
2033 2851 2290 2910 quantum
2335 2842 2400 2895 ad
2450 2843 2694 2921 ordinem
2739 2848 2969 2913 pertinet
2999 2847 3415 2921 publicm‘disci-

1825 2933 2005 3000 plinte,
2039 2943 2429 3000 cognoscentes
2453 2915 2741 3003 imperium
2778 2937 2871 3013 tibi
2917 2915 3152 3005 superna
3183 2941 3414 3010 disposi-

1828 3024 1973 3078 tione
2001 3024 2281 3088 collatum,
2317 3024 2520 3093 legibus
2559 3025 2662 3079 tuis
2702 3026 2802 3094 ipsi
2829 3042 3042 3096 quoque
3072 3040 3263 3098 parent
3291 3034 3417 3088 reli-

1825 3117 2000 3187 gionis
2039 3118 2326 3180 antistites,
2364 3132 2429 3170 ne
2459 3117 2540 3170 vel
2574 3118 2625 3170 in
2670 3118 2830 3172 rebus
2856 3121 3141 3175 mundanis
3182 3123 3418 3179 exclusa:

1828 3210 2114 3263 videantur
2140 3209 2359 3263 obviare
2389 3209 2707 3275 sententias;
2737 3226 2845 3279 quo
2870 3211 3049 3282 (rogo)
3074 3212 3137 3267 te'
3154 3213 3307 3271 decet
3334 3217 3420 3270 al-

173 3313 253 3354 cnr
277 3302 334 3355 ad
370 3320 461 3358 vos
498 3318 641 3359 mea:
678 3303 1014 3358 salutationis
1054 3303 1256 3373 scripta
1306 3320 1410 3359 non
1454 3305 1713 3359 miserim.
1747 3301 1793 3364 C
1826 3302 1964 3356 I‘ectu
1998 3302 2076 3356 eis
2124 3301 2367 3366 obedire,
2418 3304 2505 3371 qui
2551 3317 2648 3372 pro
2697 3304 2985 3374 erogandis
3023 3308 3420 3381 venerabilibus

175 3388 270 3444 Non
305 3409 437 3461 meo,
468 3395 664 3460 lateor,
699 3394 975 3460 instituto;
1006 3395 1101 3449 sed
1132 3409 1251 3449 cum
1294 3395 1486 3451 directi
1513 3397 1718 3450 dudmn

175 3484 234 3537 de
256 3486 474 3553 partibus
501 3486 742 3540 Orientis
779 3485 863 3540 vel
901 3485 1114 3540 videndi
1157 3487 1571 3552 melicentiam,
1625 3488 1727 3542 sibi

178 3576 339 3629 vestris
360 3578 1171 3648 praeceptionibusabnegatam.
1202 3588 1313 3634 tota
1347 3578 1494 3635 Urbe
1521 3580 1729 3649 disper-

179 3666 339 3733 serint,
365 3684 391 3722 a
430 3671 632 3727 litteris
662 3669 867 3725 credidi
906 3670 1338 3739 temperandum,
1373 3687 1439 3726 ne
1466 3664 1730 3725 onerosus

181 3759 330 3823 potius
347 3776 493 3828 quam
526 3761 810 3816 ofﬁciosus
843 3760 1153 3817 existerem.
1185 3761 1395 3816 Videtis
1432 3762 1594 3831 igitur
1621 3776 1727 3816 non

183 3861 282 3904 mea
330 3852 752 3909 dissimulatione
811 3853 1167 3924 provenisse,
1221 3855 1317 3911 sed
1369 3854 1730 3924 competentis

184 3938 322 3997 luisse
343 3947 579 4013 cautelae,
624 3959 693 3999 ne
716 3944 1093 4014 respuentibus
1129 3945 1322 4000 animis
1354 3946 1628 4001 molestias
1657 3946 1731 3999 ir-

184 4040 413 4100 togarem.
463 4036 571 4092 Sed
635 4037 728 4092 ubi
780 4038 1084 4093 serenitatis
1142 4047 1248 4091 tute
1300 4036 1729 4091 benevolentiam

182 4124 403 4191 comperi,
434 4127 669 4194 praelatis
695 4127 1078 4194 indicantibus,
1108 4126 1426 4181 humilitatis
1457 4121 1590 4181 mete
1618 4126 1729 4179 cle-

187 4223 361 4269 menter
388 4219 653 4287 expetisse
704 4232 1034 4283 sermonem,
1078 4218 1188 4287 jam
1218 4216 1727 4286 revera'perpendi,

196 4302 212 4330 ’
234 4302 573 4373 imputandum
607 4321 711 4362 non
739 4309 1007 4362 immerito
1030 4307 1183 4369 mihi,
1217 4307 1261 4361 si
1288 4316 1518 4362 tacerem
1539 4306 1729 4376 ;‘quia,

190 4390 384 4459 gloriose
427 4398 521 4463 ﬁli,
552 4399 574 4430 ³
602 4408 653 4453 te
683 4400 822 4454 sicut
869 4400 1150 4477 Romanus
1175 4396 1269 4471 [αι.
1310 4397 1516 4469 Romae]
1545 4409 1727 4464 natus,

195 4483 451 4542 Romanum
483 4490 777 4560 principem
808 4505 951 4556 amo,
983 4493 1123 4555 colo,
1157 4490 1180 4520 ⁸
1201 4491 1466 4559 suscipio;
1496 4499 1551 4545 et
1594 4491 1734 4545 sicut

194 4571 507 4648 Christianus,
540 4596 663 4635 cum
694 4595 759 4636 eo
786 4583 874 4651 qui
898 4584 1070 4636 zelum
1098 4581 1195 4636 Dei
1226 4582 1405 4643 habet,
1437 4583 1730 4637 secundum

1832 3404 1956 3449 sunt
1981 3394 2224 3447 attributi
2268 3395 2580 3464 mysteriis?
2611 3395 2841 3451 Proinde
2878 3398 3017 3452 sicut
3057 3415 3163 3454 non
3196 3401 3314 3458 leve
3334 3402 3421 3458 di-

1832 3486 2064 3540 scrimen
2098 3487 2357 3540 incumbit
2389 3487 2726 3554 pontiﬁcibus
2748 3529 2763 3553 ,
2795 3488 3011 3546 siluisse
3038 3505 3135 3561 pro
3164 3490 3422 3550 Divinita-

1832 3577 1901 3629 tis
1929 3577 2098 3641 cultu,
2122 3576 2264 3645 quod
2292 3577 2565 3645 congruit;
2597 3578 2667 3632 ita
2696 3577 2780 3633 his
2798 3578 2963 3649 (quod
2986 3580 3147 3654 absit)
3180 3578 3286 3639 non
3308 3602 3423 3643 me-

1800 3674 1801 3677 ‘
1832 3666 2017 3721 diocre
2043 3668 2338 3736 perieulum
2382 3676 2486 3735 est,
2516 3668 2628 3738 qui,
2654 3684 2775 3723 cum
2812 3684 3002 3739 parere
3033 3666 3285 3743 debeant,
3325 3678 3423 3733 de-

1833 3755 2083 3826 spiciunt.
2120 3759 2184 3811 Et
2210 3760 2253 3812 si
2284 3759 2492 3813 cunctis
2518 3760 2842 3828 generaliter
2870 3758 3245 3819 sacerdotibus
3272 3776 3421 3823 recte

1834 3852 2013 3904 divina
2062 3851 2438 3913 tractantibus,
2494 3851 2729 3904 lidelium
2782 3852 3033 3905 convenit
3080 3850 3255 3923 corda
3294 3842 3425 3913 sub-

1834 3944 1994 4006 mitti,
2020 3952 2219 4011 quanto
2246 3945 2423 4009 potius
2452 3940 2595 3995 sedis
2616 3940 2757 3995 illius
2781 3942 2999 4009 praesuli
3023 3940 3319 4002 consensus
3340 3958 3426 4005 est

1834 4033 2191 4098 adhibendus,
2225 4046 2384 4103 quem
2414 4030 2621 4086 cunctis
2666 4033 3039 4090 sacerdotibus
3079 4045 3134 4092 et
3164 4037 3425 4097 Divinitas

1835 4141 2039 4180 summa
2082 4127 2247 4180 voluit
2284 4128 2658 4195 prmeminere,
2700 4135 2755 4182 et
2798 4124 3130 4197 subsequens
3169 4126 3426 4193 Beelesia:

1835 4221 2102 4289 generalis
2136 4220 2337 4289 jugiter
2366 4223 2536 4287 pietas
2590 4220 2925 4274 celebravit?
2975 4221 3075 4277 Ubi
3117 4216 3301 4293 pietas
3336 4237 3428 4285 tua

1836 4313 2115 4369 evidenter
2161 4312 2408 4377 advertit,
2465 4326 2735 4379 nunquam
2784 4311 3027 4381 quolibet
3068 4315 3281 4383 penitus
3328 4317 3429 4375 ltu~

1839 4420 2000 4461 mano
2030 4404 2255 4460 consilio
2285 4404 2499 4458 elevare
2526 4419 2586 4458 se
2616 4419 2935 4474 quemquam
2969 4420 3129 4475 posse
3155 4408 3297 4465 illius
3320 4413 3430 4482 pri-

1840 4498 2035 4565 vilegio
2065 4497 2150 4550 vel
2192 4495 2517 4550 confessioni
2543 4535 2557 4560 ,
2596 4511 2754 4563 quem
2805 4496 3004 4551 Christi
3044 4513 3145 4553 vox
3195 4490 3432 4569 prmtulit

1840 4589 2125 4651 universis.
2148 4596 2306 4657 quem
2332 4588 2569 4642 Ecclesia
2603 4589 2906 4644 veneranda
2937 4592 3182 4647 confessa
3214 4608 3428 4665 semper

197 4667 432 4725 scientiam
474 4673 715 4727 veritatis
745 4673 768 4704 ⁸
789 4673 989 4727 habere
1018 4673 1269 4728 desidero
1303 4691 1314 4724 :
1345 4682 1399 4727 et
1427 4675 1735 4742 qualiscun-
1762 4664 1817 4723 D
1844 4692 1947 4747 est,
1992 4690 2046 4736 et
2087 4680 2247 4734 habet
2295 4679 2485 4733 devota
2516 4680 2822 4748 primatem.
2853 4680 3041 4748 lmpeti
3081 4695 3306 4750 possunt
3334 4664 3432 4741 hu-

197 4770 277 4824 que
300 4763 595 4829 apostolica:
640 4764 786 4819 sedis
825 4765 1080 4830 vicarius,
1118 4765 1139 4795 ⁸
1174 4764 1530 4835 quodcunque
1560 4767 1737 4837 plenae

257 4932 276 4957 ³
299 4924 580 5000 Cumcirca
605 4927 769 5000 ﬁnem
793 4928 917 5000 anni
940 4927 1381 4982 495Theodorici
1412 4929 1551 4997 regis
1580 4930 1737 5000 legati

158 5018 171 5031 ι
202 4989 615 5067 llonsmntinopoli
654 4998 1026 5061 revertissent,
1078 5008 1237 5065 atque
1282 5013 1344 5050 ea
1381 4989 1500 5067 (μιίῦ
1545 4989 1743 5055 abim-

207 5076 407 5126 peratore
435 5069 718 5122 Anastasio
746 5079 1062 5136 acceperant
1094 5067 1307 5122 Gelasio
1338 5085 1486 5136 papa:
1512 5072 1744 5124 nuntias-

208 5136 447 5207 sent,_ipse
479 5139 722 5192 Gelasius
766 5140 1147 5207 apologeticam
1180 5141 1462 5205 epistulam
1510 5142 1646 5193 hanc
1678 5143 1742 5195 ad

204 5204 414 5277 eumdem
441 5209 772 5263 Anastasium
802 5204 1151 5275 conscripsit,
1181 5204 1298 5277 qua:
1344 5209 1393 5260 in
1435 5212 1745 5275 capitulari-

208 5269 294 5350 bus
314 5278 443 5342 regni
467 5277 787 5350 Francorum
813 5280 1008 5333 citatur
1031 5269 1210 5344 Iibﬁv,‘
1232 5295 1350 5347 cap.
1388 5269 1627 5350 lﬁ'i’Illis
1658 5282 1743 5334 lit-

206 5349 316 5420 teris
344 5349 629 5410 persuaderi
663 5364 768 5403 non
798 5350 988 5419 potuit,
1022 5358 1079 5402 ut
1115 5361 1322 5420 remoto
1352 5349 1527 5413 obice,
1562 5351 1745 5405 Eccle-

204 5424 281 5465 sns
307 5420 529 5472 unionem
558 5428 614 5473 et
632 5434 821 5489 pacem
852 5420 1122 5474 redderet.
1144 5419 1358 5474 Obstitit
1391 5420 1742 5488 Euphctnius,

205 5604 225 5643 ε
305 5523 398 5587 AL,
439 5524 816 5583 Gloriosiuimo
856 5530 1153 5600 imperatori
1199 5531 1467 5583 Anastasio
1509 5528 1741 5584 Gelasius

228 5609 450 5643 DlSCODﬂx-
888 5610 891 5613 ’

253 5609 450 5649 13601188.
888 5610 891 5613 ’

253 5610 339 5645 tsco
376 5612 450 5649 us.
888 5610 891 5613 ’

226 5610 463 5741 picgdex
490 5666 712 5741 Capituli
744 5668 1068 5723 Veronensis
1092 5680 1452 5738 pervetttstus,
1485 5688 1605 5727 cum
1631 5689 1737 5741 quo

206 5732 365 5811 collata
393 5745 473 5790 est
490 5732 616 5811 haec
641 5741 886 5811 epistola,
914 5741 1037 5809 legit
1063 5732 1426 5811 reputantium.

264 5802 281 5832 ³
308 5805 373 5857 Id.
406 5808 549 5869 eod.,
577 5816 618 5859 et
640 5802 787 5862 sicut.

268 5884 279 5899 °
308 5873 376 5930 Id.
405 5877 524 5929 cod.
554 5881 788 5945 suspicio.

456 5973 720 6048 Panos.
768 5975 928 6036 LIX.

1846 4772 2019 4829 manis
2051 4771 2550 4842 praesumptionibus
2574 4786 2691 4840 qua:
2712 4769 2894 4825 divino
2915 4780 3039 4826 sunt
3065 4772 3269 4841 judicio
3301 4791 3432 4832 con-
3480 4802 3485 4807 -

1850 4946 2099 4987 asserens
2120 4931 2189 4984 ab
2212 4930 2500 4999 apostolica
2529 4929 2659 4983 sede
2679 4928 2843 4996 magis
2868 4929 3107 4999 exerceri
3145 4929 3433 4983 vindictam

1850 5004 1991 5068 quod
2024 5002 2090 5054 ah
2118 4997 2313 5055 Acacio
2342 5010 2519 5067 spreta
2550 5008 2713 5065 esset,
2738 4997 3170 5068 qnamjus‘titiam
3199 5000 3434 5054 defendi.

1856 5066 2148 5138 Epistulam
2176 5066 2429 5139 scriptam
2452 5085 2572 5125 esse
2588 5085 2726 5122 anno
2752 5068 3089 5139 pontiﬁcatus
3111 5066 3304 5122 Gclasii
3333 5083 3437 5124 ter-

1854 5135 1946 5207 tio,
1973 5144 2062 5209 qui
2091 5151 2172 5197 est
2194 5135 2391 5195 Chrisd
2423 5140 2549 5197 494.
2576 5153 2733 5209 exeo
2754 5135 3179 5209 colligiturquod
3207 5142 3435 5193 AlmS'a-

1850 5214 1961 5267 sius
1993 5207 2094 5265 hoc
2118 5223 2358 5278 tempore
2384 5226 2441 5264 se
2468 5207 2853 5278 Euty‘chianum
2877 5221 2998 5261 esse
3030 5207 3363 5273 Itmreticum,
3388 5221 3440 5263 et

1810 5325 1817 5330 .
1854 5283 2244 5350 Acephalorum
2287 5291 2447 5335 svctuc
2476 5277 2797 5349 signiferum
2839 5277 3065 5332 necdum
3107 5280 3389 5334 declararit
3424 5298 3433 5331 ε

1853 5368 2010 5422 quem
2042 5360 2253 5406 constat
2292 5365 2432 5403 anno
2458 5359 2718 5422 sequente
2741 5351 2893 5422 virus
2923 5352 2974 5402 in
3003 5358 3218 5418 pectore
3258 5353 3438 5404 occul-

1852 5419 2016 5477 tatum
2043 5424 2198 5491 plane
2228 5422 2547 5477 evomuisse.
2578 5420 2703 5475 δεῖν.
2740 5419 2937 5472 BINIUS.

1922 5536 1941 5565 ⁵
1978 5533 2157 5595 Forte,
2190 5549 2366 5601 pacem
2406 5532 2605 5603 habere.
2638 5533 2898 5585 Ilanoum.

1922 5605 1941 5633 θ
1974 5604 2082 5665 AL,
2111 5602 2247 5670 quod
2273 5605 2556 5670 ubicunque
2584 5604 2750 5668 plene.
2941 5655 2951 5663 ,

1925 5676 1943 5703 ⁷
1978 5674 2049 5725 Id.
2081 5674 2224 5731 Ct;d.,
2256 5674 2621 5737 inspirata.....
2652 5671 2971 5725 transmisso.
3126 5703 3131 5708 ν

1921 5748 1940 5773 ⁸
1969 5744 2091 5796 ΗίΡο
2137 5744 2399 5796 sententia
2433 5742 2743 5797 citaturlib.
2781 5756 2809 5790 v
2842 5741 3105 5806 Capitul.,
3136 5756 3186 5796 c.
3227 5741 3347 5807 167,
3383 5749 3441 5796 et

1851 5814 1916 5865 ab
1951 5815 2237 5867 IIiIICtttarn
2265 5829 2447 5878 opnse.
2483 5816 2534 5873 ll,
2576 5829 2625 5866 ι).
2661 5816 2747 5868 239.
2782 5810 3042 5864 “annum.

1919 5888 1938 5916 ⁹
1974 5885 2048 5937 Id.
2079 5886 2231 5947 eud.’,
2270 5885 2549 5935 Itomiumn.

3083 5970 3126 6031 2
