3948 6314
898 217 940 264 i.

3343 183 3449 200 ..‘.r‘

567 275 640 336 ts
901 251 940 264 ”
996 251 1010 266 ³
1132 305 1134 307 μ
1587 282 1592 286 ·
1931 266 2199 326 causa
2238 268 2438 326 Papa;
2477 271 2494 324 l
3779 277 3849 331 μ

521 451 524 456 _
569 391 774 458 stituta,
801 387 943 442 vinct
972 392 1150 441 autem
1179 381 1540 454 quorumlibet
1569 389 1835 453 potestate
1875 395 1978 436 non
2019 396 2148 451 pos-
2175 388 2227 444 Α
2257 354 2418 452 posse
2444 383 2784 456 conﬁdimus)
2807 385 2912 440 tale
2941 383 3137 455 aliquid
3159 381 3487 464 proveniret,
3513 383 3532 415 ³
3559 384 3702 439 unde
3735 387 3848 439 cui-

572 490 715 540 sunt.
747 482 924 552 Atque
958 478 1162 540 utinam
1189 478 1270 532 sic
1301 484 1485 532 contra
1517 473 1812 534 nitentibus
1843 473 2149 543 perniciosa

576 589 681 630 non
707 573 776 630 sit
804 572 1046 638 audacia,
1077 567 1544 642 quemadmodum,
1571 565 1713 636 quod
1746 564 1814 619 ab
1842 565 1956 634 ipso
1984 579 2150 620 sacrae

575 664 850 735 religionis
877 671 1094 719 auctore
1118 658 1393 730 praeﬁxum
1425 667 1528 724 est,
1569 672 1676 712 non
1703 665 1880 725 potest
1910 656 2018 710 ulla
2047 656 2154 708 vir-

577 766 688 812 tute
727 754 961 812 convelli
987 770 1000 806 :
1023 750 1424 807 Firmamentum
1461 750 1599 803 enim
1638 746 1732 800 Dei
1767 755 1866 800 stat
1899 742 1988 816 (II
2018 743 2149 797 Tim.

578 844 1067 919 it)..Nunquidnam
1107 857 1228 898 cum
1260 839 1524 909 aliquibus
1553 838 1802 892 intestata
1834 836 2022 904 religio
2049 844 2150 900 est,

580 943 596 972 ¹
624 948 1032 1011 quantacunque
1063 934 1236 1006 potuit
1264 923 1505 987 novitate
1542 929 1804 998 superari,
1835 936 1888 984 et
1909 942 2015 980 non
2044 941 2156 981 ma-

576 1033 657 1103 gis
702 1031 804 1086 hnc
839 1029 1033 1084 invicta
1077 1023 1390 1095 permansit,
1439 1037 1547 1092 quo
1576 1020 1838 1086 azstimata
1868 1029 1951 1072 est.
1995 1031 2158 1088 posse

577 1120 962 1180 succumbere?
1007 1118 1265 1174 Desinant
1305 1128 1432 1184 ergo
1478 1113 1684 1184 (quaeso
1722 1109 1797 1182 te)
1828 1110 2156 1179 temporibus

581 1220 684 1274 tuis
707 1217 922 1288 quidam
951 1228 1044 1285 per
1075 1210 1414 1266 occasionem
1441 1205 1863 1278 perturbationis
1900 1202 2158 1258 ecclesia-

577 1311 727 1366 sticae
754 1305 1151 1379 praecipitanter
1172 1301 1378 1357 ambire
1402 1312 1524 1368 qua:
1550 1311 1657 1352 non
1689 1297 1710 1326 ³
1738 1294 1886 1358 licet,
1903 1307 1970 1348 ne
1993 1301 2048 1347 et
2069 1291 2156 1346 illa

580 1415 700 1470 qum
730 1398 871 1453 male
890 1401 1149 1466 appetunt
1177 1390 1484 1448 nullatenus
1513 1385 1940 1458 apprehendant,
1969 1392 2025 1438 et
2045 1397 2159 1437 mo-

581 1492 707 1544 dum
752 1504 906 1544 suum
959 1483 1099 1556 apud
1148 1484 1311 1538 Deum
1363 1489 1418 1534 et
1473 1477 1718 1534 homines
1763 1489 1870 1530 non
1919 1482 2157 1530 teneant.

582 1584 917 1651 Quapropter
957 1576 1058 1632 sub
1083 1581 1375 1643 conspectu
1422 1571 1516 1626 Dei
1557 1584 1690 1640 pure
1715 1581 1778 1623 ac
1808 1567 2019 1622 sincere
2048 1564 2162 1634 pie-

583 1683 747 1729 tatem
779 1681 920 1727 tuam
953 1657 1234 1738 deprecor,
1266 1664 1504 1719 obtestor
1533 1669 1586 1716 et
1629 1660 1903 1723 exhortor,
1944 1667 2002 1712 ιιι
2026 1657 2162 1726 peti-

2258 491 2419 544 quam
2441 477 2692 534 resistere
2713 477 3036 532 auderemus
3064 475 3271 541 errori;
3286 474 3372 530 vel
3389 474 3531 530 unde
3551 479 3850 530 correctio-

2261 583 2381 623 nem
2424 567 2728 622 errantibus
2777 566 3156 636 poseereus?
3199 566 3432 622 Proinde
3461 567 3506 620 si
3539 567 3717 634 pietas
3759 577 3850 621 tua

2262 661 2418 716 unius
2445 661 2680 717 civitatis
2708 661 2962 731 populum
2990 671 3148 730 negat
3174 675 3338 730 posse
3363 661 3385 691 "
3413 674 3546 730 pace
3569 664 3850 730 componi,

2260 750 2388 819 quid
2418 766 2514 806 nos
2543 753 2608 808 de
2632 755 2794 809 totius
2819 753 2966 807 orbis
2997 763 3260 807 terrarum
3287 767 3473 807 sumus
3494 753 3854 808 universitate

2261 839 2473 904 facturi,
2523 844 2567 897 si
2601 844 2764 914 (quod
2815 844 2976 911 absit)
3008 853 3189 898 nostra
3217 842 3375 898 fuerit
3401 845 3854 913 praevaricatione

2261 932 2550 1002 deceptus?
2596 935 2651 990 Si
2705 945 2846 990 totus
2874 944 3148 989 correctus
3195 941 3279 988 est
3319 934 3568 997 mundus,
3619 934 3852 1000 profana

2264 1033 2472 1091 patrum
2523 1039 2740 1082 suorum
2792 1025 3083 1079 traditione
3110 1024 3386 1094 despecta,
3419 1025 3695 1092 quomodo
3745 1042 3853 1080 min

2264 1114 2561 1183 corrigatur
2590 1115 2744 1170 unius
2772 1115 3001 1170 civitatis
3033 1115 3280 1184 populus,
3327 1115 3374 1169 si
3411 1115 3728 1184 praedicatio
3751 1117 3854 1174 ﬁda

2266 1205 2356 1275 lat.
2403 1205 2547 1277 ﬁdei]
2575 1207 2868 1264 succedat?
2905 1207 3066 1277 Ergo,
3099 1208 3334 1277 gloriose
3367 1208 3688 1276 imperator,
3727 1213 3856 1266 nolo

2266 1312 2366 1366 ego
2418 1297 2514 1370 [αι.
2562 1314 2665 1354 non
2709 1297 2940 1370 neglige]
2990 1299 3352 1354 Ecelesiarum
3408 1314 3617 1370 paceni,
3667 1319 3856 1372 quam,

2267 1388 2479 1446 etiamsi
2508 1405 2630 1444 eum
2658 1391 2762 1445 mei
2787 1390 3064 1458 sanguinis
3111 1391 3383 1458 impendio
3411 1392 3700 1460 provenire
3731 1410 3856 1462 pos-

2266 1487 2368 1546 set,
2404 1481 2700 1548 amplector
2725 1480 2818 1551 lui.
2865 1480 3217 1551 amplectar]?
3249 1480 3353 1535 Sed
3387 1483 3600 1553 (precor
3631 1485 3711 1554 te)
3760 1501 3855 1538 eu-

2263 1573 2497 1642 jusmodi
2525 1574 2714 1630 debeat
2736 1588 2858 1629 esse
2889 1589 2987 1641 pax
3017 1575 3151 1643 ipsi,
3180 1589 3283 1628 non
3315 1586 3599 1644 utrunque,
3637 1578 3736 1631 sed
3771 1594 3858 1632 ve-

2270 1669 2465 1722 raciter
2504 1665 2798 1722 christiana
2844 1675 3024 1721 mente
3064 1667 3343 1722 libremus.
3389 1669 3672 1734 Quomodo
3712 1673 3859 1725 enim

582 1769 784 1824 tionem
828 1778 1004 1822 meam
1052 1777 1157 1815 non
1193 1753 1537 1827 indignanter
1572 1753 1845 1823 accipias:
1877 1765 2030 1820 ΐοΒον
2077 1748 2162 1803 ίη·
2195 1758 2246 1818 Β
2274 1766 2451 1827 potest
2481 1773 2601 1814 esse
2645 1774 2743 1826 pax
2777 1774 2901 1812 vera
2939 1759 3024 1813 cui
3055 1758 3261 1812 caritas
3312 1761 3625 1813 intemerata
3669 1761 3860 1816 delum

583 1873 766 1931 quam,
799 1865 857 1910 ut
877 1870 964 1910 me
993 1854 1045 1907 in
1075 1852 1174 1908 hac
1201 1851 1307 1904 vita
1339 1848 1518 1919 potius
1544 1844 1729 1900 audias
1757 1843 2161 1912 deprecantem,

583 1963 740 2020 quam
771 1943 938 2021 (quod
971 1941 1131 2011 absit)
1158 1944 1209 1995 in
1240 1939 1420 1993 divino
1446 1937 1650 2007 judicio
1679 1934 1879 1988 sentias
1906 1943 2162 1986 accusan-

584 2049 717 2096 tem.
752 2037 860 2091 Nec
885 2049 972 2090 me
995 2034 1144 2099 latet,
1178 2033 1468 2098 imperator
1496 2029 1753 2095 Auguste,
1781 2022 1922 2094 quod
1949 2021 2166 2092 pietatis

535 2131 538 2136 ’
582 2142 690 2186 tua:
731 2127 964 2183 studium
993 2121 1156 2178 fuerit
1193 2123 1245 2175 in
1293 2121 1500 2190 privata
1543 2120 1672 2170 vita.
1702 2116 1911 2186 Optasti
1955 2126 2167 2180 semper

583 2219 698 2276 ﬁeri
761 2216 1032 2286 particeps
1102 2210 1473 2282 promissionis
1527 2216 1767 2261 aeternae.
1830 2207 2168 2274 Quapropter

583 2309 717 2374 noli,
744 2319 959 2377 precor,
989 2303 1144 2357 irasci
1177 2300 1332 2364 mihi,
1377 2299 1421 2352 si
1450 2307 1501 2350 te
1533 2306 1736 2350 tantum
1779 2295 1964 2364 diligo,
1999 2307 2048 2347 ut
2083 2308 2169 2347 re-

537 2476 540 2479 _
583 2419 770 2478 gnum,
801 2400 946 2473 quod
986 2395 1351 2466 temporaliter
1385 2399 1660 2447 assecutus
1690 2405 1769 2456 es,
1799 2390 1958 2444 velim
1990 2397 2042 2442 te
2072 2389 2170 2440 ha-

582 2497 715 2552 bere
760 2501 1098 2564 perpetuum,
1134 2496 1189 2543 et
1215 2486 1306 2556 qui
1350 2486 1583 2552 imperas
1628 2480 1846 2546 saeculo,
1883 2479 2054 2548 possis
2085 2494 2170 2533 re-

584 2601 750 2658 gnare
781 2599 902 2637 cum
935 2579 1170 2635 Christo.
1218 2577 1348 2630 Tuis
1389 2582 1535 2628 certe
1584 2572 1809 2642 legibus,
1858 2574 2165 2638 imperator,

585 2675 787 2748 pateris
827 2673 959 2728 nihil
988 2670 1186 2742 perire,
1225 2669 1466 2721 llomano
1503 2663 1701 2718 nomini
1729 2662 1823 2735 [αι.
1857 2660 2032 2729 perire
2061 2659 2170 2712 Ro-

587 2784 745 2824 mano
777 2763 1003 2836 nomini]
1034 2763 1236 2817 nullum
1282 2757 1518 2813 admittis
1561 2755 1735 2825 ingeri
1761 2754 2165 2809 detrimentum.

536 2851 542 2858 ’
583 2861 731 2917 Itane
759 2872 945 2915 verum
990 2865 1092 2922 est,
1145 2853 1393 2924 princeps
1437 2848 1674 2920 egregie,
1706 2847 1800 2916 qui
1841 2860 1944 2900 non
1994 2844 2168 2898 solum

539 2944 545 2950 ’
586 2950 870 3023 praesentia
909 2948 1106 3004 Christi
1135 2943 1418 3008 beneﬁcia,
1449 2942 1542 2998 sed
1573 2939 1849 2996 desideras
1883 2946 1937 2992 et
1968 2937 2167 3001 futura,

537 3033 540 3036 ’
585 3054 643 3099 ιιι
668 3041 936 3111 religioni,
961 3049 1017 3093 ut
1044 3036 1278 3101 veritati,
1307 3043 1365 3088 ut
1392 3032 1689 3087 sinceritati
1720 3029 1999 3083 catholicm
2025 3041 2171 3080 com-

2274 1849 2378 1902 rit?
2409 1848 2616 1908 Caritas
2644 1859 2822 1903 autem
2865 1848 3096 1918 qualiter
3122 1863 3241 1903 esse
3283 1848 3496 1913 debent,
3545 1851 3702 1906 nobis
3752 1856 3863 1906 cvi-

2275 1940 2464 1996 deuter
2497 1941 2515 1970 ⁵
2547 1939 2834 2008 Apostolus
2892 1938 3183 2007 praedicat,
3234 1939 3325 2006 qui
3380 1941 3494 1991 ait:
3533 1939 3748 1995 Caritas
3805 1947 3863 1994 de

2273 2034 2457 2096 corde,
2515 2049 2664 2103 puro,
2716 2042 2761 2086 ct
2815 2033 3124 2086 conscientia
3173 2032 3302 2085 bona
3347 2041 3394 2086 et
3436 2032 3537 2100 ﬁde
3586 2049 3691 2086 non
3748 2036 3865 2093 ﬁetu

2277 2124 2328 2195 (I
2362 2124 2497 2178 Tim.
2526 2125 2586 2194 ι).
2631 2123 2913 2189 Quomodo
2941 2125 3147 2193 (qumso
3179 2125 3252 2190 te)
3283 2123 3346 2176 de
3381 2126 3533 2176 corde
3572 2129 3666 2176 erit
3710 2141 3864 2194 puro,

2275 2218 2319 2271 si
2351 2217 2594 2286 contagio
2626 2216 2890 2270 inticiatur
2911 2214 3168 2269 esterno?
3196 2214 3474 2279 Quomodo
3505 2216 3566 2268 de
3599 2219 3867 2269 conari"er

2275 2311 2346 2362 tia
2373 2309 2524 2375 bona,
2550 2309 2593 2361 si
2627 2307 2802 2378 pravis
2827 2307 2984 2360 fuerit
3005 2307 3267 2375 malisque
3296 2306 3622 2360 commixta?
3658 2308 3869 2372 Queru-

2276 2402 2558 2456 admodum
2592 2401 2692 2470 ﬁde
2714 2417 2812 2453 non
2839 2402 2978 2469 ﬁcta,
3008 2400 3052 2454 si
3086 2409 3296 2456 maneat
3318 2400 3519 2454 sociata
3553 2416 3673 2455 cum
3703 2405 3869 2472 perli-

2275 2494 2392 2548 dis?
2413 2494 2541 2562 Qua:
2565 2509 2682 2546 cum
2704 2509 2733 2546 a
2753 2492 2904 2546 nobis
2925 2507 3068 2562 stepe
3087 2493 3194 2562 jam
3221 2492 3354 2548 dicta
3380 2493 3505 2557 sint,
3536 2507 3763 2549 necesse
3789 2504 3870 2550 est

2277 2597 2454 2642 tamen
2509 2585 2897 2640 incessabiliter
2947 2585 3151 2648 iterari,
3199 2595 3250 2639 et
3297 2585 3480 2639 tandin
3529 2601 3635 2639 non
3693 2589 3868 2642 taceri

2274 2678 2507 2748 quandiu
2539 2693 2732 2732 nomen
2765 2677 2910 2746 pacis
2937 2677 3276 2742 obtenditur;
3303 2687 3362 2731 ut
3393 2688 3632 2732 nostrum
3660 2695 3774 2734 non
3801 2683 3871 2738 sit

2275 2771 2357 2844 (nt
2381 2771 2638 2826 invidiose
2656 2770 2910 2839 jactatur)
2947 2771 3120 2824 facere
3153 2784 3359 2837 pacem,
3394 2771 3484 2824 sed
3515 2779 3689 2826 tamen
3727 2776 3873 2828 velle

2273 2863 2563 2918 doceamus
2584 2901 2598 2927 ,
2643 2861 2837 2930 qualis,
2862 2871 2916 2916 et
2940 2861 3051 2915 sola
3087 2875 3186 2929 pax
3211 2875 3331 2916 esse
3350 2902 3365 2927 ,
3406 2871 3460 2916 et
3481 2871 3677 2930 praeter
3699 2880 3871 2933 quam

2277 2953 2297 2984 ⁸
2323 2952 2463 3007 nulla
2501 2966 2622 3006 esse
2663 2961 3010 3006 monstratur.
3055 2951 3444 3021 Eutychianum
3469 2961 3616 3006 certe
3643 2953 3871 3023 dogma,

2273 3054 2460 3100 contra
2501 3043 2643 3111 quod
2685 3045 2992 3112 apostolicae
3045 3044 3192 3098 sedis
3232 3044 3438 3098 cautela
3485 3048 3790 3117 pervigilat,
3822 3051 3869 3102 si

585 3133 857 3190 munionis
905 3141 960 3185 et
1008 3128 1156 3192 ﬁdei,
1209 3123 1538 3193 temporibus
1569 3120 1693 3184 tuis,
1743 3117 1958 3188 patiaris
1988 3131 2167 3186 quem-

2281 3137 2518 3192 creditur
2539 3135 2683 3190 salva
2713 3135 2833 3190 ﬁdei
2857 3136 3133 3190 catholica:
3160 3150 3318 3204 posse
3342 3137 3564 3192 veritate
3590 3148 3869 3206 constare,

587 3240 746 3296 quam
771 3222 967 3276 inferre
989 3215 1363 3286 dispendium?
1400 3215 1512 3282 Qua
1547 3211 1738 3265 ﬁducia
1765 3210 1918 3278 (rogo
1949 3210 2021 3276 te)
2059 3207 2170 3261 illic

584 3315 703 3386 ejus
734 3311 951 3384 praemia
987 3310 1246 3382 petiturus
1277 3321 1355 3372 es,
1395 3305 1544 3373 cujus
1577 3302 1662 3356 hic
1692 3303 1884 3355 damna
1916 3315 2021 3354 non
2048 3315 2170 3369 pro-

543 3404 546 3407 ’
587 3405 783 3462 bibes?
805 3403 921 3457 Non
942 3401 1050 3454 sint
1078 3400 1281 3470 gravia,
1312 3409 1494 3464 quasso
1527 3402 1596 3460 te,
1625 3409 1743 3462 quae
1773 3406 1866 3461 pro
1894 3402 1999 3445 tuae
2030 3392 2173 3444 salu-

541 3495 544 3500 ’
588 3500 657 3554 tis
698 3493 999 3552 aeternitate
1057 3491 1326 3545 dicuntur.
1377 3486 1649 3554 Scriptum
1699 3484 1868 3553 legisti
1906 3502 1915 3532 :
1952 3481 2172 3535 Meliora

545 3585 550 3588 ⁴
589 3599 706 3644 sunt
730 3587 940 3642 vulnera
971 3583 1124 3635 amici
1149 3597 1302 3648 quam
1334 3578 1510 3631 oscula
1549 3576 1741 3629 inimici
1766 3572 1948 3643 (Prov.
1984 3573 2166 3640 xxv").

543 3677 547 3679 ’
587 3684 781 3752 Quaeso
813 3678 1066 3748 pietatem
1090 3683 1257 3740 tuam,
1297 3679 1355 3725 ut
1379 3686 1486 3740 quo
1518 3667 1710 3723 allecto
1735 3669 1984 3722 dicuntur
2007 3682 2034 3718 a
2063 3680 2169 3730 me,

587 3791 653 3833 eo
700 3774 807 3829 tuis
857 3770 1105 3827 sensibus
1140 3767 1474 3821 intiméntur.
1521 3762 1691 3817 Nemo
1736 3761 1988 3826 pietatem
2031 3768 2172 3812 tuam

587 3866 752 3918 fallat.
800 3863 994 3917 Verum
1046 3870 1126 3914 est
1173 3857 1316 3927 quod
1365 3854 1659 3926 ﬁguraliter
1711 3868 1804 3922 per
1858 3853 2171 3921 pmpltetam

587 3955 862 4022 Scriptura
889 3949 1146 4005 testatur?
1182 3947 1298 4001 Una
1326 3957 1399 4000 est
1423 3945 1652 4000 columba
1675 3961 1806 4008 mea,
1835 3959 1936 3996 una
1965 3952 2038 3995 est
2059 3957 2174 4009 pcr-

588 4048 723 4114 fecta
769 4057 883 4095 mea
912 4039 1088 4110 (Cant.
1128 4040 1227 4106 vt),
1256 4051 1358 4088 una
1408 4044 1490 4088 est
1535 4036 1823 4088 christiana
1876 4035 2027 4098 ﬁdes,
2057 4049 2175 4102 quae

590 4147 674 4190 est
697 4132 980 4190 catholica.
1006 4127 1286 4183 Catholica
1316 4133 1494 4178 autem
1528 4125 1791 4177 veraciter
1822 4124 1909 4176 illa
1932 4135 2034 4189 est,
2057 4139 2175 4190 qua:

549 4223 552 4232 ’
592 4229 658 4282 ab
689 4225 924 4280 omnium
957 4220 1304 4294 perﬁdorum,
1335 4226 1497 4286 atque
1527 4216 1594 4270 ab
1623 4231 1808 4269 eorum
1853 4217 2178 4269 successori-

547 4319 693 4372 'bus
742 4326 902 4384 atque
944 4310 1284 4368 consortibus
1337 4310 1567 4373 sincera,
1631 4322 1781 4374 pura,
1837 4309 2176 4361 immaculata

546 4409 554 4416 ’
589 4409 971 4467 communione
1010 4406 1179 4460 divisa
1223 4403 1317 4476 [αι.
1354 4398 1581 4471 divulsa]
1623 4408 1726 4454 est.
1772 4399 2021 4468 Alioquin
2071 4415 2173 4453 non

2277 3238 2570 3299 promatur,
2595 3238 2884 3292 asseratur,
2904 3238 2959 3283 et
2975 3229 3320 3298 quantislibet
3340 3230 3542 3284 viribus
3566 3241 3868 3299 astruatur,

2279 3331 2335 3376 ut
2365 3327 2479 3375 n0n'
2508 3319 2680 3374 solum
2713 3333 2808 3387 per
2828 3318 3086 3387 seipsum,
3116 3333 3277 3388 quam
3317 3319 3586 3373 inimicum
3624 3321 3693 3373 sit
3743 3322 3873 3376 ιῑὼιί

2275 3413 2592 3472 Christiana:
2624 3411 2793 3481 possit
2818 3410 3051 3477 ostendi,
3077 3410 3170 3464 sed
3193 3420 3417 3480 quantas
3440 3422 3494 3465 et
3514 3426 3670 3480 quam
3695 3413 3873 3466 letlia.

2278 3506 2356 3559 les
2391 3505 2624 3558 hmreses
2662 3502 2716 3557 in
2747 3516 2843 3556 sua
2879 3502 3154 3555 contineat
3203 3501 3507 3557 colluvione
3551 3507 3869 3558 monstrari.

2275 3596 2329 3650 Si
2355 3604 2533 3649 autem
2559 3595 2651 3662 (ut
2676 3594 2841 3662 magis
2863 3592 3216 3661 conﬁdimus)
3245 3608 3271 3644 τι
3303 3593 3579 3647 catholicis
3609 3593 3874 3662 iudicatis

2277 3686 2546 3740 mentibus
2571 3683 2982 3747 excludendum,
3015 3697 3197 3752 quasso
3232 3693 3302 3746 te,
3329 3699 3424 3738 cur
3449 3699 3550 3738 non
3591 3695 3643 3739 et
3674 3694 3873 3740 conti-

2277 3778 2358 3847 gia
2389 3777 2542 3831 simul
2576 3790 2760 3831 eorum
2789 3774 2877 3843 qui
2929 3773 3027 3828 hac
3055 3774 3348 3842 probantur
3379 3790 3500 3828 esse
3529 3775 3734 3842 polluti,
3771 3778 3874 3831 de-

2276 3871 2494 3926 cernitis
2520 3867 2818 3932 relutanda,
2852 3881 2972 3922 cum
3014 3866 3155 3922 dicat
3185 3868 3514 3935 Apostolus:
3553 3867 3673 3921 Non
3696 3871 3873 3922 solum

2276 3965 2362 4030 qui
2389 3978 2488 4014 non
2513 3960 2752 4029 facienda
2773 3958 2992 4026 faciunt,
3021 3974 3133 4012 reas
3152 3957 3331 4024 videri,
3365 3959 3452 4010 sed
3478 3960 3628 4010 etiam
3642 3961 3728 4027 qui
3747 3976 3876 4013 cort-

2241 4096 2246 4100 .
2279 4055 2497 4112 sentiunt
2527 4050 2825 4120 facientibus
2850 4050 3027 4121 (llam.
3068 4050 3145 4120 I)?
3175 4050 3404 4104 Proinde
3450 4050 3589 4106 sicut
3631 4067 3736 4104 non
3773 4067 3878 4120 po-

2281 4151 2404 4208 test,
2431 4140 2807 4210 perversitatis
2831 4140 3288 4196 eommunicatore
3337 4152 3604 4210 suscepto,
3637 4157 3745 4195 non
3780 4159 3878 4209 pa-

2282 4233 2412 4288 riter
2452 4233 2767 4300 perversitas
2812 4230 3118 4298 approbari,
3162 4232 3237 4286 sic
3257 4233 3376 4301 jnon
3425 4241 3600 4298 potest
3646 4233 3877 4289 refutari

2282 4323 2624 4392 perversitas,
2647 4323 2908 4394 complice
2932 4331 3198 4377 sectatore
3221 4325 3585 4392 perversitatie
3607 4325 3871 4378 ιιιΙιςιιίδεο.

2282 4415 2508 4484 Legibus
2537 4424 2683 4470 certe
2712 4415 2925 4479 vestris,
2950 4414 3232 4468 criminum
3265 4416 3465 4472 conscii
3496 4424 3878 4483 susceptores-

591 4505 695 4561 erit
721 4501 977 4557 divinitus
1013 4495 1259 4550 mandata
1283 4487 1561 4555 discretio,
1595 4489 1689 4546 sed
1721 4489 2020 4544 miseranda
2052 4506 2175 4543 con-
2206 4478 2256 4537 D
2285 4521 2389 4576 que
2423 4503 2858 4560 lalmcinmuium
2893 4478 3007 4572 pari
3048 4503 3374 4571 iudiciorum
3421 4519 3576 4574 poena
3603 4478 3878 4560 co‘nsm".

592 4599 752 4654 fusio.
777 4598 885 4650 Nec
908 4592 1015 4647 ulla
1036 4604 1194 4644 causa
1220 4587 1331 4657 jam
1355 4594 1619 4654 superest,
1655 4584 1699 4638 si
1726 4583 1825 4650 ltoc
1856 4583 1907 4637 in
1940 4583 2180 4652 quolibet

594 4687 840 4756 contagio
865 4683 1196 4738 voluerimus
1219 4677 1523 4741 admittere,
1550 4689 1617 4728 ne
1644 4672 1852 4728 cunctis
1886 4672 2180 4728 haeresibus

550 4779 553 4782 ’
593 4784 795 4842 aditum
828 4781 1156 4851 januamque
1205 4771 1522 4843 pendamus.
1559 4768 1659 4833 Qui
1709 4768 1838 4820 enim
1882 4766 2064 4818 inuno
2098 4767 2179 4835 of.

479 4867 502 4876 ”
593 4877 834 4948 (enderit,
867 4871 1093 4927 ontnium
1120 4881 1238 4919 reus
1264 4872 1336 4918 est
1361 4861 1569 4933 (Iacob.
1597 4857 1687 4929 tt);
1718 4867 1774 4913 et
1804 4875 1816 4910 :
1842 4857 1942 4920 Qui
1970 4858 2179 4908 minima

595 4971 805 5041 spernit,
834 4963 1080 5036 paulatim
1122 4959 1311 5012 decidit
1338 4955 1564 5027 (Ecclea.
1601 4951 1745 5021 ιιι).
1794 4951 1905 5004 Hoc
1931 4960 2012 5004 εει
2037 4951 2178 5018 quod

592 5063 750 5114 sedes
796 5057 1087 5129 apostolica
1123 5063 1449 5125 magnopere
1490 5055 1642 5102 cavet
1688 5044 1784 5116 [al.
1816 5042 2175 5116 praetaxavit],

595 5167 649 5208 ιιι
671 5153 794 5222 quia
828 5145 1025 5205 mundo
1049 5147 1202 5204 radix
1246 5157 1328 5202 est
1356 5142 1585 5215 apostoli
1614 5137 1851 5210 gloriosa
1894 5137 2178 5204 confessio,

595 5247 738 5302 nulla
768 5245 902 5300 rima
931 5238 1228 5313 praiitatis,
1276 5237 1420 5292 nulla
1464 5246 1680 5303 prorsus
1710 5229 2036 5301 contagione
2068 5245 2181 5286 ma-

595 5340 822 5394 culetur.
855 5336 987 5390 Nam
1028 5332 1073 5388 si
1103 5329 1266 5402 (quod
1309 5329 1451 5383 Deus
1491 5332 1716 5392 avertat,
1746 5322 1887 5394 quod
1921 5322 2038 5378 ﬁeri
2070 5338 2178 5379 non

669 5503 682 5530 ⁸
705 5498 840 5554 Cod.
874 5494 1097 5559 Verum,
1127 5496 1473 5560 quantumque
1495 5503 1514 5541 :
1540 5483 1858 5553 Quesnellus
1888 5481 2016 5554 legit
2043 5500 2167 5543 aua-

597 5585 811 5639 cttnque.
905 5637 912 5639 Α
1041 5614 1051 5624 .

669 5643 688 5672 ³
709 5633 787 5692 id.
819 5637 960 5701 cod.,
995 5651 1097 5687 non
1127 5633 1297 5685 licent.

670 5709 690 5740 ³
719 5709 794 5763 Id.
829 5708 972 5764 cod..
1004 5706 1078 5758 vel
1115 5704 1196 5755 cui
1214 5705 1350 5771 jam.

2287 4609 2508 4669 guntttr;
2539 4613 2636 4655 nec
2659 4612 2851 4666 expers
2875 4596 3130 4651 lacinoris
3152 4599 3444 4650 aestimatur
3465 4599 3572 4667 qui,
3602 4598 3722 4650 licet
3754 4598 3878 4665 ipse

2289 4706 2394 4747 non
2438 4691 2637 4753 iecerit,
2667 4689 2907 4743 iaciemis
2938 4698 3116 4742 tamen
3142 4686 3551 4742 familiaritatem
3585 4687 3878 4756 fmduSque

2290 4781 2574 4848 receperit.
2624 4778 2855 4832 Proinde
2905 4793 3023 4831 cum
3077 4777 3516 4832 Chalcedonense
3558 4778 3872 4847 concilium,

2285 4885 2382 4940 pro
2409 4869 2528 4923 ﬁdei
2549 4871 2824 4924 catholicas
2854 4879 3011 4939 atque
3039 4869 3343 4938 apostolicae
3382 4871 3604 4924 veritate
3628 4884 3877 4924 commu-

2288 4962 2551 5030 nioneque
2599 4962 2945 5026 celebratum,
3009 4960 3340 5015 damnaverit
3398 4959 3672 5029 Eutychen
3715 4953 3882 5014 dcte:

2288 5052 2459 5107 standi
2510 5051 2705 5107 furoris
2751 5059 3048 5116 auctorem,
3091 5067 3195 5105 non
3234 5051 3365 5105 satis
3408 5048 3609 5113 habuit,
3666 5051 3769 5106 nisi
3816 5063 3876 5108 ιιι

2289 5145 2486 5213 pariter
2509 5144 2624 5212 ejus
2644 5157 2854 5212 quoque
2873 5151 3180 5197 consortem
3204 5142 3512 5196 Dioscorum
3536 5150 3873 5211 casterosque

2287 5235 2624 5305 percelleret.
2649 5234 2761 5289 lloc
2787 5235 2946 5305 igitur
2973 5234 3153 5302 modo,
3184 5234 3318 5289 sicut
3343 5232 3394 5288 in
3419 5249 3735 5305 unaquaque
3757 5235 3872 5290 ha:-

2291 5330 2396 5385 resi
2436 5329 2520 5385 vel
2550 5328 2745 5382 factum
2773 5341 3005 5394 semper,
3033 5328 3113 5384 vel
3149 5327 3264 5383 ﬁeri
3302 5343 3409 5384 non
3444 5327 3669 5384 habetur
3697 5328 3870 5382 ambi~

2351 5488 2372 5519 ⁸
2402 5487 2538 5542 Pace
2571 5488 2721 5543 deest
2748 5488 2797 5541 in
2830 5487 2952 5541 eod.
2985 5489 3106 5542 cod.

2354 5560 2374 5591 ⁸
2399 5559 2474 5614 ld.
2503 5559 2646 5626 cod.,
2672 5574 2762 5629 per
2783 5557 3077 5630 Apostolum
3105 5561 3435 5630 prcedicatur.

2354 5627 2783 5714 ‘ld.eod.,‘paa:
2813 5627 2975 5682 nulla.
3106 5627 3113 5630 ”
3207 5652 3214 5660 -
