  <div class='ocr_page' id='page_1' title='image "/cluster/home/n/w/nwhite01/storage/ocr_20150623/59/hvd.32044073505257/074.png"; bbox 0 0 3948 6314; ppageno 0'>
   <div class='ocr_carea' id='block_1_1' title="bbox 209 250 3447 333">
    <p class='ocr_par' dir='ltr' id='par_1_1' title="bbox 209 250 3447 333">
     <span class='ocr_line' id='line_1_1' title="bbox 209 250 3447 333; baseline 0.004 -24"><span class='ocrx_word' id='word_1_1' title='bbox 209 276 280 333; x_wconf 58' lang='lat'><strong>45</strong></span> <span class='ocrx_word' id='word_1_2' title='bbox 1390 254 1738 316; x_wconf 65' lang='lat' dir='ltr'><strong>spissum:</strong></span> <span class='ocrx_word' id='word_1_3' title='bbox 1781 252 1867 310; x_wconf 85' lang='lat' dir='ltr'><strong>ET</strong></span> <span class='ocrx_word' id='word_1_4' title='bbox 1904 256 2243 314; x_wconf 80' lang='lat' dir='ltr'><strong>DECRETA.</strong></span> <span class='ocrx_word' id='word_1_5' title='bbox 2951 251 2996 260; x_wconf 76' lang='lat'>&quot;</span> <span class='ocrx_word' id='word_1_6' title='bbox 3040 254 3048 265; x_wconf 82' lang='lat'><strong>’</strong></span> <span class='ocrx_word' id='word_1_7' title='bbox 3106 263 3116 277; x_wconf 77' lang='grc'><em>’</em></span> <span class='ocrx_word' id='word_1_8' title='bbox 3370 261 3447 322; x_wconf 76' lang='grc'><strong>46</strong></span> 
     </span>
    </p>
   </div>
   <div class='ocr_carea' id='block_1_2' title="bbox 210 342 3445 457">
    <p class='ocr_par' dir='ltr' id='par_1_2' title="bbox 210 369 3445 457">
     <span class='ocr_line' id='line_1_2' title="bbox 210 369 3445 457; baseline -0.002 -22"><span class='ocrx_word' id='word_1_9' title='bbox 210 400 373 457; x_wconf 73' lang='lat' dir='ltr'><strong>gnum,</strong></span> <span class='ocrx_word' id='word_1_10' title='bbox 403 394 736 437; x_wconf 77' lang='lat' dir='ltr'><strong>successores</strong></span> <span class='ocrx_word' id='word_1_11' title='bbox 758 392 943 433; x_wconf 87' lang='lat' dir='ltr'><strong>eorum</strong></span> <span class='ocrx_word' id='word_1_12' title='bbox 973 379 986 408; x_wconf 72' lang='grc' dir='ltr'>ί</span> <span class='ocrx_word' id='word_1_13' title='bbox 1016 373 1375 440; x_wconf 75' lang='lat' dir='ltr'><strong>Timotheum,</strong></span> <span class='ocrx_word' id='word_1_14' title='bbox 1422 371 1633 426; x_wconf 85' lang='lat' dir='ltr'><strong>Petrum</strong></span> <span class='ocrx_word' id='word_1_15' title='bbox 1679 378 1762 424; x_wconf 79' lang='lat' dir='ltr'><strong>at-</strong></span> <span class='ocrx_word' id='word_1_16' title='bbox 1790 370 1839 431; x_wconf 82' lang='lat' dir='ltr'><strong>A</strong></span> <span class='ocrx_word' id='word_1_17' title='bbox 1869 372 1991 427; x_wconf 91' lang='lat' dir='ltr'><strong>dam</strong></span> <span class='ocrx_word' id='word_1_18' title='bbox 2016 373 2097 426; x_wconf 86' lang='lat' dir='ltr'><strong>vel</strong></span> <span class='ocrx_word' id='word_1_19' title='bbox 2142 370 2513 436; x_wconf 83' lang='lat' dir='ltr'><strong>insurrexerit,</strong></span> <span class='ocrx_word' id='word_1_20' title='bbox 2542 369 2624 425; x_wconf 89' lang='lat' dir='ltr'><strong>vel</strong></span> <span class='ocrx_word' id='word_1_21' title='bbox 2664 370 2861 425; x_wconf 92' lang='lat' dir='ltr'><strong>nitatur</strong></span> <span class='ocrx_word' id='word_1_22' title='bbox 2890 369 3171 440; x_wconf 78' lang='lat' dir='ltr'><strong>insurgere</strong></span> <span class='ocrx_word' id='word_1_23' title='bbox 3206 382 3445 429; x_wconf 72' lang='lat' dir='ltr'><strong>vetusta-</strong></span> 
     </span>
    </p>
   </div>
   <div class='ocr_carea' id='block_1_3' title="bbox 208 465 1761 546">
    <p class='ocr_par' dir='ltr' id='par_1_3' title="bbox 208 465 1761 546">
     <span class='ocr_line' id='line_1_3' title="bbox 208 465 1761 546; baseline -0.006 -19"><span class='ocrx_word' id='word_1_24' title='bbox 208 492 306 546; x_wconf 82' lang='lat' dir='ltr'><strong>que</strong></span> <span class='ocrx_word' id='word_1_25' title='bbox 323 474 529 528; x_wconf 87' lang='lat' dir='ltr'><strong>alterum</strong></span> <span class='ocrx_word' id='word_1_26' title='bbox 571 470 964 525; x_wconf 58' lang='lat' dir='ltr'><strong>Antiochenam</strong></span> <span class='ocrx_word' id='word_1_27' title='bbox 1011 468 1246 530; x_wconf 84' lang='lat' dir='ltr'><strong>Petrum.</strong></span> <span class='ocrx_word' id='word_1_28' title='bbox 1275 481 1379 520; x_wconf 91' lang='lat' dir='ltr'><strong>non</strong></span> <span class='ocrx_word' id='word_1_29' title='bbox 1411 465 1607 519; x_wconf 79' lang='lat' dir='ltr'><strong>viritim</strong></span> <span class='ocrx_word' id='word_1_30' title='bbox 1640 478 1761 533; x_wconf 86' lang='lat' dir='ltr'><strong>pro-</strong></span> 
     </span>
    </p>
   </div>
   <div class='ocr_carea' id='block_1_4' title="bbox 214 556 1760 634">
    <p class='ocr_par' dir='ltr' id='par_1_4' title="bbox 214 556 1760 634">
     <span class='ocr_line' id='line_1_4' title="bbox 214 556 1760 634; baseline -0.01 -13"><span class='ocrx_word' id='word_1_31' title='bbox 214 576 323 634; x_wconf 85' lang='lat' dir='ltr'><strong>pter</strong></span> <span class='ocrx_word' id='word_1_32' title='bbox 344 564 571 631; x_wconf 80' lang='lat' dir='ltr'><strong>singulos</strong></span> <span class='ocrx_word' id='word_1_33' title='bbox 603 576 846 632; x_wconf 88' lang='lat' dir='ltr'><strong>quosque</strong></span> <span class='ocrx_word' id='word_1_34' title='bbox 886 574 1067 612; x_wconf 77' lang='lat' dir='ltr'><strong>rursus</strong></span> <span class='ocrx_word' id='word_1_35' title='bbox 1105 559 1244 611; x_wconf 84' lang='lat' dir='ltr'><strong>facto</strong></span> <span class='ocrx_word' id='word_1_36' title='bbox 1268 556 1516 619; x_wconf 87' lang='lat' dir='ltr'><strong>concilio,</strong></span> <span class='ocrx_word' id='word_1_37' title='bbox 1549 556 1642 610; x_wconf 89' lang='lat' dir='ltr'><strong>sed</strong></span> <span class='ocrx_word' id='word_1_38' title='bbox 1673 570 1760 624; x_wconf 83' lang='lat' dir='ltr'><strong>sy-</strong></span> 
     </span>
    </p>
   </div>
   <div class='ocr_carea' id='block_1_5' title="bbox 212 648 1761 719">
    <p class='ocr_par' dir='ltr' id='par_1_5' title="bbox 212 648 1761 719">
     <span class='ocr_line' id='line_1_5' title="bbox 212 648 1761 719; baseline -0.007 -9"><span class='ocrx_word' id='word_1_39' title='bbox 212 657 326 710; x_wconf 84' lang='lat' dir='ltr'><strong>nodi</strong></span> <span class='ocrx_word' id='word_1_40' title='bbox 367 655 518 708; x_wconf 88' lang='lat' dir='ltr'><strong>semel</strong></span> <span class='ocrx_word' id='word_1_41' title='bbox 548 656 565 683; x_wconf 71' lang='grc'>³</span> <span class='ocrx_word' id='word_1_42' title='bbox 593 663 711 705; x_wconf 89' lang='lat' dir='ltr'><strong>acta</strong></span> <span class='ocrx_word' id='word_1_43' title='bbox 755 652 935 719; x_wconf 80' lang='lat' dir='ltr'><strong>regula</strong></span> <span class='ocrx_word' id='word_1_44' title='bbox 967 656 1356 717; x_wconf 84' lang='lat' dir='ltr'><strong>consequenter</strong></span> <span class='ocrx_word' id='word_1_45' title='bbox 1395 648 1536 702; x_wconf 83' lang='lat' dir='ltr'><strong>elisi.</strong></span> <span class='ocrx_word' id='word_1_46' title='bbox 1567 648 1761 711; x_wconf 77' lang='lat' dir='ltr'><strong>Quem-</strong></span> 
     </span>
    </p>
   </div>
   <div class='ocr_carea' id='block_1_6' title="bbox 213 740 1763 812">
    <p class='ocr_par' dir='ltr' id='par_1_6' title="bbox 213 740 1763 812">
     <span class='ocr_line' id='line_1_6' title="bbox 213 740 1763 812; baseline -0.006 -12"><span class='ocrx_word' id='word_1_47' title='bbox 213 745 479 801; x_wconf 81' lang='lat' dir='ltr'><strong>admodum</strong></span> <span class='ocrx_word' id='word_1_48' title='bbox 502 760 627 812; x_wconf 81' lang='lat' dir='ltr'><strong>ergo</strong></span> <span class='ocrx_word' id='word_1_49' title='bbox 658 760 764 796; x_wconf 86' lang='lat' dir='ltr'><strong>non</strong></span> <span class='ocrx_word' id='word_1_50' title='bbox 794 742 1075 796; x_wconf 80' lang='lat' dir='ltr'><strong>evidenter</strong></span> <span class='ocrx_word' id='word_1_51' title='bbox 1095 749 1312 808; x_wconf 78' lang='lat' dir='ltr'><strong>apparet</strong></span> <span class='ocrx_word' id='word_1_52' title='bbox 1341 740 1501 794; x_wconf 89' lang='lat' dir='ltr'><strong>etiam</strong></span> <span class='ocrx_word' id='word_1_53' title='bbox 1542 746 1763 793; x_wconf 84' lang='lat' dir='ltr'><strong>cunctos</strong></span> 
     </span>
    </p>
   </div>
   <div class='ocr_carea' id='block_1_7' title="bbox 206 832 1760 902">
    <p class='ocr_par' dir='ltr' id='par_1_7' title="bbox 206 832 1760 902">
     <span class='ocr_line' id='line_1_7' title="bbox 206 832 1760 902; baseline -0.005 -12"><span class='ocrx_word' id='word_1_54' title='bbox 206 837 363 891; x_wconf 83' lang='lat' dir='ltr'><strong>simili</strong></span> <span class='ocrx_word' id='word_1_55' title='bbox 390 845 557 888; x_wconf 80' lang='lat' dir='ltr'><strong>tenore</strong></span> <span class='ocrx_word' id='word_1_56' title='bbox 584 834 899 902; x_wconf 80' lang='lat' dir='ltr'><strong>constringi,</strong></span> <span class='ocrx_word' id='word_1_57' title='bbox 930 844 982 886; x_wconf 87' lang='lat' dir='ltr'><strong>et</strong></span> <span class='ocrx_word' id='word_1_58' title='bbox 1004 832 1093 901; x_wconf 88' lang='lat' dir='ltr'><strong>qui</strong></span> <span class='ocrx_word' id='word_1_59' title='bbox 1122 845 1306 885; x_wconf 88' lang='lat' dir='ltr'><strong>eorum</strong></span> <span class='ocrx_word' id='word_1_60' title='bbox 1339 832 1760 886; x_wconf 80' lang='lat' dir='ltr'><strong>communicato-</strong></span> 
     </span>
    </p>
   </div>
   <div class='ocr_carea' id='block_1_8' title="bbox 207 919 1760 993">
    <p class='ocr_par' dir='ltr' id='par_1_8' title="bbox 207 919 1760 993">
     <span class='ocr_line' id='line_1_8' title="bbox 207 919 1760 993; baseline -0.006 -10"><span class='ocrx_word' id='word_1_61' title='bbox 207 943 300 982; x_wconf 81' lang='lat' dir='ltr'><strong>res</strong></span> <span class='ocrx_word' id='word_1_62' title='bbox 327 938 375 980; x_wconf 84' lang='lat' dir='ltr'><strong>et</strong></span> <span class='ocrx_word' id='word_1_63' title='bbox 395 926 666 993; x_wconf 82' lang='lat' dir='ltr'><strong>complires</strong></span> <span class='ocrx_word' id='word_1_64' title='bbox 699 925 1038 987; x_wconf 74' lang='lat' dir='ltr'><strong>exstiterunt,</strong></span> <span class='ocrx_word' id='word_1_65' title='bbox 1080 932 1239 990; x_wconf 84' lang='lat' dir='ltr'><strong>atque</strong></span> <span class='ocrx_word' id='word_1_66' title='bbox 1274 937 1459 976; x_wconf 83' lang='lat' dir='ltr'><strong>omnes</strong></span> <span class='ocrx_word' id='word_1_67' title='bbox 1488 919 1704 974; x_wconf 81' lang='lat' dir='ltr'><strong>omnino</strong></span> <span class='ocrx_word' id='word_1_68' title='bbox 1732 935 1760 973; x_wconf 86' lang='lat' dir='ltr'><strong>a</strong></span> 
     </span>
    </p>
   </div>
   <div class='ocr_carea' id='block_1_9' title="bbox 213 1012 1761 1085">
    <p class='ocr_par' dir='ltr' id='par_1_9' title="bbox 213 1012 1761 1085">
     <span class='ocr_line' id='line_1_9' title="bbox 213 1012 1761 1085; baseline -0.003 -15"><span class='ocrx_word' id='word_1_69' title='bbox 213 1018 450 1071; x_wconf 82' lang='lat' dir='ltr'><strong>catholica</strong></span> <span class='ocrx_word' id='word_1_70' title='bbox 484 1027 638 1085; x_wconf 83' lang='lat' dir='ltr'><strong>atque</strong></span> <span class='ocrx_word' id='word_1_71' title='bbox 684 1015 979 1084; x_wconf 87' lang='lat' dir='ltr'><strong>apostolica</strong></span> <span class='ocrx_word' id='word_1_72' title='bbox 1027 1015 1216 1069; x_wconf 89' lang='lat' dir='ltr'><strong>merito</strong></span> <span class='ocrx_word' id='word_1_73' title='bbox 1245 1014 1617 1067; x_wconf 77' lang='lat' dir='ltr'><strong>communione</strong></span> <span class='ocrx_word' id='word_1_74' title='bbox 1655 1012 1761 1066; x_wconf 89' lang='lat' dir='ltr'><strong>dis-</strong></span> 
     </span>
    </p>
   </div>
   <div class='ocr_carea' id='block_1_10' title="bbox 207 1105 1760 1175">
    <p class='ocr_par' dir='ltr' id='par_1_10' title="bbox 207 1105 1760 1175">
     <span class='ocr_line' id='line_1_10' title="bbox 207 1105 1760 1175; baseline -0.004 -12"><span class='ocrx_word' id='word_1_75' title='bbox 207 1110 345 1163; x_wconf 80' lang='lat' dir='ltr'><strong>cerni</strong></span> <span class='ocrx_word' id='word_1_76' title='bbox 372 1128 383 1159; x_wconf 88' lang='lat'>:</span> <span class='ocrx_word' id='word_1_77' title='bbox 415 1107 528 1161; x_wconf 87' lang='lat' dir='ltr'><strong>hinc</strong></span> <span class='ocrx_word' id='word_1_78' title='bbox 552 1108 806 1161; x_wconf 70' lang='lat' dir='ltr'><strong>Acacium</strong></span> <span class='ocrx_word' id='word_1_79' title='bbox 843 1121 1052 1175; x_wconf 82' lang='lat' dir='ltr'><strong>quoque</strong></span> <span class='ocrx_word' id='word_1_80' title='bbox 1083 1105 1205 1173; x_wconf 84' lang='lat' dir='ltr'><strong>jure</strong></span> <span class='ocrx_word' id='word_1_81' title='bbox 1234 1105 1462 1158; x_wconf 81' lang='lat' dir='ltr'><strong>dicimus</strong></span> <span class='ocrx_word' id='word_1_82' title='bbox 1502 1119 1531 1158; x_wconf 91' lang='lat' dir='ltr'><strong>a</strong></span> <span class='ocrx_word' id='word_1_83' title='bbox 1577 1112 1760 1157; x_wconf 88' lang='lat' dir='ltr'><strong>nostro</strong></span> 
     </span>
    </p>
   </div>
   <div class='ocr_carea' id='block_1_11' title="bbox 206 1196 1760 1265">
    <p class='ocr_par' dir='ltr' id='par_1_11' title="bbox 206 1196 1760 1265">
     <span class='ocr_line' id='line_1_11' title="bbox 206 1196 1760 1265; baseline -0.003 -12"><span class='ocrx_word' id='word_1_84' title='bbox 206 1199 457 1253; x_wconf 80' lang='lat' dir='ltr'><strong>consortio</strong></span> <span class='ocrx_word' id='word_1_85' title='bbox 480 1197 925 1261; x_wconf 76' lang='lat' dir='ltr'><strong>submovendum,</strong></span> <span class='ocrx_word' id='word_1_86' title='bbox 957 1198 1044 1265; x_wconf 88' lang='lat' dir='ltr'><strong>qui</strong></span> <span class='ocrx_word' id='word_1_87' title='bbox 1070 1196 1253 1249; x_wconf 84' lang='lat' dir='ltr'><strong>maluit</strong></span> <span class='ocrx_word' id='word_1_88' title='bbox 1278 1196 1329 1248; x_wconf 89' lang='lat' dir='ltr'><strong>in</strong></span> <span class='ocrx_word' id='word_1_89' title='bbox 1358 1204 1557 1248; x_wconf 88' lang='lat' dir='ltr'><strong>sortem</strong></span> <span class='ocrx_word' id='word_1_90' title='bbox 1588 1205 1760 1249; x_wconf 88' lang='lat' dir='ltr'><strong>trans-</strong></span> 
     </span>
    </p>
   </div>
   <div class='ocr_carea' id='block_1_12' title="bbox 206 1287 1761 1357">
    <p class='ocr_par' dir='ltr' id='par_1_12' title="bbox 206 1287 1761 1357">
     <span class='ocr_line' id='line_1_12' title="bbox 206 1287 1761 1357; baseline -0.003 -14"><span class='ocrx_word' id='word_1_91' title='bbox 206 1292 284 1343; x_wconf 83' lang='lat' dir='ltr'><strong>ire</strong></span> <span class='ocrx_word' id='word_1_92' title='bbox 318 1289 570 1357; x_wconf 60' lang='lat' dir='ltr'><strong>perﬁdiae,</strong></span> <span class='ocrx_word' id='word_1_93' title='bbox 628 1303 784 1357; x_wconf 88' lang='lat' dir='ltr'><strong>quam</strong></span> <span class='ocrx_word' id='word_1_94' title='bbox 830 1290 881 1340; x_wconf 90' lang='lat' dir='ltr'><strong>in</strong></span> <span class='ocrx_word' id='word_1_95' title='bbox 929 1287 1206 1341; x_wconf 61' lang='lat' dir='ltr'><strong>catholicae</strong></span> <span class='ocrx_word' id='word_1_96' title='bbox 1260 1296 1416 1355; x_wconf 86' lang='lat' dir='ltr'><strong>atque</strong></span> <span class='ocrx_word' id='word_1_97' title='bbox 1456 1287 1761 1354; x_wconf 68' lang='lat' dir='ltr'><strong>apostolicae</strong></span> 
     </span>
    </p>
   </div>
   <div class='ocr_carea' id='block_1_13' title="bbox 201 1378 1760 1447">
    <p class='ocr_par' dir='ltr' id='par_1_13' title="bbox 201 1378 1760 1447">
     <span class='ocr_line' id='line_1_13' title="bbox 201 1378 1760 1447; baseline -0.001 -14"><span class='ocrx_word' id='word_1_98' title='bbox 201 1380 576 1434; x_wconf 74' lang='lat' dir='ltr'><strong>communionis</strong></span> <span class='ocrx_word' id='word_1_99' title='bbox 612 1380 919 1434; x_wconf 78' lang='lat' dir='ltr'><strong>sinceritate</strong></span> <span class='ocrx_word' id='word_1_100' title='bbox 962 1389 1232 1442; x_wconf 88' lang='lat' dir='ltr'><strong>constare,</strong></span> <span class='ocrx_word' id='word_1_101' title='bbox 1271 1379 1291 1408; x_wconf 78' lang='grc'><strong>³</strong></span> <span class='ocrx_word' id='word_1_102' title='bbox 1322 1394 1442 1432; x_wconf 91' lang='lat' dir='ltr'><strong>cum</strong></span> <span class='ocrx_word' id='word_1_103' title='bbox 1466 1378 1579 1432; x_wconf 80' lang='lat' dir='ltr'><strong>fere</strong></span> <span class='ocrx_word' id='word_1_104' title='bbox 1606 1387 1631 1414; x_wconf 72' lang='grc' dir='ltr'>ι</span> <span class='ocrx_word' id='word_1_105' title='bbox 1667 1393 1760 1447; x_wconf 88' lang='lat' dir='ltr'><strong>per</strong></span> 
     </span>
    </p>
   </div>
   <div class='ocr_carea' id='block_1_14' title="bbox 198 1470 1760 1541">
    <p class='ocr_par' dir='ltr' id='par_1_14' title="bbox 198 1470 1760 1541">
     <span class='ocr_line' id='line_1_14' title="bbox 198 1470 1760 1541; baseline -0.002 -15"><span class='ocrx_word' id='word_1_106' title='bbox 198 1474 493 1534; x_wconf 79' lang='lat' dir='ltr'><strong>triennium,</strong></span> <span class='ocrx_word' id='word_1_107' title='bbox 528 1488 596 1525; x_wconf 85' lang='lat' dir='ltr'><strong>ne</strong></span> <span class='ocrx_word' id='word_1_108' title='bbox 631 1472 682 1525; x_wconf 90' lang='lat' dir='ltr'><strong>in</strong></span> <span class='ocrx_word' id='word_1_109' title='bbox 717 1472 765 1524; x_wconf 88' lang='lat' dir='ltr'><strong>id</strong></span> <span class='ocrx_word' id='word_1_110' title='bbox 793 1471 1022 1534; x_wconf 76' lang='lat' dir='ltr'><strong>veniret,</strong></span> <span class='ocrx_word' id='word_1_111' title='bbox 1060 1470 1366 1541; x_wconf 73' lang='lat' dir='ltr'><strong>apostolica:</strong></span> <span class='ocrx_word' id='word_1_112' title='bbox 1399 1470 1539 1525; x_wconf 82' lang='lat' dir='ltr'><strong>sedis</strong></span> <span class='ocrx_word' id='word_1_113' title='bbox 1564 1472 1760 1538; x_wconf 81' lang='lat' dir='ltr'><strong>episto-</strong></span> 
     </span>
    </p>
   </div>
   <div class='ocr_carea' id='block_1_15' title="bbox 196 1558 1761 1631">
    <p class='ocr_par' dir='ltr' id='par_1_15' title="bbox 196 1558 1761 1631">
     <span class='ocr_line' id='line_1_15' title="bbox 196 1558 1761 1631; baseline -0.001 -13"><span class='ocrx_word' id='word_1_114' title='bbox 196 1564 264 1618; x_wconf 87' lang='lat' dir='ltr'><strong>lis</strong></span> <span class='ocrx_word' id='word_1_115' title='bbox 288 1566 531 1618; x_wconf 85' lang='lat' dir='ltr'><strong>doceatur</strong></span> <span class='ocrx_word' id='word_1_116' title='bbox 563 1571 931 1631; x_wconf 77' lang='lat' dir='ltr'><strong>competenter</strong></span> <span class='ocrx_word' id='word_1_117' title='bbox 969 1558 1281 1619; x_wconf 77' lang='lat' dir='ltr'><strong>instructus.</strong></span> <span class='ocrx_word' id='word_1_118' title='bbox 1308 1561 1606 1630; x_wconf 78' lang='lat' dir='ltr'><strong>Postquam</strong></span> <span class='ocrx_word' id='word_1_119' title='bbox 1634 1578 1761 1616; x_wconf 88' lang='lat' dir='ltr'><strong>vero</strong></span> 
     </span>
    </p>
   </div>
   <div class='ocr_carea' id='block_1_16' title="bbox 194 1652 1762 1719">
    <p class='ocr_par' dir='ltr' id='par_1_16' title="bbox 194 1652 1762 1719">
     <span class='ocr_line' id='line_1_16' title="bbox 194 1652 1762 1719; baseline -0.002 -9"><span class='ocrx_word' id='word_1_120' title='bbox 194 1654 577 1710; x_wconf 67' lang='lat' dir='ltr'><strong>communionis</strong></span> <span class='ocrx_word' id='word_1_121' title='bbox 601 1664 685 1707; x_wconf 89' lang='lat' dir='ltr'><strong>est</strong></span> <span class='ocrx_word' id='word_1_122' title='bbox 715 1655 884 1706; x_wconf 80' lang='lat' dir='ltr'><strong>factus</strong></span> <span class='ocrx_word' id='word_1_123' title='bbox 912 1652 1119 1715; x_wconf 59' lang='lat' dir='ltr'><strong>alienat,</strong></span> <span class='ocrx_word' id='word_1_124' title='bbox 1151 1668 1254 1707; x_wconf 86' lang='lat' dir='ltr'><strong>non</strong></span> <span class='ocrx_word' id='word_1_125' title='bbox 1287 1655 1455 1719; x_wconf 77' lang='lat' dir='ltr'><strong>potuit</strong></span> <span class='ocrx_word' id='word_1_126' title='bbox 1491 1654 1591 1707; x_wconf 87' lang='lat' dir='ltr'><strong>nisi</strong></span> <span class='ocrx_word' id='word_1_127' title='bbox 1619 1669 1647 1705; x_wconf 88' lang='lat' dir='ltr'><strong>a</strong></span> <span class='ocrx_word' id='word_1_128' title='bbox 1672 1670 1762 1707; x_wconf 84' lang='lat' dir='ltr'><strong>ea-</strong></span> 
     </span>
    </p>
   </div>
   <div class='ocr_carea' id='block_1_17' title="bbox 1870 460 3467 530">
    <p class='ocr_par' dir='ltr' id='par_1_17' title="bbox 1870 460 3467 530">
     <span class='ocr_line' id='line_1_17' title="bbox 1870 460 3467 530; baseline 0.003 -13"><span class='ocrx_word' id='word_1_129' title='bbox 1870 472 1997 528; x_wconf 85' lang='lat' dir='ltr'><strong>tem,</strong></span> <span class='ocrx_word' id='word_1_130' title='bbox 2038 470 2402 530; x_wconf 74' lang='lat' dir='ltr'><strong>competenter</strong></span> <span class='ocrx_word' id='word_1_131' title='bbox 2446 470 2502 515; x_wconf 90' lang='lat' dir='ltr'><strong>et</strong></span> <span class='ocrx_word' id='word_1_132' title='bbox 2542 460 2778 530; x_wconf 72' lang='lat' dir='ltr'><strong>legitime</strong></span> <span class='ocrx_word' id='word_1_133' title='bbox 2817 462 3173 530; x_wconf 88' lang='lat' dir='ltr'><strong>perquiratur.</strong></span> <span class='ocrx_word' id='word_1_134' title='bbox 3222 462 3290 517; x_wconf 84' lang='lat' dir='ltr'><strong>Et</strong></span> <span class='ocrx_word' id='word_1_135' title='bbox 3337 463 3467 527; x_wconf 78' lang='lat' dir='ltr'><strong>illic:</strong></span> 
     </span>
    </p>
   </div>
   <div class='ocr_carea' id='block_1_18' title="bbox 1867 550 3465 621">
    <p class='ocr_par' dir='ltr' id='par_1_18' title="bbox 1867 550 3465 621">
     <span class='ocr_line' id='line_1_18' title="bbox 1867 550 3465 621; baseline 0.003 -16"><span class='ocrx_word' id='word_1_136' title='bbox 1867 554 2142 621; x_wconf 82' lang='lat' dir='ltr'><strong>apparebit</strong></span> <span class='ocrx_word' id='word_1_137' title='bbox 2183 552 2302 621; x_wconf 89' lang='lat' dir='ltr'><strong>quis</strong></span> <span class='ocrx_word' id='word_1_138' title='bbox 2338 550 2581 606; x_wconf 90' lang='lat' dir='ltr'><strong>modesto</strong></span> <span class='ocrx_word' id='word_1_139' title='bbox 2608 553 2882 620; x_wconf 91' lang='lat' dir='ltr'><strong>proposito</strong></span> <span class='ocrx_word' id='word_1_140' title='bbox 2908 550 3175 607; x_wconf 84' lang='lat' dir='ltr'><strong>custodiat</strong></span> <span class='ocrx_word' id='word_1_141' title='bbox 3215 551 3465 617; x_wconf 60' lang='lat' dir='ltr'><strong>formam,</strong></span> 
     </span>
    </p>
   </div>
   <div class='ocr_carea' id='block_1_19' title="bbox 1869 644 3441 713">
    <p class='ocr_par' dir='ltr' id='par_1_19' title="bbox 1869 644 3441 713">
     <span class='ocr_line' id='line_1_19' title="bbox 1869 644 3441 713; baseline 0 -14"><span class='ocrx_word' id='word_1_142' title='bbox 1869 644 2315 713; x_wconf 88' lang='lat' dir='ltr'><strong>traditionemque</strong></span> <span class='ocrx_word' id='word_1_143' title='bbox 2341 644 2596 712; x_wconf 76' lang='lat' dir='ltr'><strong>majorum</strong></span> <span class='ocrx_word' id='word_1_144' title='bbox 2619 683 2635 709; x_wconf 90' lang='lat'><strong>,</strong></span> <span class='ocrx_word' id='word_1_145' title='bbox 2668 644 2785 713; x_wconf 86' lang='lat' dir='ltr'><strong>quis</strong></span> <span class='ocrx_word' id='word_1_146' title='bbox 2813 658 2971 713; x_wconf 83' lang='lat' dir='ltr'><strong>supra</strong></span> <span class='ocrx_word' id='word_1_147' title='bbox 3003 645 3117 697; x_wconf 61' lang='lat' dir='ltr'><strong>haec</strong></span> <span class='ocrx_word' id='word_1_148' title='bbox 3141 645 3441 701; x_wconf 82' lang='lat' dir='ltr'><strong>irreveren-</strong></span> 
     </span>
    </p>
   </div>
   <div class='ocr_carea' id='block_1_20' title="bbox 1866 734 3441 804">
    <p class='ocr_par' dir='ltr' id='par_1_20' title="bbox 1866 734 3441 804">
     <span class='ocr_line' id='line_1_20' title="bbox 1866 734 3441 804; baseline 0.003 -15"><span class='ocrx_word' id='word_1_149' title='bbox 1866 744 1947 790; x_wconf 91' lang='lat' dir='ltr'><strong>ter</strong></span> <span class='ocrx_word' id='word_1_150' title='bbox 1974 734 2235 800; x_wconf 88' lang='lat' dir='ltr'><strong>insiliens,</strong></span> <span class='ocrx_word' id='word_1_151' title='bbox 2273 734 2455 803; x_wconf 89' lang='lat' dir='ltr'><strong>rapina</strong></span> <span class='ocrx_word' id='word_1_152' title='bbox 2486 735 2744 803; x_wconf 82' lang='lat' dir='ltr'><strong>aequalem</strong></span> <span class='ocrx_word' id='word_1_153' title='bbox 2776 749 2933 804; x_wconf 87' lang='lat' dir='ltr'><strong>posse</strong></span> <span class='ocrx_word' id='word_1_154' title='bbox 2973 736 3086 793; x_wconf 83' lang='lat' dir='ltr'><strong>fieri</strong></span> <span class='ocrx_word' id='word_1_155' title='bbox 3130 736 3441 793; x_wconf 89' lang='lat' dir='ltr'><strong>arbitretur.</strong></span> 
     </span>
    </p>
   </div>
   <div class='ocr_carea' id='block_1_21' title="bbox 1864 824 3442 895">
    <p class='ocr_par' dir='ltr' id='par_1_21' title="bbox 1864 824 3442 895">
     <span class='ocr_line' id='line_1_21' title="bbox 1864 824 3442 895; baseline 0.004 -20"><span class='ocrx_word' id='word_1_156' title='bbox 1864 826 2015 893; x_wconf 83' lang='lat' dir='ltr'><strong>Quod</strong></span> <span class='ocrx_word' id='word_1_157' title='bbox 2045 826 2088 879; x_wconf 89' lang='lat' dir='ltr'><strong>si</strong></span> <span class='ocrx_word' id='word_1_158' title='bbox 2117 825 2247 880; x_wconf 90' lang='lat' dir='ltr'><strong>mihi</strong></span> <span class='ocrx_word' id='word_1_159' title='bbox 2272 825 2450 895; x_wconf 84' lang='lat' dir='ltr'><strong>pepuli</strong></span> <span class='ocrx_word' id='word_1_160' title='bbox 2468 824 3043 893; x_wconf 82' lang='lat' dir='ltr'><strong>Constantinopolitani</strong></span> <span class='ocrx_word' id='word_1_161' title='bbox 3071 841 3299 894; x_wconf 82' lang='lat' dir='ltr'><strong>persona</strong></span> <span class='ocrx_word' id='word_1_162' title='bbox 3317 842 3442 895; x_wconf 89' lang='lat' dir='ltr'><strong>pro-</strong></span> 
     </span>
    </p>
   </div>
   <div class='ocr_carea' id='block_1_22' title="bbox 1865 916 3442 986">
    <p class='ocr_par' dir='ltr' id='par_1_22' title="bbox 1865 916 3442 986">
     <span class='ocr_line' id='line_1_22' title="bbox 1865 916 3442 986; baseline 0 -15"><span class='ocrx_word' id='word_1_163' title='bbox 1865 918 2100 986; x_wconf 77' lang='lat' dir='ltr'><strong>ponitur,</strong></span> <span class='ocrx_word' id='word_1_164' title='bbox 2140 931 2235 986; x_wconf 90' lang='lat' dir='ltr'><strong>per</strong></span> <span class='ocrx_word' id='word_1_165' title='bbox 2264 930 2423 986; x_wconf 89' lang='lat' dir='ltr'><strong>quam</strong></span> <span class='ocrx_word' id='word_1_166' title='bbox 2465 916 2672 971; x_wconf 86' lang='lat' dir='ltr'><strong>dicatur</strong></span> <span class='ocrx_word' id='word_1_167' title='bbox 2724 918 2919 973; x_wconf 86' lang='lat' dir='ltr'><strong>nomen</strong></span> <span class='ocrx_word' id='word_1_168' title='bbox 2963 917 3219 981; x_wconf 88' lang='lat' dir='ltr'><strong>scandali,</strong></span> <span class='ocrx_word' id='word_1_169' title='bbox 3270 917 3321 971; x_wconf 89' lang='lat' dir='ltr'><strong>id</strong></span> <span class='ocrx_word' id='word_1_170' title='bbox 3360 926 3442 971; x_wconf 87' lang='lat' dir='ltr'><strong>est</strong></span> 
     </span>
    </p>
   </div>
   <div class='ocr_carea' id='block_1_23' title="bbox 1863 1009 3461 1079">
    <p class='ocr_par' dir='ltr' id='par_1_23' title="bbox 1863 1009 3461 1079">
     <span class='ocr_line' id='line_1_23' title="bbox 1863 1009 3461 1079; baseline 0.003 -15"><span class='ocrx_word' id='word_1_171' title='bbox 1863 1010 2069 1076; x_wconf 80' lang='lat' dir='ltr'><strong>Acacii,</strong></span> <span class='ocrx_word' id='word_1_172' title='bbox 2104 1025 2209 1064; x_wconf 93' lang='lat' dir='ltr'><strong>non</strong></span> <span class='ocrx_word' id='word_1_173' title='bbox 2242 1024 2400 1078; x_wconf 85' lang='lat' dir='ltr'><strong>posse</strong></span> <span class='ocrx_word' id='word_1_174' title='bbox 2423 1010 2720 1073; x_wconf 88' lang='lat' dir='ltr'><strong>removeri;</strong></span> <span class='ocrx_word' id='word_1_175' title='bbox 2750 1019 2921 1074; x_wconf 89' lang='lat' dir='ltr'><strong>taceo,</strong></span> <span class='ocrx_word' id='word_1_176' title='bbox 2950 1009 3072 1078; x_wconf 82' lang='lat' dir='ltr'><strong>quia</strong></span> <span class='ocrx_word' id='word_1_177' title='bbox 3097 1018 3150 1064; x_wconf 89' lang='lat' dir='ltr'><strong>et</strong></span> <span class='ocrx_word' id='word_1_178' title='bbox 3189 1010 3461 1079; x_wconf 58' lang='lat' dir='ltr'><strong>ha&#39;retico.</strong></span> 
     </span>
    </p>
   </div>
   <div class='ocr_carea' id='block_1_24' title="bbox 1863 1102 3435 1175">
    <p class='ocr_par' dir='ltr' id='par_1_24' title="bbox 1863 1102 3435 1175">
     <span class='ocr_line' id='line_1_24' title="bbox 1863 1102 3435 1175; baseline -0.001 -16"><span class='ocrx_word' id='word_1_179' title='bbox 1863 1104 2131 1175; x_wconf 90' lang='lat' dir='ltr'><strong>quondam</strong></span> <span class='ocrx_word' id='word_1_180' title='bbox 2163 1103 2474 1157; x_wconf 80' lang='lat' dir='ltr'><strong>Macedonio</strong></span> <span class='ocrx_word' id='word_1_181' title='bbox 2504 1102 2678 1171; x_wconf 87' lang='lat' dir='ltr'><strong>pulso,</strong></span> <span class='ocrx_word' id='word_1_182' title='bbox 2704 1112 2757 1157; x_wconf 88' lang='lat' dir='ltr'><strong>et</strong></span> <span class='ocrx_word' id='word_1_183' title='bbox 2783 1102 3029 1158; x_wconf 81' lang='lat' dir='ltr'><strong>Nestorio</strong></span> <span class='ocrx_word' id='word_1_184' title='bbox 3052 1118 3221 1171; x_wconf 87' lang='lat' dir='ltr'><strong>nuper</strong></span> <span class='ocrx_word' id='word_1_185' title='bbox 3246 1104 3435 1172; x_wconf 91' lang='lat' dir='ltr'><strong>ejecto,</strong></span> 
     </span>
    </p>
   </div>
   <div class='ocr_carea' id='block_1_25' title="bbox 1862 1194 3443 1265">
    <p class='ocr_par' dir='ltr' id='par_1_25' title="bbox 1862 1194 3443 1265">
     <span class='ocr_line' id='line_1_25' title="bbox 1862 1194 3443 1265; baseline 0.001 -16"><span class='ocrx_word' id='word_1_186' title='bbox 1862 1197 2014 1265; x_wconf 87' lang='lat' dir='ltr'><strong>plebs</strong></span> <span class='ocrx_word' id='word_1_187' title='bbox 2041 1194 2635 1263; x_wconf 79' lang='lat' dir='ltr'><strong>Constantinopolitano</strong></span> <span class='ocrx_word' id='word_1_188' title='bbox 2663 1195 2924 1249; x_wconf 83' lang='lat' dir='ltr'><strong>catholica</strong></span> <span class='ocrx_word' id='word_1_189' title='bbox 2954 1210 3267 1263; x_wconf 75' lang='lat' dir='ltr'><strong>permanere</strong></span> <span class='ocrx_word' id='word_1_190' title='bbox 3295 1196 3443 1259; x_wconf 52' lang='lat' dir='ltr'><strong>dele,-</strong></span> 
     </span>
    </p>
   </div>
   <div class='ocr_carea' id='block_1_26' title="bbox 1862 1285 3438 1359">
    <p class='ocr_par' dir='ltr' id='par_1_26' title="bbox 1862 1285 3438 1359">
     <span class='ocr_line' id='line_1_26' title="bbox 1862 1285 3438 1359; baseline -0.001 -15"><span class='ocrx_word' id='word_1_191' title='bbox 1862 1290 1995 1359; x_wconf 87' lang='lat' dir='ltr'><strong>gerit</strong></span> <span class='ocrx_word' id='word_1_192' title='bbox 2028 1288 2199 1357; x_wconf 90' lang='lat' dir='ltr'><strong>potius</strong></span> <span class='ocrx_word' id='word_1_193' title='bbox 2236 1301 2393 1357; x_wconf 90' lang='lat' dir='ltr'><strong>quam</strong></span> <span class='ocrx_word' id='word_1_194' title='bbox 2440 1285 2701 1354; x_wconf 86' lang='lat' dir='ltr'><strong>majorum</strong></span> <span class='ocrx_word' id='word_1_195' title='bbox 2742 1288 3025 1353; x_wconf 67' lang='lat' dir='ltr'><strong>pratsulnm</strong></span> <span class='ocrx_word' id='word_1_196' title='bbox 3063 1286 3438 1342; x_wconf 87' lang='lat' dir='ltr'><strong>damnatorum</strong></span> 
     </span>
    </p>
   </div>
   <div class='ocr_carea' id='block_1_27' title="bbox 1864 1375 3453 1445">
    <p class='ocr_par' dir='ltr' id='par_1_27' title="bbox 1864 1375 3453 1445">
     <span class='ocr_line' id='line_1_27' title="bbox 1864 1375 3453 1445; baseline 0 -12"><span class='ocrx_word' id='word_1_197' title='bbox 1864 1380 2146 1435; x_wconf 74' lang='lat' dir='ltr'><strong>aﬁ&#39;ectione</strong></span> <span class='ocrx_word' id='word_1_198' title='bbox 2172 1378 2413 1432; x_wconf 86' lang='lat' dir='ltr'><strong>retineri.</strong></span> <span class='ocrx_word' id='word_1_199' title='bbox 2445 1376 2641 1440; x_wconf 85' lang='lat' dir='ltr'><strong>Taceo,</strong></span> <span class='ocrx_word' id='word_1_200' title='bbox 2670 1375 2811 1443; x_wconf 88' lang='lat' dir='ltr'><strong>quod</strong></span> <span class='ocrx_word' id='word_1_201' title='bbox 2848 1375 2939 1443; x_wconf 90' lang='lat' dir='ltr'><strong>qui</strong></span> <span class='ocrx_word' id='word_1_202' title='bbox 2983 1375 3051 1432; x_wconf 89' lang='lat' dir='ltr'><strong>ab</strong></span> <span class='ocrx_word' id='word_1_203' title='bbox 3079 1375 3279 1430; x_wconf 89' lang='lat' dir='ltr'><strong>eisdem</strong></span> <span class='ocrx_word' id='word_1_204' title='bbox 3312 1378 3453 1445; x_wconf 53' lang='lat' dir='ltr'><strong>ipsis,</strong></span> 
     </span>
    </p>
   </div>
   <div class='ocr_carea' id='block_1_28' title="bbox 1862 1466 3441 1538">
    <p class='ocr_par' dir='ltr' id='par_1_28' title="bbox 1862 1466 3441 1538">
     <span class='ocr_line' id='line_1_28' title="bbox 1862 1466 3441 1538; baseline -0.002 -12"><span class='ocrx_word' id='word_1_205' title='bbox 1862 1471 2127 1526; x_wconf 84' lang='lat' dir='ltr'><strong>damnatis</strong></span> <span class='ocrx_word' id='word_1_206' title='bbox 2149 1468 2482 1538; x_wconf 64' lang='lat' dir='ltr'><strong>praesulibus,</strong></span> <span class='ocrx_word' id='word_1_207' title='bbox 2513 1467 2757 1536; x_wconf 79' lang='lat' dir='ltr'><strong>baptizati</strong></span> <span class='ocrx_word' id='word_1_208' title='bbox 2786 1466 3017 1531; x_wconf 77' lang='lat' dir='ltr'><strong>fuerant,</strong></span> <span class='ocrx_word' id='word_1_209' title='bbox 3042 1466 3096 1527; x_wconf 87' lang='lat' dir='ltr'><strong>in</strong></span> <span class='ocrx_word' id='word_1_210' title='bbox 3124 1467 3227 1522; x_wconf 89' lang='lat' dir='ltr'><strong>ﬁde</strong></span> <span class='ocrx_word' id='word_1_211' title='bbox 3246 1471 3441 1533; x_wconf 84' lang='lat' dir='ltr'><strong>catho-</strong></span> 
     </span>
    </p>
   </div>
   <div class='ocr_carea' id='block_1_29' title="bbox 1864 1558 3439 1627">
    <p class='ocr_par' dir='ltr' id='par_1_29' title="bbox 1864 1558 3439 1627">
     <span class='ocr_line' id='line_1_29' title="bbox 1864 1558 3439 1627; baseline -0.002 -11"><span class='ocrx_word' id='word_1_212' title='bbox 1864 1563 1962 1616; x_wconf 87' lang='lat' dir='ltr'><strong>lica</strong></span> <span class='ocrx_word' id='word_1_213' title='bbox 1994 1570 2289 1622; x_wconf 88' lang='lat' dir='ltr'><strong>manentes,</strong></span> <span class='ocrx_word' id='word_1_214' title='bbox 2323 1560 2463 1613; x_wconf 89' lang='lat' dir='ltr'><strong>nulla</strong></span> <span class='ocrx_word' id='word_1_215' title='bbox 2491 1560 2597 1612; x_wconf 92' lang='lat' dir='ltr'><strong>sint</strong></span> <span class='ocrx_word' id='word_1_216' title='bbox 2618 1558 2976 1627; x_wconf 84' lang='lat' dir='ltr'><strong>exagitatione</strong></span> <span class='ocrx_word' id='word_1_217' title='bbox 3005 1558 3219 1614; x_wconf 84' lang='lat' dir='ltr'><strong>turbati.</strong></span> <span class='ocrx_word' id='word_1_218' title='bbox 3245 1558 3439 1627; x_wconf 81' lang='lat' dir='ltr'><strong>Taceo,</strong></span> 
     </span>
    </p>
   </div>
   <div class='ocr_carea' id='block_1_30' title="bbox 1866 1650 3451 1723">
    <p class='ocr_par' dir='ltr' id='par_1_30' title="bbox 1866 1650 3451 1723">
     <span class='ocr_line' id='line_1_30' title="bbox 1866 1650 3451 1723; baseline -0.001 -18"><span class='ocrx_word' id='word_1_219' title='bbox 1866 1653 2007 1723; x_wconf 88' lang='lat' dir='ltr'><strong>quod</strong></span> <span class='ocrx_word' id='word_1_220' title='bbox 2061 1668 2156 1722; x_wconf 87' lang='lat' dir='ltr'><strong>pro</strong></span> <span class='ocrx_word' id='word_1_221' title='bbox 2196 1651 2356 1713; x_wconf 82' lang='lat' dir='ltr'><strong>rebus</strong></span> <span class='ocrx_word' id='word_1_222' title='bbox 2407 1650 2627 1705; x_wconf 85' lang='lat' dir='ltr'><strong>ludicris</strong></span> <span class='ocrx_word' id='word_1_223' title='bbox 2667 1650 2948 1719; x_wconf 84' lang='lat' dir='ltr'><strong>populares</strong></span> <span class='ocrx_word' id='word_1_224' title='bbox 3000 1650 3255 1707; x_wconf 83' lang='lat' dir='ltr'><strong>tumultus</strong></span> <span class='ocrx_word' id='word_1_225' title='bbox 3302 1664 3451 1719; x_wconf 20' lang='lat' dir='ltr'><strong>nunc,</strong></span> 
     </span>
    </p>
   </div>
   <div class='ocr_carea' id='block_1_31' title="bbox 195 1733 3443 1813">
    <p class='ocr_par' dir='ltr' id='par_1_31' title="bbox 195 1733 3443 1813">
     <span class='ocr_line' id='line_1_31' title="bbox 195 1733 3443 1813; baseline 0 -17"><span class='ocrx_word' id='word_1_226' title='bbox 195 1743 398 1797; x_wconf 64' lang='lat' dir='ltr'><strong>tbolicte</strong></span> <span class='ocrx_word' id='word_1_227' title='bbox 417 1753 471 1796; x_wconf 92' lang='lat' dir='ltr'><strong>et</strong></span> <span class='ocrx_word' id='word_1_228' title='bbox 498 1742 807 1811; x_wconf 68' lang='lat' dir='ltr'><strong>apostoiicze</strong></span> <span class='ocrx_word' id='word_1_229' title='bbox 830 1757 953 1795; x_wconf 82' lang='lat' dir='ltr'><strong>mox</strong></span> <span class='ocrx_word' id='word_1_230' title='bbox 977 1745 1231 1798; x_wconf 88' lang='lat' dir='ltr'><strong>societate</strong></span> <span class='ocrx_word' id='word_1_231' title='bbox 1260 1743 1281 1772; x_wconf 71' lang='grc'><strong><em>⁸</em></strong></span> <span class='ocrx_word' id='word_1_232' title='bbox 1313 1743 1549 1811; x_wconf 78' lang='lat' dir='ltr'><strong>praecidi,</strong></span> <span class='ocrx_word' id='word_1_233' title='bbox 1576 1759 1645 1799; x_wconf 87' lang='lat' dir='ltr'><strong>ne</strong></span> <span class='ocrx_word' id='word_1_234' title='bbox 1667 1759 1760 1813; x_wconf 91' lang='lat' dir='ltr'><strong>per</strong></span> <span class='ocrx_word' id='word_1_235' title='bbox 1792 1733 1837 1791; x_wconf 83' lang='lat' dir='ltr'><strong>B</strong></span> <span class='ocrx_word' id='word_1_236' title='bbox 1865 1744 2026 1798; x_wconf 84' lang='lat' dir='ltr'><strong>etiam</strong></span> <span class='ocrx_word' id='word_1_237' title='bbox 2042 1754 2234 1798; x_wconf 79' lang='lat' dir='ltr'><strong>vestra:</strong></span> <span class='ocrx_word' id='word_1_238' title='bbox 2252 1743 2462 1811; x_wconf 79' lang='lat' dir='ltr'><strong>pietatis</strong></span> <span class='ocrx_word' id='word_1_239' title='bbox 2482 1744 2772 1799; x_wconf 84' lang='lat' dir='ltr'><strong>auctoritas</strong></span> <span class='ocrx_word' id='word_1_240' title='bbox 2798 1742 3108 1808; x_wconf 72' lang='lat' dir='ltr'><strong>refrenavit;</strong></span> <span class='ocrx_word' id='word_1_241' title='bbox 3137 1751 3296 1812; x_wconf 87' lang='lat' dir='ltr'><strong>atque</strong></span> <span class='ocrx_word' id='word_1_242' title='bbox 3319 1742 3443 1799; x_wconf 87' lang='lat' dir='ltr'><strong>ideo</strong></span> 
     </span>
    </p>
   </div>
   <div class='ocr_carea' id='block_1_32' title="bbox 194 1833 1764 1907">
    <p class='ocr_par' dir='ltr' id='par_1_32' title="bbox 194 1833 1764 1907">
     <span class='ocr_line' id='line_1_32' title="bbox 194 1833 1764 1907; baseline 0.001 -19"><span class='ocrx_word' id='word_1_243' title='bbox 194 1848 336 1899; x_wconf 88' lang='lat' dir='ltr'><strong>eum,</strong></span> <span class='ocrx_word' id='word_1_244' title='bbox 358 1836 397 1885; x_wconf 89' lang='lat' dir='ltr'><strong>si</strong></span> <span class='ocrx_word' id='word_1_245' title='bbox 429 1834 513 1887; x_wconf 89' lang='lat' dir='ltr'><strong>vel</strong></span> <span class='ocrx_word' id='word_1_246' title='bbox 538 1833 825 1907; x_wconf 35' lang='lat' dir='ltr'><strong>paululum-</strong></span> <span class='ocrx_word' id='word_1_247' title='bbox 856 1847 1212 1897; x_wconf 79' lang='lat' dir='ltr'><strong>cessaremus,</strong></span> <span class='ocrx_word' id='word_1_248' title='bbox 1257 1848 1355 1887; x_wconf 87' lang='lat' dir='ltr'><strong>nos</strong></span> <span class='ocrx_word' id='word_1_249' title='bbox 1383 1850 1593 1904; x_wconf 80' lang='lat' dir='ltr'><strong>quoque</strong></span> <span class='ocrx_word' id='word_1_250' title='bbox 1617 1836 1764 1889; x_wconf 89' lang='lat' dir='ltr'><strong>vide-</strong></span> 
     </span>
    </p>
   </div>
   <div class='ocr_carea' id='block_1_33' title="bbox 192 1923 1762 1992">
    <p class='ocr_par' dir='ltr' id='par_1_33' title="bbox 192 1923 1762 1992">
     <span class='ocr_line' id='line_1_33' title="bbox 192 1923 1762 1992; baseline 0.001 -13"><span class='ocrx_word' id='word_1_251' title='bbox 192 1939 369 1979; x_wconf 84' lang='lat' dir='ltr'><strong>remur</strong></span> <span class='ocrx_word' id='word_1_252' title='bbox 396 1924 626 1977; x_wconf 78' lang='lat' dir='ltr'><strong>subiisse</strong></span> <span class='ocrx_word' id='word_1_253' title='bbox 644 1924 889 1991; x_wconf 85' lang='lat' dir='ltr'><strong>contagia</strong></span> <span class='ocrx_word' id='word_1_254' title='bbox 930 1923 1279 1992; x_wconf 79' lang='lat' dir='ltr'><strong>perfidorum.</strong></span> <span class='ocrx_word' id='word_1_255' title='bbox 1312 1924 1418 1979; x_wconf 85' lang='lat' dir='ltr'><strong>Sed</strong></span> <span class='ocrx_word' id='word_1_256' title='bbox 1462 1940 1649 1980; x_wconf 86' lang='lat' dir='ltr'><strong>revera</strong></span> <span class='ocrx_word' id='word_1_257' title='bbox 1678 1927 1762 1980; x_wconf 88' lang='lat' dir='ltr'><strong>vel</strong></span> 
     </span>
    </p>
   </div>
   <div class='ocr_carea' id='block_1_34' title="bbox 192 2014 1761 2084">
    <p class='ocr_par' dir='ltr' id='par_1_34' title="bbox 192 2014 1761 2084">
     <span class='ocr_line' id='line_1_34' title="bbox 192 2014 1761 2084; baseline -0.001 -15"><span class='ocrx_word' id='word_1_258' title='bbox 192 2016 285 2071; x_wconf 80' lang='lat' dir='ltr'><strong>tali</strong></span> <span class='ocrx_word' id='word_1_259' title='bbox 312 2016 581 2084; x_wconf 81' lang='lat' dir='ltr'><strong>perculsus</strong></span> <span class='ocrx_word' id='word_1_260' title='bbox 611 2028 772 2082; x_wconf 70' lang='lat' dir='ltr'><strong>pinna</strong></span> <span class='ocrx_word' id='word_1_261' title='bbox 809 2014 1051 2084; x_wconf 76' lang='lat' dir='ltr'><strong>resipuit,</strong></span> <span class='ocrx_word' id='word_1_262' title='bbox 1076 2015 1469 2070; x_wconf 75' lang='lat' dir='ltr'><strong>correctionem</strong></span> <span class='ocrx_word' id='word_1_263' title='bbox 1500 2018 1761 2084; x_wconf 83' lang='lat' dir='ltr'><strong>promisit,</strong></span> 
     </span>
    </p>
   </div>
   <div class='ocr_carea' id='block_1_35' title="bbox 194 2108 1765 2164">
    <p class='ocr_par' dir='ltr' id='par_1_35' title="bbox 194 2108 1765 2164">
     <span class='ocr_line' id='line_1_35' title="bbox 194 2108 1765 2164; baseline -0.001 -1"><span class='ocrx_word' id='word_1_264' title='bbox 194 2108 485 2163; x_wconf 86' lang='lat' dir='ltr'><strong>emendavit</strong></span> <span class='ocrx_word' id='word_1_265' title='bbox 514 2108 794 2160; x_wconf 86' lang='lat' dir='ltr'><strong>errorem?</strong></span> <span class='ocrx_word' id='word_1_266' title='bbox 823 2117 911 2159; x_wconf 90' lang='lat' dir='ltr'><strong>aut</strong></span> <span class='ocrx_word' id='word_1_267' title='bbox 946 2108 1032 2161; x_wconf 91' lang='lat' dir='ltr'><strong>ille</strong></span> <span class='ocrx_word' id='word_1_268' title='bbox 1050 2115 1304 2162; x_wconf 85' lang='lat' dir='ltr'><strong>tractatus</strong></span> <span class='ocrx_word' id='word_1_269' title='bbox 1329 2109 1498 2162; x_wconf 89' lang='lat' dir='ltr'><strong>lenius</strong></span> <span class='ocrx_word' id='word_1_270' title='bbox 1528 2109 1765 2164; x_wconf 83' lang='lat' dir='ltr'><strong>voluerat</strong></span> 
     </span>
    </p>
   </div>
   <div class='ocr_carea' id='block_1_36' title="bbox 194 2201 1764 2274">
    <p class='ocr_par' dir='ltr' id='par_1_36' title="bbox 194 2201 1764 2274">
     <span class='ocr_line' id='line_1_36' title="bbox 194 2201 1764 2274; baseline 0.003 -21"><span class='ocrx_word' id='word_1_271' title='bbox 194 2202 293 2274; x_wconf 74' lang='grc' dir='ltr'><strong>[αι.</strong></span> <span class='ocrx_word' id='word_1_272' title='bbox 334 2202 587 2271; x_wconf 82' lang='lat' dir='ltr'><strong>valuerat]</strong></span> <span class='ocrx_word' id='word_1_273' title='bbox 619 2203 878 2265; x_wconf 81' lang='lat' dir='ltr'><strong>coerceri,</strong></span> <span class='ocrx_word' id='word_1_274' title='bbox 916 2201 1007 2270; x_wconf 89' lang='lat' dir='ltr'><strong>qui</strong></span> <span class='ocrx_word' id='word_1_275' title='bbox 1038 2202 1197 2254; x_wconf 86' lang='lat' dir='ltr'><strong>etiam</strong></span> <span class='ocrx_word' id='word_1_276' title='bbox 1226 2201 1450 2255; x_wconf 82' lang='lat' dir='ltr'><strong>verbera</strong></span> <span class='ocrx_word' id='word_1_277' title='bbox 1481 2203 1613 2255; x_wconf 89' lang='lat' dir='ltr'><strong>dura</strong></span> <span class='ocrx_word' id='word_1_278' title='bbox 1657 2216 1764 2258; x_wconf 86' lang='lat' dir='ltr'><strong>nou</strong></span> 
     </span>
    </p>
   </div>
   <div class='ocr_carea' id='block_1_37' title="bbox 170 2292 1764 2361">
    <p class='ocr_par' dir='ltr' id='par_1_37' title="bbox 170 2292 1764 2361">
     <span class='ocr_line' id='line_1_37' title="bbox 170 2292 1764 2361; baseline 0.001 -13"><span class='ocrx_word' id='word_1_279' title='bbox 170 2293 388 2348; x_wconf 76' lang='lat' dir='ltr'><strong>sensit?</strong></span> <span class='ocrx_word' id='word_1_280' title='bbox 413 2293 530 2359; x_wconf 83' lang='lat' dir='ltr'><strong>Quo</strong></span> <span class='ocrx_word' id='word_1_281' title='bbox 575 2294 631 2346; x_wconf 92' lang='lat' dir='ltr'><strong>in</strong></span> <span class='ocrx_word' id='word_1_282' title='bbox 661 2308 759 2346; x_wconf 86' lang='lat' dir='ltr'><strong>sua</strong></span> <span class='ocrx_word' id='word_1_283' title='bbox 794 2292 1011 2361; x_wconf 84' lang='lat' dir='ltr'><strong>perﬁdia</strong></span> <span class='ocrx_word' id='word_1_284' title='bbox 1042 2303 1093 2347; x_wconf 90' lang='lat' dir='ltr'><strong>et</strong></span> <span class='ocrx_word' id='word_1_285' title='bbox 1124 2294 1467 2348; x_wconf 83' lang='lat' dir='ltr'><strong>damnatione</strong></span> <span class='ocrx_word' id='word_1_286' title='bbox 1504 2295 1764 2350; x_wconf 80' lang='lat' dir='ltr'><strong>moriente</strong></span> 
     </span>
    </p>
   </div>
   <div class='ocr_carea' id='block_1_38' title="bbox 190 2383 1764 2453">
    <p class='ocr_par' dir='ltr' id='par_1_38' title="bbox 190 2383 1764 2453">
     <span class='ocr_line' id='line_1_38' title="bbox 190 2383 1764 2453; baseline 0.003 -18"><span class='ocrx_word' id='word_1_287' title='bbox 190 2383 285 2453; x_wconf 73' lang='lat' dir='ltr'><strong>[aL</strong></span> <span class='ocrx_word' id='word_1_288' title='bbox 315 2384 599 2453; x_wconf 62' lang='lat' dir='ltr'><strong>manente],</strong></span> <span class='ocrx_word' id='word_1_289' title='bbox 617 2394 721 2436; x_wconf 83' lang='lat' dir='ltr'><strong>tam</strong></span> <span class='ocrx_word' id='word_1_290' title='bbox 740 2384 853 2451; x_wconf 84' lang='lat' dir='ltr'><strong>ejus</strong></span> <span class='ocrx_word' id='word_1_291' title='bbox 870 2384 923 2437; x_wconf 86' lang='lat' dir='ltr'><strong>in</strong></span> <span class='ocrx_word' id='word_1_292' title='bbox 943 2384 1297 2439; x_wconf 84' lang='lat' dir='ltr'><strong>ecclesiastica</strong></span> <span class='ocrx_word' id='word_1_293' title='bbox 1326 2386 1636 2439; x_wconf 88' lang='lat' dir='ltr'><strong>recitatione</strong></span> <span class='ocrx_word' id='word_1_294' title='bbox 1659 2401 1764 2440; x_wconf 89' lang='lat' dir='ltr'><strong>non</strong></span> 
     </span>
    </p>
   </div>
   <div class='ocr_carea' id='block_1_39' title="bbox 190 2476 1762 2547">
    <p class='ocr_par' dir='ltr' id='par_1_39' title="bbox 190 2476 1762 2547">
     <span class='ocr_line' id='line_1_39' title="bbox 190 2476 1762 2547; baseline 0.001 -18"><span class='ocrx_word' id='word_1_295' title='bbox 190 2485 367 2542; x_wconf 76' lang='lat' dir='ltr'><strong>potest</strong></span> <span class='ocrx_word' id='word_1_296' title='bbox 398 2490 593 2528; x_wconf 76' lang='lat' dir='ltr'><strong>nomen</strong></span> <span class='ocrx_word' id='word_1_297' title='bbox 634 2476 849 2541; x_wconf 76' lang='lat' dir='ltr'><strong>ascribi,</strong></span> <span class='ocrx_word' id='word_1_298' title='bbox 874 2491 1031 2544; x_wconf 82' lang='lat' dir='ltr'><strong>quam</strong></span> <span class='ocrx_word' id='word_1_299' title='bbox 1058 2486 1296 2530; x_wconf 70' lang='lat' dir='ltr'><strong>extorum</strong></span> <span class='ocrx_word' id='word_1_300' title='bbox 1326 2479 1628 2547; x_wconf 80' lang='lat' dir='ltr'><strong>contagium</strong></span> <span class='ocrx_word' id='word_1_301' title='bbox 1657 2492 1762 2531; x_wconf 92' lang='lat' dir='ltr'><strong>non</strong></span> 
     </span>
    </p>
   </div>
   <div class='ocr_carea' id='block_1_40' title="bbox 190 2567 1762 2638">
    <p class='ocr_par' dir='ltr' id='par_1_40' title="bbox 190 2567 1762 2638">
     <span class='ocr_line' id='line_1_40' title="bbox 190 2567 1762 2638; baseline 0.003 -19"><span class='ocrx_word' id='word_1_302' title='bbox 190 2567 342 2621; x_wconf 82' lang='lat' dir='ltr'><strong>debet</strong></span> <span class='ocrx_word' id='word_1_303' title='bbox 371 2568 875 2621; x_wconf 77' lang='lat' dir='ltr'><strong>communicationis</strong></span> <span class='ocrx_word' id='word_1_304' title='bbox 915 2568 1142 2622; x_wconf 78' lang='lat' dir='ltr'><strong>admitti.</strong></span> <span class='ocrx_word' id='word_1_305' title='bbox 1174 2569 1508 2638; x_wconf 77' lang='lat' dir='ltr'><strong>Quapropter</strong></span> <span class='ocrx_word' id='word_1_306' title='bbox 1546 2581 1635 2623; x_wconf 89' lang='lat' dir='ltr'><strong>aut</strong></span> <span class='ocrx_word' id='word_1_307' title='bbox 1665 2570 1762 2624; x_wconf 89' lang='lat' dir='ltr'><strong>do-</strong></span> 
     </span>
    </p>
   </div>
   <div class='ocr_carea' id='block_1_41' title="bbox 190 2661 1763 2730">
    <p class='ocr_par' dir='ltr' id='par_1_41' title="bbox 190 2661 1763 2730">
     <span class='ocr_line' id='line_1_41' title="bbox 190 2661 1763 2730; baseline 0.002 -18"><span class='ocrx_word' id='word_1_308' title='bbox 190 2670 375 2714; x_wconf 82' lang='lat' dir='ltr'><strong>ceatur</strong></span> <span class='ocrx_word' id='word_1_309' title='bbox 408 2661 472 2715; x_wconf 86' lang='lat' dir='ltr'><strong>ab</strong></span> <span class='ocrx_word' id='word_1_310' title='bbox 515 2662 764 2714; x_wconf 71' lang='lat' dir='ltr'><strong>limretica</strong></span> <span class='ocrx_word' id='word_1_311' title='bbox 800 2661 1209 2728; x_wconf 77' lang='lat' dir='ltr'><strong>participatione</strong></span> <span class='ocrx_word' id='word_1_312' title='bbox 1248 2661 1505 2727; x_wconf 77' lang='lat' dir='ltr'><strong>sincerus,</strong></span> <span class='ocrx_word' id='word_1_313' title='bbox 1540 2676 1763 2730; x_wconf 86' lang='lat' dir='ltr'><strong>quorum</strong></span> 
     </span>
    </p>
   </div>
   <div class='ocr_carea' id='block_1_42' title="bbox 188 2752 1765 2819">
    <p class='ocr_par' dir='ltr' id='par_1_42' title="bbox 188 2752 1765 2819">
     <span class='ocr_line' id='line_1_42' title="bbox 188 2752 1765 2819; baseline -0.001 -11"><span class='ocrx_word' id='word_1_314' title='bbox 188 2766 247 2808; x_wconf 79' lang='lat' dir='ltr'><strong>se</strong></span> <span class='ocrx_word' id='word_1_315' title='bbox 269 2752 358 2806; x_wconf 87' lang='lat' dir='ltr'><strong>ille</strong></span> <span class='ocrx_word' id='word_1_316' title='bbox 387 2752 1102 2819; x_wconf 78' lang='lat' dir='ltr'><strong>communionipcnniscuit,</strong></span> <span class='ocrx_word' id='word_1_317' title='bbox 1133 2761 1224 2805; x_wconf 87' lang='lat' dir='ltr'><strong>aut</strong></span> <span class='ocrx_word' id='word_1_318' title='bbox 1253 2766 1373 2805; x_wconf 82' lang='lat' dir='ltr'><strong>cum</strong></span> <span class='ocrx_word' id='word_1_319' title='bbox 1412 2752 1617 2807; x_wconf 87' lang='lat' dir='ltr'><strong>eisdem</strong></span> <span class='ocrx_word' id='word_1_320' title='bbox 1660 2767 1765 2807; x_wconf 83' lang='lat' dir='ltr'><strong>non</strong></span> 
     </span>
    </p>
   </div>
   <div class='ocr_carea' id='block_1_43' title="bbox 190 2843 1767 2914">
    <p class='ocr_par' dir='ltr' id='par_1_43' title="bbox 190 2843 1767 2914">
     <span class='ocr_line' id='line_1_43' title="bbox 190 2843 1767 2914; baseline -0.001 -15"><span class='ocrx_word' id='word_1_321' title='bbox 190 2853 373 2914; x_wconf 82' lang='lat' dir='ltr'><strong>putest-</strong></span> <span class='ocrx_word' id='word_1_322' title='bbox 393 2858 499 2898; x_wconf 75' lang='lat' dir='ltr'><strong>non</strong></span> <span class='ocrx_word' id='word_1_323' title='bbox 529 2843 737 2911; x_wconf 83' lang='lat' dir='ltr'><strong>repelli.</strong></span> <span class='ocrx_word' id='word_1_324' title='bbox 769 2844 825 2897; x_wconf 69' lang='lat' dir='ltr'><strong>tit&quot;</strong></span> <span class='ocrx_word' id='word_1_325' title='bbox 851 2856 1029 2897; x_wconf 85' lang='lat' dir='ltr'><strong>autem</strong></span> <span class='ocrx_word' id='word_1_326' title='bbox 1060 2854 1338 2896; x_wconf 84' lang='lat' dir='ltr'><strong>susurrant</strong></span> <span class='ocrx_word' id='word_1_327' title='bbox 1373 2844 1608 2899; x_wconf 85' lang='lat' dir='ltr'><strong>Orientis</strong></span> <span class='ocrx_word' id='word_1_328' title='bbox 1651 2846 1767 2913; x_wconf 87' lang='lat' dir='ltr'><strong>epi-</strong></span> 
     </span>
    </p>
   </div>
   <div class='ocr_carea' id='block_1_44' title="bbox 191 2934 1767 3015">
    <p class='ocr_par' dir='ltr' id='par_1_44' title="bbox 191 2934 1767 3015">
     <span class='ocr_line' id='line_1_44' title="bbox 191 2934 1767 3015; baseline 0 -27"><span class='ocrx_word' id='word_1_329' title='bbox 191 2936 360 3015; x_wconf 78' lang='lat' dir='ltr'><strong>scopi,</strong></span> <span class='ocrx_word' id='word_1_330' title='bbox 395 2934 535 3002; x_wconf 88' lang='lat' dir='ltr'><strong>quod</strong></span> <span class='ocrx_word' id='word_1_331' title='bbox 564 2936 631 2987; x_wconf 85' lang='lat' dir='ltr'><strong>ad</strong></span> <span class='ocrx_word' id='word_1_332' title='bbox 654 2949 745 2987; x_wconf 84' lang='lat' dir='ltr'><strong>eos</strong></span> <span class='ocrx_word' id='word_1_333' title='bbox 771 2934 927 2993; x_wconf 81' lang='lat' dir='ltr'><strong>sedes</strong></span> <span class='ocrx_word' id='word_1_334' title='bbox 954 2935 1241 3001; x_wconf 83' lang='lat' dir='ltr'><strong>apostolica</strong></span> <span class='ocrx_word' id='word_1_335' title='bbox 1276 2949 1379 2987; x_wconf 90' lang='lat' dir='ltr'><strong>non</strong></span> <span class='ocrx_word' id='word_1_336' title='bbox 1408 2936 1504 2989; x_wconf 81' lang='lat' dir='ltr'><strong>ista</strong></span> <span class='ocrx_word' id='word_1_337' title='bbox 1536 2938 1767 2990; x_wconf 83' lang='lat' dir='ltr'><strong>conseri-</strong></span> 
     </span>
    </p>
   </div>
   <div class='ocr_carea' id='block_1_45' title="bbox 191 3025 1767 3098">
    <p class='ocr_par' dir='ltr' id='par_1_45' title="bbox 191 3025 1767 3098">
     <span class='ocr_line' id='line_1_45' title="bbox 191 3025 1767 3098; baseline -0.003 -15"><span class='ocrx_word' id='word_1_338' title='bbox 191 3028 380 3098; x_wconf 84' lang='lat' dir='ltr'><strong>pserit,</strong></span> <span class='ocrx_word' id='word_1_339' title='bbox 408 3029 554 3094; x_wconf 84' lang='lat' dir='ltr'><strong>quasi</strong></span> <span class='ocrx_word' id='word_1_340' title='bbox 596 3028 682 3081; x_wconf 86' lang='lat' dir='ltr'><strong>vel</strong></span> <span class='ocrx_word' id='word_1_341' title='bbox 732 3028 830 3093; x_wconf 76' lang='lat' dir='ltr'><strong>ipsi</strong></span> <span class='ocrx_word' id='word_1_342' title='bbox 870 3027 935 3079; x_wconf 90' lang='lat' dir='ltr'><strong>de</strong></span> <span class='ocrx_word' id='word_1_343' title='bbox 980 3025 1284 3094; x_wconf 81' lang='lat' dir='ltr'><strong>recipiendo</strong></span> <span class='ocrx_word' id='word_1_344' title='bbox 1330 3026 1561 3093; x_wconf 78' lang='lat' dir='ltr'><strong>legitime</strong></span> <span class='ocrx_word' id='word_1_345' title='bbox 1610 3027 1767 3081; x_wconf 83' lang='lat' dir='ltr'><strong>Petro</strong></span> 
     </span>
    </p>
   </div>
   <div class='ocr_carea' id='block_1_46' title="bbox 193 3096 1840 3189">
    <p class='ocr_par' dir='ltr' id='par_1_46' title="bbox 193 3096 1840 3189">
     <span class='ocr_line' id='line_1_46' title="bbox 193 3096 1840 3189; baseline -0.004 -11"><span class='ocrx_word' id='word_1_346' title='bbox 193 3123 372 3178; x_wconf 86' lang='lat' dir='ltr'><strong>sedem</strong></span> <span class='ocrx_word' id='word_1_347' title='bbox 412 3121 761 3189; x_wconf 84' lang='lat' dir='ltr'><strong>apostolicam</strong></span> <span class='ocrx_word' id='word_1_348' title='bbox 805 3122 915 3173; x_wconf 73' lang='lat' dir='ltr'><strong>suis</strong></span> <span class='ocrx_word' id='word_1_349' title='bbox 972 3119 1160 3173; x_wconf 83' lang='lat' dir='ltr'><strong>litteris</strong></span> <span class='ocrx_word' id='word_1_350' title='bbox 1204 3121 1423 3181; x_wconf 79' lang='lat' dir='ltr'><strong>fecerint</strong></span> <span class='ocrx_word' id='word_1_351' title='bbox 1459 3096 1840 3183; x_wconf 50' lang='lat' dir='ltr'><strong>certiorem,.c</strong></span> 
     </span>
    </p>
   </div>
   <div class='ocr_carea' id='block_1_47' title="bbox 192 3212 1768 3287">
    <p class='ocr_par' dir='ltr' id='par_1_47' title="bbox 192 3212 1768 3287">
     <span class='ocr_line' id='line_1_47' title="bbox 192 3212 1768 3287; baseline -0.001 -20"><span class='ocrx_word' id='word_1_352' title='bbox 192 3215 274 3268; x_wconf 85' lang='lat' dir='ltr'><strong>vel</strong></span> <span class='ocrx_word' id='word_1_353' title='bbox 300 3214 455 3282; x_wconf 83' lang='lat' dir='ltr'><strong>hujus</strong></span> <span class='ocrx_word' id='word_1_354' title='bbox 479 3214 804 3282; x_wconf 75' lang='lat' dir='ltr'><strong>receptionis</strong></span> <span class='ocrx_word' id='word_1_355' title='bbox 827 3212 1109 3267; x_wconf 73' lang='lat' dir='ltr'><strong>incondita:</strong></span> <span class='ocrx_word' id='word_1_356' title='bbox 1136 3226 1238 3264; x_wconf 85' lang='lat' dir='ltr'><strong>non</strong></span> <span class='ocrx_word' id='word_1_357' title='bbox 1263 3212 1593 3287; x_wconf 80' lang='lat' dir='ltr'><strong>jampariter</strong></span> <span class='ocrx_word' id='word_1_358' title='bbox 1619 3226 1768 3266; x_wconf 86' lang='lat' dir='ltr'><strong>com-</strong></span> 
     </span>
    </p>
   </div>
   <div class='ocr_carea' id='block_1_48' title="bbox 195 3305 1770 3374">
    <p class='ocr_par' dir='ltr' id='par_1_48' title="bbox 195 3305 1770 3374">
     <span class='ocr_line' id='line_1_48' title="bbox 195 3305 1770 3374; baseline -0.001 -15"><span class='ocrx_word' id='word_1_359' title='bbox 195 3307 358 3374; x_wconf 85' lang='lat' dir='ltr'><strong>plices</strong></span> <span class='ocrx_word' id='word_1_360' title='bbox 386 3306 739 3371; x_wconf 75' lang='lat' dir='ltr'><strong>exstitissent,</strong></span> <span class='ocrx_word' id='word_1_361' title='bbox 771 3321 931 3373; x_wconf 87' lang='lat' dir='ltr'><strong>quem</strong></span> <span class='ocrx_word' id='word_1_362' title='bbox 960 3305 1097 3358; x_wconf 90' lang='lat' dir='ltr'><strong>sicut</strong></span> <span class='ocrx_word' id='word_1_363' title='bbox 1126 3320 1250 3359; x_wconf 83' lang='lat' dir='ltr'><strong>vere</strong></span> <span class='ocrx_word' id='word_1_364' title='bbox 1277 3320 1380 3358; x_wconf 90' lang='lat' dir='ltr'><strong>non</strong></span> <span class='ocrx_word' id='word_1_365' title='bbox 1423 3315 1643 3372; x_wconf 86' lang='lat' dir='ltr'><strong>possunt</strong></span> <span class='ocrx_word' id='word_1_366' title='bbox 1675 3307 1770 3359; x_wconf 88' lang='lat' dir='ltr'><strong>do-</strong></span> 
     </span>
    </p>
   </div>
   <div class='ocr_carea' id='block_1_49' title="bbox 200 3396 1771 3463">
    <p class='ocr_par' dir='ltr' id='par_1_49' title="bbox 200 3396 1771 3463">
     <span class='ocr_line' id='line_1_49' title="bbox 200 3396 1771 3463; baseline 0.001 -14"><span class='ocrx_word' id='word_1_367' title='bbox 200 3410 322 3450; x_wconf 89' lang='lat' dir='ltr'><strong>cere</strong></span> <span class='ocrx_word' id='word_1_368' title='bbox 351 3397 417 3450; x_wconf 84' lang='lat' dir='ltr'><strong>ab</strong></span> <span class='ocrx_word' id='word_1_369' title='bbox 443 3398 699 3451; x_wconf 58' lang='lat' dir='ltr'><strong>haeretica</strong></span> <span class='ocrx_word' id='word_1_370' title='bbox 740 3396 997 3463; x_wconf 81' lang='lat' dir='ltr'><strong>pravitate</strong></span> <span class='ocrx_word' id='word_1_371' title='bbox 1042 3397 1204 3449; x_wconf 75' lang='lat' dir='ltr'><strong>fuisse</strong></span> <span class='ocrx_word' id='word_1_372' title='bbox 1245 3405 1546 3463; x_wconf 87' lang='lat' dir='ltr'><strong>purgatum,</strong></span> <span class='ocrx_word' id='word_1_373' title='bbox 1598 3396 1666 3449; x_wconf 86' lang='lat' dir='ltr'><strong>i&#39;ta</strong></span> <span class='ocrx_word' id='word_1_374' title='bbox 1713 3412 1771 3451; x_wconf 90' lang='lat' dir='ltr'><strong>se</strong></span> 
     </span>
    </p>
   </div>
   <div class='ocr_carea' id='block_1_50' title="bbox 200 3487 1766 3555">
    <p class='ocr_par' dir='ltr' id='par_1_50' title="bbox 200 3487 1766 3555">
     <span class='ocr_line' id='line_1_50' title="bbox 200 3487 1766 3555; baseline 0.001 -15"><span class='ocrx_word' id='word_1_375' title='bbox 200 3487 567 3541; x_wconf 65' lang='lat' dir='ltr'><strong>haereticorum</strong></span> <span class='ocrx_word' id='word_1_376' title='bbox 597 3489 905 3539; x_wconf 75' lang='lat' dir='ltr'><strong>nntiatenus</strong></span> <span class='ocrx_word' id='word_1_377' title='bbox 920 3495 1170 3555; x_wconf 86' lang='lat' dir='ltr'><strong>poterunt</strong></span> <span class='ocrx_word' id='word_1_378' title='bbox 1192 3500 1448 3540; x_wconf 78' lang='lat' dir='ltr'><strong>excusare</strong></span> <span class='ocrx_word' id='word_1_379' title='bbox 1470 3498 1766 3541; x_wconf 81' lang='lat' dir='ltr'><strong>consortes.</strong></span> 
     </span>
    </p>
   </div>
   <div class='ocr_carea' id='block_1_51' title="bbox 201 3578 1770 3647">
    <p class='ocr_par' dir='ltr' id='par_1_51' title="bbox 201 3578 1770 3647">
     <span class='ocr_line' id='line_1_51' title="bbox 201 3578 1770 3647; baseline 0 -16"><span class='ocrx_word' id='word_1_380' title='bbox 201 3580 221 3609; x_wconf 78' lang='grc'><strong><em>⁵</em></strong></span> <span class='ocrx_word' id='word_1_381' title='bbox 244 3578 394 3644; x_wconf 85' lang='lat' dir='ltr'><strong>Quod</strong></span> <span class='ocrx_word' id='word_1_382' title='bbox 431 3580 475 3632; x_wconf 91' lang='lat' dir='ltr'><strong>si</strong></span> <span class='ocrx_word' id='word_1_383' title='bbox 506 3578 750 3632; x_wconf 78' lang='lat' dir='ltr'><strong>fortassis</strong></span> <span class='ocrx_word' id='word_1_384' title='bbox 781 3579 1125 3641; x_wconf 77' lang='lat' dir='ltr'><strong>astruxerint,</strong></span> <span class='ocrx_word' id='word_1_385' title='bbox 1157 3581 1297 3647; x_wconf 88' lang='lat' dir='ltr'><strong>quod</strong></span> <span class='ocrx_word' id='word_1_386' title='bbox 1330 3578 1397 3631; x_wconf 84' lang='lat' dir='ltr'><strong>ad</strong></span> <span class='ocrx_word' id='word_1_387' title='bbox 1426 3578 1770 3647; x_wconf 85' lang='lat' dir='ltr'><strong>apostolicam</strong></span> 
     </span>
    </p>
   </div>
   <div class='ocr_carea' id='block_1_52' title="bbox 204 3670 1775 3740">
    <p class='ocr_par' dir='ltr' id='par_1_52' title="bbox 204 3670 1775 3740">
     <span class='ocr_line' id='line_1_52' title="bbox 204 3670 1775 3740; baseline -0.003 -14"><span class='ocrx_word' id='word_1_388' title='bbox 204 3673 378 3726; x_wconf 75' lang='lat' dir='ltr'><strong>sedem</strong></span> <span class='ocrx_word' id='word_1_389' title='bbox 406 3672 474 3726; x_wconf 90' lang='lat' dir='ltr'><strong>de</strong></span> <span class='ocrx_word' id='word_1_390' title='bbox 500 3672 845 3740; x_wconf 83' lang='lat' dir='ltr'><strong>susceptione</strong></span> <span class='ocrx_word' id='word_1_391' title='bbox 876 3670 1015 3724; x_wconf 88' lang='lat' dir='ltr'><strong>Petri</strong></span> <span class='ocrx_word' id='word_1_392' title='bbox 1049 3687 1143 3739; x_wconf 83' lang='lat' dir='ltr'><strong>per</strong></span> <span class='ocrx_word' id='word_1_393' title='bbox 1169 3672 1421 3726; x_wconf 82' lang='lat' dir='ltr'><strong>Acacium</strong></span> <span class='ocrx_word' id='word_1_394' title='bbox 1449 3672 1620 3725; x_wconf 86' lang='lat' dir='ltr'><strong>cuncti</strong></span> <span class='ocrx_word' id='word_1_395' title='bbox 1655 3686 1775 3723; x_wconf 91' lang='lat' dir='ltr'><strong>con-</strong></span> 
     </span>
    </p>
   </div>
   <div class='ocr_carea' id='block_1_53' title="bbox 209 3764 1774 3831">
    <p class='ocr_par' dir='ltr' id='par_1_53' title="bbox 209 3764 1774 3831">
     <span class='ocr_line' id='line_1_53' title="bbox 209 3764 1774 3831; baseline 0 -13"><span class='ocrx_word' id='word_1_396' title='bbox 209 3778 335 3818; x_wconf 81' lang='lat' dir='ltr'><strong>sona</strong></span> <span class='ocrx_word' id='word_1_397' title='bbox 363 3765 538 3818; x_wconf 67' lang='lat' dir='ltr'><strong>“voce</strong></span> <span class='ocrx_word' id='word_1_398' title='bbox 580 3764 885 3828; x_wconf 87' lang='lat' dir='ltr'><strong>retulerint,</strong></span> <span class='ocrx_word' id='word_1_399' title='bbox 934 3778 1027 3831; x_wconf 88' lang='lat' dir='ltr'><strong>per</strong></span> <span class='ocrx_word' id='word_1_400' title='bbox 1055 3764 1301 3817; x_wconf 89' lang='lat' dir='ltr'><strong>eumdem</strong></span> <span class='ocrx_word' id='word_1_401' title='bbox 1341 3764 1555 3818; x_wconf 87' lang='lat' dir='ltr'><strong>sibimet</strong></span> <span class='ocrx_word' id='word_1_402' title='bbox 1588 3777 1774 3819; x_wconf 87' lang='lat' dir='ltr'><strong>omnes</strong></span> 
     </span>
    </p>
   </div>
   <div class='ocr_carea' id='block_1_54' title="bbox 203 3854 1771 3925">
    <p class='ocr_par' dir='ltr' id='par_1_54' title="bbox 203 3854 1771 3925">
     <span class='ocr_line' id='line_1_54' title="bbox 203 3854 1771 3925; baseline -0.002 -15"><span class='ocrx_word' id='word_1_403' title='bbox 203 3857 316 3924; x_wconf 81' lang='lat' dir='ltr'><strong>pari</strong></span> <span class='ocrx_word' id='word_1_404' title='bbox 339 3870 469 3911; x_wconf 84' lang='lat' dir='ltr'><strong>voce</strong></span> <span class='ocrx_word' id='word_1_405' title='bbox 502 3856 745 3909; x_wconf 80' lang='lat' dir='ltr'><strong>sentiunt</strong></span> <span class='ocrx_word' id='word_1_406' title='bbox 776 3855 937 3908; x_wconf 85' lang='lat' dir='ltr'><strong>fuisse</strong></span> <span class='ocrx_word' id='word_1_407' title='bbox 967 3856 1304 3922; x_wconf 84' lang='lat' dir='ltr'><strong>rescriptum.</strong></span> <span class='ocrx_word' id='word_1_408' title='bbox 1338 3854 1657 3923; x_wconf 69' lang='lat' dir='ltr'><strong>Apostolicte</strong></span> <span class='ocrx_word' id='word_1_409' title='bbox 1682 3854 1771 3925; x_wconf 77' lang='lat' dir='ltr'><strong>[aL</strong></span> 
     </span>
    </p>
   </div>
   <div class='ocr_carea' id='block_1_55' title="bbox 202 3945 1773 4016">
    <p class='ocr_par' dir='ltr' id='par_1_55' title="bbox 202 3945 1773 4016">
     <span class='ocr_line' id='line_1_55' title="bbox 202 3945 1773 4016; baseline -0.001 -15"><span class='ocrx_word' id='word_1_410' title='bbox 202 3951 315 4003; x_wconf 81' lang='lat' dir='ltr'><strong>vice</strong></span> <span class='ocrx_word' id='word_1_411' title='bbox 341 3949 602 4016; x_wconf 81' lang='lat' dir='ltr'><strong>primatus</strong></span> <span class='ocrx_word' id='word_1_412' title='bbox 622 3946 770 4001; x_wconf 85' lang='lat' dir='ltr'><strong>sedis</strong></span> <span class='ocrx_word' id='word_1_413' title='bbox 790 3945 1116 4016; x_wconf 78' lang='lat' dir='ltr'><strong>apostolicae]</strong></span> <span class='ocrx_word' id='word_1_414' title='bbox 1144 3961 1270 4000; x_wconf 90' lang='lat' dir='ltr'><strong>vero</strong></span> <span class='ocrx_word' id='word_1_415' title='bbox 1300 3946 1443 4000; x_wconf 88' lang='lat' dir='ltr'><strong>sedis</strong></span> <span class='ocrx_word' id='word_1_416' title='bbox 1465 3947 1773 4014; x_wconf 86' lang='lat' dir='ltr'><strong>auctoritas,</strong></span> 
     </span>
    </p>
   </div>
   <div class='ocr_carea' id='block_1_56' title="bbox 203 4037 1779 4109">
    <p class='ocr_par' dir='ltr' id='par_1_56' title="bbox 203 4037 1779 4109">
     <span class='ocr_line' id='line_1_56' title="bbox 203 4037 1779 4109; baseline -0.002 -15"><span class='ocrx_word' id='word_1_417' title='bbox 203 4040 343 4109; x_wconf 83' lang='lat' dir='ltr'><strong>quod</strong></span> <span class='ocrx_word' id='word_1_418' title='bbox 367 4041 575 4093; x_wconf 88' lang='lat' dir='ltr'><strong>cunctis</strong></span> <span class='ocrx_word' id='word_1_419' title='bbox 605 4039 815 4092; x_wconf 82' lang='lat' dir='ltr'><strong>saeculis</strong></span> <span class='ocrx_word' id='word_1_420' title='bbox 838 4037 1156 4092; x_wconf 84' lang='lat' dir='ltr'><strong>Christianis</strong></span> <span class='ocrx_word' id='word_1_421' title='bbox 1186 4038 1439 4092; x_wconf 65' lang='lat' dir='ltr'><strong>Ecclesia:</strong></span> <span class='ocrx_word' id='word_1_422' title='bbox 1474 4038 1686 4105; x_wconf 78' lang='lat' dir='ltr'><strong>przelata</strong></span> <span class='ocrx_word' id='word_1_423' title='bbox 1710 4039 1779 4091; x_wconf 90' lang='lat' dir='ltr'><strong>sit</strong></span> 
     </span>
    </p>
   </div>
   <div class='ocr_carea' id='block_1_57' title="bbox 204 4129 1779 4196">
    <p class='ocr_par' dir='ltr' id='par_1_57' title="bbox 204 4129 1779 4196">
     <span class='ocr_line' id='line_1_57' title="bbox 204 4129 1779 4196; baseline -0.002 -11"><span class='ocrx_word' id='word_1_424' title='bbox 204 4133 489 4195; x_wconf 67' lang='lat' dir='ltr'><strong>universa,</strong></span> <span class='ocrx_word' id='word_1_425' title='bbox 526 4138 581 4184; x_wconf 90' lang='lat' dir='ltr'><strong>et</strong></span> <span class='ocrx_word' id='word_1_426' title='bbox 614 4143 878 4182; x_wconf 87' lang='lat' dir='ltr'><strong>canonum</strong></span> <span class='ocrx_word' id='word_1_427' title='bbox 925 4129 1063 4182; x_wconf 79' lang='lat' dir='ltr'><strong>serie</strong></span> <span class='ocrx_word' id='word_1_428' title='bbox 1103 4138 1466 4196; x_wconf 89' lang='lat' dir='ltr'><strong>paternorum,</strong></span> <span class='ocrx_word' id='word_1_429' title='bbox 1508 4138 1562 4183; x_wconf 90' lang='lat' dir='ltr'><strong>et</strong></span> <span class='ocrx_word' id='word_1_430' title='bbox 1603 4130 1779 4183; x_wconf 85' lang='lat' dir='ltr'><strong>multi-</strong></span> 
     </span>
    </p>
   </div>
   <div class='ocr_carea' id='block_1_58' title="bbox 206 4220 1777 4291">
    <p class='ocr_par' dir='ltr' id='par_1_58' title="bbox 206 4220 1777 4291">
     <span class='ocr_line' id='line_1_58' title="bbox 206 4220 1777 4291; baseline -0.001 -14"><span class='ocrx_word' id='word_1_431' title='bbox 206 4224 329 4291; x_wconf 83' lang='lat' dir='ltr'><strong>plici</strong></span> <span class='ocrx_word' id='word_1_432' title='bbox 365 4221 656 4276; x_wconf 83' lang='lat' dir='ltr'><strong>traditione</strong></span> <span class='ocrx_word' id='word_1_433' title='bbox 689 4220 949 4274; x_wconf 78' lang='lat' dir='ltr'><strong>firmatur.</strong></span> <span class='ocrx_word' id='word_1_434' title='bbox 986 4220 1091 4275; x_wconf 85' lang='lat' dir='ltr'><strong>Sed</strong></span> <span class='ocrx_word' id='word_1_435' title='bbox 1122 4222 1203 4275; x_wconf 90' lang='lat' dir='ltr'><strong>vel</strong></span> <span class='ocrx_word' id='word_1_436' title='bbox 1241 4221 1381 4284; x_wconf 86' lang='lat' dir='ltr'><strong>hinc,</strong></span> <span class='ocrx_word' id='word_1_437' title='bbox 1419 4222 1437 4252; x_wconf 88' lang='grc'><strong>⁷</strong></span> <span class='ocrx_word' id='word_1_438' title='bbox 1467 4229 1642 4275; x_wconf 89' lang='lat' dir='ltr'><strong>utrum</strong></span> <span class='ocrx_word' id='word_1_439' title='bbox 1677 4223 1777 4276; x_wconf 84' lang='lat' dir='ltr'><strong>sibi</strong></span> 
     </span>
    </p>
   </div>
   <div class='ocr_carea' id='block_1_59' title="bbox 208 4310 1778 4382">
    <p class='ocr_par' dir='ltr' id='par_1_59' title="bbox 208 4310 1778 4382">
     <span class='ocr_line' id='line_1_59' title="bbox 208 4310 1778 4382; baseline 0.001 -17"><span class='ocrx_word' id='word_1_440' title='bbox 208 4314 483 4382; x_wconf 83' lang='lat' dir='ltr'><strong>quisquam</strong></span> <span class='ocrx_word' id='word_1_441' title='bbox 511 4320 697 4366; x_wconf 82' lang='lat' dir='ltr'><strong>contra</strong></span> <span class='ocrx_word' id='word_1_442' title='bbox 726 4310 955 4364; x_wconf 69' lang='lat' dir='ltr'><strong>Nicaeum</strong></span> <span class='ocrx_word' id='word_1_443' title='bbox 983 4312 1168 4380; x_wconf 81' lang='lat' dir='ltr'><strong>synodi</strong></span> <span class='ocrx_word' id='word_1_444' title='bbox 1198 4312 1483 4367; x_wconf 86' lang='lat' dir='ltr'><strong>constituta</strong></span> <span class='ocrx_word' id='word_1_445' title='bbox 1511 4312 1778 4380; x_wconf 78' lang='lat' dir='ltr'><strong>quippiam</strong></span> 
     </span>
    </p>
   </div>
   <div class='ocr_carea' id='block_1_60' title="bbox 208 4403 1780 4471">
    <p class='ocr_par' dir='ltr' id='par_1_60' title="bbox 208 4403 1780 4471">
     <span class='ocr_line' id='line_1_60' title="bbox 208 4403 1780 4471; baseline 0.003 -16"><span class='ocrx_word' id='word_1_446' title='bbox 208 4406 374 4459; x_wconf 77' lang='lat' dir='ltr'><strong>valeat</strong></span> <span class='ocrx_word' id='word_1_447' title='bbox 406 4417 693 4471; x_wconf 86' lang='lat' dir='ltr'><strong>usurpare,</strong></span> <span class='ocrx_word' id='word_1_448' title='bbox 732 4403 957 4471; x_wconf 87' lang='lat' dir='ltr'><strong>collegio</strong></span> <span class='ocrx_word' id='word_1_449' title='bbox 996 4413 1169 4471; x_wconf 78' lang='lat' dir='ltr'><strong>potest</strong></span> <span class='ocrx_word' id='word_1_450' title='bbox 1206 4404 1360 4456; x_wconf 82' lang='lat' dir='ltr'><strong>unius</strong></span> <span class='ocrx_word' id='word_1_451' title='bbox 1390 4405 1780 4459; x_wconf 82' lang='lat' dir='ltr'><strong>communionis</strong></span> 
     </span>
    </p>
   </div>
   <div class='ocr_carea' id='block_1_61' title="bbox 210 4495 1777 4563">
    <p class='ocr_par' dir='ltr' id='par_1_61' title="bbox 210 4495 1777 4563">
     <span class='ocr_line' id='line_1_61' title="bbox 210 4495 1777 4563; baseline 0.001 -16"><span class='ocrx_word' id='word_1_452' title='bbox 210 4495 438 4562; x_wconf 87' lang='lat' dir='ltr'><strong>ostendi,</strong></span> <span class='ocrx_word' id='word_1_453' title='bbox 484 4508 591 4547; x_wconf 93' lang='lat' dir='ltr'><strong>non</strong></span> <span class='ocrx_word' id='word_1_454' title='bbox 642 4495 909 4546; x_wconf 89' lang='lat' dir='ltr'><strong>mentibus</strong></span> <span class='ocrx_word' id='word_1_455' title='bbox 953 4502 1195 4547; x_wconf 67' lang='lat' dir='ltr'><strong>externa:</strong></span> <span class='ocrx_word' id='word_1_456' title='bbox 1238 4496 1510 4549; x_wconf 85' lang='lat' dir='ltr'><strong>societatis</strong></span> <span class='ocrx_word' id='word_1_457' title='bbox 1561 4496 1777 4563; x_wconf 83' lang='lat' dir='ltr'><strong>aperiri.</strong></span> 
     </span>
    </p>
   </div>
   <div class='ocr_carea' id='block_1_62' title="bbox 214 4583 1785 4652">
    <p class='ocr_par' dir='ltr' id='par_1_62' title="bbox 214 4583 1785 4652">
     <span class='ocr_line' id='line_1_62' title="bbox 214 4583 1785 4652; baseline 0.001 -14"><span class='ocrx_word' id='word_1_458' title='bbox 214 4584 357 4652; x_wconf 74' lang='lat' dir='ltr'><strong>Apud</strong></span> <span class='ocrx_word' id='word_1_459' title='bbox 386 4584 505 4637; x_wconf 85' lang='lat' dir='ltr'><strong>illos</strong></span> <span class='ocrx_word' id='word_1_460' title='bbox 535 4584 581 4636; x_wconf 87' lang='lat' dir='ltr'><strong>si</strong></span> <span class='ocrx_word' id='word_1_461' title='bbox 608 4584 726 4652; x_wconf 88' lang='lat' dir='ltr'><strong>quis</strong></span> <span class='ocrx_word' id='word_1_462' title='bbox 754 4583 987 4644; x_wconf 85' lang='lat' dir='ltr'><strong>conlidit,</strong></span> <span class='ocrx_word' id='word_1_463' title='bbox 1025 4584 1330 4651; x_wconf 79' lang='lat' dir='ltr'><strong>egrediatur</strong></span> <span class='ocrx_word' id='word_1_464' title='bbox 1366 4586 1416 4638; x_wconf 93' lang='lat' dir='ltr'><strong>in</strong></span> <span class='ocrx_word' id='word_1_465' title='bbox 1450 4586 1704 4652; x_wconf 91' lang='lat' dir='ltr'><strong>medium,</strong></span> <span class='ocrx_word' id='word_1_466' title='bbox 1731 4594 1785 4639; x_wconf 90' lang='lat' dir='ltr'><strong>ct</strong></span> 
     </span>
    </p>
   </div>
   <div class='ocr_carea' id='block_1_63' title="bbox 214 4674 1785 4744">
    <p class='ocr_par' dir='ltr' id='par_1_63' title="bbox 214 4674 1785 4744">
     <span class='ocr_line' id='line_1_63' title="bbox 214 4674 1785 4744; baseline 0.003 -19"><span class='ocrx_word' id='word_1_467' title='bbox 214 4676 553 4744; x_wconf 83' lang='lat' dir='ltr'><strong>apostolicam</strong></span> <span class='ocrx_word' id='word_1_468' title='bbox 578 4674 765 4729; x_wconf 87' lang='lat' dir='ltr'><strong>sedem</strong></span> <span class='ocrx_word' id='word_1_469' title='bbox 793 4675 860 4727; x_wconf 90' lang='lat' dir='ltr'><strong>de</strong></span> <span class='ocrx_word' id='word_1_470' title='bbox 886 4683 1109 4742; x_wconf 88' lang='lat' dir='ltr'><strong>utraque</strong></span> <span class='ocrx_word' id='word_1_471' title='bbox 1149 4685 1299 4742; x_wconf 86' lang='lat' dir='ltr'><strong>parte</strong></span> <span class='ocrx_word' id='word_1_472' title='bbox 1333 4679 1573 4730; x_wconf 89' lang='lat' dir='ltr'><strong>revincat</strong></span> <span class='ocrx_word' id='word_1_473' title='bbox 1600 4688 1652 4732; x_wconf 90' lang='lat' dir='ltr'><strong>et</strong></span> <span class='ocrx_word' id='word_1_474' title='bbox 1688 4678 1785 4730; x_wconf 86' lang='lat' dir='ltr'><strong>iii-</strong></span> 
     </span>
    </p>
   </div>
   <div class='ocr_carea' id='block_1_64' title="bbox 214 4766 1784 4835">
    <p class='ocr_par' dir='ltr' id='par_1_64' title="bbox 214 4766 1784 4835">
     <span class='ocr_line' id='line_1_64' title="bbox 214 4766 1784 4835; baseline 0.002 -17"><span class='ocrx_word' id='word_1_475' title='bbox 214 4776 393 4820; x_wconf 83' lang='lat' dir='ltr'><strong>struat.</strong></span> <span class='ocrx_word' id='word_1_476' title='bbox 421 4766 666 4820; x_wconf 79' lang='lat' dir='ltr'><strong>Tollatur</strong></span> <span class='ocrx_word' id='word_1_477' title='bbox 696 4779 825 4832; x_wconf 85' lang='lat' dir='ltr'><strong>ergo</strong></span> <span class='ocrx_word' id='word_1_478' title='bbox 856 4780 1049 4819; x_wconf 83' lang='lat' dir='ltr'><strong>nomen</strong></span> <span class='ocrx_word' id='word_1_479' title='bbox 1077 4781 1107 4819; x_wconf 92' lang='lat' dir='ltr'><strong>e</strong></span> <span class='ocrx_word' id='word_1_480' title='bbox 1139 4766 1335 4831; x_wconf 86' lang='lat' dir='ltr'><strong>medio,</strong></span> <span class='ocrx_word' id='word_1_481' title='bbox 1363 4769 1504 4835; x_wconf 82' lang='lat' dir='ltr'><strong>quod</strong></span> <span class='ocrx_word' id='word_1_482' title='bbox 1533 4769 1784 4822; x_wconf 87' lang='lat' dir='ltr'><strong>ecclesia-</strong></span> 
     </span>
    </p>
   </div>
   <div class='ocr_carea' id='block_1_65' title="bbox 220 4857 1787 4925">
    <p class='ocr_par' dir='ltr' id='par_1_65' title="bbox 220 4857 1787 4925">
     <span class='ocr_line' id='line_1_65' title="bbox 220 4857 1787 4925; baseline 0.004 -15"><span class='ocrx_word' id='word_1_483' title='bbox 220 4873 321 4910; x_wconf 80' lang='lat' dir='ltr'><strong>rum</strong></span> <span class='ocrx_word' id='word_1_484' title='bbox 358 4858 738 4912; x_wconf 79' lang='lat' dir='ltr'><strong>discretionem</strong></span> <span class='ocrx_word' id='word_1_485' title='bbox 790 4859 971 4925; x_wconf 88' lang='lat' dir='ltr'><strong>procul</strong></span> <span class='ocrx_word' id='word_1_486' title='bbox 1027 4874 1056 4910; x_wconf 88' lang='lat' dir='ltr'><strong>a</strong></span> <span class='ocrx_word' id='word_1_487' title='bbox 1105 4857 1366 4913; x_wconf 83' lang='lat' dir='ltr'><strong>catholica</strong></span> <span class='ocrx_word' id='word_1_488' title='bbox 1409 4861 1787 4916; x_wconf 86' lang='lat' dir='ltr'><strong>communione</strong></span> 
     </span>
    </p>
   </div>
   <div class='ocr_carea' id='block_1_66' title="bbox 223 4948 1788 5021">
    <p class='ocr_par' dir='ltr' id='par_1_66' title="bbox 223 4948 1788 5021">
     <span class='ocr_line' id='line_1_66' title="bbox 223 4948 1788 5021; baseline 0.006 -24"><span class='ocrx_word' id='word_1_489' title='bbox 223 4958 479 5016; x_wconf 79' lang='lat' dir='ltr'><strong>operatur,</strong></span> <span class='ocrx_word' id='word_1_490' title='bbox 511 4957 569 5002; x_wconf 90' lang='lat' dir='ltr'><strong>ut</strong></span> <span class='ocrx_word' id='word_1_491' title='bbox 589 4948 799 5002; x_wconf 84' lang='lat' dir='ltr'><strong>sincera</strong></span> <span class='ocrx_word' id='word_1_492' title='bbox 830 4964 928 5015; x_wconf 78' lang='lat' dir='ltr'><strong>pax</strong></span> <span class='ocrx_word' id='word_1_493' title='bbox 960 4950 1083 5003; x_wconf 87' lang='lat' dir='ltr'><strong>ﬁdei</strong></span> <span class='ocrx_word' id='word_1_494' title='bbox 1117 4951 1613 5021; x_wconf 87' lang='lat' dir='ltr'><strong>communionisque</strong></span> <span class='ocrx_word' id='word_1_495' title='bbox 1637 4967 1788 5021; x_wconf 83' lang='lat' dir='ltr'><strong>repa-</strong></span> 
     </span>
    </p>
   </div>
   <div class='ocr_carea' id='block_1_67' title="bbox 229 5040 1787 5109">
    <p class='ocr_par' dir='ltr' id='par_1_67' title="bbox 229 5040 1787 5109">
     <span class='ocr_line' id='line_1_67' title="bbox 229 5040 1787 5109; baseline 0.004 -18"><span class='ocrx_word' id='word_1_496' title='bbox 229 5047 359 5092; x_wconf 81' lang='lat' dir='ltr'><strong>retur</strong></span> <span class='ocrx_word' id='word_1_497' title='bbox 379 5050 433 5095; x_wconf 83' lang='lat' dir='ltr'><strong>et</strong></span> <span class='ocrx_word' id='word_1_498' title='bbox 448 5040 659 5094; x_wconf 90' lang='lat' dir='ltr'><strong>unitas:</strong></span> <span class='ocrx_word' id='word_1_499' title='bbox 683 5047 738 5094; x_wconf 88' lang='lat' dir='ltr'><strong>et</strong></span> <span class='ocrx_word' id='word_1_500' title='bbox 760 5052 883 5092; x_wconf 90' lang='lat' dir='ltr'><strong>tunc</strong></span> <span class='ocrx_word' id='word_1_501' title='bbox 906 5040 1024 5109; x_wconf 85' lang='lat' dir='ltr'><strong>quis</strong></span> <span class='ocrx_word' id='word_1_502' title='bbox 1046 5049 1288 5095; x_wconf 88' lang='lat' dir='ltr'><strong>nostrum</strong></span> <span class='ocrx_word' id='word_1_503' title='bbox 1310 5054 1495 5097; x_wconf 89' lang='lat' dir='ltr'><strong>contra</strong></span> <span class='ocrx_word' id='word_1_504' title='bbox 1522 5058 1787 5099; x_wconf 37' lang='lat' dir='ltr'><strong>venerans</strong></span> 
     </span>
    </p>
   </div>
   <div class='ocr_carea' id='block_1_68' title="bbox 298 5191 1778 5259">
    <p class='ocr_par' dir='ltr' id='par_1_68' title="bbox 298 5191 1778 5259">
     <span class='ocr_line' id='line_1_68' title="bbox 298 5191 1778 5259; baseline 0.003 -16"><span class='ocrx_word' id='word_1_505' title='bbox 298 5200 321 5226; x_wconf 70' lang='grc'><strong><em>⁸</em></strong></span> <span class='ocrx_word' id='word_1_506' title='bbox 354 5191 505 5259; x_wconf 79' lang='lat' dir='ltr'><strong>Hujus</strong></span> <span class='ocrx_word' id='word_1_507' title='bbox 533 5193 748 5248; x_wconf 83' lang='lat' dir='ltr'><strong>triennii</strong></span> <span class='ocrx_word' id='word_1_508' title='bbox 775 5193 980 5247; x_wconf 89' lang='lat' dir='ltr'><strong>initium</strong></span> <span class='ocrx_word' id='word_1_509' title='bbox 1019 5194 1354 5249; x_wconf 80' lang='lat' dir='ltr'><strong>referendum</strong></span> <span class='ocrx_word' id='word_1_510' title='bbox 1385 5201 1467 5249; x_wconf 90' lang='lat' dir='ltr'><strong>cst</strong></span> <span class='ocrx_word' id='word_1_511' title='bbox 1498 5193 1561 5253; x_wconf 86' lang='lat' dir='ltr'><strong>ad</strong></span> <span class='ocrx_word' id='word_1_512' title='bbox 1597 5193 1659 5249; x_wconf 68' lang='lat' dir='ltr'><strong>i5}</strong></span> <span class='ocrx_word' id='word_1_513' title='bbox 1690 5208 1778 5248; x_wconf 89' lang='lat' dir='ltr'><strong>an-</strong></span> 
     </span>
    </p>
   </div>
   <div class='ocr_carea' id='block_1_69' title="bbox 226 5261 1781 5332">
    <p class='ocr_par' dir='ltr' id='par_1_69' title="bbox 226 5261 1781 5332">
     <span class='ocr_line' id='line_1_69' title="bbox 226 5261 1781 5332; baseline 0.002 -17"><span class='ocrx_word' id='word_1_514' title='bbox 226 5278 348 5316; x_wconf 90' lang='lat' dir='ltr'><strong>num</strong></span> <span class='ocrx_word' id='word_1_515' title='bbox 389 5261 656 5332; x_wconf 84' lang='lat' dir='ltr'><strong>Simplicii,</strong></span> <span class='ocrx_word' id='word_1_516' title='bbox 697 5277 803 5331; x_wconf 92' lang='lat' dir='ltr'><strong>quo</strong></span> <span class='ocrx_word' id='word_1_517' title='bbox 845 5262 1066 5317; x_wconf 74' lang='lat' dir='ltr'><strong>Aeacius</strong></span> <span class='ocrx_word' id='word_1_518' title='bbox 1099 5265 1350 5327; x_wconf 86' lang='lat' dir='ltr'><strong>delictum</strong></span> <span class='ocrx_word' id='word_1_519' title='bbox 1401 5263 1684 5326; x_wconf 87' lang='lat' dir='ltr'><strong>commisit,</strong></span> <span class='ocrx_word' id='word_1_520' title='bbox 1725 5272 1781 5318; x_wconf 92' lang='lat' dir='ltr'><strong>ut</strong></span> 
     </span>
    </p>
   </div>
   <div class='ocr_carea' id='block_1_70' title="bbox 288 5394 1781 5517">
    <p class='ocr_par' dir='ltr' id='par_1_70' title="bbox 288 5394 1781 5517">
     <span class='ocr_line' id='line_1_70' title="bbox 288 5394 1781 5517; baseline 0.001 -70"><span class='ocrx_word' id='word_1_521' title='bbox 288 5400 301 5426; x_wconf 79' lang='grc'><strong><em>³</em></strong></span> <span class='ocrx_word' id='word_1_522' title='bbox 438 5396 580 5461; x_wconf 88' lang='lat' dir='ltr'><strong>cod.,</strong></span> <span class='ocrx_word' id='word_1_523' title='bbox 618 5394 928 5460; x_wconf 80' lang='lat' dir='ltr'><strong>Timotheus,</strong></span> <span class='ocrx_word' id='word_1_524' title='bbox 956 5395 1154 5461; x_wconf 75' lang='lat' dir='ltr'><strong>Petrus,</strong></span> <span class='ocrx_word' id='word_1_525' title='bbox 1180 5408 1329 5465; x_wconf 82' lang='lat' dir='ltr'><strong>atque</strong></span> <span class='ocrx_word' id='word_1_526' title='bbox 1350 5398 1476 5451; x_wconf 72' lang='lat' dir='ltr'><strong>alter</strong></span> <span class='ocrx_word' id='word_1_527' title='bbox 1505 5396 1781 5449; x_wconf 76' lang='lat' dir='ltr'><strong>Antioche-</strong></span> 
     </span>
     <span class='ocr_line' id='line_1_71' title="bbox 288 5474 1041 5517; baseline -0.001 0"><span class='ocrx_word' id='word_1_528' title='bbox 288 5483 307 5517; x_wconf 70' lang='grc' dir='ltr'><em>ε</em></span> <span class='ocrx_word' id='word_1_529' title='bbox 381 5474 536 5517; x_wconf 79' lang='lat' dir='ltr'><strong>ctrtts.</strong></span> <span class='ocrx_word' id='word_1_530' title='bbox 1033 5484 1041 5492; x_wconf 90' lang='grc'>·</span> 
     </span>
    </p>
   </div>
   <div class='ocr_carea' id='block_1_71' title="bbox 226 5474 1041 5518">
    <p class='ocr_par' dir='ltr' id='par_1_71' title="bbox 226 5474 1041 5518">
     <span class='ocr_line' id='line_1_72' title="bbox 226 5474 1041 5518; baseline 0.013 -5"><span class='ocrx_word' id='word_1_531' title='bbox 226 5483 307 5517; x_wconf 80' lang='lat' dir='ltr'><strong>nus</strong></span> <span class='ocrx_word' id='word_1_532' title='bbox 334 5474 536 5518; x_wconf 76' lang='lat' dir='ltr'><strong>Petrus.</strong></span> <span class='ocrx_word' id='word_1_533' title='bbox 1033 5484 1041 5492; x_wconf 89' lang='lat'>&#39;</span> 
     </span>
    </p>
   </div>
   <div class='ocr_carea' id='block_1_72' title="bbox 286 5535 1449 5605">
    <p class='ocr_par' dir='ltr' id='par_1_72' title="bbox 286 5535 1449 5605">
     <span class='ocr_line' id='line_1_73' title="bbox 286 5535 1449 5605; baseline -0.001 -17"><span class='ocrx_word' id='word_1_534' title='bbox 286 5538 301 5565; x_wconf 84' lang='grc'>³</span> <span class='ocrx_word' id='word_1_535' title='bbox 332 5536 389 5588; x_wconf 83' lang='lat' dir='ltr'><strong>id</strong></span> <span class='ocrx_word' id='word_1_536' title='bbox 419 5535 559 5595; x_wconf 87' lang='lat' dir='ltr'><strong>cod.,</strong></span> <span class='ocrx_word' id='word_1_537' title='bbox 590 5544 719 5587; x_wconf 80' lang='lat' dir='ltr'><strong>acta:</strong></span> <span class='ocrx_word' id='word_1_538' title='bbox 750 5535 919 5605; x_wconf 79' lang='lat' dir='ltr'><strong>regula</strong></span> <span class='ocrx_word' id='word_1_539' title='bbox 943 5546 1296 5605; x_wconf 81' lang='lat' dir='ltr'><strong>consequenter</strong></span> <span class='ocrx_word' id='word_1_540' title='bbox 1323 5538 1449 5591; x_wconf 82' lang='lat' dir='ltr'><strong>elisi.</strong></span> 
     </span>
    </p>
   </div>
   <div class='ocr_carea' id='block_1_73' title="bbox 288 5604 1790 5667">
    <p class='ocr_par' dir='ltr' id='par_1_73' title="bbox 288 5604 1790 5667">
     <span class='ocr_line' id='line_1_74' title="bbox 288 5604 1790 5667; baseline 0.001 -9"><span class='ocrx_word' id='word_1_541' title='bbox 288 5605 301 5632; x_wconf 82' lang='grc'><strong>³</strong></span> <span class='ocrx_word' id='word_1_542' title='bbox 334 5607 490 5658; x_wconf 75' lang='lat' dir='ltr'><strong>Anno</strong></span> <span class='ocrx_word' id='word_1_543' title='bbox 522 5606 648 5663; x_wconf 15' lang='lat' dir='ltr'><strong>i778,</strong></span> <span class='ocrx_word' id='word_1_544' title='bbox 678 5605 797 5667; x_wconf 64' lang='lat'><strong>4753,</strong></span> <span class='ocrx_word' id='word_1_545' title='bbox 828 5604 944 5656; x_wconf 29' lang='lat' dir='ltr'><strong>viSO.</strong></span> <span class='ocrx_word' id='word_1_546' title='bbox 979 5604 1147 5659; x_wconf 78' lang='lat' dir='ltr'><strong>Alium</strong></span> <span class='ocrx_word' id='word_1_547' title='bbox 1179 5606 1291 5661; x_wconf 86' lang='lat' dir='ltr'><strong>iniit</strong></span> <span class='ocrx_word' id='word_1_548' title='bbox 1321 5606 1581 5662; x_wconf 86' lang='lat' dir='ltr'><strong>calculum</strong></span> <span class='ocrx_word' id='word_1_549' title='bbox 1632 5604 1790 5660; x_wconf 87' lang='lat' dir='ltr'><strong>Libe-</strong></span> 
     </span>
    </p>
   </div>
   <div class='ocr_carea' id='block_1_74' title="bbox 224 5672 914 5731">
    <p class='ocr_par' dir='ltr' id='par_1_74' title="bbox 224 5672 914 5731">
     <span class='ocr_line' id='line_1_75' title="bbox 224 5672 914 5731; baseline 0.003 -8"><span class='ocrx_word' id='word_1_550' title='bbox 224 5686 357 5729; x_wconf 73' lang='lat' dir='ltr'><strong>ratus</strong></span> <span class='ocrx_word' id='word_1_551' title='bbox 390 5689 510 5731; x_wconf 74' lang='lat' dir='ltr'><strong>can.</strong></span> <span class='ocrx_word' id='word_1_552' title='bbox 543 5676 630 5728; x_wconf 70' lang='lat'><strong>18.</strong></span> <span class='ocrx_word' id='word_1_553' title='bbox 665 5672 914 5728; x_wconf 57' lang='grc' dir='ltr'><strong>ιὶλιιιιυικ.</strong></span> 
     </span>
    </p>
   </div>
   <div class='ocr_carea' id='block_1_75' title="bbox 1869 1835 3442 1905">
    <p class='ocr_par' dir='ltr' id='par_1_75' title="bbox 1869 1835 3442 1905">
     <span class='ocr_line' id='line_1_76' title="bbox 1869 1835 3442 1905; baseline 0.001 -17"><span class='ocrx_word' id='word_1_554' title='bbox 1869 1836 2034 1889; x_wconf 89' lang='lat' dir='ltr'><strong>multo</strong></span> <span class='ocrx_word' id='word_1_555' title='bbox 2062 1836 2228 1905; x_wconf 87' lang='lat' dir='ltr'><strong>magis</strong></span> <span class='ocrx_word' id='word_1_556' title='bbox 2256 1848 2351 1903; x_wconf 91' lang='lat' dir='ltr'><strong>pro</strong></span> <span class='ocrx_word' id='word_1_557' title='bbox 2382 1835 2550 1889; x_wconf 85' lang='lat' dir='ltr'><strong>salute</strong></span> <span class='ocrx_word' id='word_1_558' title='bbox 2577 1835 2872 1889; x_wconf 88' lang='lat' dir='ltr'><strong>animarum</strong></span> <span class='ocrx_word' id='word_1_559' title='bbox 2897 1850 3113 1889; x_wconf 88' lang='lat' dir='ltr'><strong>suarum</strong></span> <span class='ocrx_word' id='word_1_560' title='bbox 3134 1838 3442 1892; x_wconf 81' lang='lat' dir='ltr'><strong>necessario</strong></span> 
     </span>
    </p>
   </div>
   <div class='ocr_carea' id='block_1_76' title="bbox 1866 1926 3444 1995">
    <p class='ocr_par' dir='ltr' id='par_1_76' title="bbox 1866 1926 3444 1995">
     <span class='ocr_line' id='line_1_77' title="bbox 1866 1926 3444 1995; baseline 0 -13"><span class='ocrx_word' id='word_1_561' title='bbox 1866 1929 2020 1983; x_wconf 83' lang='lat' dir='ltr'><strong>vobis</strong></span> <span class='ocrx_word' id='word_1_562' title='bbox 2046 1927 2649 1994; x_wconf 62' lang='lat' dir='ltr'><strong>Constantinopolitano:</strong></span> <span class='ocrx_word' id='word_1_563' title='bbox 2686 1926 2917 1989; x_wconf 82' lang='lat' dir='ltr'><strong>civitatis</strong></span> <span class='ocrx_word' id='word_1_564' title='bbox 2944 1926 3279 1995; x_wconf 76' lang='lat' dir='ltr'><strong>obtemperat</strong></span> <span class='ocrx_word' id='word_1_565' title='bbox 3308 1927 3444 1991; x_wconf 49' lang='lat' dir='ltr'><strong>mula</strong></span> 
     </span>
    </p>
   </div>
   <div class='ocr_carea' id='block_1_77' title="bbox 1868 2016 3443 2084">
    <p class='ocr_par' dir='ltr' id='par_1_77' title="bbox 1868 2016 3443 2084">
     <span class='ocr_line' id='line_1_78' title="bbox 1868 2016 3443 2084; baseline 0 -13"><span class='ocrx_word' id='word_1_566' title='bbox 1868 2018 2058 2081; x_wconf 90' lang='lat' dir='ltr'><strong>titudo,</strong></span> <span class='ocrx_word' id='word_1_567' title='bbox 2092 2018 2135 2071; x_wconf 89' lang='lat' dir='ltr'><strong>si</strong></span> <span class='ocrx_word' id='word_1_568' title='bbox 2168 2031 2283 2071; x_wconf 84' lang='lat' dir='ltr'><strong>eam</strong></span> <span class='ocrx_word' id='word_1_569' title='bbox 2310 2017 2373 2069; x_wconf 90' lang='lat' dir='ltr'><strong>ad</strong></span> <span class='ocrx_word' id='word_1_570' title='bbox 2398 2017 2712 2070; x_wconf 82' lang='lat' dir='ltr'><strong>catholicam</strong></span> <span class='ocrx_word' id='word_1_571' title='bbox 2745 2027 2799 2070; x_wconf 84' lang='lat' dir='ltr'><strong>et</strong></span> <span class='ocrx_word' id='word_1_572' title='bbox 2822 2016 3171 2084; x_wconf 84' lang='lat' dir='ltr'><strong>apostolicam</strong></span> <span class='ocrx_word' id='word_1_573' title='bbox 3201 2032 3443 2075; x_wconf 82' lang='lat' dir='ltr'><strong>commu-</strong></span> 
     </span>
    </p>
   </div>
   <div class='ocr_carea' id='block_1_78' title="bbox 1869 2108 3444 2185">
    <p class='ocr_par' dir='ltr' id='par_1_78' title="bbox 1869 2108 3444 2185">
     <span class='ocr_line' id='line_1_79' title="bbox 1869 2108 3444 2185; baseline 0 -21"><span class='ocrx_word' id='word_1_574' title='bbox 1869 2111 2083 2164; x_wconf 86' lang='lat' dir='ltr'><strong>nionem</strong></span> <span class='ocrx_word' id='word_1_575' title='bbox 2110 2124 2203 2163; x_wconf 87' lang='lat' dir='ltr'><strong>vos</strong></span> <span class='ocrx_word' id='word_1_576' title='bbox 2242 2108 2509 2185; x_wconf 76' lang='lat' dir='ltr'><strong>principes</strong></span> <span class='ocrx_word' id='word_1_577' title='bbox 2546 2108 2831 2163; x_wconf 88' lang='lat' dir='ltr'><strong>reducatis.</strong></span> <span class='ocrx_word' id='word_1_578' title='bbox 2875 2109 3105 2172; x_wconf 78' lang='lat' dir='ltr'><strong>Etenim,</strong></span> <span class='ocrx_word' id='word_1_579' title='bbox 3156 2111 3444 2179; x_wconf 79' lang='lat' dir='ltr'><strong>imperator</strong></span> 
     </span>
    </p>
   </div>
   <div class='ocr_carea' id='block_1_79' title="bbox 1867 2201 3443 2273">
    <p class='ocr_par' dir='ltr' id='par_1_79' title="bbox 1867 2201 3443 2273">
     <span class='ocr_line' id='line_1_80' title="bbox 1867 2201 3443 2273; baseline 0.001 -16"><span class='ocrx_word' id='word_1_580' title='bbox 1867 2205 2122 2272; x_wconf 82' lang='lat' dir='ltr'><strong>Auguste,</strong></span> <span class='ocrx_word' id='word_1_581' title='bbox 2156 2203 2199 2255; x_wconf 94' lang='lat' dir='ltr'><strong>si</strong></span> <span class='ocrx_word' id='word_1_582' title='bbox 2229 2210 2415 2256; x_wconf 90' lang='lat' dir='ltr'><strong>contra</strong></span> <span class='ocrx_word' id='word_1_583' title='bbox 2445 2202 2590 2270; x_wconf 84' lang='lat' dir='ltr'><strong>leges</strong></span> <span class='ocrx_word' id='word_1_584' title='bbox 2612 2201 2847 2269; x_wconf 88' lang='lat' dir='ltr'><strong>publicas</strong></span> <span class='ocrx_word' id='word_1_585' title='bbox 2875 2201 3074 2268; x_wconf 89' lang='lat' dir='ltr'><strong>aliquid</strong></span> <span class='ocrx_word' id='word_1_586' title='bbox 3098 2202 3259 2271; x_wconf 89' lang='lat' dir='ltr'><strong>(quod</strong></span> <span class='ocrx_word' id='word_1_587' title='bbox 3282 2202 3443 2273; x_wconf 90' lang='lat' dir='ltr'><strong>absit)</strong></span> 
     </span>
    </p>
   </div>
   <div class='ocr_carea' id='block_1_80' title="bbox 1868 2294 3446 2365">
    <p class='ocr_par' dir='ltr' id='par_1_80' title="bbox 1868 2294 3446 2365">
     <span class='ocr_line' id='line_1_81' title="bbox 1868 2294 3446 2365; baseline 0.003 -18"><span class='ocrx_word' id='word_1_588' title='bbox 1868 2296 2130 2364; x_wconf 84' lang='lat' dir='ltr'><strong>quispiam</strong></span> <span class='ocrx_word' id='word_1_589' title='bbox 2162 2294 2389 2349; x_wconf 82' lang='lat' dir='ltr'><strong>fortasse</strong></span> <span class='ocrx_word' id='word_1_590' title='bbox 2420 2302 2665 2359; x_wconf 80' lang='lat' dir='ltr'><strong>tentaret,</strong></span> <span class='ocrx_word' id='word_1_591' title='bbox 2709 2295 2852 2349; x_wconf 89' lang='lat' dir='ltr'><strong>nulla</strong></span> <span class='ocrx_word' id='word_1_592' title='bbox 2882 2295 2992 2363; x_wconf 87' lang='lat' dir='ltr'><strong>pati</strong></span> <span class='ocrx_word' id='word_1_593' title='bbox 3024 2294 3077 2349; x_wconf 90' lang='lat' dir='ltr'><strong>id</strong></span> <span class='ocrx_word' id='word_1_594' title='bbox 3117 2296 3322 2352; x_wconf 81' lang='lat' dir='ltr'><strong>ratione</strong></span> <span class='ocrx_word' id='word_1_595' title='bbox 3348 2310 3446 2365; x_wconf 79' lang='lat' dir='ltr'><strong>po-</strong></span> 
     </span>
    </p>
   </div>
   <div class='ocr_carea' id='block_1_81' title="bbox 1870 2385 3444 2456">
    <p class='ocr_par' dir='ltr' id='par_1_81' title="bbox 1870 2385 3444 2456">
     <span class='ocr_line' id='line_1_82' title="bbox 1870 2385 3444 2456; baseline 0.002 -16"><span class='ocrx_word' id='word_1_596' title='bbox 1870 2387 2063 2441; x_wconf 84' lang='lat' dir='ltr'><strong>tuisses</strong></span> <span class='ocrx_word' id='word_1_597' title='bbox 2089 2404 2102 2438; x_wconf 90' lang='lat'>:</span> <span class='ocrx_word' id='word_1_598' title='bbox 2128 2387 2193 2440; x_wconf 89' lang='lat' dir='ltr'><strong>ad</strong></span> <span class='ocrx_word' id='word_1_599' title='bbox 2231 2385 2751 2455; x_wconf 66' lang='lat' dir='ltr'><strong>Divinitatisfpuram</strong></span> <span class='ocrx_word' id='word_1_600' title='bbox 2787 2388 3158 2456; x_wconf 85' lang='lat' dir='ltr'><strong>sinceramque</strong></span> <span class='ocrx_word' id='word_1_601' title='bbox 3195 2387 3444 2447; x_wconf 82' lang='lat' dir='ltr'><strong>devotio-</strong></span> 
     </span>
    </p>
   </div>
   <div class='ocr_carea' id='block_1_82' title="bbox 1866 2476 3445 2547">
    <p class='ocr_par' dir='ltr' id='par_1_82' title="bbox 1866 2476 3445 2547">
     <span class='ocr_line' id='line_1_83' title="bbox 1866 2476 3445 2547; baseline 0.001 -16"><span class='ocrx_word' id='word_1_602' title='bbox 1866 2492 2011 2540; x_wconf 85' lang='lat' dir='ltr'><strong>nem,</strong></span> <span class='ocrx_word' id='word_1_603' title='bbox 2042 2485 2099 2530; x_wconf 91' lang='lat' dir='ltr'><strong>ut</strong></span> <span class='ocrx_word' id='word_1_604' title='bbox 2120 2476 2212 2530; x_wconf 88' lang='lat' dir='ltr'><strong>tibi</strong></span> <span class='ocrx_word' id='word_1_605' title='bbox 2244 2476 2395 2544; x_wconf 89' lang='lat' dir='ltr'><strong>plebs</strong></span> <span class='ocrx_word' id='word_1_606' title='bbox 2418 2476 2627 2531; x_wconf 83' lang='lat' dir='ltr'><strong>subdita</strong></span> <span class='ocrx_word' id='word_1_607' title='bbox 2656 2476 2946 2547; x_wconf 87' lang='lat' dir='ltr'><strong>redigatur,</strong></span> <span class='ocrx_word' id='word_1_608' title='bbox 2978 2477 3321 2539; x_wconf 62' lang='lat' dir='ltr'><strong>conscientia</strong></span> <span class='ocrx_word' id='word_1_609' title='bbox 3341 2486 3445 2535; x_wconf 77' lang='lat' dir='ltr'><strong>tua:</strong></span> 
     </span>
    </p>
   </div>
   <div class='ocr_carea' id='block_1_83' title="bbox 1871 2569 3445 2639">
    <p class='ocr_par' dir='ltr' id='par_1_83' title="bbox 1871 2569 3445 2639">
     <span class='ocr_line' id='line_1_84' title="bbox 1871 2569 3445 2639; baseline 0.001 -16"><span class='ocrx_word' id='word_1_610' title='bbox 1871 2586 1979 2623; x_wconf 81' lang='lat' dir='ltr'><strong>non</strong></span> <span class='ocrx_word' id='word_1_611' title='bbox 2004 2579 2157 2639; x_wconf 89' lang='lat' dir='ltr'><strong>putas</strong></span> <span class='ocrx_word' id='word_1_612' title='bbox 2187 2569 2485 2623; x_wconf 84' lang='lat' dir='ltr'><strong>interesse?</strong></span> <span class='ocrx_word' id='word_1_613' title='bbox 2511 2569 2806 2635; x_wconf 77' lang='lat' dir='ltr'><strong>Posuemo,</strong></span> <span class='ocrx_word' id='word_1_614' title='bbox 2840 2570 2885 2625; x_wconf 88' lang='lat' dir='ltr'><strong>si</strong></span> <span class='ocrx_word' id='word_1_615' title='bbox 2915 2570 3070 2625; x_wconf 86' lang='lat' dir='ltr'><strong>unius</strong></span> <span class='ocrx_word' id='word_1_616' title='bbox 3094 2569 3322 2627; x_wconf 88' lang='lat' dir='ltr'><strong>civitatis</strong></span> <span class='ocrx_word' id='word_1_617' title='bbox 3355 2584 3445 2639; x_wconf 85' lang='lat' dir='ltr'><strong>po-</strong></span> 
     </span>
    </p>
   </div>
   <div class='ocr_carea' id='block_1_84' title="bbox 1872 2662 3446 2733">
    <p class='ocr_par' dir='ltr' id='par_1_84' title="bbox 1872 2662 3446 2733">
     <span class='ocr_line' id='line_1_85' title="bbox 1872 2662 3446 2733; baseline 0.001 -17"><span class='ocrx_word' id='word_1_618' title='bbox 1872 2663 1978 2732; x_wconf 88' lang='lat' dir='ltr'><strong>puli</strong></span> <span class='ocrx_word' id='word_1_619' title='bbox 2007 2664 2217 2717; x_wconf 90' lang='lat' dir='ltr'><strong>animus</strong></span> <span class='ocrx_word' id='word_1_620' title='bbox 2246 2678 2351 2716; x_wconf 92' lang='lat' dir='ltr'><strong>non</strong></span> <span class='ocrx_word' id='word_1_621' title='bbox 2398 2672 2612 2732; x_wconf 85' lang='lat' dir='ltr'><strong>putatur</strong></span> <span class='ocrx_word' id='word_1_622' title='bbox 2648 2662 2866 2728; x_wconf 82' lang='lat' dir='ltr'><strong>offendi,</strong></span> <span class='ocrx_word' id='word_1_623' title='bbox 2912 2678 2979 2718; x_wconf 89' lang='lat' dir='ltr'><strong>ne</strong></span> <span class='ocrx_word' id='word_1_624' title='bbox 3020 2662 3196 2718; x_wconf 79' lang='lat' dir='ltr'><strong>divina</strong></span> <span class='ocrx_word' id='word_1_625' title='bbox 3226 2663 3317 2733; x_wconf 91' lang='lat' dir='ltr'><strong>(ut</strong></span> <span class='ocrx_word' id='word_1_626' title='bbox 3359 2678 3446 2719; x_wconf 89' lang='lat' dir='ltr'><strong>res</strong></span> 
     </span>
    </p>
   </div>
   <div class='ocr_carea' id='block_1_85' title="bbox 1870 2755 3445 2824">
    <p class='ocr_par' dir='ltr' id='par_1_85' title="bbox 1870 2755 3445 2824">
     <span class='ocr_line' id='line_1_86' title="bbox 1870 2755 3445 2824; baseline 0 -15"><span class='ocrx_word' id='word_1_627' title='bbox 1870 2756 2125 2824; x_wconf 89' lang='lat' dir='ltr'><strong>postulat)</strong></span> <span class='ocrx_word' id='word_1_628' title='bbox 2148 2756 2511 2824; x_wconf 90' lang='lat' dir='ltr'><strong>corrigantur:</strong></span> <span class='ocrx_word' id='word_1_629' title='bbox 2546 2765 2746 2823; x_wconf 87' lang='lat' dir='ltr'><strong>quanto</strong></span> <span class='ocrx_word' id='word_1_630' title='bbox 2769 2755 2955 2824; x_wconf 89' lang='lat' dir='ltr'><strong>magis,</strong></span> <span class='ocrx_word' id='word_1_631' title='bbox 2978 2770 3046 2810; x_wconf 90' lang='lat' dir='ltr'><strong>ne</strong></span> <span class='ocrx_word' id='word_1_632' title='bbox 3073 2756 3252 2811; x_wconf 89' lang='lat' dir='ltr'><strong>divina</strong></span> <span class='ocrx_word' id='word_1_633' title='bbox 3273 2755 3445 2813; x_wconf 61' lang='grc' dir='ltr'><strong>θεαι-</strong></span> 
     </span>
    </p>
   </div>
   <div class='ocr_carea' id='block_1_86' title="bbox 1870 2846 3447 2914">
    <p class='ocr_par' dir='ltr' id='par_1_86' title="bbox 1870 2846 3447 2914">
     <span class='ocr_line' id='line_1_87' title="bbox 1870 2846 3447 2914; baseline 0 -12"><span class='ocrx_word' id='word_1_634' title='bbox 1870 2850 2083 2913; x_wconf 88' lang='lat' dir='ltr'><strong>dantur,</strong></span> <span class='ocrx_word' id='word_1_635' title='bbox 2116 2847 2363 2903; x_wconf 82' lang='lat' dir='ltr'><strong>catholici</strong></span> <span class='ocrx_word' id='word_1_636' title='bbox 2408 2848 2639 2901; x_wconf 87' lang='lat' dir='ltr'><strong>nominis</strong></span> <span class='ocrx_word' id='word_1_637' title='bbox 2669 2848 2930 2901; x_wconf 86' lang='lat' dir='ltr'><strong>universis</strong></span> <span class='ocrx_word' id='word_1_638' title='bbox 2972 2849 3109 2914; x_wconf 89' lang='lat' dir='ltr'><strong>piam</strong></span> <span class='ocrx_word' id='word_1_639' title='bbox 3149 2846 3309 2902; x_wconf 83' lang='lat' dir='ltr'><strong>fidem</strong></span> <span class='ocrx_word' id='word_1_640' title='bbox 3348 2861 3447 2902; x_wconf 88' lang='lat' dir='ltr'><strong>nec</strong></span> 
     </span>
    </p>
   </div>
   <div class='ocr_carea' id='block_1_87' title="bbox 1875 2938 3447 3005">
    <p class='ocr_par' dir='ltr' id='par_1_87' title="bbox 1875 2938 3447 3005">
     <span class='ocr_line' id='line_1_88' title="bbox 1875 2938 3447 3005; baseline -0.001 -12"><span class='ocrx_word' id='word_1_641' title='bbox 1875 2940 2068 2993; x_wconf 73' lang='lat' dir='ltr'><strong>Imdere</strong></span> <span class='ocrx_word' id='word_1_642' title='bbox 2106 2940 2360 2993; x_wconf 88' lang='lat' dir='ltr'><strong>debemus</strong></span> <span class='ocrx_word' id='word_1_643' title='bbox 2401 2940 2639 3002; x_wconf 91' lang='lat' dir='ltr'><strong>omnino,</strong></span> <span class='ocrx_word' id='word_1_644' title='bbox 2672 2952 2772 2991; x_wconf 90' lang='lat' dir='ltr'><strong>nec</strong></span> <span class='ocrx_word' id='word_1_645' title='bbox 2817 2938 3134 3005; x_wconf 83' lang='lat' dir='ltr'><strong>possumus?</strong></span> <span class='ocrx_word' id='word_1_646' title='bbox 3172 2938 3239 2991; x_wconf 86' lang='lat' dir='ltr'><strong>Et</strong></span> <span class='ocrx_word' id='word_1_647' title='bbox 3268 2946 3447 2995; x_wconf 82' lang='lat' dir='ltr'><strong>tamen</strong></span> 
     </span>
    </p>
   </div>
   <div class='ocr_carea' id='block_1_88' title="bbox 1873 3028 3449 3099">
    <p class='ocr_par' dir='ltr' id='par_1_88' title="bbox 1873 3028 3449 3099">
     <span class='ocr_line' id='line_1_89' title="bbox 1873 3028 3449 3099; baseline -0.001 -14"><span class='ocrx_word' id='word_1_648' title='bbox 1873 3033 2030 3087; x_wconf 86' lang='lat' dir='ltr'><strong>iidem</strong></span> <span class='ocrx_word' id='word_1_649' title='bbox 2063 3041 2243 3085; x_wconf 89' lang='lat' dir='ltr'><strong>nostra</strong></span> <span class='ocrx_word' id='word_1_650' title='bbox 2266 3046 2325 3084; x_wconf 83' lang='lat' dir='ltr'><strong>so</strong></span> <span class='ocrx_word' id='word_1_651' title='bbox 2355 3039 2578 3099; x_wconf 84' lang='lat' dir='ltr'><strong>poscunt</strong></span> <span class='ocrx_word' id='word_1_652' title='bbox 2607 3029 2879 3084; x_wconf 82' lang='lat' dir='ltr'><strong>voluntate</strong></span> <span class='ocrx_word' id='word_1_653' title='bbox 2901 3028 3100 3082; x_wconf 86' lang='lat' dir='ltr'><strong>sanari.</strong></span> <span class='ocrx_word' id='word_1_654' title='bbox 3131 3028 3449 3094; x_wconf 84' lang='lat' dir='ltr'><strong>Competen-</strong></span> 
     </span>
    </p>
   </div>
   <div class='ocr_carea' id='block_1_89' title="bbox 1875 3117 3448 3192">
    <p class='ocr_par' dir='ltr' id='par_1_89' title="bbox 1875 3117 3448 3192">
     <span class='ocr_line' id='line_1_90' title="bbox 1875 3117 3448 3192; baseline -0.003 -14"><span class='ocrx_word' id='word_1_655' title='bbox 1875 3125 2015 3178; x_wconf 82' lang='lat' dir='ltr'><strong>tibus</strong></span> <span class='ocrx_word' id='word_1_656' title='bbox 2042 3138 2168 3192; x_wconf 89' lang='lat' dir='ltr'><strong>ergo</strong></span> <span class='ocrx_word' id='word_1_657' title='bbox 2196 3122 2376 3176; x_wconf 89' lang='lat' dir='ltr'><strong>sinant</strong></span> <span class='ocrx_word' id='word_1_658' title='bbox 2402 3122 2578 3177; x_wconf 86' lang='lat' dir='ltr'><strong>curari</strong></span> <span class='ocrx_word' id='word_1_659' title='bbox 2615 3135 2672 3176; x_wconf 89' lang='lat' dir='ltr'><strong>se</strong></span> <span class='ocrx_word' id='word_1_660' title='bbox 2721 3133 2878 3188; x_wconf 82' lang='lat' dir='ltr'><strong>posse</strong></span> <span class='ocrx_word' id='word_1_661' title='bbox 2914 3118 3164 3174; x_wconf 88' lang='lat' dir='ltr'><strong>remediis</strong></span> <span class='ocrx_word' id='word_1_662' title='bbox 3198 3136 3211 3170; x_wconf 87' lang='lat'><strong>:</strong></span> <span class='ocrx_word' id='word_1_663' title='bbox 3250 3117 3448 3187; x_wconf 88' lang='lat' dir='ltr'><strong>alioqui</strong></span> 
     </span>
    </p>
   </div>
   <div class='ocr_carea' id='block_1_90' title="bbox 1876 3211 3448 3287">
    <p class='ocr_par' dir='ltr' id='par_1_90' title="bbox 1876 3211 3448 3287">
     <span class='ocr_line' id='line_1_91' title="bbox 1876 3211 3448 3287; baseline -0.002 -21"><span class='ocrx_word' id='word_1_664' title='bbox 1876 3216 2036 3287; x_wconf 86' lang='lat' dir='ltr'><strong>(quod</strong></span> <span class='ocrx_word' id='word_1_665' title='bbox 2072 3214 2229 3283; x_wconf 88' lang='lat' dir='ltr'><strong>absit)</strong></span> <span class='ocrx_word' id='word_1_666' title='bbox 2273 3215 2324 3268; x_wconf 92' lang='lat' dir='ltr'><strong>in</strong></span> <span class='ocrx_word' id='word_1_667' title='bbox 2372 3228 2559 3269; x_wconf 90' lang='lat' dir='ltr'><strong>eorum</strong></span> <span class='ocrx_word' id='word_1_668' title='bbox 2600 3212 2927 3267; x_wconf 88' lang='lat' dir='ltr'><strong>transeundo</strong></span> <span class='ocrx_word' id='word_1_669' title='bbox 2970 3211 3281 3279; x_wconf 89' lang='lat' dir='ltr'><strong>perniciem,</strong></span> <span class='ocrx_word' id='word_1_670' title='bbox 3326 3224 3448 3266; x_wconf 88' lang='lat' dir='ltr'><strong>cum</strong></span> 
     </span>
    </p>
   </div>
   <div class='ocr_carea' id='block_1_91' title="bbox 1874 3306 3449 3378">
    <p class='ocr_par' dir='ltr' id='par_1_91' title="bbox 1874 3306 3449 3378">
     <span class='ocr_line' id='line_1_92' title="bbox 1874 3306 3449 3378; baseline -0.002 -16"><span class='ocrx_word' id='word_1_671' title='bbox 1874 3310 1979 3363; x_wconf 87' lang='lat' dir='ltr'><strong>illis</strong></span> <span class='ocrx_word' id='word_1_672' title='bbox 2006 3309 2181 3378; x_wconf 87' lang='lat' dir='ltr'><strong>perire</strong></span> <span class='ocrx_word' id='word_1_673' title='bbox 2204 3308 2514 3376; x_wconf 80' lang='lat' dir='ltr'><strong>possumus,</strong></span> <span class='ocrx_word' id='word_1_674' title='bbox 2563 3307 2710 3373; x_wconf 73' lang='lat' dir='ltr'><strong>ipSos</strong></span> <span class='ocrx_word' id='word_1_675' title='bbox 2740 3319 2867 3361; x_wconf 90' lang='lat' dir='ltr'><strong>vero</strong></span> <span class='ocrx_word' id='word_1_676' title='bbox 2896 3306 3106 3360; x_wconf 87' lang='lat' dir='ltr'><strong>salvare</strong></span> <span class='ocrx_word' id='word_1_677' title='bbox 3132 3321 3239 3360; x_wconf 90' lang='lat' dir='ltr'><strong>non</strong></span> <span class='ocrx_word' id='word_1_678' title='bbox 3269 3318 3449 3374; x_wconf 86' lang='lat' dir='ltr'><strong>possu-</strong></span> 
     </span>
    </p>
   </div>
   <div class='ocr_carea' id='block_1_92' title="bbox 1874 3394 3450 3466">
    <p class='ocr_par' dir='ltr' id='par_1_92' title="bbox 1874 3394 3450 3466">
     <span class='ocr_line' id='line_1_93' title="bbox 1874 3394 3450 3466; baseline -0.006 -12"><span class='ocrx_word' id='word_1_679' title='bbox 1874 3415 2013 3454; x_wconf 89' lang='lat' dir='ltr'><strong>mus.</strong></span> <span class='ocrx_word' id='word_1_680' title='bbox 2042 3398 2157 3453; x_wconf 84' lang='lat' dir='ltr'><strong>Jam</strong></span> <span class='ocrx_word' id='word_1_681' title='bbox 2194 3398 2279 3451; x_wconf 88' lang='lat' dir='ltr'><strong>hic</strong></span> <span class='ocrx_word' id='word_1_682' title='bbox 2313 3396 2438 3466; x_wconf 90' lang='lat' dir='ltr'><strong>quid</strong></span> <span class='ocrx_word' id='word_1_683' title='bbox 2470 3397 2537 3449; x_wconf 88' lang='lat' dir='ltr'><strong>sit</strong></span> <span class='ocrx_word' id='word_1_684' title='bbox 2566 3396 2731 3465; x_wconf 82' lang='lat' dir='ltr'><strong>magis</strong></span> <span class='ocrx_word' id='word_1_685' title='bbox 2759 3395 3106 3463; x_wconf 88' lang='lat' dir='ltr'><strong>sequendum,</strong></span> <span class='ocrx_word' id='word_1_686' title='bbox 3149 3394 3247 3449; x_wconf 90' lang='lat' dir='ltr'><strong>sub</strong></span> <span class='ocrx_word' id='word_1_687' title='bbox 3268 3394 3450 3449; x_wconf 86' lang='lat' dir='ltr'><strong>divino</strong></span> 
     </span>
    </p>
   </div>
   <div class='ocr_carea' id='block_1_93' title="bbox 1872 3487 3451 3561">
    <p class='ocr_par' dir='ltr' id='par_1_93' title="bbox 1872 3487 3451 3561">
     <span class='ocr_line' id='line_1_94' title="bbox 1872 3487 3451 3561; baseline -0.004 -15"><span class='ocrx_word' id='word_1_688' title='bbox 1872 3494 2070 3561; x_wconf 83' lang='lat' dir='ltr'><strong>judicio</strong></span> <span class='ocrx_word' id='word_1_689' title='bbox 2101 3500 2292 3545; x_wconf 75' lang='lat' dir='ltr'><strong>vestra:</strong></span> <span class='ocrx_word' id='word_1_690' title='bbox 2318 3489 2664 3545; x_wconf 62' lang='lat' dir='ltr'><strong>conscientiae</strong></span> <span class='ocrx_word' id='word_1_691' title='bbox 2696 3489 3010 3557; x_wconf 84' lang='lat' dir='ltr'><strong>derelinquo</strong></span> <span class='ocrx_word' id='word_1_692' title='bbox 3037 3507 3047 3541; x_wconf 91' lang='lat'>:</span> <span class='ocrx_word' id='word_1_693' title='bbox 3084 3498 3281 3554; x_wconf 88' lang='lat' dir='ltr'><strong>utrum,</strong></span> <span class='ocrx_word' id='word_1_694' title='bbox 3313 3487 3451 3543; x_wconf 86' lang='lat' dir='ltr'><strong>sicut</strong></span> 
     </span>
    </p>
   </div>
   <div class='ocr_carea' id='block_1_94' title="bbox 1876 3578 3451 3652">
    <p class='ocr_par' dir='ltr' id='par_1_94' title="bbox 1876 3578 3451 3652">
     <span class='ocr_line' id='line_1_95' title="bbox 1876 3578 3451 3652; baseline -0.004 -15"><span class='ocrx_word' id='word_1_695' title='bbox 1876 3598 1974 3638; x_wconf 87' lang='lat' dir='ltr'><strong>nos</strong></span> <span class='ocrx_word' id='word_1_696' title='bbox 2000 3591 2265 3652; x_wconf 86' lang='lat' dir='ltr'><strong>optamus,</strong></span> <span class='ocrx_word' id='word_1_697' title='bbox 2300 3581 2455 3635; x_wconf 89' lang='lat' dir='ltr'><strong>simul</strong></span> <span class='ocrx_word' id='word_1_698' title='bbox 2487 3595 2675 3634; x_wconf 89' lang='lat' dir='ltr'><strong>omnes</strong></span> <span class='ocrx_word' id='word_1_699' title='bbox 2712 3589 2909 3633; x_wconf 86' lang='lat' dir='ltr'><strong>certam</strong></span> <span class='ocrx_word' id='word_1_700' title='bbox 2952 3579 3230 3634; x_wconf 88' lang='lat' dir='ltr'><strong>redeamus</strong></span> <span class='ocrx_word' id='word_1_701' title='bbox 3264 3578 3331 3632; x_wconf 88' lang='lat' dir='ltr'><strong>ad</strong></span> <span class='ocrx_word' id='word_1_702' title='bbox 3369 3578 3451 3631; x_wconf 88' lang='lat' dir='ltr'><strong>vi-</strong></span> 
     </span>
    </p>
   </div>
   <div class='ocr_carea' id='block_1_95' title="bbox 1879 3667 3452 3740">
    <p class='ocr_par' dir='ltr' id='par_1_95' title="bbox 1879 3667 3452 3740">
     <span class='ocr_line' id='line_1_96' title="bbox 1879 3667 3452 3740; baseline -0.006 -12"><span class='ocrx_word' id='word_1_703' title='bbox 1879 3686 2014 3740; x_wconf 85' lang='lat' dir='ltr'><strong>tam;</strong></span> <span class='ocrx_word' id='word_1_704' title='bbox 2046 3690 2132 3739; x_wconf 89' lang='lat' dir='ltr'><strong>an,</strong></span> <span class='ocrx_word' id='word_1_705' title='bbox 2164 3674 2301 3727; x_wconf 90' lang='lat' dir='ltr'><strong>sicut</strong></span> <span class='ocrx_word' id='word_1_706' title='bbox 2332 3672 2403 3725; x_wconf 92' lang='lat' dir='ltr'><strong>illi</strong></span> <span class='ocrx_word' id='word_1_707' title='bbox 2436 3682 2678 3740; x_wconf 87' lang='lat' dir='ltr'><strong>poscunt,</strong></span> <span class='ocrx_word' id='word_1_708' title='bbox 2712 3669 3045 3724; x_wconf 78' lang='lat' dir='ltr'><strong>manifestam</strong></span> <span class='ocrx_word' id='word_1_709' title='bbox 3073 3668 3355 3722; x_wconf 89' lang='lat' dir='ltr'><strong>tendamus</strong></span> <span class='ocrx_word' id='word_1_710' title='bbox 3383 3667 3452 3719; x_wconf 89' lang='lat' dir='ltr'><strong>ad</strong></span> 
     </span>
    </p>
   </div>
   <div class='ocr_carea' id='block_1_96' title="bbox 1876 3756 3453 3831">
    <p class='ocr_par' dir='ltr' id='par_1_96' title="bbox 1876 3756 3453 3831">
     <span class='ocr_line' id='line_1_97' title="bbox 1876 3756 3453 3831; baseline -0.007 -9"><span class='ocrx_word' id='word_1_711' title='bbox 1876 3777 2125 3822; x_wconf 85' lang='lat' dir='ltr'><strong>mortem.</strong></span> <span class='ocrx_word' id='word_1_712' title='bbox 2160 3765 2266 3819; x_wconf 88' lang='lat' dir='ltr'><strong>Sed</strong></span> <span class='ocrx_word' id='word_1_713' title='bbox 2292 3764 2465 3817; x_wconf 89' lang='lat' dir='ltr'><strong>adhuc</strong></span> <span class='ocrx_word' id='word_1_714' title='bbox 2488 3761 2833 3831; x_wconf 89' lang='lat' dir='ltr'><strong>apostolicam</strong></span> <span class='ocrx_word' id='word_1_715' title='bbox 2864 3760 3073 3821; x_wconf 84' lang='lat' dir='ltr'><strong>sedem,</strong></span> <span class='ocrx_word' id='word_1_716' title='bbox 3103 3757 3203 3811; x_wconf 88' lang='lat' dir='ltr'><strong>sibi</strong></span> <span class='ocrx_word' id='word_1_717' title='bbox 3233 3756 3453 3811; x_wconf 86' lang='lat' dir='ltr'><strong>medici-</strong></span> 
     </span>
    </p>
   </div>
   <div class='ocr_carea' id='block_1_97' title="bbox 1879 3852 3453 3925">
    <p class='ocr_par' dir='ltr' id='par_1_97' title="bbox 1879 3852 3453 3925">
     <span class='ocr_line' id='line_1_98' title="bbox 1879 3852 3453 3925; baseline -0.007 -13"><span class='ocrx_word' id='word_1_718' title='bbox 1879 3859 2019 3913; x_wconf 89' lang='lat' dir='ltr'><strong>nalia</strong></span> <span class='ocrx_word' id='word_1_719' title='bbox 2049 3863 2441 3925; x_wconf 82' lang='lat' dir='ltr'><strong>suggerentem,</strong></span> <span class='ocrx_word' id='word_1_720' title='bbox 2467 3852 2749 3919; x_wconf 87' lang='lat' dir='ltr'><strong>superbam</strong></span> <span class='ocrx_word' id='word_1_721' title='bbox 2773 3863 2965 3904; x_wconf 90' lang='lat' dir='ltr'><strong>vocare</strong></span> <span class='ocrx_word' id='word_1_722' title='bbox 3004 3857 3453 3917; x_wconf 83' lang='lat' dir='ltr'><strong>arroganteinque</strong></span> 
     </span>
    </p>
   </div>
   <div class='ocr_carea' id='block_1_98' title="bbox 1879 3938 3451 4010">
    <p class='ocr_par' dir='ltr' id='par_1_98' title="bbox 1879 3938 3451 4010">
     <span class='ocr_line' id='line_1_99' title="bbox 1879 3938 3451 4010; baseline -0.008 -6"><span class='ocrx_word' id='word_1_723' title='bbox 1879 3948 2227 4004; x_wconf 90' lang='lat' dir='ltr'><strong>contendunt.</strong></span> <span class='ocrx_word' id='word_1_724' title='bbox 2267 3945 2435 3998; x_wconf 85' lang='lat' dir='ltr'><strong>Habet</strong></span> <span class='ocrx_word' id='word_1_725' title='bbox 2477 3945 2576 3996; x_wconf 88' lang='lat' dir='ltr'><strong>hoc</strong></span> <span class='ocrx_word' id='word_1_726' title='bbox 2613 3942 2837 4010; x_wconf 86' lang='lat' dir='ltr'><strong>qualitas</strong></span> <span class='ocrx_word' id='word_1_727' title='bbox 2872 3954 3015 4008; x_wconf 64' lang='lat' dir='ltr'><strong>uepc</strong></span> <span class='ocrx_word' id='word_1_728' title='bbox 3064 3938 3451 4007; x_wconf 79' lang='lat' dir='ltr'><strong>languentium,</strong></span> 
     </span>
    </p>
   </div>
   <div class='ocr_carea' id='block_1_99' title="bbox 1881 4028 3455 4104">
    <p class='ocr_par' dir='ltr' id='par_1_99' title="bbox 1881 4028 3455 4104">
     <span class='ocr_line' id='line_1_100' title="bbox 1881 4028 3455 4104; baseline -0.006 -11"><span class='ocrx_word' id='word_1_729' title='bbox 1881 4050 1935 4093; x_wconf 89' lang='lat' dir='ltr'><strong>ut</strong></span> <span class='ocrx_word' id='word_1_730' title='bbox 1960 4046 2211 4095; x_wconf 88' lang='lat' dir='ltr'><strong>accusent</strong></span> <span class='ocrx_word' id='word_1_731' title='bbox 2248 4036 2414 4104; x_wconf 87' lang='lat' dir='ltr'><strong>magis</strong></span> <span class='ocrx_word' id='word_1_732' title='bbox 2442 4033 2677 4089; x_wconf 89' lang='lat' dir='ltr'><strong>medicos</strong></span> <span class='ocrx_word' id='word_1_733' title='bbox 2699 4031 2947 4102; x_wconf 87' lang='lat' dir='ltr'><strong>congruis</strong></span> <span class='ocrx_word' id='word_1_734' title='bbox 2989 4028 3455 4089; x_wconf 85' lang='lat' dir='ltr'><strong>observationibus</strong></span> 
     </span>
    </p>
   </div>
   <div class='ocr_carea' id='block_1_100' title="bbox 1878 4121 3456 4193">
    <p class='ocr_par' dir='ltr' id='par_1_100' title="bbox 1878 4121 3456 4193">
     <span class='ocr_line' id='line_1_101' title="bbox 1878 4121 3456 4193; baseline -0.009 -8"><span class='ocrx_word' id='word_1_735' title='bbox 1878 4132 1946 4185; x_wconf 89' lang='lat' dir='ltr'><strong>ad</strong></span> <span class='ocrx_word' id='word_1_736' title='bbox 1976 4128 2208 4185; x_wconf 85' lang='lat' dir='ltr'><strong>salubria</strong></span> <span class='ocrx_word' id='word_1_737' title='bbox 2235 4133 2570 4193; x_wconf 83' lang='lat' dir='ltr'><strong>revocantes,</strong></span> <span class='ocrx_word' id='word_1_738' title='bbox 2596 4139 2753 4192; x_wconf 90' lang='lat' dir='ltr'><strong>quam</strong></span> <span class='ocrx_word' id='word_1_739' title='bbox 2784 4131 2843 4176; x_wconf 91' lang='lat' dir='ltr'><strong>ut</strong></span> <span class='ocrx_word' id='word_1_740' title='bbox 2870 4122 2972 4190; x_wconf 89' lang='lat' dir='ltr'><strong>ipsi</strong></span> <span class='ocrx_word' id='word_1_741' title='bbox 3001 4136 3125 4176; x_wconf 89' lang='lat' dir='ltr'><strong>suos</strong></span> <span class='ocrx_word' id='word_1_742' title='bbox 3154 4121 3343 4175; x_wconf 85' lang='lat' dir='ltr'><strong>noxios</strong></span> <span class='ocrx_word' id='word_1_743' title='bbox 3363 4133 3456 4188; x_wconf 76' lang='lat' dir='ltr'><strong>ap-</strong></span> 
     </span>
    </p>
   </div>
   <div class='ocr_carea' id='block_1_101' title="bbox 1881 4206 3457 4291">
    <p class='ocr_par' dir='ltr' id='par_1_101' title="bbox 1881 4206 3457 4291">
     <span class='ocr_line' id='line_1_102' title="bbox 1881 4206 3457 4291; baseline -0.007 -15"><span class='ocrx_word' id='word_1_744' title='bbox 1881 4221 2073 4291; x_wconf 87' lang='lat' dir='ltr'><strong>petitus</strong></span> <span class='ocrx_word' id='word_1_745' title='bbox 2110 4220 2378 4287; x_wconf 87' lang='lat' dir='ltr'><strong>deponere</strong></span> <span class='ocrx_word' id='word_1_746' title='bbox 2406 4216 2490 4270; x_wconf 87' lang='lat' dir='ltr'><strong>vel</strong></span> <span class='ocrx_word' id='word_1_747' title='bbox 2533 4206 2820 4283; x_wconf 72' lang='lat' dir='ltr'><strong>reprobaie</strong></span> <span class='ocrx_word' id='word_1_748' title='bbox 2860 4212 3216 4267; x_wconf 88' lang='lat' dir='ltr'><strong>consentiant.</strong></span> <span class='ocrx_word' id='word_1_749' title='bbox 3260 4209 3317 4265; x_wconf 88' lang='lat' dir='ltr'><strong>Si</strong></span> <span class='ocrx_word' id='word_1_750' title='bbox 3359 4222 3457 4265; x_wconf 89' lang='lat' dir='ltr'><strong>nos</strong></span> 
     </span>
    </p>
   </div>
   <div class='ocr_carea' id='block_1_102' title="bbox 1881 4302 3457 4382">
    <p class='ocr_par' dir='ltr' id='par_1_102' title="bbox 1881 4302 3457 4382">
     <span class='ocr_line' id='line_1_103' title="bbox 1881 4302 3457 4382; baseline -0.008 -15"><span class='ocrx_word' id='word_1_751' title='bbox 1881 4312 2096 4382; x_wconf 88' lang='lat' dir='ltr'><strong>superbi</strong></span> <span class='ocrx_word' id='word_1_752' title='bbox 2126 4325 2331 4376; x_wconf 86' lang='lat' dir='ltr'><strong>sumus,</strong></span> <span class='ocrx_word' id='word_1_753' title='bbox 2359 4309 2378 4340; x_wconf 76' lang='grc'><strong><em>⁸</em></strong></span> <span class='ocrx_word' id='word_1_754' title='bbox 2405 4308 2524 4377; x_wconf 85' lang='lat' dir='ltr'><strong>quia</strong></span> <span class='ocrx_word' id='word_1_755' title='bbox 2550 4307 2847 4360; x_wconf 89' lang='lat' dir='ltr'><strong>animarum</strong></span> <span class='ocrx_word' id='word_1_756' title='bbox 2875 4302 3111 4359; x_wconf 87' lang='lat' dir='ltr'><strong>remedia</strong></span> <span class='ocrx_word' id='word_1_757' title='bbox 3140 4303 3457 4357; x_wconf 87' lang='lat' dir='ltr'><strong>convenien-</strong></span> 
     </span>
    </p>
   </div>
   <div class='ocr_carea' id='block_1_103' title="bbox 1884 4392 3459 4467">
    <p class='ocr_par' dir='ltr' id='par_1_103' title="bbox 1884 4392 3459 4467">
     <span class='ocr_line' id='line_1_104' title="bbox 1884 4392 3459 4467; baseline -0.011 -6"><span class='ocrx_word' id='word_1_758' title='bbox 1884 4410 1954 4461; x_wconf 87' lang='lat' dir='ltr'><strong>tia</strong></span> <span class='ocrx_word' id='word_1_759' title='bbox 1998 4405 2384 4465; x_wconf 83' lang='lat' dir='ltr'><strong>ministramus,</strong></span> <span class='ocrx_word' id='word_1_760' title='bbox 2416 4398 2543 4467; x_wconf 89' lang='lat' dir='ltr'><strong>quid</strong></span> <span class='ocrx_word' id='word_1_761' title='bbox 2588 4396 2812 4453; x_wconf 88' lang='lat' dir='ltr'><strong>vocandi</strong></span> <span class='ocrx_word' id='word_1_762' title='bbox 2860 4403 2983 4449; x_wconf 90' lang='lat' dir='ltr'><strong>sunt</strong></span> <span class='ocrx_word' id='word_1_763' title='bbox 3020 4394 3110 4463; x_wconf 89' lang='lat' dir='ltr'><strong>qui</strong></span> <span class='ocrx_word' id='word_1_764' title='bbox 3159 4392 3459 4448; x_wconf 86' lang='lat' dir='ltr'><strong>resultant?</strong></span> 
     </span>
    </p>
   </div>
   <div class='ocr_carea' id='block_1_104' title="bbox 1888 4484 3460 4566">
    <p class='ocr_par' dir='ltr' id='par_1_104' title="bbox 1888 4484 3460 4566">
     <span class='ocr_line' id='line_1_105' title="bbox 1888 4484 3460 4566; baseline -0.01 -12"><span class='ocrx_word' id='word_1_765' title='bbox 1888 4500 1943 4555; x_wconf 87' lang='lat' dir='ltr'><strong>Si</strong></span> <span class='ocrx_word' id='word_1_766' title='bbox 1974 4514 2070 4554; x_wconf 91' lang='lat' dir='ltr'><strong>nos</strong></span> <span class='ocrx_word' id='word_1_767' title='bbox 2098 4496 2310 4566; x_wconf 86' lang='lat' dir='ltr'><strong>superbi</strong></span> <span class='ocrx_word' id='word_1_768' title='bbox 2335 4506 2538 4555; x_wconf 89' lang='lat' dir='ltr'><strong>sumus,</strong></span> <span class='ocrx_word' id='word_1_769' title='bbox 2564 4491 2652 4558; x_wconf 88' lang='lat' dir='ltr'><strong>qui</strong></span> <span class='ocrx_word' id='word_1_770' title='bbox 2684 4486 3036 4543; x_wconf 87' lang='lat' dir='ltr'><strong>obediendum</strong></span> <span class='ocrx_word' id='word_1_771' title='bbox 3066 4486 3302 4555; x_wconf 89' lang='lat' dir='ltr'><strong>paternis</strong></span> <span class='ocrx_word' id='word_1_772' title='bbox 3322 4484 3460 4539; x_wconf 89' lang='lat' dir='ltr'><strong>dici-</strong></span> 
     </span>
    </p>
   </div>
   <div class='ocr_carea' id='block_1_105' title="bbox 1890 4575 3462 4654">
    <p class='ocr_par' dir='ltr' id='par_1_105' title="bbox 1890 4575 3462 4654">
     <span class='ocr_line' id='line_1_106' title="bbox 1890 4575 3462 4654; baseline -0.009 -10"><span class='ocrx_word' id='word_1_773' title='bbox 1890 4607 2006 4646; x_wconf 88' lang='lat' dir='ltr'><strong>mus</strong></span> <span class='ocrx_word' id='word_1_774' title='bbox 2036 4588 2322 4650; x_wconf 86' lang='lat' dir='ltr'><strong>institutis;</strong></span> <span class='ocrx_word' id='word_1_775' title='bbox 2350 4586 2441 4654; x_wconf 86' lang='lat' dir='ltr'><strong>qui</strong></span> <span class='ocrx_word' id='word_1_776' title='bbox 2482 4582 2836 4649; x_wconf 84' lang='lat' dir='ltr'><strong>refragantur,</strong></span> <span class='ocrx_word' id='word_1_777' title='bbox 2866 4594 2971 4648; x_wconf 90' lang='lat' dir='ltr'><strong>qno</strong></span> <span class='ocrx_word' id='word_1_778' title='bbox 3003 4575 3303 4646; x_wconf 87' lang='lat' dir='ltr'><strong>appellandi</strong></span> <span class='ocrx_word' id='word_1_779' title='bbox 3339 4584 3462 4630; x_wconf 82' lang='lat' dir='ltr'><strong>sunt</strong></span> 
     </span>
    </p>
   </div>
   <div class='ocr_carea' id='block_1_106' title="bbox 1895 4668 3462 4739">
    <p class='ocr_par' dir='ltr' id='par_1_106' title="bbox 1895 4668 3462 4739">
     <span class='ocr_line' id='line_1_107' title="bbox 1895 4668 3462 4739; baseline -0.012 -2"><span class='ocrx_word' id='word_1_780' title='bbox 1895 4682 2139 4737; x_wconf 85' lang='lat' dir='ltr'><strong>nomine?</strong></span> <span class='ocrx_word' id='word_1_781' title='bbox 2172 4680 2225 4734; x_wconf 91' lang='lat' dir='ltr'><strong>Si</strong></span> <span class='ocrx_word' id='word_1_782' title='bbox 2246 4693 2342 4731; x_wconf 90' lang='lat' dir='ltr'><strong>nos</strong></span> <span class='ocrx_word' id='word_1_783' title='bbox 2365 4676 2487 4729; x_wconf 70' lang='lat' dir='ltr'><strong>elati</strong></span> <span class='ocrx_word' id='word_1_784' title='bbox 2518 4687 2716 4736; x_wconf 88' lang='lat' dir='ltr'><strong>sumus,</strong></span> <span class='ocrx_word' id='word_1_785' title='bbox 2743 4670 2829 4739; x_wconf 88' lang='lat' dir='ltr'><strong>qui</strong></span> <span class='ocrx_word' id='word_1_786' title='bbox 2852 4670 3085 4723; x_wconf 89' lang='lat' dir='ltr'><strong>divinum</strong></span> <span class='ocrx_word' id='word_1_787' title='bbox 3109 4668 3309 4723; x_wconf 90' lang='lat' dir='ltr'><strong>cultum</strong></span> <span class='ocrx_word' id='word_1_788' title='bbox 3330 4681 3462 4736; x_wconf 92' lang='lat' dir='ltr'><strong>puro</strong></span> 
     </span>
    </p>
   </div>
   <div class='ocr_carea' id='block_1_107' title="bbox 1896 4756 3463 4840">
    <p class='ocr_par' dir='ltr' id='par_1_107' title="bbox 1896 4756 3463 4840">
     <span class='ocr_line' id='line_1_108' title="bbox 1896 4756 3463 4840; baseline -0.011 -15"><span class='ocrx_word' id='word_1_789' title='bbox 1896 4782 2052 4840; x_wconf 86' lang='lat' dir='ltr'><strong>atque</strong></span> <span class='ocrx_word' id='word_1_790' title='bbox 2080 4768 2282 4822; x_wconf 87' lang='lat' dir='ltr'><strong>illibato</strong></span> <span class='ocrx_word' id='word_1_791' title='bbox 2306 4764 2546 4832; x_wconf 88' lang='lat' dir='ltr'><strong>cupimus</strong></span> <span class='ocrx_word' id='word_1_792' title='bbox 2570 4772 2753 4817; x_wconf 87' lang='lat' dir='ltr'><strong>tenore</strong></span> <span class='ocrx_word' id='word_1_793' title='bbox 2787 4756 3017 4821; x_wconf 88' lang='lat' dir='ltr'><strong>servari;</strong></span> <span class='ocrx_word' id='word_1_794' title='bbox 3051 4757 3139 4827; x_wconf 89' lang='lat' dir='ltr'><strong>qui</strong></span> <span class='ocrx_word' id='word_1_795' title='bbox 3165 4764 3350 4811; x_wconf 80' lang='lat' dir='ltr'><strong>contra</strong></span> <span class='ocrx_word' id='word_1_796' title='bbox 3377 4756 3463 4808; x_wconf 90' lang='lat' dir='ltr'><strong>Di-</strong></span> 
     </span>
    </p>
   </div>
   <div class='ocr_carea' id='block_1_108' title="bbox 1891 4848 3465 4925">
    <p class='ocr_par' dir='ltr' id='par_1_108' title="bbox 1891 4848 3465 4925">
     <span class='ocr_line' id='line_1_109' title="bbox 1891 4848 3465 4925; baseline -0.011 -10"><span class='ocrx_word' id='word_1_797' title='bbox 1891 4863 2163 4916; x_wconf 85' lang='lat' dir='ltr'><strong>vinitatem</strong></span> <span class='ocrx_word' id='word_1_798' title='bbox 2203 4872 2415 4925; x_wconf 89' lang='lat' dir='ltr'><strong>quoque</strong></span> <span class='ocrx_word' id='word_1_799' title='bbox 2455 4853 2715 4916; x_wconf 86' lang='lat' dir='ltr'><strong>sentiunt,</strong></span> <span class='ocrx_word' id='word_1_800' title='bbox 2756 4850 2952 4915; x_wconf 85' lang='lat' dir='ltr'><strong>dicant,</strong></span> <span class='ocrx_word' id='word_1_801' title='bbox 2987 4848 3213 4917; x_wconf 86' lang='lat' dir='ltr'><strong>qualiter</strong></span> <span class='ocrx_word' id='word_1_802' title='bbox 3261 4860 3465 4900; x_wconf 88' lang='lat' dir='ltr'><strong>nuncu-</strong></span> 
     </span>
    </p>
   </div>
   <div class='ocr_carea' id='block_1_109' title="bbox 1893 4935 3465 5022">
    <p class='ocr_par' dir='ltr' id='par_1_109' title="bbox 1893 4935 3465 5022">
     <span class='ocr_line' id='line_1_110' title="bbox 1893 4935 3465 5022; baseline -0.011 -16"><span class='ocrx_word' id='word_1_803' title='bbox 1893 4951 2115 5022; x_wconf 86' lang='lat' dir='ltr'><strong>pentur?</strong></span> <span class='ocrx_word' id='word_1_804' title='bbox 2146 4949 2233 5002; x_wconf 89' lang='lat' dir='ltr'><strong>Sic</strong></span> <span class='ocrx_word' id='word_1_805' title='bbox 2259 4957 2312 5001; x_wconf 89' lang='lat' dir='ltr'><strong>et</strong></span> <span class='ocrx_word' id='word_1_806' title='bbox 2348 4959 2446 5001; x_wconf 87' lang='lat' dir='ltr'><strong>nos</strong></span> <span class='ocrx_word' id='word_1_807' title='bbox 2476 4942 2676 5007; x_wconf 69' lang='lat' dir='ltr'><strong>creteri,</strong></span> <span class='ocrx_word' id='word_1_808' title='bbox 2719 4942 2807 5010; x_wconf 89' lang='lat' dir='ltr'><strong>qui</strong></span> <span class='ocrx_word' id='word_1_809' title='bbox 2846 4941 2898 4995; x_wconf 92' lang='lat' dir='ltr'><strong>in</strong></span> <span class='ocrx_word' id='word_1_810' title='bbox 2929 4952 3110 4993; x_wconf 86' lang='lat' dir='ltr'><strong>errore</strong></span> <span class='ocrx_word' id='word_1_811' title='bbox 3150 4944 3292 5001; x_wconf 89' lang='lat' dir='ltr'><strong>sunt,</strong></span> <span class='ocrx_word' id='word_1_812' title='bbox 3324 4935 3465 4990; x_wconf 58' lang='grc' dir='ltr'><strong>αιδιί-</strong></span> 
     </span>
    </p>
   </div>
   <div class='ocr_carea' id='block_1_110' title="bbox 1894 5026 3467 5109">
    <p class='ocr_par' dir='ltr' id='par_1_110' title="bbox 1894 5026 3467 5109">
     <span class='ocr_line' id='line_1_111' title="bbox 1894 5026 3467 5109; baseline -0.01 -12"><span class='ocrx_word' id='word_1_813' title='bbox 1894 5050 2059 5109; x_wconf 89' lang='lat' dir='ltr'><strong>mant,</strong></span> <span class='ocrx_word' id='word_1_814' title='bbox 2103 5039 2243 5109; x_wconf 89' lang='lat' dir='ltr'><strong>quod</strong></span> <span class='ocrx_word' id='word_1_815' title='bbox 2280 5052 2463 5091; x_wconf 85' lang='lat' dir='ltr'><strong>eorum</strong></span> <span class='ocrx_word' id='word_1_816' title='bbox 2508 5049 2612 5090; x_wconf 92' lang='lat' dir='ltr'><strong>non</strong></span> <span class='ocrx_word' id='word_1_817' title='bbox 2650 5031 3041 5086; x_wconf 86' lang='lat' dir='ltr'><strong>consentiamus</strong></span> <span class='ocrx_word' id='word_1_818' title='bbox 3080 5027 3320 5083; x_wconf 68' lang='lat' dir='ltr'><strong>insaniae.</strong></span> <span class='ocrx_word' id='word_1_819' title='bbox 3365 5026 3467 5081; x_wconf 87' lang='lat' dir='ltr'><strong>Ubi</strong></span> 
     </span>
    </p>
   </div>
   <div class='ocr_carea' id='block_1_111' title="bbox 1892 5175 3466 5318">
    <p class='ocr_par' dir='ltr' id='par_1_111' title="bbox 1892 5175 3466 5318">
     <span class='ocr_line' id='line_1_112' title="bbox 1892 5175 3466 5318; baseline -0.009 -73"><span class='ocrx_word' id='word_1_820' title='bbox 1892 5200 2035 5318; x_wconf 63' lang='lat' dir='ltr'><strong>galct</strong></span> <span class='ocrx_word' id='word_1_821' title='bbox 2056 5204 2223 5314; x_wconf 53' lang='lat' dir='ltr'><strong>supra</strong></span> <span class='ocrx_word' id='word_1_822' title='bbox 2266 5189 2318 5240; x_wconf 91' lang='lat' dir='ltr'><strong>in</strong></span> <span class='ocrx_word' id='word_1_823' title='bbox 2350 5185 2489 5239; x_wconf 90' lang='lat' dir='ltr'><strong>notis</strong></span> <span class='ocrx_word' id='word_1_824' title='bbox 2520 5180 2863 5254; x_wconf 83' lang='lat' dir='ltr'><strong>epistularum</strong></span> <span class='ocrx_word' id='word_1_825' title='bbox 2905 5176 3164 5249; x_wconf 87' lang='lat' dir='ltr'><strong>Simplicii</strong></span> <span class='ocrx_word' id='word_1_826' title='bbox 3204 5175 3270 5232; x_wconf 80' lang='grc'><strong>15</strong></span> <span class='ocrx_word' id='word_1_827' title='bbox 3296 5185 3350 5233; x_wconf 90' lang='lat' dir='ltr'><strong>et</strong></span> <span class='ocrx_word' id='word_1_828' title='bbox 3379 5177 3466 5231; x_wconf 81' lang='grc'><strong>17.</strong></span> 
     </span>
     <span class='ocr_line' id='line_1_113' title="bbox 1936 5275 2249 5315; baseline -0.013 -1"><span class='ocrx_word' id='word_1_829' title='bbox 1936 5278 2016 5315; x_wconf 76' lang='grc' dir='ltr'><strong>εν.</strong></span> <span class='ocrx_word' id='word_1_830' title='bbox 2099 5275 2249 5314; x_wconf 72' lang='lat' dir='ltr'><strong>INIUS.</strong></span> 
     </span>
    </p>
   </div>
   <div class='ocr_carea' id='block_1_112' title="bbox 1936 5275 2249 5315">
    <p class='ocr_par' dir='ltr' id='par_1_112' title="bbox 1936 5275 2249 5315">
     <span class='ocr_line' id='line_1_114' title="bbox 1936 5275 2249 5315; baseline -0.013 -1"><span class='ocrx_word' id='word_1_831' title='bbox 1936 5278 2016 5315; x_wconf 76' lang='grc' dir='ltr'><strong>εν.</strong></span> <span class='ocrx_word' id='word_1_832' title='bbox 2056 5275 2249 5314; x_wconf 72' lang='lat' dir='ltr'><strong>UINIUS.</strong></span> 
     </span>
    </p>
   </div>
   <div class='ocr_carea' id='block_1_113' title="bbox 1968 5392 2317 5445">
    <p class='ocr_par' dir='ltr' id='par_1_113' title="bbox 1968 5392 2317 5445">
     <span class='ocr_line' id='line_1_115' title="bbox 1968 5392 2317 5445; baseline -0.006 0"><span class='ocrx_word' id='word_1_833' title='bbox 1968 5394 1985 5423; x_wconf 55' lang='grc' dir='ltr'>δ</span> <span class='ocrx_word' id='word_1_834' title='bbox 2016 5396 2167 5445; x_wconf 77' lang='lat' dir='ltr'><strong>Anno</strong></span> <span class='ocrx_word' id='word_1_835' title='bbox 2198 5392 2317 5444; x_wconf 66' lang='lat' dir='ltr'><strong>i8i.</strong></span> 
     </span>
    </p>
   </div>
   <div class='ocr_carea' id='block_1_114' title="bbox 1968 5458 2619 5523">
    <p class='ocr_par' dir='ltr' id='par_1_114' title="bbox 1968 5458 2619 5523">
     <span class='ocr_line' id='line_1_116' title="bbox 1968 5458 2619 5523; baseline -0.009 -8"><span class='ocrx_word' id='word_1_836' title='bbox 1968 5465 1985 5493; x_wconf 75' lang='grc'><strong>⁵</strong></span> <span class='ocrx_word' id='word_1_837' title='bbox 2010 5463 2138 5515; x_wconf 77' lang='lat' dir='ltr'><strong>Cod.</strong></span> <span class='ocrx_word' id='word_1_838' title='bbox 2176 5462 2395 5523; x_wconf 68' lang='lat' dir='ltr'><strong>Veron,</strong></span> <span class='ocrx_word' id='word_1_839' title='bbox 2434 5459 2533 5523; x_wconf 83' lang='lat' dir='ltr'><strong>Qui</strong></span> <span class='ocrx_word' id='word_1_840' title='bbox 2556 5458 2619 5511; x_wconf 81' lang='lat' dir='ltr'><strong>si.</strong></span> 
     </span>
    </p>
   </div>
   <div class='ocr_carea' id='block_1_115' title="bbox 1969 5530 2565 5600">
    <p class='ocr_par' dir='ltr' id='par_1_115' title="bbox 1969 5530 2565 5600">
     <span class='ocr_line' id='line_1_117' title="bbox 1969 5530 2565 5600; baseline -0.01 -14"><span class='ocrx_word' id='word_1_841' title='bbox 1969 5536 1986 5559; x_wconf 59' lang='grc' dir='ltr'><strong>τί</strong></span> <span class='ocrx_word' id='word_1_842' title='bbox 2020 5531 2073 5585; x_wconf 89' lang='lat' dir='ltr'><strong>Id</strong></span> <span class='ocrx_word' id='word_1_843' title='bbox 2116 5530 2258 5600; x_wconf 83' lang='lat' dir='ltr'><strong>c0d.,</strong></span> <span class='ocrx_word' id='word_1_844' title='bbox 2292 5531 2565 5583; x_wconf 85' lang='lat' dir='ltr'><strong>voluntate.</strong></span> 
     </span>
    </p>
   </div>
   <div class='ocr_carea' id='block_1_116' title="bbox 1970 5600 2592 5663">
    <p class='ocr_par' dir='ltr' id='par_1_116' title="bbox 1970 5600 2592 5663">
     <span class='ocr_line' id='line_1_118' title="bbox 1970 5600 2592 5663; baseline -0.006 -10"><span class='ocrx_word' id='word_1_845' title='bbox 1970 5604 1985 5634; x_wconf 83' lang='grc'>⁷</span> <span class='ocrx_word' id='word_1_846' title='bbox 2025 5601 2095 5653; x_wconf 84' lang='lat' dir='ltr'><strong>Id.</strong></span> <span class='ocrx_word' id='word_1_847' title='bbox 2128 5600 2268 5663; x_wconf 84' lang='lat' dir='ltr'><strong>Cod.,</strong></span> <span class='ocrx_word' id='word_1_848' title='bbox 2302 5604 2377 5651; x_wconf 63' lang='lat' dir='ltr'><strong>vel</strong></span> <span class='ocrx_word' id='word_1_849' title='bbox 2408 5609 2592 5650; x_wconf 81' lang='lat' dir='ltr'><strong>utrum.</strong></span> 
     </span>
    </p>
   </div>
   <div class='ocr_carea' id='block_1_117' title="bbox 1972 5670 2727 5737">
    <p class='ocr_par' dir='ltr' id='par_1_117' title="bbox 1972 5670 2727 5737">
     <span class='ocr_line' id='line_1_119' title="bbox 1972 5670 2727 5737; baseline -0.009 -13"><span class='ocrx_word' id='word_1_850' title='bbox 1972 5673 1989 5701; x_wconf 73' lang='grc'><strong>⁸</strong></span> <span class='ocrx_word' id='word_1_851' title='bbox 2022 5670 2099 5727; x_wconf 79' lang='grc' dir='ltr'><strong>ω.</strong></span> <span class='ocrx_word' id='word_1_852' title='bbox 2126 5670 2265 5737; x_wconf 81' lang='lat' dir='ltr'><strong>c0d.,</strong></span> <span class='ocrx_word' id='word_1_853' title='bbox 2302 5671 2386 5736; x_wconf 79' lang='lat' dir='ltr'><strong>qui</strong></span> <span class='ocrx_word' id='word_1_854' title='bbox 2421 5670 2727 5721; x_wconf 75' lang='lat' dir='ltr'><strong>(mimarum.</strong></span> 
     </span>
    </p>
   </div>
  </div>
