3948 6314
478 371 551 431 67
1050 391 1055 396 ’
1141 402 1170 419 ο·
1330 394 1341 405 τ
1395 410 1400 414 -
1834 366 2073 423 GELASI

2207 367 2338 422 ηπ
2375 368 2395 421 ι
2943 408 2947 412 .
3570 356 3571 359 ‘
3670 370 3735 430 48

477 498 657 545 tamen
683 488 900 557 spiritus
920 487 1187 556 superbiae
1204 487 1466 542 veraciter
1495 483 1751 540 consistat
1780 492 1833 538 et
1861 490 2059 553 pugnet
2091 488 2142 547 Α
2164 481 2289 536 XX.
2338 482 2491 547 Quod
2511 480 2565 532 hi
2594 480 2681 549 qui
2700 494 2754 532 se
2774 479 2933 532 sacris
2956 479 3231 548 virginibus
3252 480 3464 542 sociant,
3490 489 3533 534 et
3562 482 3741 551 fadera

476 582 675 638 Veritas
704 580 816 651 ipsa
848 580 1045 636 indicat
1070 578 1167 651 [αι.
1193 576 1443 648 judicat].

1056 669 1389 726 EPISTULA
1420 668 1509 722 IX.

932 780 999 817 ΑΙ)
1025 775 1300 816 EPISCOPOS
1339 774 1470 814 LUCA
1479 774 1526 812 NI
1536 775 1605 813 Ε.

645 854 913 910 Nonnulla
937 854 1274 909 ecclesiastica
1300 853 1533 905 instituta
1560 860 1905 920 exponuntur.

554 948 570 977 ¹
606 946 974 1000 Dilectissimis
1000 944 1252 999 fratribus
1268 942 1529 998 universis
1547 941 1815 1010 episcopis
1847 956 1940 1010 per
1968 941 2067 995 Lu-

481 1039 711 1106 caniam,
741 1047 797 1093 et
825 1038 1073 1105 Brutios,
1109 1047 1163 1091 et
1204 1035 1440 1091 Siciliain
1472 1035 1774 1089 constitutis
1799 1033 2067 1089 Gelasius.

770 1145 949 1185 TITULI
979 1141 1331 1183 DECRETORUII
1372 1141 1515 1179 ΡΑΡΑΞ
1555 1139 1781 1179 ςκιηςςιι.

483 1222 534 1276 1.
576 1223 653 1277 De
677 1222 961 1275 constitutis
1003 1217 1375 1282 ecclesiasticis,
1422 1232 1514 1286 pro
1557 1215 1865 1285 temporibus
1899 1212 2069 1283 quali-

472 1306 475 1309 ’
552 1320 653 1367 tate
677 1311 1031 1366 moderandis.
1071 1315 1079 1344 ⁵

484 1404 568 1459 Il.
612 1404 682 1458 Ut
707 1404 790 1457 ubi
811 1402 955 1456 nulla
981 1409 1216 1471 perurget
1247 1399 1539 1461 necessitas,
1558 1397 1829 1450 constituta
1853 1394 2071 1447 Patrum

553 1496 797 1551 inviolata
817 1504 1107 1559 serventur;
1126 1494 1204 1546 vel
1233 1508 1348 1546 cum
1376 1490 1631 1560 defuerint
1655 1489 1848 1554 clerici,
1872 1489 1935 1541 de
1964 1503 2073 1540 mo-

554 1591 731 1643 nachis
759 1588 1038 1660 eligantur.

484 1680 603 1735 III.
648 1680 714 1735 Ut
737 1682 777 1735 si
808 1681 895 1751 qui
930 1680 992 1733 de
1026 1677 1167 1732 laicis
1207 1676 1467 1747 eliguntur
1507 1677 1573 1727 ad
1614 1673 1876 1738 clericum,
1914 1674 2074 1727 multo

503 1788 507 1797 '
557 1773 824 1827 sollicitius
858 1772 910 1823 in
950 1770 1048 1835 his,
1079 1786 1137 1823 ea
1164 1784 1279 1838 qua:
1304 1770 1365 1821 de
1390 1766 1653 1821 monachis
1686 1766 1822 1818 dicta
1848 1774 1965 1817 sunt
1995 1763 2076 1815 in-

504 1878 507 1887 “
556 1866 845 1932 quirantur.
1354 1866 1363 1875 '

486 1955 592 2011 IV.
639 1953 705 2007 Ut
734 1952 796 2005 ab
820 1952 1087 2020 episc0pis,
1124 1951 1464 2020 prwceptione
1491 1962 1658 2019 papce,
1685 1960 1827 2001 nova:
1854 1944 2077 1997 basilica:

560 2045 876 2098 dedicentur.
1826 2082 1837 2087 κ

492 2136 560 2191 V.
613 2136 681 2191 Ut
716 2135 861 2189 nulla
889 2134 1085 2205 prtedia
1113 2134 1253 2205 [lege
1276 2132 1480 2204 pretia]
1511 2133 1574 2187 de
1610 2129 1930 2201 baptizandis
1960 2143 2081 2181 con-

496 2246 499 2251 ·
553 2228 921 2297 signandisque
973 2224 1209 2291 ﬁdelibus
1246 2225 1534 2294 exigantur.
1584 2222 1731 2286 Quod
1775 2221 1818 2272 si
1857 2219 1945 2287 qui
1988 2219 2082 2271 hoc

557 2316 978 2388 perpetrauerint,
1003 2314 1211 2366 honoris
1240 2314 1323 2365 sui
1345 2311 1573 2381 periculo
1601 2312 1956 2383 subjacebunt.

492 2406 591 2463 VI.
638 2402 1003 2476 Utpresbyteri
1025 2406 1232 2457 modum
1256 2402 1477 2455 debitum
1497 2413 1709 2466 servent,
1735 2420 1837 2456 non
1859 2405 2081 2457 chrisma

494 2514 500 2521 '
559 2498 850 2568 conficiant,
894 2512 993 2549 non
1044 2495 1375 2566 consignant;
1424 2510 1512 2548 nec
1564 2505 1812 2563 prtesente
1856 2498 2080 2565 quolibet

494 2614 501 2621 ο
557 2592 815 2661 episcopo,
851 2587 950 2641 nisi
983 2587 1266 2656 jubeantur
1304 2586 1366 2638 ab
1397 2585 1529 2653 ipso,
1570 2588 1646 2639 vel
1688 2602 1856 2649 orare,
1890 2587 1966 2640 vel
2002 2606 2084 2643 se-

492 2706 499 2717 σ
561 2685 679 2735 dere
716 2688 1049 2749 praesumant,
1097 2694 1187 2731 nec
1233 2678 1547 2747 acolythum,
1593 2678 1669 2731 vel
1711 2678 2081 2734 subdiaconum

563 2772 775 2843 faciant.

497 2864 629 2920 VII.
675 2865 924 2920 Similiter
956 2874 1011 2917 ut
1044 2864 1249 2916 diaconi
1282 2879 1573 2916 mensurant
1619 2863 1885 2933 propriam
1921 2864 2080 2933 juxta

562 2956 778 3010 Patrum
801 2956 1007 3009 decreta
1034 2954 1347 3007 custodiant.

495 3048 667 3105 VIII.
712 3050 861 3114 Quod
900 3049 1106 3101 diaconi
1134 3050 1185 3099 in
1223 3046 1538 3117 presbyterio
1570 3047 1791 3101 residere
1821 3064 1920 3101 non
1964 3064 2081 3115 pos-

488 3156 492 3165 '
560 3147 684 3211 sint,
708 3160 796 3197 nec
829 3143 960 3196 sacri
994 3142 1222 3211 corporis
1264 3141 1712 3209 praerogationem,
1750 3140 2079 3209 prccsentibus
2152 3175 2160 3182 -

2102 3240 2148 3303 C
2180 3236 2281 3289 XX
2298 3234 2462 3289 VIII.
2498 3236 2647 3314 Quod
2690 3236 2988 3305 episc0pus,
3037 3235 3311 3304 presbyter,
3352 3243 3398 3287 et
3437 3232 3713 3295 diaconus,
3744 3248 3775 3283 a

487 3250 493 3263 '
562 3239 742 3291 debent
770 3249 1015 3303 usurpare
1038 3232 1364 3301 presbyteris.

491 3327 595 3382 IX.
642 3327 792 3393 Quod
822 3324 1106 3392 apostolica
1129 3324 1271 3376 sedes
1294 3332 1529 3392 paternos
1550 3338 1767 3375 canones
1799 3323 1883 3392 pio
1908 3324 2076 3377 studio

561 3419 835 3485 deuotoque
861 3415 1136 3467 custodiat.

491 3509 564 3567 X.
610 3508 693 3581 Ut\
725 3516 904 3577 praeter
953 3506 1191 3575 paschale
1240 3513 1433 3572 tempus
1476 3512 1522 3555 et
1568 3512 1884 3573 pentecosten
1933 3521 2076 3558 nemo

561 3602 821 3668 baptizare
851 3610 1149 3665 prcesumat,
1186 3598 1284 3650 nisi
1312 3614 1397 3652 eos
1435 3606 1633 3651 tantum
1666 3614 1792 3666 quos
1825 3600 2076 3668 aegritudo

484 3696 487 3717 ⁷
561 3701 788 3747 extrema
815 3691 1138 3759 compulerit.

490 3782 596 3839 XI.
643 3783 1063 3852 Presbyterorum
1092 3790 1137 3833 et
1178 3781 1510 3835 diaconornm
1543 3781 1886 3834 ordinationes
1928 3783 2077 3836 certis

557 3875 802 3928 celebrari
829 3890 978 3941 posse
1001 3873 1332 3939 temporibus.

489 3963 630 4019 XII.
677 3964 741 4017 Ut
770 3963 994 4032 prce/imis
1020 3963 1194 4015 diebus
1226 3962 1445 4031 virgines
1475 3972 1849 4016 consecrantur.

474 4056 665 4112 'XIII.
711 4055 777 4110 Ut
808 4056 974 4108 vidua:
1005 4071 1105 4107 non
1127 4056 1369 4106 velentur.

489 4150 649 4205 XIV.
696 4150 762 4203 Ut
814 4148 982 4201 nnllns
1020 4147 1211 4216 prwsul
1252 4146 1328 4197 vel
1376 4146 1620 4210 ccclesiaz,
1672 4148 1749 4198 vel
1784 4149 2081 4202 monasterii

562 4256 777 4306 servum,
824 4248 912 4292 aut
959 4237 1310 4306 originarium,
1370 4235 1649 4288 nolentibus
1702 4237 1943 4300 dominis,
1988 4238 2078 4289 sub

559 4333 763 4387 nomine
802 4330 1039 4399 religioso
1080 4328 1342 4397 defendat,
1383 4326 1589 4380 honoris
1621 4338 1665 4380 et
1715 4329 2079 4383 communionis

467 4414 471 4421 ’
563 4422 849 4494 periculum
885 4422 1143 4476 subiturus
1181 4419 1408 4489 quisquis
1450 4420 1546 4473 hoc
1575 4430 1869 4490 perpetrare
1912 4430 2077 4477 tenta-

560 4515 706 4570 verit.

2242 574 2431 625 incesta
2470 570 2815 633 commiscent,
2857 571 3228 623 communicare
3266 587 3365 623 non
3403 572 3614 639 possint,
3650 574 3740 628 nisi

2242 663 2371 729 forte
2394 662 2649 731 publicam
2679 661 3030 729 paenitentiam
3061 663 3330 731 gesserint.

2169 754 2329 809 XXI.
2373 755 2520 819 Quod
2553 755 2737 821 viduce,
2776 762 2826 807 ut
2860 754 3206 822 supradictum
3244 762 3340 816 est,
3374 769 3472 806 non
3506 754 3735 808 relentur.

2248 844 2310 899 Et
2336 846 2379 899 si
2408 847 2691 916 professum
2720 844 3077 898 continentiam
3112 844 3375 914 proposito
3418 855 3607 897 mutato
3650 840 3751 898 cal!

2245 940 2491 1005 cauerint,
2524 940 2645 1009 ipsa:
2670 954 2763 1007 pro
2791 954 2844 993 se
2871 937 3121 991 rationem
3148 938 3247 990 sint
3270 937 3385 989 ideo
3408 936 3500 1005 Lai.
3528 936 3741 1007 domino]

2242 1032 2537 1084 redditura}.
2854 1040 2855 1043 ‘

2173 1122 2369 1177 XXII.
2414 1123 2564 1190 Quod
2608 1123 2827 1178 secunda
2860 1123 3103 1193 conjugia
3137 1122 3467 1175 stecularibus
3520 1137 3617 1174 non
3667 1137 3748 1173 ne-

2245 1226 2450 1286 gentur,
2482 1215 2661 1281 quibus
2693 1224 2859 1267 tamen
2890 1214 2957 1266 ad
2980 1214 3173 1267 clerum
3208 1213 3413 1265 minime
3444 1212 3609 1265 venire
3643 1226 3750 1263 con-

2243 1310 2459 1361 ceditur.

2174 1399 2401 1453 XXIII.
2450 1399 2515 1454 Ut
2544 1402 2590 1453 si
2623 1401 2735 1469 quis
2763 1401 3037 1469 susceperit
3065 1400 3291 1452 ecclesiae
3326 1398 3550 1467 propria:
3588 1398 3750 1450 deser-

2246 1504 2428 1559 torem,
2477 1502 2524 1546 et
2558 1494 2864 1559 inaliquam
2904 1493 3189 1559 provexerit
3239 1492 3554 1561 dignitatem,
3590 1490 3754 1558 utique

2246 1586 2510 1650 sententia:
2531 1584 2828 1654 subjaceant
2851 1600 3002 1652 quam
3027 1598 3244 1639 canones
3271 1582 3599 1635 addixerunt.

2176 1675 2391 1730 XXIV.
2438 1676 2585 1739 Quod
2607 1676 2651 1728 si
2679 1676 2765 1743 qui
2791 1690 2853 1726 ex
2884 1674 3145 1727 monachis
3185 1682 3274 1726 aut
3314 1672 3460 1725 laicis
3508 1672 3757 1738 eliguntur

2252 1769 2321 1821 ad
2350 1768 2560 1829 clerum,
2589 1782 2703 1818 cum
2728 1764 2874 1817 nulla
2902 1767 3036 1835 cogit
3067 1765 3357 1829 necessitas,
3391 1763 3602 1833 antiqua
3625 1763 3674 1815 in
3696 1762 3760 1814 eis

2105 1868 2153 1928 Β
2250 1862 2495 1915 debentur
2521 1859 2749 1913 instituta
2776 1858 2986 1910 servari.
3021 1857 3170 1924 Quod
3197 1858 3241 1910 si
3267 1856 3544 1923 probentur
3569 1870 3761 1907 sacram

2252 1952 2461 2006 mercati
2484 1966 2588 2004 esse
2618 1951 2778 2021 pretio
2807 1949 3127 2020 dignitatem,
3152 1948 3214 2001 ab
3237 1949 3397 2017 ofﬁcio
3420 1949 3763 2019 deponantur,

2254 2062 2374 2099 nam
2396 2045 2601 2097 dantem
2630 2052 2674 2096 et
2701 2042 3030 2111 accipientem
3057 2042 3285 2097 Simonis
3312 2042 3449 2113 magi
3470 2042 3665 2093 crimen
3694 2038 3764 2090 in-

2254 2137 2424 2190 volvit.

2184 2227 2363 2282 XXV.
2412 2228 2488 2281 De
2530 2229 2689 2282 sacris
2734 2228 2858 2282 locis
2896 2228 3090 2281 naviter
3118 2227 3386 2292 institutis,
3429 2227 3662 2296 quamvis
3688 2242 3767 2279 su-

2254 2322 2425 2390 perius
2452 2320 2644 2374 dictum
2673 2321 2758 2382 sit,
2792 2320 2886 2373 hoc
2906 2335 3039 2372 nunc
3061 2328 3226 2373 tamen
3253 2318 3519 2388 adjicitur,
3556 2328 3610 2370 ut
3631 2315 3770 2369 nulla

2256 2410 2465 2463 basilica
2484 2411 2574 2462 sub
2593 2410 2948 2479 defunctorum
2961 2400 3249 2463 constructa
3269 2409 3471 2485 nomine
3490 2409 3767 2462 dedicetur.

2182 2498 2396 2553 XXVI.
2441 2500 2589 2566 Quod
2615 2502 2760 2571 nefas
2797 2504 2863 2554 sit
2891 2503 3107 2571 feminas
3137 2502 3297 2555 sacris
3331 2501 3580 2554 altaribus
3621 2502 3770 2554 mini-

2254 2599 2438 2657 strare,
2473 2591 2553 2644 vel
2581 2592 2779 2661 aliquid
2808 2607 2870 2645 ea:
2908 2592 2987 2645 his
3016 2607 3130 2659 quia
3162 2592 3384 2644 virorum
3430 2604 3549 2646 sunt
3596 2590 3770 2660 ofﬁciis

2258 2686 2501 2755 deputata
2524 2700 2853 2755 praesumere.
3382 2702 3385 2705 '

2189 2776 2438 2831 XXVII.
2487 2777 2639 2843 Quod
2680 2779 2734 2830 in
2770 2793 3068 2845 unaquaque
3119 2777 3332 2830 ecclesia
3378 2791 3457 2829 cui
3506 2776 3773 2845 episcOpus

2260 2882 2463 2938 prwest,
2496 2880 2599 2923 tam
2624 2873 2686 2923 de
2718 2871 3000 2925 redditibus
3031 2886 3186 2940 quam
3215 2870 3279 2923 de
3298 2870 3529 2937 ﬁdelium
3555 2869 3774 2923 oblatio-

2253 2962 2399 3015 nibus
2447 2972 2666 3031 quatuor
2707 2962 2919 3016 debeant
2961 2962 3075 3031 ﬁeri
3119 2962 3418 3031 portiones:
3460 2970 3515 3013 ut
3560 2977 3669 3014 una
3713 2960 3775 3011 sit

2253 3054 2498 3121 episcopi,
2531 3054 2635 3106 alia
2670 3054 2991 3117 clericorum,
3038 3054 3183 3106 tertia
3235 3068 3544 3121 pauperum,
3591 3036 3775 3120 quarta

2254 3144 2480 3197 ecclesia:
2510 3144 2716 3213 fabricis
2741 3143 3046 3215 applicetur.

2249 3343 2545 3397 quocunque
2595 3327 2776 3380 clerico
2828 3327 3069 3380 veraciter
3109 3326 3261 3393 fuerit
3289 3334 3583 3389 accusatus,
3637 3324 3776 3391 quod

2166 3444 2169 3447 ·
2249 3419 2487 3473 adversus
2523 3420 2629 3473 haec
2673 3420 2943 3472 constituta
2992 3418 3187 3486 fecerit,
3220 3424 3380 3483 potest
3412 3416 3521 3469 sine
3550 3416 3766 3469 dubita-

2252 3514 2385 3564 tione
2415 3511 2645 3580 percelli,
2674 3511 2752 3563 sui
2782 3510 2934 3563 etiam
2957 3509 3161 3563 honoris
3192 3509 3479 3579 periculum
3499 3510 3774 3579 episcopus

2166 3632 2169 3635 ν
2251 3605 2530 3667 subiturus,
2558 3604 2602 3655 si
2630 3603 2738 3656 hate
2763 3604 2936 3655 omnia
2961 3602 3182 3656 ecclesia:
3214 3602 3468 3655 noscenda
3497 3603 3741 3655 tacuerit.

2252 3699 2272 3726 ²
2306 3694 2483 3749 Csrur
2522 3710 2742 3748 PRIMUM.
2780 3724 2847 3733 —
2870 3694 3178 3747 Necessaria
3218 3708 3394 3749 rerum
3432 3694 3452 3723 ³
3488 3692 3778 3763 dispensa-

2183 3788 2326 3844 tione
2350 3788 2424 3858 [al
2451 3788 2812 3855 disputatione
2832 3786 2909 3840 vel
2924 3784 3294 3856 dispositione]
3325 3786 3775 3852 constringimur,

2184 3891 2237 3934 ct
2264 3881 2571 3950 apostolica:
2600 3880 2741 3934 sedis
2769 3879 3132 3933 moderamine
3158 3880 3538 3944 convenimur;
3570 3880 3654 3935 sic
3679 3894 3777 3935 ca-

2186 3984 2389 4023 nonum
2425 3979 2766 4038 paternorum
2805 3971 3015 4023 decreta
3049 3970 3261 4035 librare,
3297 3978 3351 4022 et
3380 3978 3526 4024 retro
3568 3985 3780 4036 praesu-

2185 4060 2295 4114 lttm
2318 4059 2770 4127 decessorumque
2813 4070 3115 4115 nostrorum
3148 4067 3412 4135 praecepta
3465 4061 3673 4124 metiri,
3723 4069 3783 4115 ut

2186 4166 2304 4220 qua:
2337 4150 2678 4219 praesentium
2728 4152 3018 4205 necessitas
3061 4159 3358 4219 temporum
3399 4152 3781 4207 restaurandis

2187 4240 2446 4295 Eeclesiis
2468 4241 2760 4295 relaxanda
2791 4241 3051 4309 deposcit,
3077 4241 3311 4297 adhibita
3333 4242 3781 4299 consideratione

2182 4330 2443 4401 diligenti,
2472 4342 2725 4400 quantum
2750 4343 2926 4402 potest
2951 4333 3086 4400 fieri,
3112 4344 3499 4402 temperemus;
3534 4350 3647 4404 quo
3675 4350 3782 4391 nec

2182 4422 2234 4476 in
2268 4430 2439 4475 totum
2463 4422 2687 4476 formam
2723 4434 2960 4477 veterum
3001 4424 3279 4478 videamur
3314 4426 3578 4480 excedere
3613 4442 3783 4495 regna

2182 4513 2377 4578 larum,
2402 4522 2457 4567 et
2478 4514 2793 4580 reparandis
2824 4515 3023 4568 militia:
3044 4515 3311 4569 clericalis
3338 4517 3530 4570 ofticiis
3558 4515 3781 4587 [supple

485 4608 535 4663 X
550 4608 611 4662 γ.
660 4607 728 4661 Ut
750 4607 919 4662 clerici
944 4604 1290 4674 nullancgotia
1314 4602 1599 4668 inhonesta,
1626 4619 1714 4658 nec
1742 4603 1910 4674 turpia
1933 4604 2076 4658 lucra
2105 4603 2159 4663 D
2183 4606 2548 4676 consulamus]
2570 4622 2688 4674 qua:
2713 4621 2809 4675 per
2844 4606 3084 4661 diversas
3112 4608 3289 4675 Italia:
3313 4618 3490 4675 partes
3532 4611 3603 4661 ita
3642 4611 3780 4681 belli

560 4710 838 4753 sectentur.

484 4792 532 4846 X
549 4792 647 4846 Vl.
693 4792 760 4845 Ut
783 4806 929 4845 nemo
956 4791 1149 4844 litteras
1171 4806 1414 4856 nesciens,
1440 4788 1515 4843 vel
1545 4789 1714 4859 aliqua
1734 4799 1877 4857 parte
1896 4805 2076 4859 corpo-

556 4887 627 4940 ris
658 4889 900 4951 minutus,
923 4885 1227 4953 provehatur
1245 4886 1313 4936 ad
1341 4884 1561 4936 clerum.-

484 4980 531 5033 X
554 4979 682 5034 VII.
734 4980 810 5034 De
831 4981 907 5033 his
929 4980 1012 5048 qui
1036 4980 1227 5046 seipsos
1256 4976 1576 5029 abscindunt.

488 5071 717 5126 XVIII.
763 5073 911 5139 Quod
952 5071 1019 5124 ad
1057 5069 1249 5124 clerum
1278 5067 1538 5121 criminosi
1574 5076 1821 5136 nequeant
1865 5082 2070 5137 promo-

558 5163 683 5227 veri,
705 5172 752 5214 et
781 5164 835 5215 in
860 5163 992 5214 clero
1022 5160 1195 5228 positi,
1226 5159 1269 5211 si
1296 5158 1350 5211 in
1380 5156 1637 5226 aliquibus
1668 5157 1855 5227 fuerint
1882 5155 2068 5213 inventi

558 5253 788 5324 ﬂagitiis,
815 5268 847 5305 a
874 5253 976 5305 suis
1008 5251 1178 5319 ofﬁciis
1207 5256 1500 5303 arceantur.

485 5344 645 5399 XIX.
689 5342 839 5407 Quod
860 5342 1102 5395 damonis
1129 5340 1345 5408 aliisque
1372 5340 1689 5409 passionibus
1720 5341 1927 5396 irretitis
1968 5342 2063 5394 mi-

558 5434 769 5489 nisteria
796 5448 943 5486 sacra
974 5439 1190 5485 tractare
1220 5446 1320 5484 non
1349 5430 1519 5484 liceat.

561 5592 576 5620 ¹
606 5589 663 5644 In
692 5588 1049 5644 vetustissimo
1072 5587 1295 5641 Lucensi
1322 5586 1441 5641 cod.
1477 5601 1623 5641 num.
1657 5588 1762 5641 490
1792 5589 1891 5643 iste
1922 5588 2049 5641 titu-

487 5662 569 5713 lus
596 5660 671 5713 sic
692 5661 996 5716 enuntiatur
1024 5678 1033 5711 :
1059 5656 1292 5712 Gelasins
1312 5658 1575 5727 episcopus
1598 5658 1843 5711 universis
1864 5660 2057 5719 episeo-

487 5733 563 5800 pis
602 5747 689 5799 per
729 5746 1131 5797 unamquamque
1169 5729 1477 5797 provinciam
1520 5728 2054 5800 ronstitntis.»_M.tNSI.

556 5804 576 5833 ²
604 5798 807 5855 Citatur
833 5810 883 5853 et
910 5814 937 5850 a
970 5800 1185 5854 Nicolao
1219 5814 1351 5857 pana
1387 5800 1437 5850 in
1464 5802 1603 5855 epist
1654 5801 1685 5851 8
1715 5799 1779 5850 ad
1822 5798 2025 5852 Michae

2180 4697 2443 4768 famisque
2462 4698 2483 4728 ‘
2508 4699 2839 4768 consumpsit
2864 4699 3117 4765 incursio,
3150 4710 3203 4752 ut
3234 4699 3286 4751 in
3311 4701 3489 4752 multis
3519 4701 3782 4773 ecclesiis

2182 4789 2346 4857 (sicut
2373 4789 2554 4844 fratris
2579 4800 2630 4844 et
2654 4790 2957 4859 coepisc0pi
2991 4790 3156 4845 nostri
3187 4791 3406 4845 Joannis
3440 4792 3782 4849 Ravennatis

2184 4880 2439 4935 Ecclesiae
2461 4880 2775 4945 sacerdotis,
2803 4880 3066 4950 frequenti
3095 4882 3355 4935 relatione
3375 4883 3781 4954 comperimus)

2183 4985 2565 5041 usquequaque
2592 4973 2871 5028 deficiente
2890 4974 3109 5027 servitio
3142 4973 3500 5041 ministrorum
3523 4971 3623 5041 lat.
3665 4979 3779 5034 mi-

2178 5062 2543 5132 nisteriorum]
2576 5063 2595 5093 ⁸
2619 5063 2719 5118 nisi
2742 5064 3061 5119 remittendo
3082 5064 3348 5132 paulisper
3377 5063 3780 5125 ecclesiasticis

2175 5157 2599 5225 promotionibus
2616 5159 2903 5228 antiquitus
2918 5157 3191 5211 intervalla
3209 5156 3429 5224 praefixa
3445 5171 3780 5215 remaneant

2177 5249 2315 5319 (sine
2337 5250 2531 5318 quibus
2561 5250 2938 5305 administrare
2969 5246 3258 5318 nequeant)
3284 5244 3457 5319 sacris",
3481 5247 3778 5310 ordinibus

2174 5341 2426 5396 Ecclesiae
2450 5341 2685 5399 funditus
2698 5343 2961 5398 deSlilultP
2978 5358 2990 5407 ;
3006 5332 3164 5411 atque
3188 5341 3240 5396 in
3258 5343 3499 5410 plurimis
3515 5343 3652 5396 locis
3665 5359 3776 5411 per

2174 5433 2405 5502 in0piam
2427 5436 2779 5505 competentis
2798 5435 2997 5499 auxilii,
3017 5424 3251 5489 salutare
3278 5428 3573 5508 subsidium
3610 5436 3774 5495 redi-

2166 5586 2268 5641 letn
2301 5586 2697 5653 imperatorem.
2734 5588 2996 5643 ΙΙΑηινυιΝ.

2240 5655 2259 5685 ⁸
2290 5656 2422 5709 (20d.
2462 5656 2611 5721 Luc.,
2644 5658 2988 5724 dispositione.

2239 5724 2258 5754 ⁸
2284 5726 2356 5778 Id.
2388 5726 2531 5784 cod..
2567 5730 2947 5795 consumpserit.

2240 5796 2258 5825 ⁸
2292 5797 2366 5850 id.
2402 5798 2543 5857 cod..
2577 5801 2667 5851 nil.
