3948 6314
162 346 216 398 49
1052 392 1061 403 ,
1308 333 1658 389 ΕΡΙΞΤΟΙηΕ

1824 332 1996 388 DECR
2006 332 2158 388 ETA.
2306 335 2311 339 ’
2746 362 2753 369 ο
3299 328 3369 385 50

168 456 429 511 tuendarum
456 452 591 506 desit
614 450 942 505 animarum:
979 461 1179 516 nosque
1203 462 1393 514 magno
1415 457 1594 511 reatu,
1645 447 1687 499 si
1720 462 1769 517 Α
1800 446 2048 513 rogandis
2084 457 2346 497 canonum
2372 450 2709 511 paternorum
2740 447 2893 496 vetus
2913 440 3078 493 forma
3106 448 3365 493 servetur.

167 558 283 601 tanto
316 553 610 599 coarctante
648 542 900 612 periculo,
938 555 1043 593 non
1094 538 1429 607 aliquatenus
1462 540 1474 567 ¹
1506 540 1688 592 videa-

166 655 259 692 mur
280 637 477 691 innecti.

220 725 328 777 CAP.
351 722 405 775 Il.
428 750 499 760 —-
523 719 725 773 Priscis
756 718 911 787 igitur
934 731 1027 785 pro
1048 716 1128 770 sui
1153 716 1445 769 reverentia
1478 728 1693 768 manen-

165 816 279 869 tibus
300 814 614 875 constitutis;
650 826 790 879 quze,
821 809 907 863 ubi
938 808 1075 861 nulla
1101 808 1187 861 vel
1222 822 1403 861 rerum
1434 807 1519 859 vel
1562 815 1696 859 tem-

164 921 322 975 porum
348 912 578 971 perurget
607 901 871 969 angustia,
900 899 1213 969 regulariter
1233 897 1486 951 convenit
1513 905 1693 949 custo-

167 998 280 1062 dire,
304 1004 499 1050 eatenus
544 992 787 1049 ecclesiis
816 1006 935 1060 qua:
964 991 1042 1044 vel
1075 989 1285 1043 cunctis
1313 996 1437 1041 sunt
1475 989 1692 1055 privata:

168 1086 399 1152 ministris,
412 1085 488 1140 vel
500 1083 891 1138 sufﬁcientibus
908 1096 1073 1150 usque
1084 1082 1217 1133 adeo
1230 1080 1521 1148 dispoliata‘
1535 1077 1694 1131 servi-

165 1179 251 1244 tiis,
266 1188 310 1232 ut
329 1177 562 1247 plebibus
579 1175 644 1229 ad
666 1190 724 1229 se
738 1174 1121 1243 pertinentibus
1140 1172 1312 1225 divina
1335 1186 1553 1223 munera
1572 1184 1691 1236 sup-

164 1272 283 1338 plere
308 1284 403 1324 non
425 1270 663 1334 valeant,
694 1275 801 1321 tam
841 1274 863 1303 ι
890 1264 1128 1318 intuendi
1160 1280 1316 1331 quam
1347 1261 1691 1330 promovendi

162 1360 380 1415 clericalis
397 1359 644 1428 obsequii
665 1357 744 1411 sic
764 1356 931 1426 Spatia
950 1353 1307 1424 dispensanda
1326 1352 1689 1408 concedimus.

185 1451 275 1507 -Ut
295 1454 335 1506 si
361 1452 475 1521 quis
503 1451 666 1505 etiam
688 1448 756 1503 de
782 1448 1035 1516 reiigioso
1066 1446 1356 1514 proposito,
1388 1452 1441 1496 ct
1459 1443 1693 1511 discipli-

159 1541 226 1596 nis
270 1541 722 1596 monasterialibus
776 1538 1043 1603 eruditus,
1095 1537 1159 1590 ad
1216 1536 1461 1605 clericale
1502 1548 1693 1587 munus

156 1634 361 1699 accedat,
387 1632 652 1702 imprimis
690 1632 807 1699 ejus
835 1632 938 1684 vita
980 1629 1264 1698 praeteritis
1293 1637 1408 1682 acta
1442 1626 1691 1694 tempori-

157 1725 235 1779 bus
255 1726 554 1795 inquiratnr,
580 1724 624 1778 si
661 1722 806 1778 nullo
835 1721 979 1792 gravi
1012 1720 1248 1774 facinore
1278 1719 1530 1788 probatur
1560 1716 1694 1771 infe-

1796 538 1906 593 Nec
1935 548 2122 590 contra
2162 550 2256 589 eos
2284 534 2388 588 ulla
2418 534 2624 588 ratione
2652 534 2953 603 praevaleat,
2983 530 3123 601 quod
3152 545 3249 600 pro
3275 544 3368 585 ac-

1798 628 2025 682 cidentis
2056 627 2294 681 defectus
2336 624 2574 680 remedio
2601 623 2928 692 providetur,
2963 637 3067 677 non
3113 622 3369 676 adversus

1794 718 1927 773 scita
1956 718 2218 785 majorum
2252 731 2385 770 nova
2430 716 2547 784 lege
2568 715 2921 783 proponitur:
2954 714 3162 768 caeteris
3188 713 3366 767 eccle-

1793 811 1886 866 siis
1930 812 1997 865 ab
2037 810 2135 863 hac
2185 808 2465 863 occasione
2493 807 2853 875 cessantibus,
2893 820 3021 875 quas
3054 820 3158 859 non
3205 804 3367 859 simili

1794 900 1945 957 clade
2000 908 2251 965 vastatas,
2303 898 2581 969 pristinam
2635 896 2890 953 faciendis
2943 895 3369 952 ordinationibus

1794 994 2044 1047 convenit
2070 1002 2254 1048 tenere
2275 991 2617 1046 sententiam.
2644 990 2761 1057 Quo
2790 988 2957 1057 magis
2988 990 3087 1065 hac
3114 995 3368 1056 opportu-

1795 1086 1964 1139 nitate
2006 1085 2339 1148 commoniti,
2372 1084 2765 1139 observantiam
2810 1081 3235 1136 venerandorum
3280 1093 3369 1131 ca-

1796 1191 1993 1229 nonum
2028 1175 2345 1244 propensius
2374 1174 2703 1242 delegamus,
2756 1172 3083 1240 singulorum
3104 1168 3366 1239 graduum

1797 1269 2159 1321 conscientias
2189 1268 2564 1332 admonentes,
2598 1281 2664 1320 ne
2695 1268 2745 1319 in
2784 1264 2996 1320 illicitos
3019 1275 3369 1333 prorumpere

1794 1361 2079 1413 moliantur
2099 1374 2377 1414 excessus.

1864 1449 1971 1505 Nec
2001 1452 2080 1504 fas
2097 1465 2214 1505 esse
2239 1450 2474 1504 conﬁdat
2501 1450 2727 1519 quisque
2756 1448 3086 1519 pontiﬁcum,
3106 1447 3366 1517 bigamos,

1793 1552 1882 1597 aut
1910 1542 2153 1610 coniugia
2200 1544 2488 1597 Sortientes
2517 1543 2586 1596 ab
2614 1543 2735 1597 aliis
2764 1541 3039 1605 derelicta,
3074 1541 3185 1594 sive
3212 1553 3371 1607 quos-

1794 1634 1919 1687 libet
1948 1635 1968 1664 ⁵
1999 1634 2370 1702 pmnitentium
2402 1633 2498 1705 [αι.
2527 1642 2647 1702 post
2696 1630 3113 1702 paenitentiam],
3144 1631 3227 1684 vel
3254 1630 3374 1683 sine

1794 1726 2004 1790 litteris,
2020 1725 2102 1779 vel
2126 1740 2351 1793 corpore
2368 1726 2579 1779 vitiatos
2598 1724 2689 1797 [αι.
2712 1722 2986 1793 minutos],
3000 1723 3085 1775 vel
3104 1720 3369 1775 conditiu-

154 1825 266 1879 ctus,
286 1818 323 1869 si
344 1816 633 1870 secundam
666 1830 766 1870 non
800 1812 1235 1869 habuitfortassis
1266 1827 1505 1874 uxorem,
1538 1825 1634 1863 nec
1660 1824 1689 1863 a

1803 1818 1997 1882 uarios,
2016 1825 2105 1869 aut
2122 1816 2283 1870 curia:
2299 1816 2736 1885 publicarumque
2755 1830 2935 1869 rerum
2954 1814 3175 1867 nexibus
3194 1812 3369 1879 impli-

156 1907 316 1960 marito
362 1908 602 1961 relictam
678 1905 770 1975 [αι.
833 1903 1107 1974 rejcetam]
1168 1904 1385 1957 sortitus
1452 1901 1689 1955 ostendi—

154 2004 247 2058 tur;
275 1996 313 2050 si
340 1996 707 2064 paenitentiam
764 1994 1030 2064 publicam
1076 1992 1318 2048 fortaSsis
1360 2006 1461 2044 non
1504 1992 1686 2059 gessit,

152 2100 232 2139 nec
256 2087 351 2140 ulla
378 2089 622 2155 corporis
654 2094 803 2154 parte
845 2085 1055 2138 vitiatus
1107 2092 1359 2153 apparet;
1414 2084 1455 2135 si
1506 2082 1687 2136 servili

153 2186 225 2230 aut
248 2176 534 2246 originaria:
568 2192 671 2230 non
695 2185 777 2230 est
801 2176 1097 2230 conditioni
1122 2175 1417 2237 obnoxius;
1460 2174 1503 2227 si
1527 2174 1690 2227 curia:

153 2268 235 2334 jam
261 2268 340 2339 lat.
364 2268 550 2339 etiam]
571 2269 825 2337 probatur
859 2269 1083 2322 nexibus
1112 2267 1416 2329 absolutus;
1465 2267 1507 2319 si
1538 2280 1689 2319 asse-

152 2367 277 2413 cutus
319 2369 398 2413 est
440 2360 675 2421 litteras,
708 2361 823 2412 sine
871 2359 1062 2428 quibus
1094 2358 1178 2413 vix
1213 2356 1454 2410 fortassis
1491 2356 1690 2409 ostiarii

152 2449 292 2515 possit
328 2449 553 2518 implere
581 2449 932 2503 ministerium
969 2467 981 2503 :
1015 2459 1069 2501 ut
1100 2449 1143 2502 si
1186 2448 1267 2501 his
1296 2448 1544 2501 omnibus
1574 2461 1692 2515 qua:

151 2550 250 2593 sunt
274 2542 511 2609 praedicta
557 2540 795 2606 fulcitur,
833 2542 1085 2595 continuo
1109 2540 1294 2604 lector,
1322 2539 1402 2592 vel
1434 2539 1689 2603 notarius,

150 2640 221 2685 aut
245 2641 373 2685 certe
394 2632 653 2687 defensor
683 2632 924 2696 eﬁ'eetus,
951 2642 1071 2699 post
1111 2638 1220 2685 tres
1258 2644 1470 2684 menses
1498 2628 1695 2682 existat

152 2722 411 2792 acolythus,
454 2723 692 2777 maxime
715 2721 761 2775 si
814 2720 937 2774 huic
966 2731 1095 2773 actas
1133 2720 1292 2773 etiam
1343 2718 1691 2786 suffragatur;

153 2820 275 2865 sexto
294 2827 467 2867 mense
496 2812 811 2867 subdiaconi
835 2826 1026 2865 nomen
1050 2810 1300 2877 accipiat;
1349 2824 1411 2863 ac
1434 2808 1478 2861 si
1513 2807 1695 2861 mode-

153 2911 230 2955 stze
270 2903 691 2958 eoiiversationis
742 2902 1086 2970 honestaeque
1137 2900 1423 2954 voluntatis
1474 2898 1694 2965 existit,

156 3008 270 3048 nouo
287 3010 459 3049 mense
480 2995 763 3058 diaconus,
802 2993 1174 3065 completoque
1211 3007 1352 3045 anno
1382 2991 1449 3045 sit
1472 2990 1695 3062 presby-

156 3086 339 3140 terzcui
362 3096 555 3151 tamen,
588 3085 731 3156 quod
757 3100 1018 3139 annorum
1052 3084 1332 3138 iuterstitia
1354 3082 1695 3137 fuerantcol—

1789 1918 2063 1973 catos,aut
2085 1909 2279 1975 passim
2299 1908 2437 1961 nulla
2458 1908 2714 1975 temporis
2736 1905 3080 1975 congruentis
3096 1914 3368 1973 exspecta-

1792 2000 1934 2052 tione
1955 1999 2245 2061 discussos,
2267 1998 2459 2051 divinis
2471 1997 2763 2052 servituros
2778 1996 3047 2065 applicare
3067 1995 3365 2064 mysteriis;

1791 2104 1965 2157 neque
2005 2075 2102 2158 p'ro
2139 2103 2235 2141 suo
2259 2088 2408 2141 libitu
2433 2088 2552 2155 jura
2574 2086 2822 2141 studeant
2851 2087 3023 2140 aliena
3056 2089 3366 2152 pervadere,

1790 2180 1990 2249 absque
2018 2179 2161 2233 sedis
2187 2179 2493 2248 apostolica:
2508 2178 2651 2247 justa
2681 2177 3028 2246 dispositione
3060 2176 3364 2229 mandante.

1865 2270 1991 2323 Car.
2021 2269 2107 2323 ιν.
2137 2300 2207 2310 —-
2234 2270 2484 2323 Basilicas
2517 2269 2724 2323 noviter
2756 2267 3024 2321 institutas
3052 2282 3155 2321 non
3190 2265 3367 2333 petitis

1796 2376 1860 2415 cx
1921 2376 2076 2415 more
2104 2361 2124 2391 '
2156 2360 2625 2429 prazceptionibus,
2656 2359 2905 2413 dedicare
2959 2371 3064 2411 non
3115 2356 3367 2419 audeant,

1794 2469 1893 2508 nec
1936 2454 2174 2507 ambiant
2202 2454 2437 2523 episcopi
2468 2452 2683 2507 sibimet
2728 2449 3000 2505 vindicare
3024 2449 3252 2503 clericos
3273 2462 3369 2516 pu-

1795 2546 1999 2600 testatis
2018 2546 2227 2599 alienas.

1866 2634 1995 2689 Car.
2030 2634 2097 2688 ν.
2128 2664 2197 2674 -
2226 2634 2565 2703 Baptizandis
2592 2632 3077 2703 consignandisque
3127 2631 3369 2686 ﬁdelibus

1805 2724 2113 2780 sacerdotes
2162 2726 2327 2793 pretia
2368 2725 2511 2779 nulla
2559 2724 2854 2793 prteﬁgant,
2902 2739 3001 2779 nec
3047 2722 3371 2777 illationibus

1797 2818 2119 2888 quibuslibet
2163 2817 2425 2887 impositis
2451 2817 2720 2886 exagitare
2748 2816 2962 2884 cupiant
2990 2822 3329 2868 renascentes
3356 2829 3369 2864 :

1797 2908 2047 2978 quoniam
2078 2908 2217 2975 quod
2240 2909 2406 2975 gratis
2437 2908 2761 2974 accepimus,
2794 2907 2960 2975 gratis
2990 2905 3118 2958 dare
3142 2902 3363 2957 manda-

1800 3013 1920 3051 tnur
1971 2996 2184 3066 (Matth.
2216 2994 2290 3065 x).
2348 2995 2413 3049 Et
2469 2995 2589 3048 ideo
2620 2994 2748 3047 nihil
2776 3009 2805 3046 a
2839 2992 3107 3061 prtedictis
3154 3004 3371 3059 prorsus

1801 3088 2013 3157 exigere
2041 3085 2471 3154 moliantur,quo
2492 3075 2575 3139 \‘tel
2604 3092 2913 3153 paupertate
2935 3092 3162 3162 cogente
3188 3082 3367 3135 deter-

156 3176 329 3243 latura,
373 3182 539 3232 sancti
595 3177 855 3246 propositi
908 3185 1097 3245 sponte
1143 3182 1387 3243 suscepta
1444 3171 1769 3233 doceaturC
1802 3179 1911 3244 riti,
1970 3178 2054 3232 vel
2099 3177 2464 3246 indignatione
2513 3169 2779 3241 i-evoeati,
2836 3174 3223 3242 redemptionis
3255 3186 3367 3225 sua:

157 3270 426 3335 prmstitisse
448 3270 683 3324 devotio.

212 3358 231 3388 ⁸
262 3360 374 3413 CAP.
413 3361 498 3415 ΙΙΙ.
530 3390 608 3402 --
635 3359 689 3414 Si
720 3374 846 3413 vero
869 3358 935 3413 de
961 3358 1111 3413 laicis
1154 3358 1414 3427 quispiam
1445 3358 1697 3412 ecclesia-

161 3447 279 3502 sticis
319 3460 393 3504 est
440 3449 816 3520 aggregandus
848 3448 1058 3513 ofﬁciis,
1109 3458 1273 3503 tanto,
1309 3449 1594 3503 sollicitius
1643 3449 1697 3503 in

163 3538 366 3606 singulis,
394 3558 509 3609 quae
530 3540 787 3608 superius
815 3541 1201 3608 comprehensa
1225 3547 1367 3603 sunt,
1394 3537 1698 3606 liujusmodi

88 3626 91 3629 ’
163 3626 281 3681 decet
307 3632 589 3686 examinari
639 3643 943 3699 personam,
988 3639 1247 3698 quantum
1308 3628 1451 3682 inter
1479 3628 1699 3694 munda-

166 3731 261 3770 nam
305 3722 708 3791 religiosamque
757 3721 916 3776 vitam
940 3728 1149 3776 constat
1191 3734 1309 3775 esse
1339 3718 1697 3773 discriminis:

166 3806 264 3874 qui:
292 3811 453 3881 utique
504 3813 884 3868 convenientia
934 3812 1176 3867 ecclesiae
1222 3812 1517 3865 ministeria
1548 3825 1703 3879 repa-

163 3899 297 3953 randa
324 3914 458 3967 sunt,
483 3919 591 3958 non
628 3903 1128 3957 inconvenientibus
1158 3901 1362 3956 meritis
1380 3901 1696 3969 ingerenda;

164 3996 376 4061 tantoque
403 3996 593 4066 magis,
627 3995 768 4064 quod
798 3994 965 4048 sacris
990 4002 1169 4062 aptum
1200 3993 1505 4061 possitesse
1533 3993 1700 4047 servi-

163 4083 249 4146 tiis,
301 4090 583 4142 ineorum
627 4086 973 4155 quaerendum
1005 4094 1087 4139 est
1136 4084 1410 4147 institutis,
1443 4092 1699 4152 quantum

166 4170 237 4239 [αι.
268 4178 468 4251 quanto]
499 4180 569 4235 de
596 4188 841 4248 tempore
859 4194 967 4247 quo
991 4177 1333 4233 fueranthrec
1369 4175 1699 4245 assequenda

164 4264 449 4334 decerpitur:
470 4281 529 4324 ut
556 4286 767 4325 morum
797 4270 995 4325 habere
1024 4271 1277 4324 doceatur
1304 4270 1405 4323 hoc
1439 4270 1694 4337 probitas,

166 4358 277 4421 quod
306 4361 550 4425 prolixior
578 4361 913 4416 consuetudo
942 4376 1049 4413 non
1089 4360 1350 4423 contulit;
1389 4374 1455 4413 ne
1485 4374 1578 4426 per
1609 4374 1700 4411 oc-

169 4449 397 4505 casionem
445 4454 759 4523 supplenda:
800 4453 1035 4521 penuria:
1072 4453 1336 4507 clericalis
1366 4455 1491 4505 vitia
1523 4452 1698 4521 potius

1797 3286 1989 3325 causas
2019 3271 2166 3325 adire
2190 3270 2523 3338 despiciant;
2553 3276 2758 3323 certum
2789 3267 3046 3322 habentes
3088 3266 3229 3334 quod
3277 3264 3380 3333 qui

1802 3364 2061 3432 prohibita
2095 3361 2413 3431 deprehensi
2462 3361 2662 3415 fuerint
2689 3360 2989 3423 admisisse,
3015 3360 3099 3414 vel
3119 3356 3370 3413 commis-

1801 3470 1856 3507 sa
1884 3470 1987 3506 non
2008 3455 2183 3521 potius
2200 3467 2293 3505 sua
2313 3460 2503 3521 sponte
2524 3451 2876 3514 correxerint,
2904 3448 3197 3518 periculum
3228 3448 3372 3501 subi-

1803 3546 1906 3599 turi
1937 3545 2133 3613 proprii
2164 3544 2269 3598 siut
2292 3543 2530 3599 honoris.

1873 3636 1999 3690 Car.
2034 3636 2120 3689 Vl.
2164 3664 2223 3676 —
2253 3635 2360 3689 Nec
2402 3633 2580 3689 minus
2620 3634 2790 3700 ,etiam
2836 3631 3174 3701 presbyteros
3239 3630 3375 3688 ultra

1805 3730 2020 3784 modum
2065 3743 2218 3782 suum
2263 3729 2485 3781 tendere
2514 3726 2900 3796 prohibemus;
2950 3738 3045 3776 nec
3086 3721 3375 3789 episc0pali

1804 3822 2010 3889 fastigio
2035 3821 2209 3875 debita
2237 3820 2448 3873 sibimet
2470 3818 2724 3871 audacter
2744 3828 3020 3867 assumere
3050 3829 3062 3865 :
3097 3826 3203 3865 non
3232 3825 3367 3865 con-

1805 3911 2015 3965 ﬁciendi
2045 3910 2386 3972 chrismatis,
2438 3921 2542 3961 non
2588 3902 3012 3973 consignationis
3058 3901 3376 3971 pontiﬁcalis

1805 4000 2121 4055 adhibenda:
2151 3998 2617 4064 sibimetarripere
2648 3996 2986 4057 facultatem;
3015 4008 3119 4047 non
3144 4006 3379 4061 prresen-

1803 4103 1855 4148 te
1882 4092 2117 4161 quolibet
2142 4090 2399 4153 antistite,
2428 4089 2527 4143 uisi
2560 4088 2785 4142 fortasse
2806 4087 3112 4156 jubeantur,
3141 4084 3225 4137 vel
3251 4098 3376 4137 ora-

1805 4185 1982 4249 tionis,
2014 4185 2096 4237 vel
2127 4183 2348 4237 actionis
2378 4196 2545 4235 saera:
2583 4180 2891 4249 supplendm
2920 4178 3019 4232 sibi
3052 4186 3377 4246 praesumant

1801 4291 1922 4332 esse
1953 4277 2251 4337 licentiam;
2278 4290 2449 4342 neque
2470 4274 2569 4327 sub
2606 4273 2720 4340 ejus
2746 4279 2985 4339 aspectu,
3028 4268 3380 4345 nisijubeau-

1803 4378 1908 4431 tur,
1930 4376 2020 4419 aut
2040 4366 2229 4419 sedere
2259 4373 2602 4431 praesumant,
2631 4369 2722 4415 aut
2746 4364 2765 4393 τ
2791 4360 3196 4431 venerandafal.
3220 4373 3381 4413 vene-

1804 4455 2017 4525 rabilia]
2056 4465 2283 4507 tractare
2314 4452 2583 4522 mysteria.
2630 4452 2735 4505 Nec
2753 4452 2859 4504 sibi
2905 4452 3247 4505 meminerint
3273 4450 3382 4504 ulla

171 4534 323 4593 δί’ίηίδ
345 4544 569 4598 “uibus
597 4543 1327 4612 ίηῑυηδδοἾυάίοθῐηυΓιηοη
1354 4543 1603 4611 legium“!
1622 4543 1701 4594 ῘἎ-
1730 4531 1783 4590 D
1813 4550 2017 4603 ratione
2044 4546 2286 4611 concedi,
2311 4546 2426 4599 sine
2456 4560 2666 4598 summo
2697 4545 2967 4613 pontifice,
3000 4542 3380 4596 subdiaconum

170 4630 293 4686 milite
335 4646 707 4705 computemur
737 4636 1049 4705 procurassc
1099 4635 1447 4703 compendia;
1477 4649 1700 4702 quorum

173 4724 546 4783 pmruotionibus
573 4741 736 4795 super
757 4724 882 4779 anni
914 4734 1104 4788 metas,
1147 4739 1238 4778 sex
1272 4739 1485 4778 nienses
1512 4722 1700 4777 nihilo-

175 4809 309 4865 minus
333 4816 682 4885 subrogamus
708 4830 721 4869 :
747 4815 1020 4884 quoniam,
1068 4815 1207 4869 sicut
1234 4816 1435 4868 dictum
1468 4823 1572 4879 εει,
1620 4814 1701 4868 di-

175 4904 285 4952 stare
305 4908 538 4960 convenit
561 4908 704 4961 inter
728 4921 1032 4976 personam,
1066 4906 1247 4960 divino
1270 4907 1433 4960 cultui
1462 4906 1693 4960 deditam

177 4990 290 5045 etde
311 4996 545 5053 laicorum
579 5000 988 5053 conversatione
1009 4999 1340 5061 venientem;
1371 5013 1488 5067 qua:
1522 5007 1697 5053 tamen
1754 4990 1755 4993 “

177 5087 361 5137 eatenus
379 5089 696 5159 indulgenda
721 5090 1063 5153 credidimus,
1092 5100 1151 5143 ut
1181 5089 1287 5143 illis
1314 5091 1557 5144 ecclesiis
1584 5093 1698 5159 qui-

179 5166 264 5221 bus
283 5172 589 5236 iufestatioue
614 5181 874 5235 bellorum
898 5182 975 5235 vel
993 5181 1137 5234 nulla
1160 5183 1388 5248 penitus,
1412 5182 1490 5235 vel
1508 5181 1699 5249 exigua

177 5271 525 5337 remanserunt,
579 5272 877 5327 ministeria
920 5283 1264 5340 renoventur,
1310 5282 1569 5342 quatenus
1619 5272 1702 5327 his

177 5345 266 5406 Deo
292 5359 496 5426 propitio
524 5364 810 5426 restitutis.
840 5364 889 5418 in
912 5364 1285 5420 ecclesiasticis
1304 5365 1558 5434 gradibus
1573 5366 1699 5420 sub-

230 5505 245 5579 ξ
267 5504 332 5579 id.
363 5514 499 5579 cod.,
537 5520 882 5573 consulamus.

357 5577 494 5672 eod.,
521 5589 843 5672 instituendi.

180 5709 191 5729 ἴ
231 5648 452 5729 ξείιωιυι·
478 5672 508 5729 a
560 5657 783 5729 Nicolao
810 5675 941 5729 papa
970 5662 1021 5714 in
1065 5660 1218 5726 epist.
1242 5659 1278 5711 2
1308 5662 1370 5713 ad
1394 5662 1704 5716 Michaelem

178 5726 761 5785 tmD..tatrietsiqua:dam
786 5726 852 5783 ibi
878 5726 1074 5785 abistis
1088 5730 1414 5799 discrepant.
1443 5735 1703 5787 llxunuix.

1590 5894 1597 5901 ι
1667 5884 1696 5903 θ’
1764 5896 1765 5899 η

1806 4650 1897 4694 aut
1927 4636 2328 4708 acolytlturnjus
2352 4635 2547 4689 habere
2560 4634 2818 4698 faciendi;
2854 4647 2951 4687 nec
2970 4647 3189 4700 prorsus
3210 4632 3381 4685 addu-

1808 4732 2000 4795 bitent,
2019 4730 2062 4803 si
2086 4729 2373 4799 quidquam
2389 4728 2451 4781 ad
2467 4727 2771 4795 episcopale
2790 4726 3143 4779 ruinisterium
3173 4726 3349 4793 specia
3368 4754 3382 4764 -

1804 4825 1925 4877 liter
1957 4824 2229 4891 pertinens
2279 4833 2376 4873 suo
2428 4828 2571 4870 motu
2623 4815 2926 4885 putaverint
2956 4813 3377 4884 exsequendum,

1808 4914 2058 4967 continuo
2107 4927 2165 4965 se
2216 4908 2532 4980 presbyterii
2564 4907 2816 4977 dignitate
2844 4915 2899 4961 et
2948 4919 3098 4959 sacra
3145 4918 3383 4957 commu-

1807 5006 1966 5059 nione
2012 4992 2228 5073 privari.
2271 4992 2423 5066 Quod
2457 5000 2570 5054 ﬁeri
2596 5011 2816 5052 necesse
2846 5006 2927 5050 est
2974 5008 3304 5059 censeamus,
3340 4996 3383 5047 si

1756 5080 1757 5085 ‘
1806 5111 1990 5149 eorum
2021 5094 2254 5163 prmsule
2284 5092 2579 5155 deferente,
2605 5086 2909 5157 hujusmodi
2944 5086 3106 5141 fuerit
3135 5086 3387 5155 praevari-

1807 5189 1945 5240 catio
1977 5187 2072 5258 [αι.
2099 5182 2463 5255 prtesumptio]
2508 5180 2876 5250 comprobata,
2924 5194 3023 5235 nec
3054 5179 3174 5249 ipso
3199 5193 3385 5233 eorum

1809 5277 2072 5345 episcopo
2108 5293 2135 5329 a
2161 5276 2314 5343 culpa
2333 5272 2690 5327 conniventia:
2723 5278 2779 5327 et
2806 5272 3006 5326 ultione
3030 5281 3301 5330 vacaturo,
3342 5268 3384 5319 si

1758 5358 1759 5361 “
1810 5366 2163 5421 immoderata
2207 5364 2489 5420 facientem
2516 5363 2933 5419 dissimulaverit
2955 5363 3245 5418 vindicare.

1901 5519 2009 5593 f‘ln
2037 5519 2157 5593 cod.
2186 5520 2314 5574 Luc.
2348 5521 2494 5576 deest
2520 5525 2829 5593 judicenmr.

1893 5591 1912 5620 '
1946 5589 2019 5641 Itl.
2044 5590 2190 5655 cod.,
2215 5602 2324 5660 post
2349 5589 2709 5660 paenitentiam.

1894 5661 1914 5731 ξ
1943 5660 2080 5731 Infra
2104 5658 2223 5731 cap.
2252 5658 2355 5721 95,
2378 5671 2625 5731 prtrrepto
2652 5662 2785 5713 sellis
2801 5658 3109 5727 apostolica.

1896 5729 1912 5755 ⁷
1947 5729 2077 5783 Cod.
2110 5729 2236 5784 Luc.
2268 5733 2394 5797 490,
2422 5729 2743 5785 venerabilia.
