3948 6314
509 389 568 446 BI
674 432 676 434 τ
1865 382 2100 439 GELASI

2214 383 2373 438 ΑΡᾹΞ
2409 385 2429 440 Ι
3705 387 3786 443 52

575 503 704 557 Car.
731 501 839 557 VII.
871 531 937 540 ——
959 501 1221 556 Diaconos
1250 512 1460 569 quoque
1487 499 1755 568 propriam
1802 501 2084 556 constitui-
2111 501 2165 562 Α
2199 503 2284 556 illa
2329 512 2508 558 tamen
2540 511 2662 558 sunt
2689 474 3009 574 magnopere
3050 505 3413 574 praecavenda,
3445 522 3558 575 qua:
3606 504 3789 573 recipi

509 611 628 651 Inus
681 609 902 650 scrvare
954 608 1276 656 mensuram,
1332 607 1432 647 nec
1485 595 1618 647 ultra
1649 602 1889 648 tenorem
1931 593 2076 664 (Nic.

508 687 660 757 ινιη)
689 687 924 756 paternis
949 685 1241 740 canonibus
1271 686 1580 755 deputatum
1603 687 1871 756 quippiam
1903 695 2080 742 tenta-

509 792 568 833 re
599 778 986 846 permittimus;
1010 775 1138 831 nihil
1168 792 1349 832 eorum
1387 779 1598 845 penitus
1639 792 1736 831 suo
1777 777 2082 831 ministerio

509 868 800 938 applicare,
828 883 946 938 quae
976 868 1160 938 primis
1181 868 1455 923 ordinibus
1481 869 1694 937 preprie
1723 869 1959 923 decrevit
1990 885 2084 922 an-

510 960 746 1031 tiquitas.
796 961 1012 1036 Absque
1051 961 1305 1030 episcopo
1336 961 1424 1015 vel
1461 960 1774 1029 presbytero
1815 960 2085 1028 baptizare

511 1070 617 1108 non
665 1053 918 1121 audeant,
948 1055 1070 1122 nisi,
1102 1055 1370 1123 prmdictis
1403 1054 1628 1108 fortasse
1652 1053 1844 1107 officiis
1878 1052 2086 1122 longius

511 1148 837 1212 constitutis,
885 1148 1176 1203 necessitas
1213 1156 1452 1201 extrema
1503 1147 1810 1215 compellat.
1853 1146 2002 1212 Quod
2037 1151 2089 1198 et

513 1238 664 1292 laicis
685 1237 1004 1293 Christianis
1029 1237 1209 1294 facere
1241 1240 1554 1308 plerumque
1581 1239 1908 1293 conceditur.

582 1329 713 1383 Car.
746 1328 878 1384 VIII.
907 1360 976 1370 —
999 1329 1115 1383 Non
1141 1331 1191 1382 in
1219 1329 1547 1398 presbyterio
1572 1328 1826 1389 residere.
1858 1342 1977 1382 cum
2008 1326 2091 1380 di-

515 1423 635 1477 vina
657 1421 1014 1485 celebrantur,
1043 1423 1126 1475 vel
1150 1419 1545 1475 ecclesiasticus
1583 1420 1810 1472 habetur
1831 1417 1924 1488 [αἱ.
1953 1417 2095 1470 cele-

517 1511 724 1585 bratur]
750 1515 1048 1582 quicunque
1078 1519 1356 1567 tractatus.
1389 1512 1536 1565 Sacri
1567 1510 1809 1578 corporis
1831 1522 2096 1577 praeroga-

518 1603 738 1669 tionem,
771 1604 870 1657 sub
899 1610 1191 1671 conspectu
1218 1601 1483 1671 pontificis
1516 1614 1609 1654 seu
1639 1599 1958 1668 presbyteri,
1991 1596 2091 1650 nisi

519 1695 601 1748 his
631 1693 966 1758 absentibus,
986 1697 1072 1761 jus
1103 1708 1208 1746 non
1232 1692 1462 1748 habeant
1488 1691 1796 1746 exercendi.

587 1783 720 1840 Cum
765 1785 908 1840 enim
941 1784 1152 1839 decreta
1199 1782 1580 1838 venerabilium
1618 1782 1950 1837 sanctionum
2003 1792 2100 1834 nos

2186 597 2288 651 nisi
2323 597 2604 651 manifesta
2648 595 3044 651 decoloratione
3089 612 3193 650 non
3222 597 3446 665 possint.
3497 597 3572 651 Ac
3623 598 3666 651 si
3713 612 3787 652 ea

2185 690 2319 757 ipsa,
2379 702 2497 755 quae
2554 683 2697 741 nullo
2740 683 3064 741 detrimento
3120 681 3402 754 aliquoties
3448 685 3789 755 indulgentia

2187 779 2508 843 creduntur,
2547 777 2628 832 vel
2654 793 2832 831 rerum
2867 777 2880 807 ¹
2910 785 3314 846 temporumque
3349 775 3490 844 cogit
3512 775 3785 840 intuitus,

2187 869 2269 924 vel
2300 869 2614 923 acccleratae
2635 867 2954 936 provisionis
2984 875 3257 936 respectus
3287 877 3506 921 excusat
3534 883 3548 932 ;
3572 877 3787 936 quanto

2189 961 2355 1030 magis
2395 960 2481 1014 illa
2520 959 2822 1014 nullatenus
2862 957 3149 1012 mutilanda
3195 968 3338 1025 sunt,
3365 972 3485 1027 quae
3513 973 3612 1012 nec
3665 957 3786 1010 ulla

2192 1056 2500 1118 necessitas,
2553 1068 2650 1109 nec
2692 1052 3056 1108 ecclesiastica
3105 1067 3325 1122 prorsus
3359 1059 3643 1121 extorquet
3670 1049 3784 1104 uti-

2193 1148 2348 1202 litas?
3768 1215 3776 1222 ι

2263 1239 2392 1291 Car.
2425 1236 2494 1290 Χ.
2516 1268 2583 1277 -
2614 1234 2921 1305 Baptizandi
2979 1233 3079 1290 sibi
3112 1234 3390 1304 quisquam
3426 1234 3620 1302 passim
3645 1249 3793 1303 quo-

2197 1339 2408 1398 Cunqtte
2434 1338 2672 1398 tempore
2695 1327 2890 1381 nullam
2921 1326 3106 1380 credat
3129 1325 3307 1380 inesse
3334 1324 3604 1390 fiduciam,
3641 1340 3793 1393 prae-

2201 1431 2279 1473 ter
2311 1419 2555 1488 paschale
2586 1417 2778 1473 festum
2809 1426 2863 1471 et
2895 1426 3234 1486 pentecostes
3263 1415 3568 1470 venerabile
3599 1430 3794 1468 sacra-

2199 1519 2459 1574 mentum,
2493 1518 2714 1577 excepto
2759 1507 3015 1562 duntaxat
3056 1505 3354 1576 gravissimi
3406 1504 3673 1573 languoris
3703 1505 3796 1558 in-

2201 1613 2394 1665 cursu;
2446 1600 2496 1654 in
2549 1615 2651 1667 quo
2696 1598 2986 1653 verendum
3034 1607 3115 1652 est
3149 1614 3248 1664 ne,
3281 1595 3451 1651 morbi
3501 1607 3796 1652 crescente

2158 1727 2171 1740 .
2205 1689 2463 1761 periculo,
2520 1691 2638 1745 sine
2687 1689 2923 1744 remedio
2972 1688 3190 1744 salutari
3239 1686 3476 1743 fortassis
3514 1697 3795 1757 mgrotans

2204 1786 2375 1841 exitio
2402 1793 2704 1854 praeventus
2735 1783 3004 1838 abscedat.

521 1890 733 1945 quoque
759 1889 1081 1944 magqut-re
1109 1874 1376 1928 custodire
1407 1873 1661 1937 nitamur,
1687 1885 1748 1926 ac
1777 1872 1893 1925 sine
1914 1884 2099 1924 eorum
2133 1857 2179 1916 Β
2277 1875 2406 1931 Cn.
2435 1875 2527 1931 Xl,
2556 1904 2625 1918 -
2652 1873 3028 1929 ordinationes
3077 1872 3237 1927 etiam
3272 1869 3708 1941 presbyterorum
3736 1879 3798 1926 et

521 1966 803 2036 dispendio
837 1967 999 2021 etiam
1033 1965 1120 2018 illa
1163 1980 1281 2035 quae
1308 1979 1403 2033 pro
1429 1962 1653 2032 alicujus
1684 1963 1923 2040 utilitatis
1953 1976 2099 2016 com-

522 2059 719 2129 pendio
773 2059 1002 2114 fortasse
1035 2057 1315 2112 videantur
1337 2057 1585 2121 laxanda,
1627 2056 1933 2111 credamus.

521 2149 564 2167 ί
590 2147 723 2204 Car.
753 2149 844 2204 IX.
876 2179 938 2191 —
967 2149 1209 2218 Cumque
1227 2148 1376 2202 nobis
1392 2157 1578 2202 contra
1609 2145 1920 2201 salutarium
1951 2160 2103 2200 reve-

524 2240 751 2294 rentiam
783 2240 1083 2308 regularum
1121 2238 1399 2306 cupiamus
1431 2248 1629 2292 temere
1660 2237 1793 2290 nihil
1827 2239 2008 2303 licere,
2050 2245 2115 2294 et.

525 2344 646 2384 cum
674 2329 833 2383 sedes
878 2329 1168 2398 apostolica
1197 2330 1447 2398 superior
1479 2329 1560 2383 his
1582 2329 1853 2394 omnibus,
1893 2327 2104 2384 favente

525 2419 772 2486 Domino,
801 2435 921 2489 qua:
974 2421 1208 2489 paternis
1253 2420 1545 2475 canonibus
1585 2429 1706 2474 sunt
1739 2422 1971 2489 pra‘fixa,
2018 2420 2104 2489 pio

525 2512 827 2582 devotoque
851 2513 1062 2567 studeat
1085 2523 1268 2568 tenere
1303 2514 1605 2583 proposito;
1653 2514 1785 2567 satis
1825 2512 2102 2583 indignum

526 2613 610 2659 est
651 2619 968 2673 quemquam
1020 2605 1101 2659 vel
1139 2605 1473 2673 pontificum,
1505 2604 1587 2658 vel
1629 2605 1875 2658 ordlnum
1920 2604 2106 2659 subse—

527 2695 824 2762 quentium,
875 2695 1014 2750 hanc
1044 2696 1439 2750 observantiam
1468 2697 1719 2761 refutare,
1749 2711 1905 2766 quam
1963 2695 2106 2751 beati

528 2784 668 2842 Petri
698 2785 882 2841 sedem
909 2796 963 2840 et
1000 2788 1150 2855 sequi
1193 2788 1368 2842 videat
1396 2797 1448 2842 et
1470 2788 1663 2842 docere
1686 2804 1696 2839 :
1722 2787 1956 2856 satisque
1978 2802 2106 2841 con-

527 2879 748 2933 veniens
770 2881 861 2942 sit,
895 2888 951 2934 ut
973 2889 1138 2935 totum
1163 2895 1358 2950 corpus
1390 2881 1717 2936 Ecclesimin
1748 2879 1846 2934 hac
1890 2879 2107 2935 sibimet

527 2969 901 3026 observatione
925 2973 1236 3039 concordet,
1259 2988 1416 3041 qttam
1447 2973 1555 3028 illic
1583 2973 1761 3042 vigere
1791 2972 2102 3041 conspiciat,

528 3062 618 3117 ubi
653 3063 907 3132 Dominus
939 3065 1193 3119 Ecclesim
1220 3067 1381 3118 totius
1412 3065 1589 3133 pOSuit
1621 3061 1998 3132 principatum,
2026 3064 2106 3118 di-

526 3161 683 3207 cente
703 3152 980 3218 Scriptura
1012 3171 1024 3206 :
1061 3154 1312 3207 Urdinate
1342 3156 1391 3207 in
1419 3171 1498 3206 me
1528 3156 1786 3207 raritatem
1816 3152 1987 3221 (Cant.
2021 3154 2100 3223 lt).

526 3239 592 3294 Et
621 3241 746 3294 item
771 3257 784 3295 :
821 3240 1008 3295 Omnia
1029 3257 1142 3294 cum
1171 3244 1347 3296 ordine
1377 3245 1502 3310 ﬁant
1527 3242 1574 3313 (Ι
1601 3241 1717 3296 Cor.
1751 3246 1884 3314 xw).
1937 3246 2108 3314 Atque

530 3332 723 3384 iterum
772 3332 1044 3400 psalmista
1104 3334 1432 3402 praedicante
1467 3352 1478 3387 :
1513 3334 1838 3389 Circumdate
1879 3335 2026 3403 Sion,
2061 3344 2108 3390 et

529 3421 921 3491 complectimini
964 3439 1102 3492 eam,
1160 3433 1386 3479 narrate
1414 3428 1466 3480 in
1497 3427 1716 3480 turribus
1760 3431 1892 3498 ejus.
1921 3427 2106 3483 Ponite

528 3513 686 3566 corda
706 3521 867 3566 vestra
897 3515 949 3566 in
977 3515 1161 3568 virtute
1197 3518 1327 3585 ejus,
1356 3527 1401 3569 et
1431 3517 1722 3570 distribuite
1751 3520 1942 3590 gradus
1969 3524 2104 3591 ejus,

529 3615 587 3658 ut
614 3606 855 3658 enarratis
880 3605 932 3658 in
956 3608 1222 3675 progenies
1247 3609 1456 3668 alteras.
1489 3611 1728 3677 quoniam
1752 3611 1836 3662 hic
1849 3620 1920 3664 est
1948 3610 2102 3677 Deus,

528 3694 668 3757 Deus
702 3705 878 3752 noster
919 3697 971 3749 in
1013 3706 1288 3763 (sternunt;
1332 3710 1379 3754 et
1420 3700 1528 3769 ipse
1553 3709 1694 3770 reget
1722 3717 1811 3754 nos
1837 3705 1891 3754 in
1920 3702 2107 3755 swcula

529 3784 702 3853 (Ρωι.
732 3788 914 3857 van).
943 3787 1038 3842 Hic
1059 3789 1243 3858 procul
1280 3789 1464 3857 dubio,
1511 3791 1602 3861 qui
1631 3792 1680 3845 in
1713 3793 2106 3848 ecclesiastica-

528 3889 645 3929 rum
678 3886 922 3931 narratur
949 3878 1227 3933 altitudine
1272 3881 1606 3950 dignitatum,
1649 3889 1702 3938 et
1732 3883 1786 3938 in
1821 3883 1970 3952 cujus
1999 3883 2106 3937 vir-

531 3977 643 4022 tute
664 3968 816 4022 bonis
837 3969 1088 4036 operlbus
1119 3971 1281 4024 corda
1299 3973 1540 4039 ponenda
1569 3984 1709 4041 sunt,
1734 3971 1985 4043 gradibus
2003 3977 2104 4030 uti-

529 4073 632 4126 que
657 4057 978 4126 distributis,
1012 4061 1221 4114 cunctis
1238 4061 1380 4115 Deus
1408 4071 1588 4117 noster
1610 4075 1663 4117 ct
1694 4077 1871 4120 rector
1894 4066 2103 4135 populis

530 4149 902 4218 prtedicandus
941 4160 1024 4205 est
1067 4151 1410 4206 christianis:
1441 4155 1526 4206 ubi
1561 4170 1719 4208 nemo
1767 4156 1979 4211 sibimet
2005 4157 2102 4209 alia

528 4239 654 4309 quid
676 4240 786 4310 jam
815 4241 1086 4296 existimet
1112 4243 1470 4307 imminutum,
1505 4261 1625 4299 cum
1664 4257 1715 4300 et
1755 4245 1822 4301 de
1853 4247 2103 4301 uniuscu-
2149 4255 2156 4263 '

527 4329 718 4398 jusque
741 4331 941 4398 gradus
965 4331 1293 4401 perfectione
1315 4335 1445 4388 nihil
1463 4335 1689 4404 deperit,
1710 4344 1763 4390 et
1783 4335 2104 4392 convenien-

526 4428 612 4474 ter
641 4419 940 4486 retiuendo,
972 4424 1113 4490 quod
1163 4426 1365 4480 caelesti
1413 4428 1811 4495 dispensatione
1847 4429 2099 4484 collatum

527 4521 629 4575 est,
688 4513 887 4581 pariter
929 4515 1083 4570 nobis
1137 4527 1190 4572 et
1229 4521 1642 4588 cognoscibilem
1684 4523 1847 4577 Deum
1875 4524 2012 4592 ﬁeri,
2043 4534 2097 4580 et

526 4601 712 4657 tribuit
741 4618 862 4660 esse
878 4613 1162 4662 rectorem.
1205 4608 1336 4664 Nam
1369 4620 1422 4665 et
1459 4612 1502 4664 si
1539 4612 1664 4682 quid
1707 4614 2012 4684 indulgetur
2037 4617 2103 4672 de

525 4703 829 4763 temporum
869 4700 1167 4766 quantitate
1196 4702 1434 4756 moribus
1474 4714 1753 4775 aggregata
1787 4709 2101 4765 strenuitate

524 4793 808 4852 pensatur:
835 4791 880 4841 sl
901 4789 1024 4844 vita:
1040 4790 1148 4858 jam
1167 4791 1257 4864 [αι.
1283 4791 1464 4863 etiam]
1491 4797 1760 4864 proposito
1774 4799 2098 4869 continetur,

526 4875 669 4944 quod
718 4878 978 4946 protelata
1020 4879 1196 4936 fuerat
1243 4891 1398 4938 aetate
1443 4887 1761 4954 curandum,
1811 4889 2101 4949 dummodo

526 4964 616 5054 illa
646 4968 948 5025 nullatenus
986 4971 1314 5028 diesimulata
1341 4975 1629 5046 subrepant
1659 4979 1750 5051 [aL
1784 4982 2099 5054 subripiunt]

525 5071 752 5124 quorum
798 5062 1094 5131 quodlibet,
1125 5065 1168 5119 si
1200 5065 1378 5121 inesse
1425 5065 1699 5137 claruerit,
1726 5073 1915 5126 nterito
1943 5075 2101 5128 cleri-

527 5147 729 5202 calibus
752 5149 931 5205 infulis
952 5157 1337 5223 reprobabilem
1359 5162 1642 5217 convincat
1659 5177 1777 5218 esse
1797 5173 2102 5233 personam.

527 5236 641 5293 Etsi
667 5237 753 5294 illa
779 5253 1156 5313 nonnunquam
1200 5248 1421 5304 sinenda
1442 5259 1587 5315 sunt,
1620 5268 1758 5319 quae,
1793 5255 1836 5306 si
1882 5237 2108 5310 caetero-

525 5340 644 5387 rum
694 5342 900 5391 constet
950 5335 1248 5407 integritas,
1300 5344 1408 5395 sola
1464 5358 1658 5400 nocere
1713 5357 1816 5400 non
1865 5347 2103 5412 valeant,

718 5509 906 5606 eodem
934 5513 1054 5567 cod.
1084 5515 1232 5606 deest
1261 5525 1666 5592 temporumque.

646 5575 723 5631 Id.
751 5579 898 5645 cod.,
930 5599 1029 5637 non
1057 5587 1299 5640 audeant.

531 5644 753 5769 ’6Βέοι
795 5665 948 5705 causa
993 5652 1146 5710 abest
1172 5669 1202 5710 a
1241 5657 1361 5714 cod.
1391 5659 1526 5716 Just.
1555 5661 1703 5734 etab
1731 5664 1858 5725 edit.
1882 5666 2018 5723 1525
2047 5677 2105 5723 et

595 5783 615 5813 ‘
637 5784 693 5841 ln
723 5787 840 5845 cod.
871 5788 1002 5852 Luc.
1031 5788 1138 5854 490
1159 5790 1311 5855 deest
1334 5807 1420 5858 aut
1441 5800 1491 5859 in
1512 5802 1656 5862 Albis
1674 5806 2024 5868 paschalibus.

2205 1968 2575 2030 diaconorum,
2609 1965 2708 2019 nisi
2739 1965 2899 2020 certis
2930 1960 3258 2033 temporibus
3299 1972 3350 2016 et
3379 1961 3590 2028 diebus,
3622 1977 3797 2017 exer-

2205 2073 2329 2112 cere
2374 2071 2480 2110 non
2508 2057 2526 2087 ²
2557 2055 2774 2119 debent,
2826 2051 2875 2107 id
2919 2059 3022 2112 est.
3079 2051 3252 2121 quarti
3300 2051 3500 2107 mensis
3544 2052 3794 2120 jejunio,

2205 2148 2440 2217 septimi,
2471 2153 2523 2202 et
2550 2145 2763 2213 decimi,
2802 2144 2895 2200 sed
2926 2153 2978 2199 et
3004 2144 3162 2198 etiam
3185 2142 3656 2212 quadragesimalis
3686 2142 3799 2197 iui-

2209 2242 2288 2306 tii,
2343 2256 2405 2294 ac
2445 2240 2688 2295 mediana
2743 2235 3172 2304 Quadragesima:
3200 2231 3307 2299 die,
3349 2233 3553 2290 sabbati
3579 2233 3798 2302 jejunio

2206 2332 2348 2388 circa
2379 2345 2654 2398 vesperam
2686 2327 2933 2383 noverint
2959 2325 3330 2400 celebrandas.
3366 2323 3477 2380 Nec
3502 2324 3801 2394 cujuslibet

2207 2423 2449 2476 utilitatis
2477 2419 2495 2451 ³
2519 2435 2702 2484 causa,
2744 2433 2835 2472 seu
2868 2415 3237 2486 presbyterum
3264 2430 3360 2470 seu
3389 2408 3671 2470 diaconum
3709 2416 3799 2469 liis

2209 2515 2461 2583 prmferre
2507 2512 2596 2584 [aL
2635 2509 2916 2582 przeferri],
2961 2509 3049 2578 qui
3096 2513 3220 2563 ante
3269 2507 3414 2578 ipsos
3447 2505 3644 2562 fuerint
3699 2523 3800 2562 or-

2209 2589 2396 2659 dinati.

2279 2695 2404 2750 CAP.
2438 2694 2550 2748 XII.
2576 2723 2646 2733 —
2671 2693 2884 2747 Devotis
2922 2707 3133 2763 quoque
3174 2691 3284 2746 Deo
3313 2689 3636 2760 virginibus,
3671 2694 3792 2745 nisi

2209 2799 2299 2843 aut
2329 2787 2380 2842 in
2431 2786 2849 2857 Epiplianiarum
2879 2785 3008 2856 [lege
3051 2782 3490 2855 Epiphaniorum]
3530 2784 3617 2838 die
3645 2782 3667 2812 "
3696 2793 3799 2838 aut

2209 2883 2261 2936 iri
2292 2881 2438 2937 Albis
2482 2879 2852 2949 paschalibus,
2884 2888 2975 2932 aut
3019 2879 3071 2932 in
3120 2863 3488 2947 apostolorum
3533 2876 3800 2930 natalitiis

2210 2987 2418 3026 sacrum
2468 2971 2684 3025 minime
2727 2969 2968 3024 velamen
3017 2970 3326 3039 imponant,
3357 2969 3376 2998 ³
3418 2967 3522 3022 nisi
3564 2966 3800 3021 forsitan

2212 3064 2370 3133 (sicut
2401 3061 2466 3118 de
2497 3063 2814 3131 baptismate
2851 3059 3053 3116 dictum
3079 3063 3184 3128 est)
3214 3062 3362 3131 gravi
3393 3061 3644 3128 languore
3669 3073 3800 3114 cor-

2209 3157 2395 3224 reptis,
2422 3172 2487 3210 ne
2514 3157 2628 3209 sine
2661 3153 2761 3209 hoc
2787 3159 3010 3210 munere
3036 3153 3103 3210 de
3129 3154 3326 3209 saeculo
3351 3163 3563 3220 exeant,
3592 3153 3800 3223 implo-

2133 3213 2182 3278 ο
2213 3213 2456 3299 rentibus
2486 3261 2591 3298 non
2623 3253 2866 3314 negetur.

2282 3336 2411 3390 CAP.
2460 3333 2596 3390 XIII.
2631 3366 2700 3377 -ι-
2729 3335 2749 3366 ⁸
2790 3335 2988 3390 Viduas
3029 3345 3208 3391 autem
3247 3335 3431 3392 velare
3478 3337 3798 3406 pontificum

2212 3427 2391 3482 nullus
2426 3435 2657 3483 attentet
2677 3467 2691 3492 ,
2717 3426 2855 3496 quod
2888 3441 2986 3481 nec
3011 3427 3303 3483 auctoritas
3331 3427 3512 3483 divina
3557 3427 3794 3498 delegat,

2214 3534 2313 3573 nec
2336 3532 2598 3572 canonum
2624 3517 2792 3572 forma
2821 3518 3120 3587 praestituit.
3151 3520 3266 3574 Non
3301 3529 3384 3575 est
3413 3535 3540 3589 ergo
3572 3521 3794 3589 penitus

2211 3598 2607 3676 usurpandum,
2655 3607 2838 3675 eisque
2876 3607 2954 3662 sic
2997 3609 3362 3666 ecclesiastica
3401 3618 3527 3665 sunt
3565 3609 3795 3665 ferenda

2213 3696 2364 3768 [forte
2410 3696 2736 3752 c'0uferenda
2776 3697 2849 3751 vel
2881 3695 3186 3771 inferenda]
3231 3700 3511 3770 praesidia,
3555 3709 3612 3756 ut
3657 3700 3797 3757 nihil

2210 3787 2576 3842 committatur
2608 3785 2876 3841 illicitum.

2280 3880 2407 3935 Car.
2463 3879 2599 3934 XIV.
2641 3903 2709 3920 -—
2750 3880 3028 3936 Generalis
3076 3881 3237 3936 etiam
3292 3883 3524 3952 querelae
3573 3883 3799 3952 vitanda

2211 3972 2554 4041 prtesuntptio
2596 3980 2707 4035 est,
2767 3986 2869 4039 qua
2913 3974 3297 4042 propemodum
3343 3983 3629 4030 causantur
3669 3977 3797 4030 uui-

2209 4064 2371 4127 τρι-εἰ,
2402 4065 2597 4133 passim
2621 4079 2804 4119 servos
2837 4073 2885 4120 et
2919 4066 3266 4142 originarios,
3301 4045 3640 4122 dominorum
3669 4070 3793 4136 jura

2209 4157 2718 4225 posscssionumqne
2770 4157 2864 4228 [αι.
2896 4155 3315 4229 possessionem]
3349 4159 3642 4227 fugientes,
3688 4161 3792 4214 sub

2209 4245 2476 4316 religiosae
2504 4248 2928 4302 conversationis
2958 4248 3208 4311 obtentu,
3244 4250 3328 4303 vel
3359 4249 3420 4303 ad
3463 4251 3790 4304 monasteria

2209 4351 2329 4390 sese
2382 4337 2664 4400 conferre,
2714 4337 2796 4391 vel
2842 4338 2908 4392 ad
2967 4339 3388 4393 ecclesiasticum
3445 4341 3791 4405 famulatum,

2209 4427 2619 4482 conniventibus
2651 4427 2747 4501 [αι.
2781 4427 3178 4499 cohibentibus]
3211 4444 3421 4500 quoque
3453 4430 3789 4500 praesulibus,

2210 4519 2575 4576 indifferenter
2609 4519 2815 4574 admitti
2851 4537 2861 4572 :
2894 4537 3009 4590 quae
3043 4521 3215 4574 modis
3245 4521 3492 4576 omnibus
3531 4529 3613 4576 est
3642 4535 3792 4575 auto-

2213 4618 2384 4675 venda
2412 4619 2703 4688 pernicies,
2739 4633 2804 4672 ne
2854 4633 2947 4686 per
2977 4615 3270 4683 Christiani
3305 4617 3537 4672 nominis
3577 4617 3791 4670 institu-

2215 4721 2325 4766 tum
2345 4753 2358 4778 ,
2386 4720 2474 4764 aut
2512 4711 2683 4766 aliena
2718 4710 2940 4780 pervadi
2958 4749 2972 4774 ,
3010 4719 3100 4764 aut
3129 4710 3337 4779 publica
3365 4710 3606 4766 videatur
3633 4709 3792 4764 disci-

2170 4793 2175 4800 ’
2213 4805 2358 4874 plina
2396 4803 2631 4858 subverti
2664 4822 2674 4857 :
2711 4804 2977 4872 praecipue
3007 4818 3127 4857 cum
3161 4817 3259 4858 nec
3305 4803 3473 4872 ipsam
3504 4799 3792 4858 ministerii

2215 4896 2474 4952 clericalis
2495 4897 2593 4951 hac
2608 4896 2932 4966 obligatione
2947 4895 3139 4950 fuscari
3157 4897 3437 4950 conveniat
3453 4894 3788 4962 dignitatem,

2214 4997 2541 5058 cogaturque
2569 5003 2666 5057 pro
2692 4997 2833 5044 statu
2859 4987 3200 5041 militantium
3240 4987 3341 5041 sibi
3381 4985 3791 5056 conditioncque

2211 5080 2438 5151 jurgari,
2470 5092 2562 5136 aut
2585 5079 2776 5144 videri,
2807 5078 2948 5146 quod
2980 5077 3146 5140 absit,
3176 5077 3425 5132 obnoxia.
3457 5076 3660 5144 Quibus
3681 5079 3790 5133 sul-

2215 5171 2365 5226 licita
2403 5177 2768 5238 competenter
2809 5163 3178 5222 interdictione
3208 5166 3522 5235 prohibitis,
3555 5167 3792 5235 quisquis

2219 5265 2534 5335 episcopus,
2582 5261 2883 5333 presbyter,
2931 5267 3022 5314 aut
3053 5258 3344 5324 diaconus,
3375 5261 3457 5315 vel
3489 5275 3671 5316 eorum
3703 5258 3790 5327 qui

2221 5355 2562 5411 monasteriis
2591 5353 2822 5424 praeesse
2847 5360 3170 5416 noscuntur,
3211 5349 3509 5420 hujusmodi
3543 5364 3791 5420 personas

2301 5532 2320 5561 ⁸
2352 5529 2697 5583 Burchardus
2724 5528 2815 5580 lib.
2851 5542 2940 5580 vnt
2961 5567 2975 5592 ,
3007 5543 3125 5597 cap.
3145 5529 3251 5591 15,
3289 5531 3473 5584 inserit
3497 5541 3542 5584 et
3566 5533 3791 5588 nisianle

2216 5599 2290 5653 ‘25
2322 5615 2506 5652 annos.
2541 5599 2616 5650 Ita
2642 5599 2761 5663 lego
2789 5597 2840 5649 in
2869 5611 2990 5651 meo
3017 5613 3122 5653 nis.
3145 5598 3265 5653 cod.
3287 5614 3301 5663 ;
3327 5614 3450 5653 num
3484 5608 3537 5655 et
3567 5601 3616 5655 iu
3640 5602 3791 5657 editis

2217 5680 2397 5726 exstet
2428 5669 2633 5737 ignoro.
2669 5668 2855 5722 Mausr.

2295 5743 2314 5770 ⁸
2348 5740 2553 5813 Citatur
2575 5748 2627 5791 ct
2657 5737 2910 5813 a_(}ar_olo
2942 5737 3128 5804 Magno
3159 5739 3210 5793 in
3239 5737 3457 5807 'capitul.
3481 5737 3787 5813 Aquisgran.
3819 5793 3822 5796 .

2225 5814 2346 5867 anni
2382 5811 2509 5868 789.
2541 5824 2661 5868 cao.
2688 5809 2775 5868 59.
2808 5807 3067 5869 Mannum.
