3948 6314
161 363 216 419 55
1323 365 1674 423 EPISTULA:
1717 364 1802 422 ET
1844 364 2187 422 DECRETA.
3325 369 3397 433 54

163 473 276 541 apud
295 487 348 527 se
381 483 619 530 tenentes
641 491 750 530 non
784 476 1133 530 restituendas
1159 475 1415 544 patronis,
1448 484 1536 530 aut
1555 475 1709 530 dein-
1739 475 1789 536 Α
1818 483 1960 530 mota
1983 517 1998 542 ,
2047 492 2150 531 non
2193 475 2365 532 solum
2397 476 2464 531 de
2514 477 2662 531 factis
2717 480 2986 534 atrocibus
3040 483 3395 539 necessariam

161 578 264 631 seps
292 564 368 618 vel
390 563 772 620 ecclesiasticae
791 565 1050 631 servituti,
1079 568 1159 620 vel
1187 565 1454 636 religiosis
1482 581 1708 635 congre-

161 655 427 722 gationibus
473 657 779 724 putaverint
825 656 1171 726 applicandas
1199 697 1216 721 ,
1273 657 1372 712 nisi
1436 641 1707 713 voluntate

159 744 356 799 forsitan
383 744 751 811 dominorum,
795 749 897 803 sub
926 749 1215 815 Scriptura:
1255 749 1560 806 testimonio
1596 749 1709 818 pri-

162 837 300 889 mitus
326 838 607 903 absolutas,
639 840 724 894 vel
754 839 985 908 legitima
1012 841 1372 895 transactione
1401 855 1707 906 concessas,

161 930 427 995 [ericulum
460 946 515 984 se
546 931 770 985 honoris
811 934 1007 1000 proprii
1039 948 1141 986 non
1175 933 1447 1002 ambigaut
1468 948 1710 988 commu-

163 1020 413 1086 uiuuisque
431 1022 731 1092 subituros,
758 1025 800 1076 si
829 1038 990 1093 super
1013 1025 1111 1078 hac
1131 1040 1189 1079 re
1214 1025 1527 1093 cujusquam
1551 1040 1709 1079 verax

163 1124 247 1161 nos
273 1111 470 1178 querela
495 1113 812 1180 pulsaverit.
851 1113 1058 1184 Magnis
1078 1115 1263 1183 quippe
1287 1116 1492 1178 studiis,
1516 1131 1709 1169 secun-

163 1201 264 1253 dutn
303 1203 502 1256 beatum
531 1204 874 1273 Apostolum,
910 1206 1297 1274 prmcavcndum
1323 1215 1394 1258 est
1424 1223 1484 1260 ne
1513 1208 1639 1274 [idos
1665 1217 1710 1260 et

163 1292 397 1360 disciplina
424 1293 641 1347 Domini
667 1297 1044 1365 blasphemetur
1079 1295 1130 1365 (Ι
1162 1295 1297 1349 Tim.
1335 1295 1430 1364 VI).

217 1381 327 1436 Cap.
355 1384 465 1437 XV.
498 1415 571 1423 —
601 1385 947 1456 Consequens
992 1387 1089 1440 fuit
1129 1397 1184 1441 ut
1232 1387 1318 1440 illa
1356 1403 1566 1456 quoque
1594 1404 1712 1456 qua:

161 1474 211 1527 de
254 1476 416 1530 Piceni
445 1477 692 1545 partibus
737 1494 908 1547 nuper
935 1478 1000 1534 ad
1034 1494 1130 1533 nos
1164 1478 1326 1532 missa
1358 1480 1545 1532 relatio
1573 1495 1712 1532 nun-

163 1569 300 1638 liatil,
331 1585 434 1623 non
457 1571 834 1637 pra-tereunda
868 1583 1206 1637 putaremus,
1243 1571 1290 1624 id
1319 1582 1422 1633 est,
1456 1573 1713 1640 plurimos

160 1658 437 1714 clericorum
468 1661 931 1728 negotiationibus
959 1661 1254 1715 inhonestis
1285 1671 1338 1716 et
1365 1663 1524 1716 lucris
1549 1664 1711 1732 turpi-

158 1752 564 1818 bnsinnninere,
601 1753 747 1806 nullo
784 1753 987 1822 pudore
1028 1762 1311 1808 cernentes
1353 1753 1710 1822 evangelicum

1817 565 2206 634 paenitudinem
2235 579 2342 620 non
2371 565 2589 632 habere,
2617 566 2710 622 sed
2742 583 2840 623 nec
2869 568 3046 638 aliqua
3065 572 3398 628 correctione

1818 658 2028 725 penitus
2056 658 2406 724 succedente,
2456 658 2522 711 ad
2568 653 2808 714 divinum
2842 660 3198 716 ministerium
3230 662 3399 719 hono-

1817 763 2038 817 remque
2063 748 2408 803 contendere.
2447 747 2743 804 Nonnullos
2788 760 2967 806 autem
2997 751 3157 806 etiam
3187 751 3238 807 in
3270 751 3399 823 ipsis

1817 841 2096 896 ordinibus
2134 843 2476 909 constitutos,
2504 843 2755 913 gravibus
2796 841 3164 915 delinquentes
3197 845 3399 905 facino-

1816 935 1986 997 ribus,
2021 951 2125 988 non
2150 936 2361 1004 repelli,
2389 951 2509 990 cum
2537 946 2591 991 et
2618 937 2900 1006 Apostolus
2921 937 3114 994 clamet
3147 959 3158 991 :
3193 938 3398 996 Nemini

1816 1026 1914 1075 cito
1945 1041 2124 1078 manus
2150 1025 2504 1095 imponendos,
2533 1042 2691 1096 neque
2716 1029 3194 1082 communicandum
3224 1047 3399 1096 pecca-

1817 1117 1879 1168 tis
1903 1116 2083 1169 alienis
2115 1117 2160 1186 (ι
2193 1115 2328 1171 Tim.
2361 1117 2448 1187 v);
2476 1127 2531 1172 et
2556 1118 2818 1188 majorum
2861 1121 3162 1176 veneranda
3195 1124 3398 1178 consti-

1819 1215 1925 1260 tuta
1973 1209 2201 1277 (.Vicwui
2228 1210 2352 1278 910)
2389 1211 2758 1278 pronuntient,
2798 1210 3124 1280 hujusmodi,
3163 1215 3322 1285 etiam
3355 1217 3398 1268 si

1818 1299 1954 1353 forte
1985 1299 2377 1369 subrepserint,
2413 1310 2519 1355 tam
2564 1302 2655 1371 qui
2696 1310 2828 1356 ante.
2853 1313 3229 1370 peccaverunt,
3253 1303 3401 1359 dete-

1817 1401 1932 1445 ctus
1961 1401 2212 1458 oportere
2255 1393 2466 1461 repelli,
2499 1408 2657 1462 quam
2689 1407 2860 1448 sacra:
2889 1393 3239 1462 professionis
3267 1394 3402 1449 obli-

1819 1491 1923 1545 tos,
1957 1483 2500 1553 prtevaricatoresque
2529 1483 2700 1538 sancti
2722 1483 2999 1553 propositi,
3033 1485 3216 1555 procul
3241 1484 3403 1541 dubio

1817 1571 2240 1626 submovcndos.

1889 1663 2018 1717 Car.
2060 1663 2199 1718 XIX.
2230 1694 2297 1704 —
2327 1664 2507 1734 Usque
2548 1664 2683 1720 adeo
2730 1679 2860 1720 sane
2905 1667 3262 1735 comperimus
3305 1669 3402 1722 illi-

1782 1791 1785 1794 -
1817 1757 1922 1807 cita
1953 1769 2180 1824 quaeque
2213 1770 2589 1824 prorumpere,
2621 1764 2679 1809 ut
2702 1755 2723 1787 "
2745 1756 3089 1812 daemoniacis
3113 1757 3402 1815 similibus-

159 1843 432 1909 lectionem,
459 1861 567 1916 qua
611 1845 726 1914 ipse
762 1845 1016 1900 Dominus
1053 1847 1412 1915 negotiatores
1453 1862 1482 1901 e
1516 1847 1713 1917 templo
1747 1849 1795 1907 B
1822 1861 1923 1913 que
1951 1843 2044 1916 [αι.
2071 1846 2312 1900 daemone
2343 1844 2586 1917 aliisque]
2625 1846 2962 1916 passiouibus
3001 1848 3224 1902 irretitis
3249 1850 3403 1903 mini-

157 1935 433 1989 vrrberatos
468 1937 701 2006 ﬂagellis
747 1939 1006 2010 asseritur
1033 1938 1301 2007 expulisse
1343 1936 1559 2005 (Matth.
1595 1953 1710 2004 XXI;

158 2022 286 2079 Joou.
318 2025 404 2094 ιι);
438 2042 540 2082 nec
573 2029 813 2096 Apostoli
843 2029 1002 2083 verba
1027 2030 1354 2094 recolentes,
1380 2031 1570 2099 quibus
1592 2031 1664 2083 ait
1696 2049 1710 2084 :

160 2117 296 2171 Nemo
339 2120 569 2174 militans
621 2120 730 2175 Deo
777 2122 1002 2191 implicat
1041 2139 1094 2175 se
1136 2123 1346 2194 negatiis
1386 2123 1714 2176 swcularibus

158 2207 227 2274 (ll
256 2209 368 2262 Tim.
398 2211 488 2280 ιι);
520 2211 862 2266 Psalmistam
912 2227 1124 2282 quoque
1171 2214 1336 2266 David
1367 2214 1527 2266 surda
1561 2213 1727 2296 dissi:

158 2301 388 2373 mulautes
408 2317 544 2356 aure
570 2311 876 2356 cantantem
909 2318 923 2354 ε
959 2303 1214 2369 Quoniam
1248 2321 1346 2356 non
1369 2305 1595 2374 cognorit
1627 2321 1715 2357 ne-

157 2391 441 2458 gotiationes,
475 2391 704 2454 introibo
734 2394 783 2444 in
822 2395 1072 2460 potentias
1127 2393 1331 2447 Domini
1361 2393 1534 2463 (I’snl.
1563 2395 1712 2465 Lxx).

160 2479 358 2536 Proinde
401 2481 713 2552 huiusmodi
756 2491 844 2536 aut
868 2484 936 2538 ab
965 2484 1192 2555 ittd'guis
1230 2493 1350 2552 rost
1374 2486 1471 2540 hac
1500 2487 1716 2556 quaesti‘

91 2639 93 2642 ι
157 2575 234 2629 bus
272 2577 511 2631 noverint
556 2575 932 2632 asbtineudum
961 2621 975 2644 ,
1025 2587 1078 2632 et
1122 2580 1188 2632 ab
1234 2578 1378 2633 omni
1436 2579 1716 2648 cujuslibet

155 2668 496 2738 negotiationis
549 2668 767 2738 ingenio
814 2669 895 2723 vel
927 2670 1215 2739 cupiditate
1243 2670 1593 2735 cessandum;
1625 2679 1718 2724 aut

156 2759 196 2812 in
218 2775 523 2830 quocunque
570 2759 739 2828 gradu
783 2759 889 2813 sint
931 2761 1126 2828 positi,
1157 2775 1278 2814 mox
1308 2775 1338 2814 a
1382 2760 1716 2815 clericalihus

155 2850 316 2904 ofﬁciis
349 2853 362 2880 ί
393 2851 675 2905 abstinere
729 2861 1025 2920 cogantur:
1070 2852 1322 2921 quoniam
1365 2852 1560 2906 domus
1597 2851 1711 2916 Dei,

158 2943 314 3000 domus
341 2943 602 2996 orationis
635 2940 784 3012 (Luc.
816 2943 932 3011 xix)
958 2949 1155 2998 etesse
1178 2942 1372 3016 debet_,
1415 2951 1468 2998 et
1490 2943 1614 3005 dici,
1648 2957 1716 2996 ne

156 3034 337 3093 officina
362 3036 751 3108 negotiationis
778 3043 832 3090 et
862 3035 1113 3104 Spelunca
1143 3036 1319 3105 potius
1347 3036 1414 3089 sit
1445 3036 1712 3090 latronum

163 3127 290 3190 {Isti}.
321 3129 396 3198 ι).

1823 1936 1982 1990 steria
2014 1936 2105 2007 [αι.
2146 1936 2420 2007 mysteria]
2456 1949 2792 1992 sacrosancta
2835 1947 3064 1993 tractare
3110 1940 3395 1995 tribuatur.

1821 2026 2026 2092 Quibus
2051 2027 2094 2080 si
2121 2026 2222 2079 hoc
2245 2041 2411 2096 opere
2430 2027 2617 2095 positis
2639 2027 2833 2096 aliquid
2861 2027 3089 2095 propria:
3115 2030 3403 2082 necessita-

1823 2122 1890 2175 tis
1917 2132 2184 2184 occurrat,
2219 2122 2340 2190 quis
2386 2120 2452 2175 de
2497 2135 2588 2174 sua
2624 2121 2823 2191 (supple
2848 2119 2932 2190 ac]
2975 2119 3206 2175 fidelium
3235 2123 3404 2177 salute

1822 2213 2074 2277 confidet,
2099 2212 2188 2266 ubi
2213 2212 2488 2266 ministros
2516 2211 2661 2282 ipsos
2682 2211 2974 2266 curationis
2997 2210 3241 2265 humanae
3263 2221 3406 2269 tanta

1821 2305 2161 2374 perspexerit
2187 2303 2491 2358 calamitate
2517 2304 2732 2356 vexari?
2749 2301 2922 2371 Atque
2947 2301 3069 2357 ideo
3101 2304 3406 2358 necessario

1821 2395 2130 2450 removendi
2162 2403 2310 2459 sunt,
2343 2410 2408 2448 ne
2429 2393 2777 2460 quibuslibet,
2816 2409 2913 2464 pro
2942 2394 3132 2464 quibus
3162 2394 3406 2450 Christus

1822 2500 1905 2542 ρει
1949 2495 2214 2554 mortuus,
2246 2485 2560 2541 scandalum
2610 2497 2898 2556 generetur
2946 2487 3174 2541 infirmis
3225 2487 3402 2561 (Rom.

1821 2593 1937 2641 xw;
1965 2575 2030 2631 11
2057 2578 2174 2634 Cor.
2232 2578 2365 2647 vni).
2399 2577 2709 2642 Postremo,
2764 2578 2804 2630 si
2850 2592 3076 2646 corpore
3111 2579 3406 2635 sauciatum

1822 2669 2063 2724 fortassis
2091 2677 2184 2725 aut
2212 2669 2443 2723 debilem
2465 2713 2478 2734 ,
2517 2682 2850 2737 nequaquam
2880 2679 3065 2724 sancta
3095 2670 3407 2740 contingere

1822 2761 1911 2814 lex
1941 2759 2124 2814 divina
2157 2759 2414 2827 permittit
2444 2757 2626 2828 (Leuit.
2667 2755 2811 2828 XXI);
2846 2770 3046 2828 quanto
3077 2760 3245 2829 magis
3281 2760 3406 2814 doni

1821 2851 2056 2907 ccelestis
2097 2851 2495 2920 dispensatores
2545 2866 2665 2906 esse
2711 2867 2823 2924 non
2865 2854 3134 2914 convenit,
3160 2850 3300 2920 quod
3325 2865 3407 2908 est

1821 2943 2080 3007 deterius,
2107 2951 2288 2997 mente
2315 2942 2588 3008 perculsos
2616 2941 2709 3012 [αι.
2741 2943 3085 3013 percussos]?

1892 3033 2019 3088 Car.
2055 3030 2600 3102 XX.—_Virginibus
2645 3041 2824 3085 autem
2877 3030 3044 3085 sacris
3098 3040 3300 3088 temere
3350 3050 3406 3090 se

1820 3125 2078 3196 quosdam
2111 3125 2318 3179 sociare
2368 3122 2734 3193 cognovimus,
2773 3133 2828 3178 et
2877 3123 3252 3192 postdicatum
3294 3125 3406 3181 Deo

212 3216 324 3274 Car.
351 3219 578 3273 XVl.—
606 3218 916 3275 lllitteratos
945 3235 1174 3290 quoque,
1200 3227 1254 3274 et
1279 3220 1528 3274 nonnulla
1568 3229 1716 3288 parte
1743 3218 1790 3279 C
1825 3218 2180 3289 propositum,
2236 3219 2436 3272 incesta
2483 3217 2682 3273 foedera
2741 3215 3107 3286 sacrilegaque
3156 3219 3403 3274 miscere.

158 3311 361 3376 cantoris
383 3311 726 3377 imminutus,
758 3311 875 3366 sine
905 3311 1011 3365 ullo
1024 3320 1272 3380 respectu
1301 3309 1365 3364 ad
1386 3311 1714 3366 ecclesiasti-

161 3414 257 3454 cum
284 3402 560 3459 didicimus
593 3405 783 3458 venire
811 3405 1110 3458 servitium.
1136 3404 1288 3470 Quod
1320 3405 1474 3458 simul
1498 3408 1715 3474 antiqua

163 3499 190 3539 ιι
204 3492 368 3562 aditio,
394 3505 443 3548 et
475 3494 797 3563 apostolica:
819 3495 960 3549 sedis
989 3504 1140 3549 vetus
1164 3495 1330 3549 forma
1361 3511 1466 3549 non
1497 3495 1709 3564 recipit;

164 3583 260 3652 quia
287 3601 372 3641 nec
401 3588 595 3642 litteris
626 3602 817 3641 carens
847 3589 1015 3642 sacris
1052 3602 1171 3642 esse
1203 3597 1374 3655 potest
1405 3597 1560 3654 aptus
1591 3588 1711 3642 ofﬁ-

167 3675 244 3730 ciis
311 3688 358 3732 et
395 3681 650 3736 vitiosum
696 3679 828 3734 nihil
876 3695 1094 3749 prorsus
1145 3681 1250 3736 Deo
1298 3680 1478 3736 offerri
1525 3682 1716 3752 lcgalia

166 3779 391 3840 praecepta
428 3783 731 3829 sanxerunt
769 3771 950 3845 (Leuit.
979 3789 1101 3839 xxi;
1141 3774 1293 3828 Deut.
1327 3773 1482 3842 xvu).
1531 3776 1715 3843 Itaque

165 3859 215 3910 dt:
250 3869 428 3919 caetero
471 3865 654 3920 modis
683 3863 933 3918 omnibus
955 3866 974 3894 ²
1007 3865 1120 3920 lucc
1151 3867 1406 3932 vitentur,
1447 3881 1546 3921 nec
1569 3867 1714 3935 quis-

165 3965 292 4021 qmm
329 3956 445 4011 talis
489 3955 819 4027 suscipiatur
857 3957 909 4010 in
953 3956 1176 4012 clerum.
1227 3958 1283 4012 Si
1325 3959 1412 4026 qui
1465 3972 1594 4012 vero
1630 3957 1713 4012 vel

164 4049 428 4105 temeritate
472 4050 695 4120 propria
723 4090 738 4116 ,
770 4049 855 4104 vel
903 4048 1110 4105 incuria
1151 4051 1548 4121 praesidentium
1580 4050 1713 4105 tales

165 4147 262 4193 ante
282 4124 504 4212 suscepti
536 4151 687 4210 sunt,
722 4143 777 4197 iu
807 4141 888 4196 bis
911 4142 1106 4210 quibus
1130 4142 1404 4196 constituti
1433 4151 1556 4196 sunt
1581 4143 1712 4198 locis

165 4239 348 4286 eatenus
375 4243 762 4303 perseverent,
805 4241 863 4287 ut
919 4231 1053 4286 nihil
1084 4247 1312 4302 unquam
1364 4233 1715 4302 promotionis

167 4317 182 4345 ⁸
207 4322 478 4392 accipiant;
507 4324 749 4393 satisque
779 4323 1010 4379 habeant
1042 4325 1141 4378 hoc
1187 4322 1357 4392 ipsum
1384 4324 1480 4376 sibi
1509 4338 1602 4391 pro
1629 4324 1712 4376 uio

168 4410 249 4463 nais
275 4415 610 4470 miseratione
637 4415 977 4485 permissum.

223 4499 332 4557 Car.
377 4485 536 4558 XVli.
575 4532 642 4544 -—
673 4504 748 4559 De
788 4505 874 4560 his
903 4515 1080 4559 autem
1118 4504 1205 4574 qui
1253 4504 1462 4574 seipsos
1501 4504 1714 4559 abscin-

1821 3313 1967 3381 Quos
2015 3311 2259 3380 protinus
2307 3321 2517 3380 aequum
2549 3319 2627 3364 est
2650 3325 2679 3364 a
2721 3323 2871 3363 sacra
2903 3310 3280 3364 couuuunione
3309 3311 3406 3365 de-

1822 3405 1984 3471 trudi,
2018 3412 2070 3458 et
2119 3403 2219 3457 nisi
2275 3419 2370 3473 per
2401 3399 2666 3472 publicam
2715 3404 3095 3474 probatamque
3144 3407 3406 3473 pteniten~

1821 3497 1972 3560 tiam,
2028 3495 2248 3549 omnino
2297 3510 2401 3548 non
2444 3493 2636 3562 recipi,
2666 3493 2685 3523 ³
2715 3491 2808 3548 sed
2849 3503 3024 3549 tamen
3065 3495 3313 3550 viaticum
3341 3494 3407 3548 de

1821 3587 2022 3641 saeculo
2039 3585 2454 3651 transeuntibus,
2482 3587 2524 3639 si
2550 3597 2723 3641 tamen
2743 3587 3110 3656 pmnitueriut,
3135 3601 3239 3640 non
3268 3585 3286 3614 ⁶
3311 3600 3405 3638 ne-

1820 3689 1995 3751 getur.

1890 3773 2019 3826 Car.
2052 3771 2194 3826 XXI.
2216 3801 2286 3812 -—-—
2307 3771 2436 3826 Nam
2466 3771 2533 3826 de
2556 3770 2727 3823 viduis
2743 3769 2844 3823 sub
2868 3768 3010 3822 nulla
3033 3767 3404 3822 benedictione

1819 3865 2078 3929 velandis,
2129 3865 2417 3934 superius"
2446 3863 2552 3917 late
2597 3861 3032 3931 sui‘licienterqne
3065 3859 3404 3931 praediximus

1821 3957 1976 4028 [forte
2006 3956 2104 4025 leg.
2137 3957 2292 4008 latius
2324 3955 2572 4010 duximus
2603 3952 3014 4026 disserendum].
3049 3953 3176 4022 Quae
3208 3954 3249 4007 si
3283 3968 3405 4024 pro-

1823 4048 1936 4116 pria
1968 4046 2242 4102 voluntate
2268 4045 2563 4116 professam
2593 4045 2799 4114 pristini
2845 4045 3075 4114 conjugii
3104 4045 3403 4098 castitatem

1821 4137 2068 4193 mutabili
2099 4146 2279 4192 mente
2304 4137 2650 4202 calcaverint,
2683 4136 3107 4205 periculiearum
3139 4135 3401 4201 intererit,

1820 4231 1964 4301 quali
2013 4230 2178 4285 Deum
2225 4229 2456 4284 debeant
2494 4228 2856 4284 satisfactione
2906 4227 3154 4297 placare,
3208 4227 3228 4253 ⁸
3281 4224 3404 4293 quia

1825 4322 1993 4391 (juxta
2028 4320 2365 4390 Apostolutn)
2394 4321 2614 4390 primam
2644 4321 2798 4388 ﬁdem
2844 4320 3041 4372 irritant
3082 4320 3308 4386 fecerunt
3353 4317 3405 4385 (I

1823 4410 1958 4465 Tim.
1986 4411 2064 4481 ν).
2090 4410 2238 4466 Sicut
2265 4413 2431 4478 enim,
2460 4411 2503 4466 si
2533 4427 2591 4466 se
2618 4411 2836 4465 forsitan
2870 4409 3144 4464 continere
3177 4423 3281 4462 non
3314 4422 3407 4476 po-

1823 4513 2036 4570 terant,
2099 4502 2390 4558 secundum
2439 4502 2794 4571 Apostolum,
2847 4501 3156 4556 nullatenus
3204 4499 3406 4552 nubere

171 4585 290 4659 dunt,
314 4596 511 4660 paterni
536 4610 771 4651 canones
788 4595 1065 4651 evidenter
1090 4597 1359 4666 sequenda
1383 4609 1708 4666 posuerunt;
1740 4589 1793 4647 D
1821 4597 2137 4651 vetabantur
2185 4595 2237 4668 (I
2273 4595 2390 4650 Cor.
2419 4593 2552 4664 vn);
2583 4595 2660 4649 sic
2690 4593 2869 4648 habita
2916 4608 3096 4648 secum
3139 4589 3406 4645 delibera-

172 4691 354 4742 quorum
391 4692 638 4739 tenorem
679 4685 907 4740 sufficiat
952 4686 1231 4740 indidisse.
1291 4685 1480 4740 Dicunt
1533 4687 1709 4753 enim,

173 4770 270 4823 talis
299 4785 680 4844 perpetrantcs,
713 4792 834 4832 mox
880 4787 937 4832 ut
974 4778 1135 4848 agniti
1165 4777 1394 4846 fuerint,
1429 4793 1459 4831 a
1488 4793 1711 4834 munere

174 4857 365 4919 tlcricali
392 4867 590 4924 debere
615 4869 840 4925 secludi.
870 4869 1020 4935 Quod
1051 4870 1225 4924 modis
1256 4870 1504 4926 erunibus
1533 4882 1712 4926 custo-

175 4948 267 5004 dire
292 4971 374 5011 nos
401 4961 670 5026 convenit,
693 4961 818 5031 quia
843 4962 920 5015 fas
939 4976 1059 5017 esse
1079 4963 1208 5016 nulli
1232 4962 1533 5032 suppeditat
1551 4963 1710 5034 quid-

177 5055 309 5106 tlnam
348 5060 526 5114 prater
573 5051 664 5107 illa
693 5067 812 5122 qua:
861 5055 1222 5118 memorabilis
1259 5052 1496 5107 decrevit
1540 5055 1708 5109 forma

177 5145 381 5192 censere.

233 5225 346 5283 CAP.
374 5227 540 5310 XVII].
573 5266 642 5277 —
672 5237 1043 5308 Comperimus
1070 5238 1228 5292 etiam
1270 5238 1555 5295 horrendis
1583 5243 1705 5312 qui-

175 5312 362 5374 busdam
387 5323 691 5384 criminibus
715 5328 1050 5398 implicatos,
1085 5336 1196 5385 tota
1226 5328 1550 5390 discretione
1581 5333 1710 5391 sub-

228 5501 241 5580 ξ
261 5497 383 5580 _Cod.
408 5503 516 5580 l_.uc
544 5507 668 5580 490,
701 5508 858 5580 abire.
1120 5562 1130 5580 ἢ

175 5605 184 5611 -
224 5569 309 5666 :ln
335 5575 518 5629 eodem
681 5579 876 5659 desunt
904 5580 1010 5636 haec
1033 5569 1268 5640 vitentur.

265 5639 332 5693 ld.
352 5645 494 5698 cod..
538 5659 806 5698 arrtmant.

225 5659 240 5666 -
265 5659 332 5693 iu.
352 5659 494 5710 ραι,
538 5659 806 5718 arripiant.

225 5707 328 5780 fld.
353 5717 493 5780 cod.,
527 5719 784 5772 dwmouis.

223 5776 240 5806 '
261 5782 378 5836 Cod.
409 5776 535 5840 Luc.
560 5788 679 5854 490,
711 5801 796 5844 ant
811 5791 898 5882 ίιίε
928 5805 1072 5845 certe.
1437 5794 1485 5854 θ»
1535 5783 1542 5791 ’

1826 4691 2006 4753 tione,
2045 4690 2359 4758 promissam
2415 4688 2524 4742 Deo
2569 4686 2835 4757 pudicitia:
2888 4686 3045 4741 [idem
3079 4683 3278 4739 debent
3308 4683 3402 4755 [αι.

1822 4780 2146 4851 debuerunt]
2187 4780 2476 4835 custodire.
2510 4779 2616 4834 Nos
2659 4789 2834 4833 autem
2875 4777 3068 4833 talibus
3098 4777 3300 4831 nullum
3332 4774 3408 4827 la-

1822 4890 2017 4945 queum
2067 4873 2322 4928 debemus
2352 4873 2602 4942 injicere;
2651 4871 2744 4927 sed
2792 4871 2963 4926 solum
3009 4867 3406 4924 adhortationes

1823 4970 2031 5040 praemii
2060 4970 2396 5039 sempiterni,
2425 4982 2712 5036 poenasque
2738 4979 3038 5036 prolionere
3068 4960 3230 5017 divini
3253 4958 3401 5030 judi-

1825 5062 1914 5124 cii.
1949 5070 2007 5116 ut
2051 5071 2104 5116 et
2133 5071 2312 5114 nostra
2340 5059 2409 5112 sit
2450 5059 2690 5111 absoluta
2731 5054 3082 5124 conscientia,
3110 5061 3164 5108 et
3195 5051 3406 5109 illarum

1780 5212 1784 5217 ,
1823 5168 1923 5223 pro
1947 5169 2005 5209 se
2049 5154 2311 5208 rationem
2350 5151 2460 5205 Deo
2492 5148 2678 5204 reddat
2706 5149 2954 5203 intentio.
2991 5145 3296 5201 Cavendum
3326 5150 3408 5197 est

1796 5245 2059 5315 .quippe,
2107 5254 2166 5299 ut
2209 5245 2275 5299 de
2310 5258 2492 5298 earum
2540 5242 2778 5297 moribus
2808 5245 2828 5275 ⁹
2867 5240 3180 5309 actibusque
3223 5237 3408 5292 beatus

1821 5340 2116 5408 Apostolus
2164 5337 2215 5404 (Ι
2267 5338 2399 5390 Tim.
2445 5338 2500 5408 ν)
2554 5344 2814 5405 testatur,
2863 5333 3003 5404 quod
3060 5330 3267 5402 plenius
3311 5327 3401 5396 [αι.

1891 5511 1911 5542 ⁸
1943 5512 2018 5566 ld.
2045 5513 2189 5578 cod.,
2223 5514 2422 5579 negari.

1884 5583 1903 5653 7
1934 5582 2011 5653 ld.
2040 5575 2184 5653 cod.,
2210 5575 2366 5653 latius
2398 5581 2626 5653 diximus
2658 5575 3026 5653 disserendum.
3214 5644 3228 5653 .
3309 5645 3318 5653 .

1883 5652 1904 5682 ⁸
1932 5651 1987 5704 ln
2015 5644 2202 5707 eodem
2243 5652 2366 5706 cod.
2396 5652 2590 5708 desunt
2639 5646 2914 5716 sequentia
2956 5659 3122 5714 usque
3165 5644 3229 5698 ad
3275 5645 3406 5696 sicut

1809 5722 1964 5776 enim.

1879 5792 2004 5878 “.ld'.
2035 5787 2184 5860 ’cod.,
2217 5793 2432 5859 actibus,
2466 5807 2601 5860 qua.
