3948 6314
586 352 689 425 55,

1938 354 2202 409 GELASII
2241 354 2439 410 ΡΑΡᾹΞ
2478 358 2494 410 1

3775 352 3845 421 εδ

590 473 797 542 planius
818 489 833 537 ;
854 472 929 525 ita
952 468 1021 524 "in
1057 469 1207 541 Lua]
1236 483 1505 536 exponere
1532 446 1885 538 praeterimus,
1917 485 1983 524 ne
2008 484 2168 524 sexus
2200 474 2245 528 A
2278 470 2321 524 si
2354 480 2530 525 tamen
2562 471 2904 525 sacerdotum
2942 470 3049 539 jam
3083 471 3467 526 sintvocabulo
3494 475 3839 545 nuncupandi,

586 564 851 619 instabilis
879 578 983 618 non
1021 572 1129 619 tam
1174 562 1432 618 deterreri
1478 576 1636 632 quam
1661 561 1939 616 admoneri
1989 562 2170 616 videa-

587 668 694 713 tur.

584 839 721 894 inire
758 840 1099 906 conceditur,
1146 841 1216 894 ita
1249 849 1368 909 post
1387 854 1481 894 eas
1506 838 1682 892 nullus
1708 837 1773 890 ad
1806 826 2067 891 ‘clericale
2097 837 2168 891 si-

585 931 941 1007 niturpvenire
966 932 1269 1001 collegium.
1300 931 1416 986 Alia
1441 938 1527 985 est
1555 929 1697 984 enim
1722 928 1969 982 humanm
2000 927 2166 996 fragi-

583 1023 714 1097 litati
744 1024 1065 1093 generaliter
1088 1039 1340 1077 concessa
1366 1022 1600 1085 licentia,
1623 1021 1724 1074 alia
1740 1020 1898 1074 debet
1924 1034 2043 1074 esse
2059 1019 2165 1073 vita

581 1098 881 1170 divinarum
915 1132 1092 1170 rerum
1118 1115 1337 1170 servitio
1368 1115 1382 1145 ¹
1409 1114 1673 1167 dedicata.

648 1204 776 1258 Car.
812 1204 1350 1275 XXIll.—Quisqnis
1375 1188 1603 1273 propria:
1632 1206 1874 1258 desertor
1897 1202 2162 1267 ecclesite,

579 1296 739 1350 nullis
770 1297 1123 1352 existentibus
1148 1297 1355 1359 causis,
1388 1295 1452 1348 ad
1492 1295 1648 1348 aliam
1682 1293 1953 1364 putaverit
1980 1302 2163 1346 trans-

579 1388 811 1442 eundum
832 1430 848 1454 ,
882 1396 1194 1458 temereque
1237 1394 1518 1457 susceptus
1548 1387 1708 1439 fuerit
1746 1395 1802 1439 et
1845 1393 2121 1452 promotus
2143 1426 2159 1450 ,

579 1481 1003 1534 reverendornm
1050 1495 1314 1555 canonum
1359 1480 1444 1535 vel
1490 1481 1603 1549 ipse
1648 1478 1735 1533 vel
1785 1486 2030 1546 receptor
2071 1477 2187 1557 [ad

577 1584 735 1638 quem
779 1570 1053 1639 profectus
1100 1571 1201 1642 est]
1251 1573 1368 1637 eius
1415 1581 1575 1640 atque
1622 1579 1912 1639 provector
1962 1568 2185 1647 consti-p

578 1671 686 1715 tuta
729 1678 833 1717 non
860 1663 1109 1734 effugiet,
1145 1680 1264 1734 qua:
1292 1665 1360 1718 de
1400 1662 1701 1732 hujusmodi
1751 1660 2157 1732 prazsumptori-

576 1744 672 1807 bus
707 1756 987 1821 praefixere
1015 1755 1278 1809 servanda
1310 1753 1386 1824 (Ν
1393 1755 1538 1807 ictvni
1561 1769 1626 1807 xv
1647 1762 1694 1806 et
1722 1754 1852 1820 xvr).

653 748 782 802 CAP.
818 747 981 802 XXII.
1016 779 1084 789 —
1109 747 1380 804 Secundas
1411 745 1621 815 nuptias
1650 744 1791 798 sicut
1820 744 2168 799 siccularibus
2194 824 2197 829 ⁴

2274 562 2364 631 qui
2395 564 2415 593 ⁸
2446 562 2748 631 delegatth
2791 562 2889 615 sibi
2928 563 3200 633 religionis
3242 564 3475 618 officium
3513 566 3590 619 sic
3622 576 3841 634 proster-

2273 667 2402 707 nere
2448 653 2757 718 moliuntur,
2787 662 2846 707 ut
2890 655 2941 707 in
2972 644 3219 722 perversa
3272 670 3497 724 qumque
3528 656 3841 727 profanaque

2272 732 2528 811 deelives,
2578 749 2693 801 sine
2724 747 2833 800 ullo
2855 756 3100 815 respectu
3128 748 3328 817 regula:
3370 745 3687 803 Christiana:
3716 766 3842 819 prte-

2271 837 2450 905 cipitia
2485 837 2693 892 funesta
2720 832 3017 892 sectentur.
3047 838 3288 908 Cumque
3319 840 3578 908 scriptum
3608 830 3676 894 sit
3704 860 3715 895 :
3748 841 3843 897 Mi-

2271 929 2406 981 nima
2452 930 2539 999 qui
2582 930 2797 998 spernit,
2831 930 3083 998 paulatim
3118 930 3304 985 decidit
3352 930 3542 997 (Eccli.
3592 948 3676 986 XIX
3699 973 3712 997 ,
3746 936 3793 1003 l)
3826 952 3837 987 :

2268 1021 2394 1088 quid
2423 1032 2505 1075 est
2550 1021 2616 1074 de
2660 1022 2854 1075 talibus
2895 1021 3307 1075 existimandum
3348 1022 3438 1091 qui
3472 1023 3743 1077 immensis
3783 1040 3843 1080 ac

2268 1112 2648 1182 multiplicibus
2676 1114 2994 1181 pravitatum
3020 1113 3248 1168 molibus
3278 1114 3545 1183 occupati,
3583 1115 3838 1184 ingentem

2270 1205 2475 1259 ruinam
2502 1205 2828 1259 multimodis
2850 1205 3260 1274 impnlsionibns
3282 1205 3585 1273 ediderunt,
3611 1224 3727 1277 quze
3743 1225 3841 1264 non

2267 1295 2440 1349 solum
2481 1297 2627 1364 ipsos
2658 1296 2904 1350 videatur
2948 1297 3201 1362 obruere,
3235 1296 3331 1351 sed
3361 1306 3413 1352 et
3452 1298 3705 1353 Eeclesiis
3735 1303 3844 1354 titti-

2266 1388 2439 1441 versis
2480 1376 2836 1455 mortiferam,
2867 1388 2912 1442 si
2966 1403 3071 1442 non
3114 1398 3393 1455 sanentur,
3428 1388 3626 1445 inferre
3665 1393 3843 1460 perni-

2265 1480 2441 1533 ciem?
2470 1479 2577 1533 Nec
2627 1478 2900 1548 ambigant
2953 1481 3040 1547 qui
3092 1480 3205 1533 hate
3247 1481 3361 1533 ausi
3411 1491 3536 1535 sunt
3573 1496 3842 1547 exercere,

2265 1569 2357 1624 sed
2387 1570 2547 1624 etiam
2578 1570 2666 1638 qui
2701 1571 2961 1639 hactenus
2992 1570 3206 1638 cognita
3238 1570 3520 1637 siluerunt,
3558 1572 3656 1626 sub
3680 1573 3843 1626 Itono-

2266 1661 2339 1714 ris
2370 1661 2572 1729 proprii
2603 1676 2662 1715 se
2678 1660 2860 1729 jacere
2889 1661 3191 1730 dispendio,
3223 1663 3267 1717 si
3291 1674 3397 1716 non
3422 1671 3615 1731 quanta
3645 1666 3845 1732 possint

2263 1751 2539 1807 celeritate
2590 1751 2862 1817 fesﬁnent,
2910 1764 2965 1807 ut
2997 1753 3213 1807 Ietbalia
3263 1754 3483 1808 vulnera
3524 1756 3845 1823 competenti

612 1836 785 1898 ICAP.
812 1844 1000 1900 XXIV.
1048 1876 1110 1884 —
1154 1846 1230 1901 De
1270 1844 1547 1899 monachis
1588 1844 1845 1913 Iaicisque
1886 1844 1937 1897 in
1984 1842 2156 1912 prima
2186 1833 2234 1892 Β
2265 1843 2619 1899 medicatione
2644 1854 2917 1898 curentur.
2949 1844 3065 1911 Quo
3114 1845 3256 1899 enim
3299 1860 3448 1899 more
3478 1854 3697 1901 teneant
3720 1846 3843 1912 jura

573 1922 841 2003 copiosius
882 1937 1259 2005 prmeeptionis
1307 1935 1465 2005 hujus
1506 1936 1527 1965 ²
1570 1945 1719 2004 parte
1757 1934 2023 2003 digestum
2052 1938 2181 2001 est,

572 2025 728 2097 (Vide
757 2021 915 2096 Supra
965 2043 1083 2096 cap.
1118 2027 1153 2080 2
1175 2038 1230 2083 et
1259 2027 1312 2095 5)
1337 2072 1351 2095 ,
1398 2042 1517 2097 quae
1544 2026 1630 2079 vel
1658 2034 1921 2094 quatenus
1951 2025 2032 2079 his
2062 2040 2159 2095 pro

570 2103 750 2174 rerum
795 2112 1201 2194 temporumque
1238 2119 1558 2172 necessitate
1603 2129 1861 2170 concessa
1912 2117 2039 2181 sint,
2073 2114 2179 2194 vel

570 2191 1019 2277 quemadmodum
1044 2251 1057 2275 ,
1093 2209 1181 2263 ubi
1215 2210 1413 2263 nullius
1462 2208 1799 2262 necessitatis
1842 2207 1993 2278 [forte
2036 2206 2159 2261 facti

570 2302 883 2371 necessitas]
936 2305 1197 2357 interesse
1230 2301 1525 2369 probatur,
1556 2314 1660 2353 non
1699 2298 1800 2352 nisi
1825 2307 1979 2376 vetus
2009 2297 2159 2351 insti-

569 2395 701 2447 tutio
731 2392 924 2447 debeat
948 2392 1223 2447 custodiri.
1256 2391 1405 2458 Quos
1428 2405 1556 2446 vero
1578 2390 1879 2445 constiterit
1911 2380 2179 2457 indignos

569 2485 774 2538 meritis
801 2526 815 2551 ,
847 2498 1055 2538 sacram
1097 2493 1363 2538 mcrcatos
1415 2496 1536 2537 esse
1591 2480 1767 2551 pretio
1815 2480 2151 2548 dignitatem,

567 2578 843 2641 convictos
882 2585 1093 2645 oportet
1132 2576 1303 2630 arceri
1348 2590 1453 2629 non
1502 2574 1623 2628 sine
1667 2574 1905 2642 periculo
1951 2573 2157 2627 facinus

569 2669 674 2725 tale
701 2669 721 2699 ³
750 2676 1123 2738 perpetrantes
1158 2685 1172 2721 :
1200 2667 1321 2736 quia
1344 2666 1560 2722 dantem
1584 2665 1786 2734 pariter
1807 2673 1861 2718 et
1887 2653 2175 2745 accipien-j

569 2774 676 2817 tem
705 2764 979 2818 damnatio
1008 2762 1281 2827 Simonis,
1313 2776 1473 2832 quam
1505 2774 1655 2816 sacra
1687 2759 1845 2814 lectio
1871 2760 2007 2827 (Act.
2037 2760 2153 2827 vm)

494 2860 510 2871 ’
569 2842 1128 2924 testatttr,'involvit.g
1180 2919 1186 2923 g

637 2946 767 3000 CAP.
794 2946 960 3001 XXV.
994 2974 1063 2985 —
1089 2946 1166 2999 De
1205 2945 1444 2999 locorum
1488 2941 1897 2999 consecratione
1940 2930 2171 2997 sancto-7

569 3052 703 3101 rum,
750 3038 995 3108 quamvis
1025 3037 1269 3106 superius
1301 3035 1450 3107 (Cap.
1485 3035 1540 3105 4)
1569 3035 1793 3088 strictim
1827 3034 2153 3088 fueritcomo

567 3131 912 3198 prehensum,
932 3128 1311 3197 nobisquoqne
1331 3128 1649 3193 patefactum
1669 3135 1770 3189 est,
1792 3126 1932 3195 quod
1952 3126 2151 3194 absque

2266 1937 2597 2007 pontificum,
2624 1938 2713 2006 qui
2740 1937 3136 2006 pontificalibus
3164 1939 3404 1993 excubiis
3423 1946 3645 1993 eatenus
3671 1939 3844 2007 injun-

2263 2016 2349 2083 cta
2379 2028 2742 2091 dissimulant,
2776 2036 2835 2082 ut
2863 2028 3129 2083 contraria
3153 2028 3335 2082 domui
3387 2028 3502 2095 Dei,
3537 2030 3617 2085 cui
3652 2031 3841 2099 ρι’ωεί-

2262 2121 2412 2187 dent,
2434 2121 2612 2189 potius
2638 2122 2967 2190 operentur?
2991 2120 3089 2187 Qui
3115 2129 3374 2189 quantum
3405 2121 3543 2190 apud
3568 2123 3844 2177 Dominum

2265 2220 2503 2279 possent,
2531 2214 2574 2267 si
2598 2228 2703 2267 non
2723 2214 2823 2267 nisi
2846 2212 3222 2267 convenientia
3246 2222 3617 2282 procurarent,
3643 2223 3845 2269 tantum

2262 2303 2387 2373 quid
2420 2313 2727 2359 mereantur
2747 2304 3029 2371 aspiciant,
3058 2318 3178 2359 cum
3208 2304 3524 2359 exsecrabili
3553 2304 3726 2360 studio
3752 2321 3845 2360 se-

2262 2402 2475 2448 ctentur
2511 2394 2756 2449 adversa.
2798 2394 2864 2447 Et
2901 2393 3051 2463 quasi
3086 2395 3255 2463 magis
3286 2395 3403 2449 bare
3433 2397 3613 2463 regula
3650 2396 3716 2449 sit
3742 2411 3847 2465 qua

2263 2472 2520 2539 EceleSiae
2548 2485 2782 2539 debeant
2825 2486 3142 2556 gubernari,
3186 2486 3229 2541 si
3254 2487 3512 2557 quidquid
3561 2497 3642 2543 est
3676 2491 3847 2544 eccle-

2259 2576 2488 2631 siasticis
2511 2576 2781 2631 inimicum
2829 2568 3023 2647 regulis
3048 2586 3407 2647 perpetratur,
3437 2594 3557 2634 enm
3590 2590 3643 2634 et
3670 2581 3713 2635 si
3747 2595 3847 2636 eo-

2259 2670 2438 2735 gnitos
2463 2668 2645 2722 habuit
2674 2683 2910 2725 canones
2937 2673 3304 2740 unusquisque
3333 2673 3642 2741 pontificum
3662 2713 3676 2738 ,
3707 2675 3847 2727 ξηιρς

2260 2767 2459 2813 morata
2512 2759 2760 2814 debuerit
2820 2750 3003 2816 tenere
3063 2762 3323 2816 custodia.
3387 2762 3452 2816 Et
3509 2764 3555 2817 si
3622 2763 3848 2821 forsitan

2259 2851 2558 2914 nesciebat,
2607 2851 2891 2905 consulere
2944 2851 3171 2906 fidenter
3228 2854 3529 2921 oportuerit
3574 2854 3838 2908 scientem

2260 2942 2352 3013 [aL
2387 2940 2765 3013 ignorantem].
2797 2943 2911 3009 Quo
2934 2944 3099 3013 magis
3130 2934 3402 2998 exc'usatio
3448 2945 3591 2999 nulla
3619 2960 3844 3001 succur-

2259 3034 2329 3085 rit
2364 3032 2664 3086 errantibus
2696 3048 2710 3087 :
2741 3036 2861 3102 quia
2894 3036 3135 3088 nesciens
3164 3032 3287 3106 [nec
3314 3037 3492 3089 sciens
3523 3036 3729 3089 omnino
3764 3038 3841 3092 le-

2256 3124 2475 3191 gendum
2507 3134 2599 3186 est,
2632 3134 2685 3176 ut
2717 3124 2862 3178 liabet
2889 3126 3005 3179 cad.
3037 3123 3177 3178 Just.
3224 3135 3272 3178 et
3308 3126 3435 3191 edit.
3469 3124 3688 3196 Conon],
3713 3142 3846 3196 pro-

568 3229 839 3287 pracccpto
870 3219 1013 3272 sedis
1054 3219 1365 3287 apostolicae
1398 3217 1641 3270 nonnulli
1688 3215 1856 3271 factas
1894 3217 2152 3272 ecclesias
2182 3203 2227 3265 C
2262 3217 2437 3282 posuit
2484 3232 2697 3272 servare
2726 3217 2867 3287 quod
2899 3227 3149 3284 noverat,
3200 3234 3298 3273 nec
3342 3219 3596 3288 ignorans
3635 3225 3850 3279 curavit

567 3312 651 3365 vel
682 3312 913 3364 oratoria
965 3323 1178 3364 sacrare
1204 3317 1527 3377 prrsuinant
1558 3327 1573 3373 7:
1610 3308 1712 3362 hoc
1735 3323 1922 3362 sumus
1972 3318 2147 3364 tamen

568 3403 765 3456 indicio
817 3398 1218 3456 detestabiliore
1261 3401 1520 3468 permoti,
1559 3399 1700 3468 quod
1742 3400 1795 3453 in
1830 3414 2150 3469 quocunque

569 3489 656 3561 la‘l.
697 3492 1159 3565 quorumcunque]
1188 3492 1405 3547 nomine
1444 3490 1848 3558 defunctorum,
1883 3501 1935 3547 et
1958 3480 2167 3562 (quan?

554 3568 680 3640 tum
727 3586 945 3655 dicitur)
981 3600 1079 3639 nec
1127 3584 1365 3638 omnino
1397 3583 1669 3652 fidelium,
1721 3586 2149 3639 constructiones

567 3675 860 3733 :edificatas
888 3678 1058 3732 sacris
1087 3675 1519 3746 processionibus
1537 3675 1671 3748 [Al.,
1703 3675 2147 3747 professionibus]

568 3771 823 3825 audacter
854 3770 1136 3824 instituere
1162 3775 1530 3822 memorantur
1559 3783 1571 3818 :
1603 3780 1723 3834 qua:
1760 3768 2011 3835 quoniam
2039 3775 2145 3820 tam

566 3863 757 3915 acerba
782 3873 887 3914 tam
918 3861 1050 3913 dura
1082 3868 1206 3914 sunt
1230 3858 1332 3923 ",si
1358 3872 1547 3913 revera
1578 3856 1996 3911 Christianitatis
2014 3858 2148 3912 affe-

564 3963 680 4006 ctus
704 3954 754 4004 in
786 3951 893 4004 illis
913 3949 1220 4019 regionibus
1241 3957 1417 4004 certus
1434 3958 1487 4003 et
1504 3950 1643 4002 fixus
1663 3958 1765 4016 est,
1781 3958 1833 4003 et
1852 3938 2161 4003 districtius

564 4041 663 4096 ista
694 4050 1020 4109 qumrantur,
1044 4049 1098 4094 et
1118 4055 1145 4092 a
1165 4040 1357 4109 quibus
1382 4040 1577 4093 fuerint
1603 4051 1775 4111 gesta,
1801 4041 2096 4110 prodantur
2130 4060 2142 4095 :

564 4134 815 4203 quoniam
844 4135 981 4186 sicut
1010 4131 1301 4187 latentibus
1330 4132 1381 4184 in
1409 4133 1507 4185 bac
1533 4134 1814 4186 atrocitate
1838 4134 2145 4188 nominibus

564 4241 671 4280 non
702 4233 897 4290 exstat,
931 4224 983 4277 in
1006 4239 1163 4293 quem
1194 4222 1461 4278 sententia
1504 4222 1681 4276 debita
1712 4222 2040 4291 proferatur;
2073 4226 2145 4280 ita

472 4314 481 4359 i
562 4331 684 4370 eum
734 4313 1029 4368 manifestis
1069 4312 1228 4367 fuerit
1277 4312 1615 4366 documentis
1641 4312 1937 4383 expositus,
1986 4331 2143 4384 quem

562 4410 713 4481 [forte
740 4409 921 4481 quam]
951 4411 1083 4465 tanti
1120 4410 1337 4465 sceleris
1366 4409 1536 4489 poscit
1578 4408 1904 4476 immanitas,
1934 4425 2038 4466 non
2069 4412 2147 4466 ef-

562 4502 724 4570 fugiet
750 4500 903 4573 [fortc
932 4500 1137 4573 vitabit]
1168 4501 1437 4555 ullatenus
1469 4500 1745 4556 ultionem.

2257 3324 2415 3363 nosse
2445 3311 2583 3380 quod
2612 3320 2841 3379 gereret.

2337 3405 2465 3457 Car.
2514 3402 2728 3458 XXVII.
2758 3433 2827 3443 —
2874 3405 3115 3469 Quatuor
3168 3398 3342 3459 autem
3396 3414 3500 3459 tam
3553 3403 3622 3460 de
3665 3404 3850 3467 reditu

2252 3508 2412 3562 quam
2440 3494 2506 3548 de
2534 3495 2804 3571 oblatione
2846 3494 3080 3548 fidelium
3101 3536 3115 3560 ,
3157 3505 3315 3564 prout
3342 3496 3625 3565 cujuslibet
3666 3499 3849 3554 eccle-

2253 3588 2345 3640 siae
2380 3587 2603 3641 facultas
2634 3587 2899 3650 admittit,
2926 3587 3064 3642 sicut
3095 3587 3292 3642 dudum
3322 3587 3712 3644 rationabiliter
3751 3601 3849 3647 est

2252 3679 2560 3742 decretum,
2593 3679 2846 3733 convenit
2876 3679 2988 3732 fieri
3030 3681 3325 3746 portiones.
3357 3681 3591 3748 Quarum
3628 3684 3697 3736 sit
3729 3699 3847 3739 una

2253 3768 2539 3837 pontificis,
2564 3770 2729 3823 altera
2759 3770 3100 3835 clericorum,
3130 3786 3420 3840 pauperum
3446 3774 3623 3838 tertia,
3647 3786 3847 3842 quarta

2252 3860 2467 3915 fabricis
2510 3860 2842 3930 applicanda.
2879 3861 2955 3916 De
2984 3862 3201 3930 quibus,
3237 3864 3375 3918 sicut
3415 3865 3711 3919 sacerdotis
3754 3868 3847 3920 in-

2253 3954 2471 4019 tererit,
2530 3954 2790 4024 integram
2856 3954 3115 4010 ministris
3180 3955 3425 4011 ecclesia:
3481 3966 3875 4013 memoratam.

2250 4044 2553 4113 dependere
2583 4047 2962 4115 quantitatem,
2990 4047 3067 4100 sic
3089 4048 3265 4102 clerus
3297 4048 3384 4119 (al.
3413 4047 3665 4119 clericus]
3696 4050 3848 4110 ultra

2249 4136 2546 4206 delegatam
2596 4137 2698 4191 sibi
2751 4153 3016 4209 summam
3077 4138 3208 4192 nihil
3274 4138 3849 4207 insolenterutoverit

2249 4230 2628 4303 expetendum.
2659 4231 2730 4285 Ea
2762 4223 2890 4285 vero
2919 4246 3037 4301 quae
3074 4231 3448 4287 ecclesiasticis
3478 4216 3719 4287 ardificiis
3751 4243 3847 4288 at-

2252 4320 2446 4374 tributa
2477 4329 2633 4387 snnt,
2669 4322 2792 4376 huic
2821 4324 2970 4389 operi
3016 4323 3278 4377 veraciter
3316 4333 3642 4393 prmrogata,
3690 4324 3849 4380 loco—

2248 4428 2364 4467 rum
2406 4413 2595 4467 doceat
2640 4414 2955 4468 instauratio
2999 4415 3281 4468 manifesta
3321 4424 3629 4470 sanctorum
3662 4433 3676 4471 :
3708 4420 3849 4486 quia

2249 4506 2396 4560 nefas
2442 4513 2558 4570 est,
2606 4505 2652 4559 si
2705 4504 2873 4559 sacris
2917 4505 3123 4559 aedibus
3173 4503 3473 4573 deStitutis,
3525 4508 3575 4561 in
3624 4508 3848 4566 lucrum

632 4595 761 4650 Car.
792 4593 980 4648 XXVI.
1001 4624 1071 4632 —
1092 4593 1450 4649 Nihilominus
1477 4594 1819 4663 impatienter
1840 4596 2139 4651 audivimus
2166 4579 2218 4637 Ῑ)
2247 4611 2401 4650 suum
2445 4597 2638 4665 praesul
2684 4595 2950 4664 impendia
2996 4596 3079 4651 bis
3118 4597 3394 4667 designata
3436 4599 3532 4673 [αι.
3557 4600 3851 4674 deputata]

559 4694 767 4740 tantum
812 4686 1109 4741 divinarum
1140 4702 1321 4741 rerum
1354 4687 1583 4742 subiisse
1609 4688 1944 4759 despectum,
1976 4701 2033 4745 ut
2065 4691 2139 4746 fe-

560 4778 719 4831 mina:
742 4779 913 4831 sacris
936 4778 1193 4832 altaribus
1216 4778 1522 4833 ministrare
1540 4778 1781 4833 ferantur
1803 4777 1893 4851 [αι.
1923 4784 2139 4837 firmen-

558 4878 676 4935 tur;
704 4869 777 4924 ita
807 4876 853 4924 et
894 4869 947 4921 in
971 4868 1122 4939 Luc.]
1148 4886 1162 4933 ;
1185 4882 1240 4923 et
1265 4879 1591 4940 cunctaquae
1622 4887 1726 4927 non
1765 4873 1865 4927 nisi
1895 4874 2135 4929 virorum

557 4961 830 5016 famulatui
860 4961 1111 5031 deputata
1151 4972 1315 5030 sunt,
1365 4978 1549 5019 sexum
1596 4966 1680 5020 cui
1728 4983 1832 5021 non
1879 4969 2135 5038 competit

560 5054 837 5108 exhibere.

630 5144 756 5199 Viso
768 5144 863 5215 [αι.
880 5147 1001 5211 nisi;
1016 5148 1089 5200 ita
1101 5156 1147 5202 et
1161 5149 1213 5201 in
1235 5147 1387 5219 Lua]
1402 5148 1543 5218 quod
1557 5149 1794 5203 omnium
1812 5148 2131 5204 delictorum

554 5251 670 5305 quae
699 5236 966 5305 sigillat—im
992 5239 1422 5306 perstrinximus,
1451 5255 1584 5294 noxa
1614 5243 1787 5295 omnis
1819 5241 1914 5313 [αι.
1945 5243 2134 5297 noxio-

552 5343 671 5383 rum
700 5336 883 5382 reatus
909 5329 1103 5400 omnis]
1135 5340 1188 5385 et
1224 5333 1425 5385 crimen
1456 5348 1551 5385 eos
1579 5332 1795 5401 respicit
1824 5334 2134 5389 sacerdotes

550 5420 637 5488 qui
668 5419 753 5474 vel
792 5421 893 5474 ista
933 5422 1301 5485 committunt,
1336 5424 1416 5476 vel
1463 5425 1866 5477 committentes
1912 5425 2135 5481 minime

549 5511 891 5581 publicando,
918 5514 1094 5583 pravis
1129 5515 1438 5571 excessibus
1469 5530 1527 5569 se
1568 5516 1746 5571 favere
1778 5517 2083 5586 significant
2116 5539 2129 5570 ε

618 5648 633 5678 ¹
667 5648 743 5701 ld.
770 5650 913 5715 cod.,
943 5652 1363 5708 dedicandorum.

617 5718 637 5749 ²
778 5721 921 5792 cod.,
950 5734 1093 5789 parte
1117 5726 1331 5792 digesta.

667 5789 743 5850 Id.
770 5791 915 5864 cod.,
948 5789 1209 5846 vendente.

2244 4696 2539 4744 convertat.
2587 4687 2760 4756 Ipsam
2794 4688 3139 4743 nihilominus
3169 4691 3456 4760 aseriptam
3502 4694 3848 4761 pauperibus

2247 4781 2543 4847 portionem
2565 4818 2578 4841 ,
2603 4780 2844 4847 quamvis
2868 4779 3061 4834 divinis
3087 4781 3383 4835 rationibus
3403 4797 3462 4837 se
3488 4784 3850 4852 dispensasse

2246 4881 2637 4926 monstraturus
2667 4886 2788 4935 esse
2826 4872 3088 4936 videatur,
3123 4882 3298 4927 tamen
3327 4873 3475 4942 juxta
3508 4875 3649 4942 quod
3699 4877 3850 4929 scri—
3900 4868 3901 4871 “

2248 4973 2391 5030 ptum
2425 4969 2509 5016 est
2533 4979 2543 5012 :
2583 4961 2650 5015 Ut
2678 4962 2878 5016 videant
2906 4979 3062 5030 Opera
3089 4972 3255 5017 vestra
3285 4964 3434 5028 bona,
3460 4974 3507 5016 et
3542 4964 3851 5041 gloriﬁcent

2250 5041 2454 5109 Patrem
2491 5063 2736 5119 vestrum,
2767 5057 2853 5126 qui
2892 5057 2945 5108 in
2975 5056 3110 5110 caelis
3141 5067 3215 5111 est
3256 5055 3471 5128 (Matth.
3503 5055 3555 5126 ν)
3576 5099 3587 5118 .
3615 5068 3850 5125 Oportet.

2242 5147 2403 5200 etiam
2470 5149 2717 5215 prmsenti
2775 5148 3149 5202 testificatione
3203 5147 3513 5216 praedicari,
3567 5158 3621 5204 et
3669 5149 3844 5205 bona:

2243 5239 2396 5295 fama!
2424 5241 2706 5309 praeconiis
2732 5255 2836 5295 non
2868 5240 3055 5296 taceri.
3452 5300 3453 5303 η

2314 5332 2441 5385 CAP.
2475 5332 2709 5386 XXVIII.
2732 5363 2801 5372 —
2830 5333 3167 5401 Quapropter
3210 5346 3308 5386 nec
3346 5332 3443 5411 (at.
3471 5332 3558 5404 ne]
3601 5335 3839 5388 clerico-

2238 5440 2356 5480 rttm
2410 5425 2674 5495 quispiam
2721 5441 2781 5481 se
2833 5425 2989 5495 hujus
3042 5424 3262 5479 offensa:
3310 5425 3544 5481 futurum
3590 5428 3847 5481 conlith

2239 5522 2569 5586 immunem,
2607 5519 2650 5570 si
2700 5517 2753 5570 in
2794 5516 2876 5572 his
2915 5531 3034 5585 qum.
3071 5516 3360 5572 salubriter
3407 5518 3678 5588 sequenda
3740 5519 3847 5572 dc-

2301 5656 2324 5685 ‘
2358 5655 2435 5711 ld.
2474 5655 2596 5709 cod.
2636 5654 2784 5709 addit
2806 5663 2858 5707 ut
2886 5655 3063 5720 eadem
3091 5656 3176 5709 via:
3197 5663 3365 5710 noster
3389 5658 3523 5725 ferre
3546 5657 3713 5725 possit
3740 5674 3846 5713 au-

2235 5726 2377 5781 ditus
2408 5726 2451 5777 si
2481 5742 2674 5789 revera,
2706 5736 2811 5779 etc.
3770 5732 3771 5735 “

2305 5797 2324 5828 ⁸
2359 5796 2438 5850 Id.
2471 5800 2614 5859 COtl.,
2650 5801 2892 5854 tfr’nlttm.
