3948 6314
172 264 226 345 si
1346 286 1695 361 EPISTULA;
1735 283 1823 341 ET
1864 287 2200 344 DECRETA.
3344 296 3409 351 58

177 402 529 475 prompsimus,
580 402 693 455 sive
752 401 1061 471 episcopum
1087 441 1101 463 ,
1154 402 1266 455 sive
1318 402 1718 473 presbyterum,
1752 405 1803 465 Α
1836 405 2082 474 quoniam
2116 418 2210 474 pro
2236 403 2381 459 sedis
2410 404 2718 474 apostolica:
2760 407 3089 477 principatu,
3122 411 3274 479 cujus
3303 390 3441 467 sol--

175 501 268 552 sive
291 497 559 551 diaconum
599 498 802 552 viderit
828 495 1175 550 excedentem
1195 540 1208 563 ,
1241 511 1347 550 non
1375 497 1631 567 protinus
1647 498 1715 554 ad

173 604 307 643 aures
330 596 530 641 nostras
556 584 771 641 deferre
803 587 1104 652 curaverit,
1138 588 1541 655 probationibus
1580 588 1739 643 duns'

173 689 293 735 taxat
328 688 685 748 competenter
728 679 1002 743 exhibitis,
1035 688 1095 734 ut
1125 683 1537 751 transgressoris
1580 684 1713 739 ultio
1748 678 1751 683 λ

173 774 275 837 fiat,
300 782 349 828 et
372 773 573 827 ceteris
604 772 917 827 interdictio
944 772 1310 843 delinquendi.
1343 773 1435 829 Sui
1477 774 1571 846 [aL
1603 774 1713 845 Sic]

172 879 282 919 vero
311 864 463 919 modis
489 862 742 918 omnibus
764 864 870 917 erit
896 866 1259 934 unusquisque
1289 864 1597 933 pontificum
1625 880 1715 920 or-

170 958 295 1013 diuis
325 967 372 1012 et
418 958 629 1011 honoris
656 944 841 1022 elisor,
873 957 916 1010 si
948 952 1203 1026 cuiquam
1242 957 1591 1022 clericorum,
1626 956 1710 1012 vel

171 1050 390 1105 Ecclesiae
424 1050 582 1104 totius
621 1049 824 1104 auditui
855 1049 966 1104 htec
1009 1050 1271 1117 putaverit
1311 1050 1707 1119 supprimenda.

169 1144 276 1197 Data
301 1158 331 1194 ν
362 1141 475 1196 idus
518 1141 700 1196 Martii
752 1143 913 1211 (anno
950 1141 1150 1195 Christi
1195 1140 1361 1209 494),
1406 1141 1618 1196 Asterie
1659 1150 1713 1196 et

168 1233 385 1288 Prasidio
405 1233 533 1287 viris
574 1232 893 1288 clarissimis
920 1233 1249 1287 consulibus.
1286 1233 1349 1286 Et
1378 1234 1482 1287 alia
1512 1249 1666 1288 manu

168 1326 281 1381 Deus
302 1340 391 1381 vos
412 1324 712 1380 incolumes
739 1323 1032 1392 custodiat,
1063 1325 1253 1378 fratres
1279 1324 1562 1379 carissimi.

706 1436 1039 1492 EPISTOLA
1074 1437 1140 1491 X.
1194 1480 1197 1483 .

610 1545 679 1584 ΔΙ)
713 1543 991 1583 EPISCOPOS
1020 1543 1243 1583 ειοιιιε.

166 1619 369 1674 Ecclesite
403 1620 679 1691 facultates
704 1620 768 1692 ab
798 1621 1067 1690 episcOpis,
1100 1620 1295 1674 clericis
1324 1630 1370 1674 et
1403 1621 1708 1692 pauperibus

217 1690 426 1745 distribui
463 1692 685 1757 debere;
714 1690 953 1743 diceceses
988 1702 1032 1743 et
1073 1692 1203 1743 bona
1244 1692 1466 1744 ecclesiis
1494 1690 1555 1743 ab
1600 1692 1707 1758 epi-

214 1763 334 1831 copis
360 1762 563 1831 triginta
598 1777 761 1815 annos
792 1776 1025 1837 possessa
1047 1762 1120 1814 eis
1149 1777 1249 1814 non
1280 1762 1579 1829 auferenda.

216 1870 434 1927 Gelasius
464 1872 727 1926 Romana:
752 1872 1005 1927 Ecclesiae
1032 1858 1315 1941 episcopus
1342 1872 1706 1927 dilectissimis

162 1964 269 2019 etin
304 1964 492 2019 Christi
527 1964 759 2020 caritate
790 1965 1116 2019 unanimiter
1152 1964 1408 2019 connexis
1455 1956 1733 2020 fratribus

162 2057 381 2126 episcOpis
400 2057 486 2128 qui
510 2057 570 2111 in
600 2056 784 2112 Sicilia
812 2066 938 2111 sunt
965 2056 1260 2111 conetituti.

218 2151 484 2207 Pmsttlum
523 2151 825 2206 auctoritas
866 2160 1170 2204 nostrorum
1218 2151 1515 2216 emanavit,
1544 2158 1601 2205 ut
1630 2149 1705 2204 fa-

165 2242 348 2298 cultates
375 2242 617 2298 ecclesia
647 2243 887 2312 episcopi
930 2242 993 2294 ad
1027 2241 1317 2312 regendum
1351 2242 1583 2297 habeant
1613 2232 1731 2311 po?

164 2344 395 2402 testatem;
424 2337 497 2391 ita
528 2347 711 2391 tamen
738 2345 797 2390 ut
819 2335 1130 2403 viduarum,
1163 2335 1514 2405 pupillorum,
1545 2343 1707 2405 atque

164 2442 408 2498 pauperum
426 2471 441 2495 ,
469 2445 571 2484 nec
598 2446 708 2484 non
739 2430 1055 2484 clericorum
1083 2430 1353 2497 stipendia
1384 2413 1708 2485 distribuere

163 2519 365 2575 debeant.
396 2520 506 2574 Hoc
544 2524 628 2576 eis
667 2521 826 2575 etiam
859 2521 1141 2575 statuimus
1176 2520 1323 2589 dari,
1353 2520 1493 2590 quod
1526 2520 1729 2587 hactes

162 2626 240 2667 nus
263 2612 517 2667 decretum
550 2622 658 2667 est.
691 2613 973 2683 Reliquum
1010 2614 1110 2666 sibi
1140 2614 1375 2681 episcopi
1408 2613 1703 2680 vindicent,

164 2712 205 2754 ut
229 2703 367 2771 (sicut
392 2714 513 2758 ante
544 2702 805 2771 diximus)
840 2703 1239 2772 peregrinorum
1271 2710 1433 2771 atque
1468 2702 1707 2771 captivo-

164 2808 255 2846 rum
274 2793 535 2863 largitores
558 2809 683 2849 esse
714 2793 942 2863 possint.
1724 2788 1727 2789 ⁷

215 2884 327 2937 lllud
370 2886 525 2939 etiam
556 2884 774 2939 adnecti
805 2884 1029 2952 placuit,
1065 2894 1123 2938 ut
1154 2885 1196 2938 si
1237 2885 1398 2955 (quod
1440 2885 1598 2953 absit)
1632 2886 1707 2940 fa-

166 2972 348 3027 cultates
374 2974 639 3039 ccclesim,
678 2988 777 3027 nec
816 2988 919 3026 non
953 2982 1005 3028 et
1044 2972 1307 3029 diteceses
1351 2990 1471 3043 qum
1507 2976 1573 3027 ab
1610 2974 1708 3029 ali-

167 3063 320 3130 quibus
367 3065 708 3133 possidentur
749 3065 1047 3133 episcopis,
1088 3066 1207 3133 jure
1253 3065 1354 3119 sibi
1400 3066 1701 3131 vindicent,

1736 1773 1783 1832 B
1812 1774 2123 1828 intemerata
2178 1776 2406 1831 servetis
2449 1795 2461 1829 :

1822 494 2044 549 licitudo
2062 495 2314 580 delegata
2346 495 2603 552 divinitus
2631 500 2838 555 cunctis
2875 500 3101 556 debetur
3132 501 3404 573 Ecclesiis,
3434 512 3435 517 ‘

1820 600 1919 640 nos
1965 586 2221 653 vivimus,
2263 589 2307 642 si
2348 604 2446 643 vos
2493 592 2645 645 statis
2690 592 2743 646 in
2796 592 3049 659 Domino,
3089 594 3435 665 magnisque

1818 678 2029 746 gaudiis
2068 678 2480 749 triumphamus.
2514 681 2646 735 Cum
2678 683 2874 753 ubique
2917 693 3178 740 terrarum
3224 685 3437 741 Domi-~

1817 785 1945 824 num
2000 770 2236 826 Sabamh
2285 786 2468 827 semen
2520 787 2662 842 pura:
2708 775 3060 832 confessionis
3110 759 3395 847 reliquisse

1816 861 2212 929 cognoscimus,
2242 864 2383 931 quod
2416 878 2521 917 non
2560 864 2613 917 in
2660 874 2872 933 petrosa
2918 866 3232 935 deveniens,
3269 877 3403 924 aestu

1817 952 2124 1007 tentationis
2168 955 2405 1021 exaruit,
2448 970 2547 1010 nec
2592 955 2691 1010 vite
2738 957 3037 1025 proximum
3080 959 3273 1014 cecidit
3311 968 3431 1015 ναι·

1815 1042 2056 1096 cantibus
2107 1042 2337 1097 inimicis
2384 1045 2724 1113 expositum,
2776 1062 2875 1101 nec
2926 1048 2978 1101 in
3024 1049 3195 1116 spinis
3244 1050 3402 1105 irruit

1816 1134 2212 1203 sull‘ocandum,
2250 1136 2343 1191 sed
2390 1137 2442 1191 iu
2476 1138 2668 1191 bonam
2716 1141 3052 1209 tetram-pice
3098 1140 3402 1197 devotionis

1814 1235 2007 1281 vestra:
2051 1227 2256 1283 omlesti
2309 1229 2538 1283 factione
2586 1229 2679 1301 [αι.
2713 1228 2951 1301 satione]
2995 1229 3293 1300 dispersum
3346 1229 3399 1284 in

1815 1316 2143 1386 trigesimum
2189 1327 2241 1372 ct
2288 1320 2682 1386 sexagesimum
2726 1318 2957 1374 fructum
2994 1320 3423 1393 ‘centenariutny

1815 1420 1917 1475 que
1960 1405 2217 1475 profecit,
2253 1408 2747 1477 profectionemque
2788 1408 2994 1463 scilicet
3027 1408 3276 1464 frumenti
3303 1394 3399 1464 do-

1815 1498 1992 1551 minici
2026 1499 2246 1568 mystica
2288 1500 2555 1555 locutione
2594 1501 2898 1570 designans.
2935 1500 3270 1570 Quapropter
3304 1515 3399 1555 ex-

1813 1590 2134 1645 sultantibus
2188 1591 2383 1646 animis
2433 1592 2789 1647 confidentius
2842 1593 3162 1657 incitamus,
3218 1602 3276 1648 ut
3327 1591 3398 1647 ab

1816 1682 2161 1751 Eutychianac
2194 1684 2358 1751 pestis
2400 1683 2616 1739 incursu
2659 1687 2875 1753 pectora
2906 1695 3081 1740 vestra
3126 1686 3419 1755 sapienter_

2513 1778 2768 1845 quoniam
2817 1778 2925 1848 jam
2972 1778 3061 1847 qui
3108 1783 3397 1849 perseverat

1809 1883 1964 1937 usque
2008 1869 2060 1919 in
2091 1868 2277 1935 finem,
2314 1868 2395 1921 hic
2440 1866 2613 1923 salvus
2653 1871 2745 1923 erit
2788 1869 3000 1939 (Matth.
3028 1869 3108 1937 ι).
3144 1870 3395 1923 Dominus

1809 1974 1967 2028 prepe
2007 1968 2109 2026 est,
2152 1960 2283 2013 nihil
2321 1960 2532 2014 solliciti
2573 1963 2685 2015 sitis
2724 1961 2959 2031 (Philip.
2988 1963 3098 2031 tv);
3129 1962 3395 2032 siquidem

1809 2054 1981 2124 major
2004 2064 2085 2109 est
2113 2055 2252 2124 quod
2282 2055 2334 2109 in
2366 2056 2521 2109 nobis
2549 2064 2809 2124 estquam
2833 2055 2921 2121 qui
2953 2056 3005 2108 in
3036 2056 3138 2109 hoc
3165 2054 3415 2122 mundo,‘

1809 2161 2137 2217 regnumque
2170 2149 2377 2213 Domini
2419 2151 2557 2204 intra
2589 2164 2687 2204 nos
2715 2148 2899 2219 (etiam
2929 2148 3204 2217 Scriptura
3233 2146 3385 2220 [Luc.
3412 2166 3415 2171 '

1815 2237 1945 2308 xvn]
1985 2223 2346 2311 testantejsit
2391 2250 2620 2297 certum.
2653 2241 2721 2296 Ut
2748 2248 2926 2295 autem
2956 2239 3025 2293 ab
3069 2254 3257 2294 eorum
3300 2240 3393 2310 qui

1810 2332 1863 2387 in
1892 2334 2077 2387 errore
2106 2344 2230 2388 sunt
2258 2335 2447 2403 positi,
2489 2335 2646 2389 noxia
2664 2344 2667 2347 ‘
2686 2333 2946 2388 societate
2984 2333 3241 2400 caveatis,
3270 2333 3415 2389 nul-'

1809 2423 1922 2478 lum‘
1965 2423 2161 2480 talibus
2206 2426 2685 2479 communicantem
2732 2425 3077 2480 ad'vestrum
3119 2423 3392 2493 recipiatis

1808 2516 2046 2585 qualibet
2071 2500 2415 2585 subreptione
2443 2517 2769 2571 consortium
2797 2534 2809 2569 :
2843 2516 2967 2587 quia
3008 2518 3149 2571 sicut
3179 2515 3230 2571 in
3260 2502 3393 2571 una-

1809 2624 2021 2679 quaque
2053 2609 2245 2665 haeresi
2282 2625 2401 2664 cum
2445 2611 2722 2679 pravitatis
2748 2619 2969 2666 auctore
2995 2610 3248 2677 damnato
3272 2610 3395 2665 suco

1808 2714 2052 2757 cessores
2092 2701 2209 2769 ejus
2248 2710 2302 2756 et
2330 2702 2621 2770 complices
2664 2710 2823 2771 atque
2868 2699 3172 2772 h'ujusmodi
3218 2708 3410 2757 sectar

1811 2794 2015 2848 toribus
2078 2794 2284 2863 polluta
2338 2794 2716 2847 communione
2776 2794 3071 2862 permixtos
3132 2794 3393 2848 catholica

1807 2886 1976 2938 vitare
2005 2883 2164 2939 debet
2198 2884 2493 2953 integritas,
2526 2884 2598 2937 ita
2625 2898 2746 2937 cum
2780 2883 3075 2953 Eutychete
3105 2884 3393 2938 Dioscorus

1808 2976 2072 3046 simulque
2115 2975 2431 3030 Timotheus
2476 2974 2701 3031 Elurus
2742 2983 2797 3029 et
2843 2975 3029 3030 Petrus
3072 2974 3394 3029 Alexandri-

1810 3081 1931 3130 nus,
1959 3068 2181 3136 ejusque
2207 3066 2628 3122 communicator
2662 3066 2909 3133 Aeacius,
2942 3080 3041 3121 nec
3076 3080 3181 3120 non
3226 3066 3390 3121 etiam

168 3153 277 3219 quod
307 3154 598 3209 tricennalis
642 3153 737 3227 [al.
768 3153 1112 3228 tricenuariaj
1146 3155 1226 3208 lex
1254 3156 1547 3220 conclusit,
1580 3156 1702 3223 quia
1733 3144 1787 3231 Cl
1812 3158 2173 3213 Antiocltenus
2206 3159 2416 3223 Petrus,
2457 3173 2576 3213 cum
2622 3159 2736 3215 suis
2766 3169 2893 3214 sunt
2934 3158 3153 3213 omnino
3182 3156 3401 3226 partici-i

168 3250 210 3296 et
230 3242 429 3298 filiorum
458 3254 768 3299 nostrorum
801 3245 1097 3313 principum
1126 3244 1196 3298 ita
1227 3247 1488 3299 emanavit
1525 3256 1707 3300 aucto-
1758 3272 1761 3273 ν

170 3331 300 3399 ritas,
336 3337 393 3389 itt
432 3336 568 3391 ultra
622 3334 836 3404 triginta
887 3350 1055 3389 annos
1114 3336 1243 3390 nulli
1296 3338 1452 3391 liceat
1498 3353 1593 3406 pro
1642 3352 1707 3390 eo

172 3428 418 3493 appellare,
448 3428 589 3498 quod
641 3428 815 3495 legum
859 3438 1067 3496 tempus
1112 3428 1205 3500 [al.
1238 3430 1430 3495 tutela,
1475 3432 1576 3483 sive
1618 3446 1705 3485 re-

173 3514 295 3579 gula,
321 3527 396 3568 aut
423 3519 589 3586 potius
624 3516 851 3587 cautela]
895 3518 1141 3573 exclusit.
1185 3520 1313 3573 Data
1350 3520 1522 3574 idibus
1553 3519 1704 3589 Maii,

179 3604 346 3663 Asterio
364 3619 410 3664 et
440 3610 702 3664 Praesidio
728 3610 854 3664 viris
878 3610 1191 3665 clarissimis
1212 3613 1519 3668 consulibus
1544 3613 1707 3683 (anno

180 3693 333 3752 canat
357 3701 470 3772 tat)
496 3704 535 3756 ι.
1714 3690 1715 3693 ‘

682 3795 1013 3853 EPlSTOLA
1054 3796 1145 3851 XI.

391 3924 452 3962 AD
481 3923 761 3965 EPISCOPOS
790 3924 1067 3964 DARDANIE
1098 3923 1165 3961 ΕΤ
1195 3920 1442 3963 ιιιϊιυω.

180 4034 455 4095 Commendat
496 4060 673 4097 eorum
712 4044 1043 4114 religionem;
1076 4038 1709 4114 Thessalonicensemepi-

231 4126 435 4180 scopum,
462 4116 547 4183 qui
575 4110 927 4168 haretico'rum
948 4114 1151 4166 nomina
1172 4114 1417 4164 damnare
1441 4110 1708 4183 recusavit,

230 4180 484 4247 apostolicae
510 4185 648 4238 sedis
677 4184 1027 4238 communione
1064 4186 1317 4251 privatum
1346 4196 1471 4244 esse,
1504 4191 1550 4233 et
1582 4180 1710 4231 Aca—

231 4252 339 4305 cium
367 4255 414 4305 in
452 4255 974 4307 exconmtunicatione
1002 4262 1261 4305 mortuum
1288 4268 1387 4305 non
1430 4266 1577 4313 posse
1620 4252 1711 4301 ab-

233 4324 334 4375 solvi
358 4325 627 4393 signiﬁcat.

233 4431 441 4490 Gelasius
482 4438 767 4506 episcOpus
812 4436 1075 4491 universis
1117 4436 1385 4505 episc0pis
1435 4449 1534 4505 per
1577 4436 1712 4491 Dar-

1814 3249 1971 3318 pibus
2006 3249 2308 3304 abdicandi.
2347 3249 2457 3305 Nec
2484 3251 2792 3320 quisquam,
2826 3250 3033 3305 etiamsi
3081 3248 3395 3319 pravitatem

1812 3343 2084 3412 deponere
2113 3358 2172 3399 se
2200 3344 2508 3413 promittat,
2551 3342 2839 3398 recitandis
2882 3351 3060 3397 tamen
3091 3340 3395 3396 nominibus

1812 3435 2152 3490 consentiens
2184 3434 2549 3503 perditorum;
2577 3435 2663 3489 vel
2701 3434 2891 3489 eadem
2922 3433 3260 3489 recitantium
3291 3432 3395 3486 mi-

1815 3527 1958 3580 nime
1984 3526 2357 3581 communione
2385 3526 2649 3581 discretus
2678 3526 2742 3580 ad
2789 3526 3133 3581 immaculata
3177 3523 3403 3593 sacrile-j

1811 3620 1912 3688 giis
1968 3619 2126 3673 ovilia
2182 3620 2583 3690 quibuscunque
2633 3619 2810 3673 modis
2864 3630 2947 3674 est
3006 3618 3396 3688 permittendus

1713 3786 1716 3791 ι
1812 3713 2034 3774 intrare,
2061 3720 2117 3764 ut
2148 3710 2384 3767 Ecclesia
2421 3712 2510 3765 Dei
2539 3713 2739 3775 nostri,
2767 3726 2880 3779 qua:
2908 3710 3163 3762 maculam
3188 3723 3394 3776 rugam-

1811 3817 1909 3870 que
1956 3816 2056 3854 non
2101 3803 2311 3855 sustinet
2357 3800 2711 3870 (Ephes.v),
2760 3799 3011 3853 inviolata
3062 3807 3399 3869 permaneat.

1712 3876 1715 3879 i
1754 3916 1759 3919 -
1812 3891 2004 3945 Absint
2043 3906 2170 3960 ergo
2202 3906 2230 3943 a
2272 3890 2517 3944 fidelibus
2557 3889 2757 3945 Christi
2806 3889 3005 3959 viperae
3047 3888 3236 3958 capitis
3280 3888 3411 3947 dira'

1812 3984 2134 4037 commercia
2153 4027 2167 4050 ,
2194 3994 2246 4037 et
2276 3983 2463 4051 procul
2487 3997 2517 4036 a
2545 3982 2855 4037 caelestibus
2884 3983 3092 4051 pascuis
3123 3982 3395 4040 mortifera

1814 4089 2017 4128 venena
2047 4075 2438 4144 pellantur,vut
2481 4075 2731 4129 salutaris
2774 4076 3025 4129 alimonia
3057 4074 3208 4143 panis
3254 4073 3396 4129 illius

1816 4167 1903 4235 qui
1931 4167 1999 4221 de
2029 4166 2167 4221 cmlo
2216 4166 2492 4222 descendit
2536 4166 2717 4236 (Joan.
2743 4166 2852 4238 vt),
2900 4165 3083 4219 fideles
3129 4164 3269 4218 hanc
3309 4178 3396 4217 su-

1818 4270 2025 4316 mentes
2055 4261 2119 4315 ad
2148 4260 2306 4315 vitam
2341 4262 2595 4330 perducat
2623 4270 2899 4316 aeternam.

1887 4354 2017 4419 Qum
2046 4362 2103 4407 ut
2142 4362 2322 4408 mutua
2351 4353 2622 4407 valeamus
2650 4354 3027 4408 exhortatione
3068 4350 3394 4423 prospicere,

1817 4447 1907 4501 det
1932 4459 2149 4515 operam
2174 4454 2348 4500 vestra
2374 4444 2589 4499 dilectio
2614 4453 2671 4498 ut
2696 4447 3009 4513 sospitatem
3039 4453 3230 4498 vestra:
3259 4441 3397 4497 cari~

185 4522 349 4580 tliniam
389 4528 457 4600 [in
485 4548 569 4600 qq.
596 4532 749 4584 codd.
780 4532 879 4600 leg.
910 4540 963 4585 et
990 4527 1224 4599 DaCiam]
1255 4530 1369 4595 sive
1417 4544 1512 4598 per
1541 4530 1707 4599 Illyri-
1816 4539 1941 4592 tatis
1988 4546 2257 4607 optatam,
2307 4547 2362 4592 et
2411 4536 2532 4592 fidei
2581 4536 2883 4591 communis
2933 4537 3182 4590 instantia
3241 4533 3398 4589 nobis

187 4628 275 4668 cum
305 4623 608 4676 constitutis.
1236 4660 1279 4701 χ

238 4706 489 4766 Audientes
509 4715 862 4769 orthodoxam
888 4722 1080 4769 vestra:
1098 4712 1402 4769 dilectionis
1424 4714 1474 4767 in
1498 4712 1711 4768 Christo

189 4805 508 4867 constantiam,
556 4815 714 4875 atque
758 4807 830 4861 ita
869 4820 964 4860 vos
1011 4807 1245 4874 antiquae
1296 4806 1417 4860 fidei
1463 4821 1707 4861 commn-

192 4888 410 4960 uionisque
444 4898 666 4951 sincerae
694 4896 1065 4952 traditionibus
1094 4897 1437 4963 inhrcrentcs,
1473 4906 1533 4951 ut
1564 4914 1706 4952 men-

192 4987 273 5031 tem
297 4981 582 5042 Christiana:
602 4989 834 5043 deditam
860 4989 1071 5043 veritati
1099 4988 1404 5043 nullatenus
1429 4988 1711 5043 infecerint

196 5077 601 5134 firmat-iratorum
624 5083 795 5136 vicina
822 5082 1085 5151 contagia,
1120 5080 1575 5150 magnificavimus
1608 5082 1709 5135 Do-

192 5160 388 5227 minum,
414 5171 788 5241 caritatemque
814 5181 1046 5225 vestram
1076 5170 1256 5224 missis
1283 5170 1477 5223 litteris
1508 5171 1707 5239 alloqui

194 5264 267 5311 ter
293 5257 536 5327 religiosos
576 5264 717 5317 viros
761 5264 900 5317 filios
940 5272 1150 5317 nostros
1189 5262 1510 5332 Cyprianum
1549 5272 1709 5330 atque

193 5338 425 5405 ilacarium
449 5354 694 5411 diaconcs
726 5365 833 5411 tota
874 5355 1049 5411 cordis
1078 5354 1333 5409 aviditate
1362 5355 1667 5410 curavimus
1691 5374 1705 5408 :

247 5504 326 5559 ‘ln
351 5524 461 5563 meo
488 5525 590 5564 ms.
620 5513 879 5568 Buchardi
908 5513 1027 5567 cod.
1073 5514 1163 5568 lib.
1194 5529 1313 5579 vm,
1345 5528 1463 5582 cap.
1489 5514 1578 5579 46,
1611 5516 1711 5571 hoc

192 5568 416 5652 decretum
445 5590 688 5649 tanquam
716 5599 781 5637 ex
813 5585 1037 5651 epistola
1070 5582 1263 5639 Gelasii
1291 5568 1354 5637 ad
1406 5568 1712 5641 Sicilienses

193 5652 420 5726 g‘tltscopos
445 5665 561 5726 cap.
590 5655 620 5705 9
650 5662 919 5726 acceptum
943 5654 1158 5726 affertur
1184 5673 1193 5706 :
1232 5655 1410 5723 Neque
1433 5655 1615 5709 viduas
1641 5658 1710 5709 ad

194 5722 356 5769 Matios
391 5722 596 5775 transire
620 5725 837 5778 patimur
875 5740 989 5790 qua:
1026 5722 1261 5791 religioso
1297 5722 1560 5794 proposito
1596 5727 1711 5780 cliu-

1814 4630 2057 4685 crebrius
2089 4629 2303 4699 aperire
2346 4643 2451 4684 non
2486 4629 2726 4699 desinat,
2756 4638 3018 4699 quatenus
3046 4628 3269 4683 alternis
3298 4639 3397 4682 nos

1812 4714 2256 4776 iustructionibus
2293 4721 2617 4789 excitantes,
2662 4722 3018 4790 legitimorum
3051 4719 3262 4773 Domini
3306 4732 3399 4773 sa-

1812 4815 2086 4870 cerdotum
2118 4817 2385 4884 possimus
2420 4818 2662 4872 invenire
2705 4817 3033 4872 mercedem.
3066 4815 3167 4869 Per
3196 4812 3396 4867 vicinas

1815 4922 2027 4976 quoque
2070 4909 2371 4976 provincias
2404 4909 2519 4964 haec
2546 4910 2732 4964 eadem
2774 4906 3074 4977 patefacere
3108 4912 3277 4958 vestra
3306 4917 3396 4958 ca-

1816 4996 1945 5051 ritas
1972 4998 2251 5067 vigilanter
2283 5001 2524 5066 insistat;
2566 5012 2619 5054 ut
2646 5010 2699 5055 et
2725 5002 2812 5069 qui
2850 4997 3127 5051 catholicae
3155 5009 3398 5050 commu-

1819 5087 1994 5142 nionis
2038 5090 2343 5145 sinceritate
2391 5092 2718 5155 subsistunt,
2764 5087 3191 5158 competentibus
3238 5086 3402 5141 robo-

1816 5189 2005 5232 rentur
2031 5182 2306 5248 alloquiis;
2339 5191 2392 5236 et
2419 5184 2508 5251 qui
2536 5181 2760 5236 forsitan
2789 5180 2858 5235 ab
2894 5178 3053 5249 hujus
3082 5176 3402 5234 rectitudine

1817 5272 2127 5336 deviat‘ttnt,
2158 5274 2225 5326 ad
2275 5276 2636 5342 integritatem
2683 5274 2949 5344 dogmatis
2977 5269 3270 5327 Christiani
3318 5283 3402 5320 επις

1818 5361 2059 5418 lubrihus
2101 5366 2315 5420 monitis
2364 5366 2705 5423 reducantur.
2736 5365 2954 5422 Noverit
3000 5370 3175 5417 autem
3218 5366 3399 5413 vestra

1820 5530 1973 5595 turno
2003 5524 2347 5579 observatione
2376 5535 2781 5595 permanserunt.
2816 5525 3063 5595 Similiter
3090 5529 3261 5595 autem
3299 5517 3395 5573 uiro

1819 5594 1963 5660 gines
2009 5594 2194 5647 nubere
2236 5592 2559 5666 prohibemus
2587 5612 2713 5666 quos
2742 5598 2889 5649 annis
2922 5594 3159 5666 plurimis
3202 5592 3255 5645 in
3283 5606 3392 5644 mos

1821 5666 2054 5717 nasteriis
2078 5665 2276 5720 atatem
2308 5668 2554 5738 peregisse
2579 5665 2863 5735 contigerit.
