3948 6314
112 356 162 411 61
1291 350 1639 410 Εριετοωε

1808 349 2146 407 DECRETA.
3167 365 3172 370 '
3274 359 3343 414 62

113 468 236 530 ερῐει.
269 465 327 520 li!
360 465 658 538 S.Leonis,
693 483 745 519 n.
785 464 989 538 10,14.
1045 463 1258 518 Venetus
1287 465 1471 538 Labbei
1501 467 1665 538 editor
1689 468 1744 528 Α
1773 466 2066 535 apostolica
2100 466 2390 521 secundum
2413 467 2806 537 Scripturarum
2841 469 3102 524 tramitem
3153 471 3344 538 praedio

113 539 378 602 ampliorem
408 537 546 590 dedit
575 537 626 588 in
676 551 775 588 sua
803 536 1089 589 collectione
1113 577 1126 601 ,
1163 537 1371 602 signatis
1402 544 1568 588 tamen
1610 537 1663 588 in

113 607 493 660 adnotationibus
525 607 801 674 diligenter
844 604 987 668 locis,
1013 607 1100 674 qui
1127 607 1179 658 in
1205 604 1425 658 breviori
1455 607 1667 675 epistola

113 679 448 732 desiderantur.
475 676 604 730 Cum
632 687 800 730 tamen
833 677 999 746 ipsam
1027 676 1265 730 brevioris
1299 677 1523 746 epistola!
1561 677 1668 743 for-

110 764 224 799 mam
249 749 408 799 minus
433 746 701 817 perspicue
725 755 888 799 mente
909 746 1174 813 concipere
1197 747 1404 800 lectores
1428 749 1622 817 valeant
1647 763 1666 817 ;

112 819 210 870 hinc
230 831 390 879 operm
413 816 632 884 pretium
677 831 758 870 me
783 821 1040 885 facturum
1083 817 1362 870 existimavi
1409 817 1451 869 si
1498 816 1667 868 latiori

111 888 338 956 epistolis,
367 887 526 954 qualis
547 889 602 939 in
629 887 849 941 editione
881 885 1071 939 Veneta
1096 895 1484 954 repraesentetur
1510 888 1608 938 huc
1638 902 1668 938 a

110 975 178 1011 nte
219 959 471 1011 translatae
513 959 768 1026 integram
813 958 967 1010 etiam
1009 957 1281 1011 breviorem
1326 956 1669 1026 subjungam;

111 1029 312 1098 θεῖςνὲρεὶ
336 1043 442 1081 vero
473 1027 617 1080 illam
641 1045 704 1081 ea:
723 1026 908 1098 Codice
935 1043 1186 1081 canonum
1215 1027 1669 1098 ecclesiasticarum

114 1116 140 1150 a
167 1095 417 1162 Quesnello
443 1099 647 1168 iulgato
677 1115 790 1167 cap.
822 1095 910 1159 50,
928 1097 1085 1167 juxta
1109 1099 1448 1152 recensionem
1490 1095 1666 1150 Balle-

117 1184 334 1222 ηποηιηι.

591 1247 615 1274 ⁸
653 1237 984 1293 EPISTULA
1038 1237 1175 1291 XIII.

489 1333 506 1362 ¹
548 1347 617 1384 an
666 1345 944 1384 setscoros
981 1345 1279 1384 pannum-3.

120 1422 330 1473 .lcaciutn
353 1421 516 1474 solius
542 1420 838 1544 apostolica:
862 1419 995 1542 aegis
1011 1419 1212 1492 judicio
1224 1423 1348 1491 jure
1374 1420 1671 1474 damnatum

762 1506 816 1544 os
840 1507 900 1544 eu
941 1502 997 1543 ll.

762 1502 997 1544 ostendit.

180 1582 194 1611 ¹
218 1581 463 1636 (Zelasius
491 1578 520 1618 ι’
551 1581 838 1651 episcopus
878 1579 1026 1636 urbis
1058 1579 1243 1636 Romae
1283 1580 1347 1635 ad
1379 1580 1670 1638 Dardanos.

178 1674 327 1729 Valde
356 1675 538 1729 mirati
563 1687 751 1730 sumus
775 1673 916 1744 quod
943 1683 1118 1729 vestra
1148 1672 1365 1729 dilectio
1395 1674 1544 1743 quasi
1574 1690 1672 1728 no-

113 1780 212 1819 vam
233 1765 251 1795 ³
271 1764 433 1820 veluti
457 1764 728 1820 difticilem
751 1765 1121 1834 qumstionem,
1147 1771 1200 1819 et
1224 1761 1402 1819 adhuc
1423 1773 1669 1833 tanquam

1770 559 2140 629 cationemque
2190 559 2450 628 majorum
2518 559 2655 615 facta
2722 561 2886 616 semel
2937 563 3347 632 congregatione

1769 664 2086 721 sanxerunt,
2122 655 2494 711 iuconvulsum
2527 657 2806 711 voluerunt
2834 656 3085 725 deinceps
3111 656 3348 710 lirmum-

1770 747 1873 816 qde
1899 756 2178 811 constare;
2211 761 2310 802 nec
2343 748 2392 799 in
2422 748 2441 778 ⁸
2470 747 2658 801 eadem
2685 763 2841 802 causa
2867 748 3040 802 denuo
3069 765 3187 818 quae
3213 764 3348 818 prm—
3389 798 3397 822 λ.

1773 840 1873 893 lixa
1905 839 2112 893 luerunt
2140 840 2418 894 retractari
2446 839 2680 908 qualibet
2706 840 2905 900 recenti
2933 828 3348 908 praesumptione

1775 930 2159 999 permiserunt;
2211 929 2605 998 sapientissime
2651 932 2670 960 ⁹
2719 930 3074 998 praevidentes
3100 931 3349 999 quoniam

1772 1023 1816 1077 si
1843 1023 2056 1077 decreta
2088 1022 2373 1077 salubriter
2403 1023 2648 1092 cuiquam
2681 1024 2868 1080 liceret
2897 1025 3114 1092 iterare,
3149 1023 3354 1079 nullum

1773 1121 1955 1166 contra
1983 1113 2224 1181 singulos
2255 1129 2494 1183 quosque
2523 1131 2742 1183 prorsus
2771 1132 2986 1173 errores
3016 1120 3206 1173 stabile
3237 1134 3350 1186 pcr~
3395 1161 3400 1166 .

1775 1213 1991 1269 s‘steret
2016 1209 2270 1265 Ecclesia:
2297 1210 2667 1274 constitutum,
2701 1224 2764 1263 ac
2803 1225 3015 1279 semper
3060 1211 3246 1266 iisdem
3277 1210 3351 1263 lu-

1776 1287 1987 1358 roribus
2019 1303 2274 1358 recidivis
2315 1303 2426 1374 [al.
2461 1303 2652 1355 luroris
2682 1301 2877 1356 residui
2899 1301 2918 1370 ‘]
2947 1303 3122 1356 omnis
3151 1302 3353 1370 integra

1777 1395 2017 1450 deﬁnitio
2046 1396 2368 1449 turbaretur.
2405 1394 2532 1447 Nam
2564 1393 2612 1448 si
2643 1393 2897 1447 limitibus
2927 1395 3086 1448 etiam
3121 1394 3353 1462 praeﬁxis

1776 1487 2068 1556 positarum
2097 1487 2265 1542 semel
2291 1484 2626 1555 synodalium
2655 1484 2978 1553 regularum,
3011 1500 3116 1537 non
3142 1493 3354 1539 cessant

1775 1577 1923 1632 elisae
1967 1584 2147 1646 pestes
2192 1576 2477 1642 resumptis
2523 1574 2901 1629 certaminibus
2947 1583 3128 1627 contra
3177 1573 3354 1626 fomla-

1779 1675 2014 1720 mentum
2041 1680 2163 1721 sese
2191 1665 2432 1720 veritatis
2461 1663 2735 1726 attollere,
2767 1674 2820 1717 et
2846 1664 3102 1731 sitnplicia
3133 1680 3356 1733 quicque

1776 1758 1937 1813 corda
1970 1767 2272 1826 percutere,
2297 1757 2421 1824 quid
2448 1757 2619 1820 ﬁeret,
2648 1756 2692 1809 si
2723 1754 2946 1826 subinde
2973 1754 3050 1808 las
3075 1766 3212 1810 esset
3239 1770 3358 1823 per-

114 1854 384 1910 inauditum
432 1855 706 1926 quidpiam
757 1869 920 1910 nosse
960 1853 1261 1922 desiderat,
1313 1854 1452 1925 quod
1503 1855 1669 1926 Euty-
1703 1849 1752 1908 B
1778 1849 1896 1903 lidis
1915 1847 2050 1903 inire
2071 1848 2538 1904 concilium?cum
2564 1846 2911 1916 “quamlibet
2935 1846 3021 1900 illa
3049 1846 3147 1917 [ιιι.
3177 1842 3357 1915 illius]

113 1946 293 2010 cbianze
337 1944 657 2016 pestilentia:
698 1945 1217 2014 communicatores,
1265 1960 1372 2001 non
1415 1944 1672 2000 habentes

113 2036 230 2106 quod
277 2052 374 2106 pro
401 2052 516 2092 sua:
553 2036 876 2108 perditionis
904 2035 1263 2092 obstinatione
1287 2035 1670 2106 respondeant,

112 2123 353 2196 frequenti
397 2127 507 2196 jam
559 2128 766 2182 ratione
808 2126 1077 2195 convicti,
1127 2127 1322 2183 misera
1371 2125 1470 2198 [αι.
1524 2125 1672 2197 sola]

112 2218 446 2284 contentione,
479 2213 958 2282 submurmurant,
1009 2231 1116 2272 non
1165 2216 1287 2285 quia
1332 2216 1402 2270 sit
1449 2215 1673 2284 alicujus

111 2309 350 2364 momenti
378 2309 521 2377 quod
571 2307 854 2377 garriunt,
888 2307 910 2338 ⁸
950 2308 1044 2363 sed
1074 2308 1196 2378 quia
1244 2323 1349 2362 non
1398 2307 1674 2378 inveniunt

109 2402 301 2469 penitus
327 2401 458 2470 quid
491 2400 798 2471 loquantur.
833 2401 930 2457 Ubi
960 2401 1130 2472 magis
1157 2415 1253 2456 eos
1277 2401 1368 2472 qui
1397 2399 1674 2455 catholicis

107 2491 332 2547 sensibus
379 2491 612 2547 instituti
657 2503 804 2558 sunt,
855 2493 1029 2548 adhuc
1072 2493 1276 2548 haerere
1328 2475 1348 2523 ⁸
1393 2493 1671 2558 miramur,

107 2597 242 2651 quam
279 2583 410 2639 illos
441 2584 532 2653 qui
578 2597 608 2636 a
647 2583 871 2638 veritate
899 2583 1244 2650 exciderunt,
1272 2593 1325 2639 et
1355 2584 1424 2639 ab
1461 2583 1674 2653 antiqua

106 2672 345 2730 Ecclesia:
375 2666 664 2730 lraditione
710 2684 836 2730 sunt
875 2674 1034 2741 devii,
1085 2674 1441 2745 prolanasque
1485 2689 1674 2728 vocum

107 2766 377 2831 novitates,
409 2776 464 2820 et
509 2766 741 2835 ineptias
781 2767 994 2822 caducae
1042 2767 1407 2836 perversitatis
1435 2767 1455 2797 ‘
1480 2768 1674 2822 obten-

108 2856 220 2924 dunt
246 2902 260 2929 ,
309 2857 513 2928 quibus
561 2873 655 2915 eos
700 2869 874 2915 vestra
923 2859 1140 2916 dilectio
1185 2861 1364 2916 retulit
1404 2862 1670 2931 jactitare.

105 2952 213 3009 Ideo
239 2955 499 3010 Acacium
529 2969 633 3009 non
678 2963 865 3024 putare
885 2954 1006 3024 jure
1028 2955 1368 3023 damnatum,
1398 2955 1538 3024 quod
1569 2971 1676 3010 non

107 3047 300 3114 speciali
327 3047 549 3119 synodo
577 3047 821 3103 videatur
849 3047 1015 3104 fuisse
1042 3049 1316 3119 dejectus;
1361 3057 1416 3103 et
1457 3049 1677 3120 insuper

107 3136 408 3195 dementiam
442 3153 557 3194 suae
581 3141 832 3195 vanitatis
861 3139 1226 3204 accumulant,
1271 3139 1550 3208 pueriliter
1577 3141 1675 3194 ad-

1778 1941 2062 1996 manil‘esta
2091 1943 2160 1995 sit
2181 1941 2400 2005 veritas,
2435 1955 2702 2009 nunquam
2726 1939 2863 1994 desit
2888 1938 3028 2009 quod
3061 1941 3357 2008 perniciosa

1777 2032 2058 2101 depromat
2088 2033 2124 2062 ”
2155 2040 2208 2084 et
2248 2030 2470 2094 falsitas,
2505 2032 2544 2061 ¹²
2578 2031 2787 2084 tametsi
2818 2030 3022 2083 ratione
3050 2029 3128 2082 vel
3177 2036 3358 2081 aucto-

1777 2123 1931 2178 ritate
1951 2122 2224 2186 deliciens,
2248 2120 2358 2175 sola
2385 2131 2560 2174 tamen
2587 2121 2628 2151 "
2649 2119 2988 2174 contentione
3011 2134 3116 2172 non
3139 2118 3353 2173 cedens.

1777 2213 1907 2279 Quae
1951 2213 2180 2279 majores
2231 2211 2396 2264 nostri
2428 2210 2603 2265 divina
2654 2209 3000 2278 inspiratiune
3040 2216 3358 2273 cernentes,

1778 2305 2079 2359 necessarie
2112 2311 2497 2372 prmcaverunt,
2524 2301 2566 2332 “
2589 2310 2777 2370 utque:
2799 2311 2982 2356 contra
3012 2315 3359 2369 unamquam-

1779 2409 1882 2465 que
1922 2394 2168 2449 hacresim
2211 2403 2394 2448 coacta
2441 2394 2543 2462 iul.
2576 2393 2720 2445 addit
2763 2391 2958 2461 semel]
3002 2391 3237 2463 synodus
3266 2406 3358 2461 pro
3453 2392 3461 2398 ’

1778 2485 1903 2550 ﬁde,
1935 2484 2346 2548 communione,
2391 2493 2443 2538 et
2486 2482 2708 2538 veritate
2747 2483 3007 2537 catholica
3048 2493 3204 2552 atque
3233 2498 3359 2551 upo-

1776 2577 1962 2632 stolica
1995 2575 2408 2646 promulgasset,
2457 2591 2564 2629 non
2607 2577 2844 2628 sinerent
2885 2585 3003 2643 post
3051 2574 3165 2628 lucc
3210 2574 3360 2629 novis

1778 2666 2246 2722 retractationibus
2295 2665 2552 2731 mutilari,
2588 2682 2653 2719 ne
2688 2667 2859 2732 ira'vis
2908 2669 3121 2720 occasio
3154 2667 3356 2734 praebe-

1779 2765 1929 2813 retur
1977 2773 2095 2826 quae
2141 2756 2528 2811 medicinaliter
2575 2756 2783 2821 fuerant
2837 2766 3030 2812 statuta
3080 2757 3360 2827 pulsandi:

1779 2849 1872 2903 sed
1919 2854 2137 2903 auctore
2184 2847 2467 2916 cujuslibet
2519 2849 2760 2912 insaniae,
2809 2863 2869 2901 ac
2927 2850 3125 2917 pariter
3177 2865 3360 2903 errore

1779 2939 2052 3002 damnato,
2084 2938 2330 2991 sullicere
2357 2936 2687 3005 judicarunt,
2719 2947 2776 2991 ut
2806 2938 3044 3006 quisquis
3072 2938 3359 3005 aliquando

1781 3028 1940 3097 hujus
1988 3027 2188 3082 erroris
2251 3026 2673 3081 communicatur
2725 3028 3018 3091 existeret,
3082 3027 3361 3097 principali

1778 3117 2044 3174 sententia
2067 3102 2424 3171 damnationis
2448 3116 2564 3184 ejus
2586 3126 2724 3170 esset
2757 3115 3040 3170 obstrictus
3071 3132 3084 3168 :
3113 3116 3360 3184 quoniam

106 3233 330 3300 jicientes
373 3234 651 3305 praecipue
681 3233 984 3302 pontiﬁcem
1035 3234 1195 3301 regite
1243 3232 1497 3286 civitatis.
1538 3232 1677 3299 Qua-

1783 3216 2059 3270 manileSIe
2107 3213 2332 3282 quilibet
2379 3213 2457 3266 vel
2507 3213 2838 3280 professione
2881 3226 2974 3267 sua
3001 3213 3082 3266 vel
3127 3228 3363 3267 comunt-

107 3335 300 3395 propter
344 3325 638 3381 stultitiam
669 3333 986 3394 respuentes
1029 3325 1265 3379 inanium
1313 3325 1673 3394 querelarum.

107 3425 391 3480 percurrere
452 3430 549 3469 vos
605 3423 816 3484 oportet
859 3415 926 3469 ab
974 3415 1104 3485 ipsis
1166 3416 1335 3471 beatis
1401 3418 1677 3485 apostolis.

110 3514 154 3558 tt
192 3507 533 3564 considerare
566 3507 857 3575 prudenter
883 3505 1134 3575 quoniam
1171 3505 1357 3562 Patres
1385 3509 1552 3562 nostri
1592 3523 1684 3562 cae

112 3599 268 3652 tiolici
316 3601 428 3672 [αι.
473 3599 621 3652 addit
670 3598 954 3670 videlicet]
1002 3599 1250 3668 doctique
1303 3601 1578 3669 pontiﬁces
1624 3603 1682 3656 in

115 3701 392 3757 unaquaque
431 3689 629 3743 haeresi
664 3689 902 3759 quolibet
939 3698 1180 3759 tempore
1213 3691 1493 3759 suscitata,
1527 3693 1680 3763 quid-

118 3779 222 3844 quid
250 3781 266 3807 τ
299 3780 388 3850 pro
418 3783 679 3846 veritate,
712 3763 807 3850 pi'o
830 3785 1204 3839 communione
1230 3785 1492 3840 catholica
1519 3796 1676 3854 atque

175 3931 196 3956 δ
224 3922 360 3978 llanc
389 3924 686 3994 epistolam
715 3922 1028 3977 cireularem
1069 3937 1210 3994 esse,
1261 3939 1486 3992 eamque
1511 3927 1682 3979 omni-

119 3991 541 4064 busortliodosis
589 3993 856 4047 haereticis
911 4003 965 4064 et
1006 3992 1370 4064 schismaticis
1405 3991 1684 4064 episcopis

119 4061 350 4116 redditam
397 4064 664 4126 voluisse,
717 4071 863 4126 patet
912 4063 964 4115 in
997 4063 1100 4116 line
1151 4062 1233 4117 his
1279 4061 1498 4121 verbis:
1537 4061 1686 4119 [lecte

119 4141 257 4204 autem
281 4135 428 4198 faciet
463 4143 636 4187 uestra
665 4132 898 4204 dilectio,
925 4142 978 4184 ut
1007 4134 1104 4185 ista
1133 4149 1247 4200 qua:
1274 4135 1558 4201 scribimus,
1584 4153 1680 4204 pa-

119 4201 218 4254 riter
259 4205 538 4258 catholicis
581 4213 628 4257 et
675 4203 932 4255 contraria
971 4205 1284 4271 sapientibus
1337 4201 1679 4269 innotescunt,

119 4281 203 4344 etc.
241 4274 464 4328 Causam
502 4273 804 4344 scribenda:
827 4271 1066 4341 epistola:
1097 4274 1322 4344 praebuit
1356 4275 1682 4344 Euphemius

119 4340 730 4414 Contantiimpulitanus
755 4340 1035 4410 episcopus
1060 4340 1453 4410 schismaticus,
1479 4346 1566 4414 qui
1592 4345 1684 4399 dc-

121 4411 254 4481 luncti
285 4418 463 4469 Acacii
489 4426 718 4467 causam
749 4415 981 4481 iniquam
1024 4423 1077 4466 et
1108 4414 1320 4480 impiam
1350 4411 1680 4469 falsis'texti-

123 4479 201 4533 bus
227 4501 452 4551 ornans,
508 4493 738 4554 conatus
785 4479 867 4537 et
915 4479 1606 4554 Orientalescocpisc’opos
1655 4500 1683 4538 a

124 4553 468 4618 conjunctione
546 4551 692 4607 sedis
755 4553 1061 4620 apostolicae
1115 4552 1368 4607 avellere.
1432 4551 1525 4608 Ut'
1558 4569 1684 4623 ergo

128 4633 302 4694 summe
341 4625 681 4694 periclitanti
722 4623 999 4694 Orientalii
1027 4623 1278 4677 Eoi-lesim
1322 4635 1680 4693 succurreret,

131 4687 240 4763 hanc
265 4687 532 4758 pru'lixam
567 4694 727 4747 valde
762 4702 920 4761 atque
951 4693 1204 4763 disertam
1233 4695 1545 4762 epistolam,
1579 4687 1683 4763 qua

131 4759 349 4816 Acacium
395 4765 548 4824 sedis
609 4759 918 4833 apostolica:
968 4762 1169 4830 judicio
1207 4759 1329 4832 jure
1377 4759 1682 4818 damnatum

132 4835 491 4948 ῗὲοειεηάἱι,
519 4833 591 4886 ad
613 4832 886 4888 Dardaniae
911 4833 1191 4902 episcopos
1216 4835 1524 4889 transmisit.
1553 4835 1683 4890 Sev.

185 4944 196 4948 _
215 4917 298 4948 πξι
1628 4920 1662 4948 ο

169 4911 278 4955 tritus
288 4945 299 4956 .
1628 4920 1662 4954 ο

193 5018 205 5044 ³
231 5016 296 5071 De
315 5023 406 5075 hac
424 5019 666 5090 epistola
685 5021 905 5073 consule
925 5019 992 5074 cl.
1019 5020 1281 5090 Matinium
1303 5020 1351 5072 in
1375 5019 1686 5090 prtel'atione

139 5083 207 5158 ad
223 5083 640 5158 supplementum
669 5090 983 5143 Aeaci-anum
1026 5088 1253 5158 (Pntrol.
1307 5083 1428 5142 tom.
1463 5088 1684 5154 LVIII,

135 5155 226 5206 col.
255 5155 388 5227 957).
417 5159 636 5216 Collata
668 5159 767 5212 fuit
799 5173 915 5212 cum
959 5155 1262 5228 pet-vetusto
1307 5160 1490 5213 codice
1521 5160 1687 5214 Vero-

137 5228 303 5296 ncnsis
329 5231 556 5296 apituli,
593 5230 762 5292 mille,
792 5238 850 5281 ut
872 5231 1126 5292 creditur,
1158 5244 1417 5283 annorum
1450 5243 1476 5280 a
1512 5229 1686 5284 Fran-

133 5294 264 5368 cisco
289 5294 574 5356 Blanchino
606 5299 848 5367 ejusdem
878 5301 1087 5368 capituli
1120 5301 1396 5362 canonico,
1422 5308 1474 5354 et
1501 5299 1690 5354 biblio-

135 5364 539 5438 tjwcaecustode;
557 5379 621 5424 et
637 5364 694 5423 in
716 5383 785 5421 eo
805 5369 904 5424 hoc
927 5364 1261 5438 estjepistola‘.
1281 5379 1648 5438 argumentum
1671 5386 1683 5421 :

138 5431 302 5505 Incipis
333 5431 548 5496 rationis
595 5439 874 5493 reddenda:
901 5431 1138 5494 Acacium
1183 5458 1214 5492 a
1258 5431 1373 5494 sedo
1411 5441 1691 5509 apostolica

137 5518 438 5581 φωκιειιιετ
477 5513 649 5581 fuisse
677 5510 1010 5574 damnatum;
1041 5511 1417 5581 titulusivcro:
1457 5511 1692 5564 Dilectis-

138 5576 521 5656 simisfratribris
555 5579 803 5634 uniuersis
832 5582 1072 5648 episwpis
1103 5597 1190 5650 per
1223 5580 1536 5633 Dardaniam
1571 5596 1692 5634 con-

137 5650 294 5703 stitutis
323 5652 595 5705 Gelasius.

141 5763 148 5770 .
195 5717 407 5792 ’iklias,
457 5719 1098 5792 dilectissimisfrntribus
1147 5721 1390 5791 universis
1440 5722 1691 5792 episcopis

141 5787 547 5846 MDardam’am
581 5791 866 5844 constitutis
892 5788 1143 5843 Gelasius.

1781 3309 1946 3362 nione
1992 3315 2172 3377 posset
2220 3307 2457 3382 agnosci.
2512 3305 2577 3358 Et
2632 3314 2688 3359 ut
2735 3305 2844 3375 [αι.
2903 3307 3044 3363 addit
3093 3307 3364 3384 brevitatis

1784 3397 1983 3464 causal
2035 3397 2212 3466 priora
2264 3407 2573 3463 taceamus,
2635 3411 2755 3466 qua:
2803 3397 3030 3466 diligens
3083 3385 3365 3466 i‘nquisEtor

1783 3487 1941 3541 facile
1969 3487 2160 3556 poterit
2186 3488 2469 3557 vestigare,
2493 3487 2780 3543 Sabellium
2805 3487 3076 3568 damnavit
3096 3491 3362 3560 synodus;

1783 3602 1910 3652 nec,
1943 3594 1997 3639 ut
2027 3595 2320 3641 sectatores
2348 3587 2461 3654 ejus
2494 3595 2676 3656 postea
2710 3588 3116 3657 damnarentur,
3144 3605 3366 3645 necesse

1788 3687 1888 3742 fuit
1939 3689 2173 3757 singulas
2199 3689 2394 3742 viritim
2445 3690 2676 3759 synodos
2709 3690 2988 3756 celebrari,
3021 3692 3113 3746 sed
3162 3709 3257 3760 pro
3290 3704 3366 3748 te-

1787 3805 1916 3845 nore
1945 3789 2341 3845 constitutionis
2369 3793 2599 3860 antiquae
2626 3800 2845 3844 cunctos
2871 3791 2960 3857 qui
2982 3791 3066 3844 vel
3092 3794 3364 3861 pravitatis

1864 3927 1890 3965 ι)
1921 3928 2244 3995 Euphcmius
2273 3929 2336 3979 ad
2369 3929 2764 3980 excusationem
2811 3929 2985 3998 Acacii
3016 3928 3245 3995 dicebat,
3282 3931 3363 3998 ip-

1793 4012 1908 4051 sum
1936 3999 2178 4068 synodali
2206 3999 2403 4063 judicio
2431 4013 2532 4049 nou
2562 3998 2719 4050 fuisse
2751 3995 3176 4064 condemnatum,
3203 3995 3364 4054 adeo-

1794 4085 1894 4134 que
1919 4083 2121 4139 nomen
2153 4068 2268 4136 ejus
2311 4085 2340 4120 e
2380 4069 2544 4121 sacris
2575 4070 2769 4123 tabulis
2800 4085 3129 4139 nequaquam
3159 4087 3364 4139 expun-

1792 4137 2044 4206 gendum.
2079 4139 2226 4202 Quod
2257 4141 2298 4190 si
2331 4139 2396 4189 de
2431 4140 2711 4192 IIIIIVl‘I'SiIII
2742 4149 2795 4194 et
2830 4137 3162 4195 meumenico
3185 4137 3364 4196 conci-

1795 4211 1866 4261 lio
1898 4208 2209 4282 _Il_tchIig:t__l,_
2234 4224 2414 4282 vettttn
2449 4219 2555 4268 est;
2609 4209 2652 4260 si
2681 4207 2746 4262 de
2790 4213 3102 4282 provinciali
3161 4213 3366 4282 synodo

1794 4279 2110 4345 accipiatur,
2146 4277 2485 4331 falsissimum
2529 4292 2646 4332 esse
2677 4277 2882 4334 constet
2913 4297 2974 4335 ex
3025 4282 3087 4333 iis
3119 4277 3234 4348 quin
3274 4298 3364 4334 su-

1794 4364 1885 4412 pra
1918 4351 2217 4401 notaviums
2250 4349 2297 4400 in
2327 4351 2467 4399 notis
2516 4349 2882 4415 epistolarurn',
2935 4361 2986 4404 et
3019 4353 3363 4405 conciliorum

1795 4418 2158 4472 Ilomanorum
2191 4420 2290 4472 sub
2320 4417 2494 4472 Felice
2525 4419 2590 4472 lll
2627 4418 2952 4475 habitorum.
2989 4421 3282 4478 Universali
3315 4433 3367 4476 et

1792 4488 2129 4542 meumeuiru
2158 4489 2383 4539 concilio
2415 4504 2587 4556 neque
2626 4493 2788 4556 potuit
2821 4508 2990 4556 neque
3024 4492 3203 4545 debuit
3235 4493 3365 4545 Aca-

1792 4558 1909 4612 cius
1941 4557 2205 4611 damnati.
2233 4559 2532 4630 Orientales
2565 4561 2800 4630 episcopi
2833 4577 3018 4614 ()IlIIICa
3049 4562 3159 4615 fere
3188 4564 3366 4614 Acacii

1793 4631 2178 4700 communione
2229 4629 2418 4696 Polluli
2473 4628 2681 4682 fuerant
2711 4671 2723 4691 ,
2753 4628 3019 4700 ‘adeoque
3072 4633 3368 4687 universale

1800 4698 2085 4771 concilium
2110 4699 2293 4771 haberi
2326 4715 2426 4771 non
2456 4707 2690 4771 poterat.
2723 4701 2786 4753 Et
2817 4698 2946 4769 quia
2967 4703 3130 4755 solius
3159 4705 3370 4771 pimtili-

1793 4768 1869 4821 cis
1900 4768 2123 4822 Romani
2154 4769 2414 4821 sententia
2439 4769 2743 4824 damnatum
2767 4768 2887 4825 esSe
2917 4768 3239 4837 sufficiebat,
3274 4790 3366 4826 co-

1796 4837 1919 4962 gam
1945 4839 2230 4962 igriversali
2259 4846 2312 4892 et
2335 4840 2664 4896 meitmcnico
2689 4839 2911 4898 concilio
2940 4858 3071 4911 Opus
3103 4860 3204 4896 non
3235 4853 3367 4898 erat.

1840 4923 1924 4962 sv.
2002 4925 2156 4962 tutus.

1840 4923 1924 4962 EV.
1958 4923 2156 4963 BINIUS.

1869 5024 1888 5052 ³
1916 5023 2046 5076 Cod.
2082 5023 2299 5087 Veram,
2329 5035 2375 5077 et
2400 5025 2567 5076 t-clnii.

1868 5092 1886 5122 ⁵
1917 5093 1993 5147 Id.
2025 5093 2167 5157 cod.,
2201 5110 2290 5146 nec
2309 5094 2586 5146 inveniunt.

1869 5163 1889 5192 '
1917 5162 1992 5217 Id.
2023 5163 2170 5226 cod.,
2201 5173 2536 5216 murmurant.

1871 5233 1890 5263 °
1922 5233 1996 5286 Id.
2029 5233 2176 5300 cod.,
2210 5233 2491 5287 obtendere.

1870 5304 1889 5333 ⁷
1920 5303 1992 5357 Id.
2026 5303 2170 5369 cod.,
2197 5321 2289 5373 pro
2316 5304 2436 5370 ﬁde,
2463 5317 2554 5372 pro
2582 5310 2806 5373 ueritate.

1870 5375 1891 5405 ⁸
1918 5373 1992 5426 Id.
2025 5373 2170 5438 cod.,
2199 5372 2289 5426 nec
2310 5374 2361 5426 in
2390 5375 2484 5426 hac
2507 5372 2702 5427 eadem.

1870 5446 1888 5475 9
1922 5444 1996 5497 Id.
2022 5443 2168 5508 cod.,
2194 5444 2526 5512 pervidentes.

1872 5514 1912 5544 ¹⁰
1940 5513 2013 5567 Id.
2049 5515 2192 5577 cod.,
2221 5514 2473 5578 qua'libet.

1873 5584 1910 5615 “
1942 5585 1996 5636 In
2027 5583 2147 5637 eod.
2181 5585 2304 5639 cod.
2339 5585 2488 5638 deest
2513 5596 2576 5636 cl.

1815 5667 1817 5670 ‘
1874 5653 1914 5684 “
1940 5653 2013 5706 Id.
2037 5652 2180 5714 cod.,
2205 5665 2250 5705 et
2275 5656 2338 5707 si.

1872 5723 1915 5784 ¹,³
1949 5723 2022 5775 Id.
2055 5723 2200 5784 cod.,
2230 5725 2526 5776 intentione.

1877 5776 1917 5824 δ
1951 5793 2025 5847 ItI.
2054 5776 2200 5860 cod.,
2231 5803 2280 5846 ut
2310 5805 2550 5846 eontra...
2597 5792 2730 5858 quod
2754 5798 2865 5846 acta
2887 5789 3136 5864 synodus,
3164 5803 3271 5852 etc.
