3948 6314
178 388 229 441 65
1364 382 1717 438 l‘ll’lSTOL/E
1758 382 1846 436 ET
1888 383 2227 439 DECRETA.
3361 388 3428 441 66

173 497 460 554 monstravit
505 497 693 553 inesse
724 498 1061 567 propositum
1111 497 1383 552 lacerandi
1423 500 1733 564 catholicos,
1768 505 1819 563 Α
1842 503 2099 573 judicium
2130 502 2458 574 apostolatus
2488 500 2678 555 adesse
2704 500 3021 569 contempsit
3047 518 3061 567 ;
3092 516 3192 556 nec
3223 514 3429 569 poterat

172 590 533 659 haereticosque
563 588 850 657 laudandi,
894 604 1117 658 seseque
1163 605 1349 644 eorum
1385 591 1577 658 potius,
1610 606 1745 660 quos

167 682 420 745 laudabat,
464 681 652 735 docuit
695 696 819 735 esse
868 680 1201 751 participem,
1244 696 1403 750 quam
1452 683 1745 735 catholici)-

164 790 297 840 rum,
326 788 459 844 quos
480 773 754 827 nitebatur
779 773 1117 837 deeolorare,
1149 783 1454 828 consortem
1484 792 1496 826 :
1525 776 1748 842 tulitque

160 868 225 921 de
248 882 307 920 se
337 866 453 935 ipse
480 864 765 935 judicium,
796 880 919 919 cum
962 865 1200 918 damnati
1233 865 1465 919 hominis
1504 880 1747 919 commu-

157 957 325 1012 nione
348 957 601 1025 pollutus,
621 956 986 1009 damnationis
1012 956 1127 1023 ejus
1150 954 1322 1009 factus
1345 965 1426 1010 est
1458 955 1745 1023 particeps.

156 1047 235 1102 Ita
271 1057 323 1102 et
357 1046 506 1102 sedes
533 1047 826 1115 apostolica
852 1046 993 1116 quod
1040 1047 1103 1100 ad
1136 1047 1492 1101 necessariam
1526 1047 1749 1116 diligen-

156 1143 290 1195 tiam
320 1141 610 1209 respiceret
639 1139 711 1192 nil
752 1138 952 1202 omisit,
983 1147 1036 1192 et
1064 1138 1293 1192 Aeacius
1324 1139 1616 1192 secundum
1641 1137 1749 1191 for-

156 1248 301 1287 mam
331 1232 524 1302 synodi
545 1230 1025 1294 Chaleedonensis,
1057 1244 1158 1298 qua
1190 1244 1343 1284 error
1383 1229 1469 1283 cui
1510 1244 1751 1284 commu-

158 1325 357 1377 nicavit
380 1322 549 1377 elisus
574 1331 678 1387 est,
706 1322 845 1375 sicut
873 1320 939 1376 de
970 1320 1222 1375 heret-to
1245 1319 1463 1376 homine
1493 1322 1749 1389 scriptum

161 1426 275 1479 est,
324 1431 426 1471 suo
470 1415 677 1484 judicio
723 1414 1110 1471 condemnatus
1157 1414 1442 1483 apparuit,
1504 1413 1752 1484 justeque

162 1509 310 1562 sedes
330 1507 652 1576 apostolica,
676 1520 795 1576 qua:
819 1506 1001 1574 utique
1016 1519 1074 1560 se
1094 1504 1513 1560 Alexandrinum
1533 1507 1751 1561 Petrum

164 1599 466 1665 damnasse,
499 1614 606 1654 non
634 1600 795 1654 etiam
818 1598 1042 1653 solvisse
1073 1608 1359 1666 memorat,
1390 1596 1463 1654 ne'
1484 1600 1752 1681 per'Aca-

167 1693 229 1745 cii
260 1691 545 1760 pristinam
570 1691 1003 1746 communionem
1032 1690 1174 1745 Petri
1196 1676 1410 1759 quoque
1437 1676 1748 1760 collegium,

168 1784 247 1837 cui
274 1783 505 1837 Aeacius
536 1782 1048 1845 communicaverat,
1083 1781 1367 1851 incideret,
1402 1782 1575 1848 ipsum
1605 1796 1752 1834 eom-

1853 598 1988 651 ultra
2029 595 2249 661 diderri,
2300 608 2388 658 ne,
2446 593 2583 646 sicut
2630 592 2831 645 dictum
2879 602 2979 658 est,
3028 593 3241 661 antiqua
3290 594 3431 649 illius

1850 686 2225 742 communione
2251 686 2500 749 durante,
2533 698 2654 738 cum
2684 697 2802 737 sese
2824 683 2932 752 jam
2965 682 3224 737 sociasset
3247 674 3439 738 exter?

1852 793 1955 841 nm,
2001 778 2155 830 sedes
2203 790 2413 845 quoque
2454 773 2745 843 apostolica
2796 789 2889 841 per
2937 788 3057 826 eum
3102 775 3431 843 pollueretur

1851 869 2111 937 contagiis
2136 867 2480 935 perﬁdorum,
2517 864 2841 933 dignumque
2871 874 3015 917 esset
3049 865 3131 918 vel
3184 866 3431 932 pracvari-

1802 1034 1805 1037 ,
1850 969 2108 1026 catorem,
2140 958 2222 1012 vel
2244 964 2661 1025 contemptorem
2689 956 2872 1025 judicii
2904 957 3279 1026 competentia,
3310 973 3428 1013 ma-

1855 1049 2197 1103 nifestissime
2228 1048 2433 1101 scilicet
2483 1047 2550 1099 de
2595 1060 2693 1099 suo
2736 1046 2947 1114 negotio
2976 1048 3372 1114 desperantem,
3406 1063 3434 1101 a

1853 1141 2116 1195 catholica
2147 1147 2305 1207 atque
2335 1139 2625 1207 apostolica
2656 1136 2959 1207 integritate
2980 1147 3033 1192 et
3063 1137 3436 1193 communione

1855 1232 2077 1287 secludi.
2095 1261 2161 1269 —
2178 1230 2272 1284 Hic
2293 1234 2334 1282 si
2356 1231 2679 1283 examinatio
2694 1230 2972 1297 qumritur,
2992 1228 3310 1296 jamjudieio
3330 1244 3438 1283 non

1856 1332 1971 1379 erat
1997 1338 2163 1393 opus;
2191 1324 2211 1352 ²
2240 1330 2585 1389 posteaquam
2609 1330 2662 1373 et
2685 1320 2876 1374 litteris
2896 1319 3007 1374 suis
3028 1320 3142 1388 ipse
3164 1318 3438 1373 confessus

1855 1425 1959 1479 est,
1991 1423 2044 1468 et
2090 1413 2155 1467 ad
2200 1412 2492 1481 legitimum
2516 1394 2775 1480 judicium
2812 1419 3031 1466 vocatus
3075 1408 3225 1482 adire
3272 1410 3444 1479 parti-

1855 1506 2009 1571 muit,
2035 1508 2081 1558 si
2106 1504 2438 1559 auctoritatis
2468 1500 2673 1573 pondus
2704 1503 3012 1572 inquiritur,
3041 1500 3441 1555 Chalcedonen-

1855 1599 1929 1651 sis
1958 1596 2147 1668 synodi
2183 1596 2203 1626 ³
2230 1605 2378 1650 tenor
2408 1610 2527 1649 cum
2574 1595 2863 1665 apostolica
2900 1594 3029 1649 sede
3074 1593 3436 1659 consentiens,

1856 1672 1911 1743 et
1954 1689 2095 1763 illius
2137 1687 2463 1742 deﬁnitionis
2504 1689 2775 1741 exsecutio
2805 1686 3070 1755 reperitur
3103 1686 3442 1739 condemnati

1859 1780 1975 1835 illic
2005 1780 2209 1853 erroris
2240 1780 2665 1833 communicator
2695 1778 2918 1833 ell'eetns
2943 1794 2956 1829 :
2989 1776 3222 1846 praeﬁxa:
3252 1775 3443 1831 nihilo-

172 1883 408 1939 [eteuter
434 1873 690 1927 Acacium
719 1888 748 1926 a
774 1888 870 1928 sua
900 1873 1277 1949 communione
1305 1872 1587 1943 submovit.
1613 1872 1754 1939 Qua-
1861 1875 2036 1928 minus
2066 1872 2262 1927 ibidem
2293 1870 2559 1941 particeps
2598 1870 2955 1924 damnationis
2982 1868 3002 1898 ⁸
3024 1869 3287 1937 apparuit,
3318 1882 3447 1936 quo-

173 1976 386 2035 propter
414 1977 596 2020 utrum
627 1967 799 2020 errori
830 1959 1370 2034 vel‘przevaricationi
1392 1962 1755 2020 communica;

178 2058 305 2112 verit
348 2057 620 2123 Aeacius,
689 2057 817 2127 quid
878 2071 1009 2124 Opus
1056 2065 1173 2112 erat
1210 2072 1362 2113 nova
1425 2040 1761 2112 discussione.

179 2149 531 2219 cognoscere?
560 2163 681 2203 cum
705 2149 814 2216 jam
848 2148 1039 2203 litteris
1068 2150 1180 2203 suis
1207 2138 1373 2205 esset
1394 2150 1508 2219 ipse
1546 2139 1759 2204 confes-

180 2254 280 2301 sus,
306 2255 387 2303 ac,
429 2240 573 2293 sicut
601 2239 861 2308 scriptum
894 2248 997 2305 est,
1032 2238 1260 2311 Orertuo
1282 2228 1672 2309 ‘justiﬁcaberis,
1709 2224 1762 2294 et

182 2350 256 2387 ore
281 2345 363 2387 tuo
390 2333 805 2387 condemnaberis
838 2332 1052 2403 (Matth.
1078 2333 1199 2404 xu),
1225 2319 1511 2389 verborum
1536 2347 1756 2388 suorum

182 2426 392 2481 vinculis
430 2435 486 2480 et
537 2440 662 2480 reus
705 2422 1079 2491 tenereturvet
1118 2416 1239 2495 jure
1265 2419 1604 2495 plectendos.
1650 2418 1760 2481 Cur

182 2518 287 2588 ipse
310 2520 361 2573 in
395 2533 532 2573 nova
551 2532 736 2583 causa,
759 2533 919 2587 quam
948 2518 1183 2588 synodus
1210 2501 1755 2587 nulla'prieeesserat,

180 2610 449 2675 Joannem,
483 2624 645 2679 quem
678 2609 791 2663 suis
834 2608 1026 2663 litteris
1055 2592 1383 2687 impetebat,
1411 2594 1764 2687 qualemcurﬁ

177 2718 273 2771 que
300 2702 555 2755 secundae
583 2701 729 2755 sedis
756 2700 1086 2769 episcopum,
1117 2702 1173 2769 in
1202 2685 1407 2770 primae,
1431 2688 1577 2755 sedis
1608 2686 1760 2755 beati

171 2794 310 2850 Petri
341 2791 569 2861 apostoli
596 2791 800 2860 judicio
824 2783 1132 2871 confutare
1158 2792 1439 2859 despexit;
1468 2798 1524 2846 et
1554 2801 1605 2845 ut
1637 2780 1765 2871 eauf

169 2900 280 2941 tam
306 2885 535 2951 diceret,
564 2898 660 2938 seu
692 2898 893 2952 perse,
939 2866 1051 2939 seu.
1076 2866 1180 2952 per
1220 2872 1409 2949 alium,
1440 2883 1523 2937 vel
1554 2867 1759 2947 venire,

165 2980 252 3035 vel
280 2978 558 3032 destinare
584 2964 917 3045 contempsit]
951 2993 968 3047 ε
1005 2960 1517 3044 ἰιιᾱὲεζιιιιιιιιιιιὺειιε
1548 2964 1763 3043 eujusli-

165 3074 263 3126 bet
288 3068 520 3124 civitatis
542 3063 764 3121 antistes
787 3056 859 3119 ad
884 3068 1069 3134 prima:
1094 3056 1240 3121 aedis
1269 3066 1454 3120 venire
1478 3065 1762 3135 judicium,

162 3162 239 3215 ad
266 3159 411 3230 quod
450 3157 702 3212 secunda:
723 3158 867 3233 sedis
898 3140 1145 3211 cerneret
1174 3157 1385 3225 venisse
1431 3140 1759 3225 pontiﬁCem,

1864 1966 2004 2019 niam
2033 1964 2171 2018 idetn
2203 1964 2317 2031 ipse
2342 1962 2621 2031 errorqui
2653 1954 2821 2016 semel
2851 1970 2932 2014 est
2958 1975 3079 2013 eum
3105 1975 3200 2013 suo
3228 1971 3446 2013 auctoxe

1862 2057 2164 2118 damnatus,
2194 2056 2242 2107 in
2272 2053 2529 2121 participe
2556 2052 2795 2121 quolibet
2844 2065 3019 2119 prava:
3057 2050 3445 2105 communionis

1862 2143 2073 2215 effecto,
2106 2161 2158 2204 et
2186 2148 2609 2221 exsecrationem
2637 2140 2722 2199 Sui
2755 2130 2929 2214 gestat
2972 2152 3028 2199 et
3073 2158 3305 2213 pmnam.
3337 2143 3448 2197 lloc

1864 2238 2233 2298 tenore'ctiam
2260 2241 2576 2295 Timotheus
2596 2237 2836 2302 AEIurus,
2868 2238 3189 2313 atqueg‘ipse
3217 2236 3449 2290 AleXan-

1862 2336 2050 2391 drinus
2093 2326 2307 2400 Petrus,
2356 2333 2444 2402 qui
2478 2331 2768 2387 secundam
2800 2340 2945 2384 certe
2985 2328 3166 2383 sedem
3198 2342 3442 2398 quoquo-

1872 2408 2031 2505 rn’odo
2062 2427 2300 2481 tenuisse
2330 2423 2667 2487 videbantur,
2701 2436 2805 2475 nou
2830 2420 3070 2490 repetita
3099 2419 3324 2490 synodo,
3356 2418 3450 2473 sed

1868 2508 2191 2592 auctoritate
2215 2506 2743 2592 tantummodo'sedis
2765 2514 3093 2581 apostolicae,
3109 2512 3224 2581 ipso
3245 2526 3452 2581 quoque

1866 2590 2064 2685 Aeacio
2114 2598 2414 2679 postulante
2462 2590 2922 2675 vel'exsequente
2980 2597 3276 2673 l‘probatur
3333 2617 3452 2657 esse

1866 2690 2181 2785 damnatus;
2214 2687 2355 2756 nunc
2382 2709 2560 2756 autem
2592 2700 2693 2769 ipsi
2723 2700 2950 2754 doceant
2977 2697 3215 2767 legitime
3239 2692 3451 2750 Petrum

1865 2780 2030 2853 fuisse
2062 2780 2362 2866 purgatum,
2386 2804 2440 2850 et
2468 2794 2536 2849 ab
2557 2794 2702 2848 omni
2737 2793 3105 2847 haereticorum
3133 2788 3453 2858 contagione

1864 2874 1966 2945 rite
1990 2874 2276 2944 discretum
2296 2875 2428 2941 cum
2457 2888 2505 2940 ei
2532 2885 2949 2941 communicavit
2976 2872 3222 2946 Aeacius,
3254 2882 3297 2935 si
3329 2874 3447 2948 ejus

1865 2960 2372 3035 communicatorem
2420 2986 2605 3045 putant
2635 2974 2888 3030 Acacium
2919 2973 3254 3042 aliquatenus
3284 2985 3445 3026 exeu-

1866 3055 2111 3133 saudum,
2146 3056 2238 3123 aut
2280 3069 2346 3133 si,
2380 3069 2520 3138 quod
2568 3066 2737 3136 magis
2761 3074 2843 3121 est
2881 3079 3089 3130 verum,
3122 3061 3449 3119 convenien—

1870 3174 1949 3219 ter
1978 3159 2160 3233 atque'
2187 3163 2423 3243 legitime
2452 3162 2667 3216 Petrum
2691 3160 2711 3192 ⁸
2733 3159 2960 3229 probare
3007 3173 3114 3212 non
3168 3163 3453 3227 potuerunt

166 3251 312 3323 quod
340 3249 623 3303 Anatolius
649 3234 1251 3335 Constantinopolitana:
1294 3236 1447 3303 urbis
1479 3237 1764 3335 cp‘i'seopus
1790 3265 1837 3328 ο
1870 3257 2140 3331 expiatum
2162 3255 2181 3284 ⁷
2212 3238 2451 3322 (propter
2479 3252 2619 3322 quod
2664 3253 2825 3306 etiam
2854 3250 2920 3304 ad
2957 3239 3265 3319 apostolicae
3309 3238 3453 3305 Sedis

169 3343 357 3399 missis
388 3338 748 3410 legationibus
772 3334 875 3408 'pro
894 3332 996 3413 sua
1020 3332 1249 3409 persona
1274 3338 1469 3395 fecisse
1484 3332 1764 3409 monstra-

168 3438 299 3492 tur?
326 3434 468 3488 Ecce
494 3428 657 3487 etiam
685 3432 737 3485 in
760 3431 859 3486 hae
890 3420 1039 3500 parte
1066 3422 1395 3487 vocemnou
1419 3432 1617 3487 habent
1637 3447 1765 3486 con-

171 3516 469 3599 querentes
493 3541 506 3576 :
526 3518 707 3597 ecce,
730 3524 969 3592 inquam,
1008 3508 1078 3593 ad
1109 3524 1517 3595 legitimumest
1546 3534 1766 3580 vocatus

178 3606 432 3683 examen,
460 3616 547 3670 ubi
582 3615 665 3669 vel
692 3606 1021 3683 suas'partes
1040 3616 1199 3684 juStis
1226 3616 1632 3685 allegationibus
1659 3618 1768 3672 dc-

179 3702 441 3771 Iensiaret,
483 3709 527 3761 si
566 3708 655 3761 ille
701 3707 1008 3775 apostolica:
1036 3694 1422 3777 ‘sedis‘refugit
1454 3722 1681 3763 examen
1715 3710 1766 3763 in

184 3802 414 3860 Joannis
428 3786 671 3853 catholici
697 3786 969 3866 pontiﬁcis
987 3798 1200 3877 negotio
1222 3799 1556 3877 vestigando,
1581 3815 1769 3870 quem-

160 3876 473 3950 ‘admodum
514 3885 670 3945 sedes
690 3878 1005 3967 'rrapostoliea
1046 3889 1113 3943 de
1139 3876 1460 3959 'reeeptione
1490 3891 1631 3945 Petri
1663 3891 1770 3945 lue-

189 3978 340 4043 rctiei
368 4000 462 4039 sua
494 3984 813 4055 auctoritate
844 3982 1081 4047 resoluti,
1116 3984 1296 4037 Acacii
1327 3980 1507 4038 fuerat
1522 3993 1770 4039 secutura

191 4070 476 4149 judicium?
510 4076 587 4129 An
612 4064 1178 4142 'sedem‘a‘postolicam
1210 4075 1541 4144 congruebat
1590 4068 1772 4145 parte?-

192 4173 285 4226 ciae
310 4165 671 4223 Heracliensis
698 4157 981 4243 Ecclesiae,
1012 4165 1063 4219 id
1091 4151 1772 4235 est.Constantinopolitani

194 4252 477 4332 manus,
502 4257 585 4312 vel
615 4246 977 4326 quorumlibet
1004 4246 1255 4321 aliorum,
1274 4246 1524 4326 quicum
1559 4249 1771 4323 eodem,

180 4346 277 4431 ’νει
304 4348 522 4421 propter
539 4364 669 4431 eum
697 4348 909 4402 fuerant
933 4348 1313 4418 congregandi,
1354 4349 1610 4417 judicium
1640 4364 1775 4425 prte-

188 4428 411 4500 stolari?
442 4428 583 4511 Cum
620 4434 966 4511 apostolicam
1010 4428 1252 4509 ejusdem
1289 4442 1473 4509 prima:
1514 4443 1657 4496 sedis
1682 4458 1776 4495 au-

191 4527 452 4590 dientiam
495 4530 1121 4605 constantinopolitanus
1146 4531 1429 4600 episcopus
1458 4532 1769 4599 declinaret,

1863 3346 2118 3416 judicium
2152 3346 2377 3403 Aeacius
2404 3346 2484 3401 vel
2516 3346 2701 3400 venire
2730 3344 2812 3399 vel
2859 3343 3129 3399 destinare
3156 3358 3261 3397 non
3286 3334 3453 3399 ausus

1869 3440 2017 3513 est);
2051 3424 2218 3493 restat
2260 3448 2318 3492 ut
2358 3438 2410 3492 in
2456 3438 2569 3507 ejus
2596 3437 3082 3492 communicatione
3125 3435 3229 3507 [Al.
3254 3446 3311 3489 ut
3338 3424 3454 3504 ejus

1868 3529 2251 3608 inexpiat'ione]
2283 3530 2459 3593 fuerit,
2483 3538 2537 3583 et
2565 3528 2655 3598 qui
2683 3528 2731 3583 ei
2756 3527 3170 3583 communicavit
3201 3527 3444 3585 infectus.

1868 3621 2026 3689 9Non
2059 3612 2344 3677 reticemus
2372 3621 2478 3693 [AL
2499 3621 2606 3676 Nec
2630 3620 2788 3695 plane
2816 3620 3079 3691 tacemus]
3108 3629 3284 3675 autem
3307 3620 3446 3691 quod
3472 3618 3475 3621 ’

1869 3723 2059 3783 cuncta
2105 3730 2198 3783 per
2233 3714 2490 3767 mundum
2531 3713 2679 3766 novit
2708 3712 2982 3775 Ecclesia;
3030 3711 3278 3779 quoniam
3323 3727 3451 3777 quo-

1868 3805 2120 3873 rumlibet
2169 3786 2449 3859 sententiis
2492 3803 2648 3870 ligata
2696 3786 3005 3869 pontificum
3035 3839 3049 3862 ,
3110 3799 3266 3851 sedes
3312 3799 3451 3853 beati

1872 3896 2013 3971 Petri
2046 3896 2277 3965 apostoli
2302 3896 2390 3963 jus
2413 3894 2603 3967 habeat
2631 3890 2955 3955 resolvendi,
2976 3898 3160 3958 utpote
3177 3890 3315 3957 quod
3341 3889 3448 3961 [AL

1873 3986 2012 4057 quae]
2039 3987 2104 4040 de
2134 3987 2276 4041 omni
2317 3984 2556 4039 Ecclesia
2608 3982 2687 4036 fas
2728 3982 2919 4038 habeat
2955 3982 3249 4052 judicandi,
3283 3999 3457 4054 neque

1873 4081 2118 4147 cuiquam
2148 4076 2214 4131 de
2245 4076 2359 4145 ejus
2388 4076 2542 4129 liceat
2567 4070 3052 4143 judicarejudicio,
3084 4075 3345 4145 siquidem
3387 4076 3452 4131 ad

1874 4170 2019 4224 illam
2049 4168 2115 4222 de
2143 4166 2381 4236 qualibet
2407 4166 2587 4219 mundi
2619 4175 2768 4233 parte
2794 4179 3030 4220 canones
3074 4166 3330 4235 appellari
3362 4182 3454 4219 vo-

1875 4260 2090 4336 luerint,
2122 4259 2188 4336 ab
2221 4258 2307 4311 illa
2336 4266 2514 4311 autem
2558 4271 2718 4312 nemo
2747 4257 2818 4310 sit
2847 4256 3113 4326 appellare
3141 4257 3453 4326 permissus.

1870 4334 2213 4429 :QuaprOpter
2243 4365 2361 4404 cum
2398 4351 2527 4403 satis
2559 4359 2769 4403 constet
2820 4350 3071 4403 Acacium
3124 4349 3326 4403 nullum
3367 4351 3459 4403 ha-

1870 4444 2056 4521 buisse
2100 4442 2448 4512 pontiﬁcium,
2499 4443 2763 4497 sententia
2808 4441 2915 4513 [ΑΙ.
2964 4442 3284 4497 sententiam
3317 4444 3461 4498 sedis

1875 4520 2183 4609 apostolica:
2228 4535 2364 4600 sine,
2412 4532 2546 4603 etc.]
2595 4531 2740 4588 sedis
2786 4520 3458 4600 apostolicaudamnatum,

204 4631 281 4697 qui
312 4622 493 4699 utique
520 4625 729 4682 etiamsi
756 4624 1152 4693 metropolitani
1192 4632 1338 4679 esset
1356 4624 1479 4703 jure
1507 4626 1773 4693 sntfultus,
1800 4624 1854 4701 ι)
1874 4629 1995 4707 sine
2024 4627 2131 4681 ulla
2174 4626 2288 4694 ejus
2338 4624 2556 4678 netione
2580 4623 2850 4687 solvendi;
2900 4622 3081 4677 dicant
3132 4634 3281 4678 certe
3307 4626 3327 4656 ’
3359 4639 3461 4692 qua

194 4722 352 4795 (etiam
383 4721 521 4774 inter
548 4718 706 4795 sedes
727 4716 948 4771 haberet
976 4715 1149 4769 locum
1174 4731 1189 4781 ;
1223 4716 1409 4783 primae
1434 4725 1610 4771 tamen
1633 4718 1775 4772 sedis

205 4813 549 4882 segnitiean
583 4796 663 4863 l‘as
694 4794 812 4862 non
852 4796 1045 4861 habuit
1065 4805 1353 4871 refutandi,
1385 4807 1447 4860 ad
1500 4823 1657 4877 quam
1692 4825 1773 4864 se-

192 4896 424 4959 cundum
455 4894 715 4968 canenes,
738 4900 1040 4971 appellante
1070 4886 1320 4981 secundae
1347 4903 1493 4957 sedis
1514 4886 1770 4973 antistite,

203 4999 484 5053 vocabatur
525 4998 594 5053 ad
638 4999 992 5067 ‘gnosuorum
1039 5000 1277 5049 causam.
1324 4993 1436 5049 [loc
1486 4997 1600 5064 ipso
1647 4998 1776 5052 satis

204 5091 438 5145 ostendit
462 5106 604 5145 reum
635 5080 695 5145 se
722 5074 844 5144 esse
874 5086 1201 5153 confessum,
1230 5088 1319 5156 qui
1364 5089 1431 5142 ad
1479 5090 1773 5158 legitimum

282 5202 299 5231 ³
345 5199 503 5255 Locus
524 5202 779 5257 obscurus
800 5208 894 5251 aut
915 5199 1225 5252 mendosus.
1254 5198 1521 5253 Hanouuv.

280 5274 301 5302 ¹
320 5324 323 5325 ν
344 5272 480 5324 Cod.
502 5271 715 5336 Veron.,‘
745 5279 1012 5339 postquam
1040 5267 1223 5321 litteris
1253 5270 1350 5321 tuis
1376 5271 1484 5340 ipse
1514 5272 1772 5339 confessus

200 5356 296 5407 at,
330 5345 380 5396 si
398 5343 721 5405 auctoritatis,
753 5348 862 5394 etc.
948 5380 949 5383 η
1750 5364 1753 5367 -

268 5416 290 5446 ³
329 5414 407 5468 Id.
430 5412 571 5473 cod.,
599 5422 766 5465 tenore
791 5410 933 5463 illius
959 5409 1268 5477 deﬁnitionis
1301 5414 1551 5467 exsecutio
1586 5416 1775 5482 reperi-

200 5493 279 5538 ιιγ
297 5502 399 5553 quo
424 5483 673 5548 damnati,
697 5490 801 5535 etc.

269 5556 288 5583 ³
328 5555 400 5609 Id.
427 5556 569 5610 cod..
607 5553 840 5606 existeret

264 5629 284 5658 ⁸
326 5627 377 5681 ln
400 5626 521 5681 cod.
548 5624 788 5679 Justelli:
822 5640 839 5672 ι
865 5622 1161 5675 Probantur
1192 5636 1309 5676 esse
1330 5622 1585 5677 damnati.
1616 5625 1767 5691 Quod

191 5700 235 5751 si
278 5698 453 5752 utrum
504 5694 675 5751 errori
728 5694 811 5746 vel
862 5691 1280 5760 praevaricationi
1313 5697 1317 5702 '
1348 5697 1762 5749 cotnmunicavit

191 5770 413 5824 Aeacius
437 5769 655 5823 forsitan
679 5765 893 5820 dicatur
919 5764 1213 5827 oportuisse
1244 5774 1507 5830 constare,
1536 5767 1764 5829 breviter

188 5837 511 5895 praebemus
536 5840 600 5891 ad
630 5839 743 5891 ista
790 5832 1127 5892 resnousum.
1178 5836 1281 5887 Aut
1336 5838 1476 5890 enim
1526 5839 1622 5899 ipsi
1665 5838 1761 5891 do-

1882 4702 2089 4792 synodo
2116 4722 2218 4773 hoc
2247 4719 2335 4772 ille
2366 4716 2783 4787 praesumpserit,
2810 4715 2951 4782 quod
2996 4718 3096 4769 nec
3124 4716 3201 4770 sic
3247 4716 3461 4784 quidem

1869 4814 2083 4892 absque
2130 4808 2421 4879 apostolica
2469 4806 2596 4861 sede
2641 4806 2717 4859 fas
2758 4804 2978 4859 haberet
3022 4804 3269 4859 efﬁcere?
3313 4805 3464 4874 cujus

1885 4905 2029 4959 sedis
2058 4903 2338 4971 episcopus
2354 4901 2377 4952 ’ἐ
2422 4899 2575 4967 cujus
2606 4896 3031 4967 metropolitana:
3071 4895 3302 4950 civitatis
3332 4900 3466 4950 anti-

1884 4998 2032 5053 stes?
2063 4995 2249 5050 Nonne
2294 4993 2543 5063 parmcite
2584 4991 2937 5046 lleraeliensis
2978 4989 3270 5045 Ecclesize?
3309 4990 3365 5046 Si
3393 4991 3468 5045 illi

1886 5099 2032 5146 certe
2062 5088 2210 5144 licuit
2228 5068 2356 5143 sine
2386 5085 2593 5156 synodo
2619 5082 2941 5139 sententiam
2970 5080 3281 5151 apostolica:
3324 5081 3470 5138 sedis

1880 5212 2075 5265 ceant,
2122 5212 2227 5256 etc.
2282 5200 2498 5254 Petrum
2563 5197 2797 5267 legitime
2853 5196 3222 5266 veraciterque
3269 5213 3463 5268 purga-

1879 5284 1989 5329 tum
2031 5283 2135 5326 etc.
2170 5272 2479 5331 DLABBEUS.

1951 5344 1971 5373 ⁸
2011 5343 2085 5395 ld.
2110 5344 2258 5405 cod.,
2289 5357 2389 5393 non
2419 5340 2734 5409 probaverim
2765 5341 3043 5409 expiatum.

1954 5416 1972 5444 ⁷
2014 5414 2230 5467 Ansulis
2260 5407 2462 5465 iueluSa
2495 5426 2598 5463 non
2625 5407 2839 5464 exstant
2860 5416 2911 5464 in
2942 5410 3075 5463 tiod.
3111 5407 3305 5463 Veron.

1955 5488 1974 5515 ⁸
2015 5484 2264 5537 Nicolaus
2292 5496 2423 5551 papa
2465 5482 2605 5535 hunc
2634 5482 2807 5535 locum
2838 5482 2967 5535 citat
2996 5481 3046 5533 in
3075 5479 3229 5551 epist.
3256 5478 3320 5530 ad
3347 5478 3463 5545 epis

1882 5570 2073 5624 seopos
2104 5554 2289 5607 Gallize
2334 5568 2394 5607 ex
2446 5552 2667 5624 epistola
2707 5551 2903 5624 Gelasii
2950 5551 3014 5602 ad
3046 5550 3326 5624 episcopos
3365 5563 3463 5617 per

1886 5616 2200 5680 nar-(laniatu
2230 5616 2547 5677 constitutos
2574 5640 2586 5673 :
2616 5622 2724 5674 Nec
2754 5623 2905 5689 plane
2934 5630 3175 5671 tacemus.
3207 5616 3461 5689 Hincrtja-

1874 5713 1965 5751 rus
1995 5696 2231 5748 Ltttldun.
2262 5710 2323 5746 ex
2358 5696 2514 5761 epist.
2543 5694 2609 5745 ad
2635 5686 2970 5745 Anastasiqu
3003 5688 3323 5757 principem.
3349 5686 3463 5743 Nec

1874 5770 2023 5837 plane
2046 5776 2315 5837 taceamus.
2348 5764 2609 5817 "annum.

1944 5840 1962 5870 ⁹
2003 5837 2133 5889 God.
2173 5834 2392 5900 Verum,
2424 5850 2523 5901 qua
2551 5842 2681 5887 certe
2713 5831 2905 5901 synodo
