3948 6314
602 341 670 398 (i7
1951 291 2181 388 CELASI

2287 328 2458 387 ἈΡᾸΞ
2497 330 2536 388 ι,
3801 340 3872 400 33

596 451 934 520 abrumpere,
985 445 1126 500 nulla
1173 443 1288 513 ejus
1319 441 1708 496 consultatione
1751 442 2011 511 qttzesila,
2045 442 2188 496 itane
2215 447 2258 514 Α
2297 439 2421 505 tari,
2462 453 2649 495 rursus
2693 440 2806 495 haec
2855 454 3043 495 eadem
3094 455 3212 510 qum
3235 455 3391 510 supra
3425 442 3869 517 deprompsimus,

597 559 723 596 vero
769 555 871 594 non
921 539 1068 592 licuit
1105 537 1287 606 prima:
1334 533 1447 588 sedi
1497 532 1958 587 Chalcedonensis
1991 533 2183 603 synodi

595 619 901 697 constituta,
932 631 1070 684 sicut
1098 629 1294 692 decuit,
1322 619 1682 696 exsequenti,
1709 623 2012 693 hujusmodi
2041 639 2182 692 prte-

595 727 941 778 varieatorem
973 736 1066 774 sua
1097 718 1413 773 auctoritate
1464 716 1787 771 detrudere?
1817 715 1924 770 Sed
1969 728 2067 769 nec
2095 715 2181 769 illa

594 815 960 884 pnetm'imus,
1003 810 1142 880 quod
1181 810 1194 839 ¹
1230 807 1518 878 apostolica
1560 807 1717 861 sedes
1763 804 2094 875 frequenter,
2126 814 2183 860 ut

593 908 789 960 dictum
823 913 922 966 est,
955 918 1102 956 more
1149 901 1432 970 majorum,
1467 900 1626 952 etiam
1659 897 1774 952 sine
1826 899 1930 952 ulla
1974 898 2180 968 synodo

594 997 946 1067 praecedente,
981 1001 1033 1049 et
1062 993 1378 1048 absolvendi
1407 1007 1540 1062 quos
1566 991 1802 1062 synodus
1831 992 2011 1060 inique
2033 991 2181 1045 dam-

595 1097 837 1153 naverat,
864 1097 916 1140 et
959 1083 1249 1138 damnandi
1305 1083 1445 1136 nulla
1493 1084 1755 1138 existente
1801 1081 2008 1150 synodo
2048 1097 2180 1151 quos

594 1182 868 1250 Oportuit,
915 1178 1162 1233 habuerit
1203 1177 1510 1230 facultatem
1548 1193 1558 1228 :
1603 1177 1622 1205 ¹
1665 1184 1861 1230 sanctae
1908 1178 2180 1228 memoria:

593 1275 788 1344 quippe
837 1270 1187 1325 Athanasium
1236 1267 1476 1339 synodus
1524 1265 1812 1320 Orientalis
1877 1265 2175 1330 addixerat,

591 1383 749 1436 quem
775 1375 950 1418 tamen
978 1372 1258 1432 exceptum
1293 1359 1454 1415 sedes
1475 1359 1789 1430 apostolica,
1814 1359 1936 1428 quia
1958 1359 2179 1412 damna-

593 1460 720 1513 tioni
754 1457 1060 1510 Graecorum
1095 1468 1200 1507 non
1233 1451 1528 1514 consensit,
1560 1449 1809 1504 absolvit.
1836 1449 2050 1503 Sancta:
2074 1464 2182 1503 me-

594 1549 779 1604 moria:
833 1545 1174 1600 nihilominus
1211 1543 1471 1599 Joannem
1521 1541 2176 1609 Constantinopolitanum
2219 1577 2222 1580 ~

593 1639 828 1709 synodus
858 1637 1016 1691 etiam
1046 1634 1430 1690 catholicorum
1461 1633 1746 1704 prmsulum
1775 1641 1922 1688 certe
1955 1631 2178 1690 damna-

593 1738 696 1795 rat,
731 1743 888 1798 quem
919 1726 1081 1782 simili
1126 1725 1284 1780 modo
1327 1723 1485 1779 sedes
1527 1723 1814 1793 apostolica
1850 1723 2010 1777 etiam
2037 1724 2170 1789 sola,

2289 529 2501 600 planius
2549 530 2771 598 repetita
2825 531 3242 600 perpendantur,
3293 532 3475 599 idest,
3525 535 3648 606 quia
3691 547 3868 591 contra

2288 618 2468 685 ﬁdem,
2493 629 2680 674 contra
2701 620 2976 674 veritatem
3002 623 3540 694 communionemque
3557 625 3868 682 catholicam

2286 729 2518 784 vereque
2545 713 2922 780 Christianam,
2959 731 3064 770 non
3109 726 3252 772 recte
3295 728 3442 788 gesta
3473 718 3711 788 synodus
3742 719 3868 789 legi-

2286 806 2414 861 tima
2442 806 2648 878 synodo
2677 823 2774 877 pro
2825 809 2946 877 ﬁde,
2978 813 3225 879 veritate,
3265 815 3745 885 connnunioneque
3785 829 3870 867 ca-

2284 899 2504 969 tholica,
2537 915 2769 970 vereque
2815 901 3135 969 Chrisdana,
3186 902 3358 957 modis
3397 905 3652 960 omnibus
3697 907 3866 960 seclu-

2283 993 2456 1048 denda
2483 1003 2584 1059 est,
2617 1004 2670 1047 et
2710 994 2905 1063 injusta
2949 995 3187 1066 synodus
3212 997 3355 1065 justa
3403 998 3611 1066 synodo
3649 999 3865 1052 submo-

2283 1083 2473 1137 venda.
2505 1083 2608 1137 Pro
2638 1083 2742 1138 ﬁde
2767 1096 2970 1149 autem,
3013 1095 3067 1138 ct
3094 1087 3359 1151 veritate,
3393 1099 3448 1148 et
3495 1090 3868 1146 communione

2281 1177 2567 1239 catholica,
2603 1177 2738 1230 bona
2772 1179 3031 1248 synodus,
3058 1193 3288 1250 vereque
3333 1179 3660 1246 Cltristiatia,
3702 1183 3866 1236 semel

2281 1254 2421 1334 acta,
2451 1267 2592 1320 nulla
2626 1281 2724 1320 nec
2755 1276 2932 1336 potest
2979 1284 3076 1322 nec
3118 1269 3278 1323 debet
3318 1285 3470 1325 nova:
3491 1265 3682 1340 synodi
3714 1273 3870 1342 itera-

2282 1359 2424 1414 tione
2452 1357 2704 1421 convelli,
2738 1359 2832 1413 scd
2866 1360 3156 1414 secundum
3187 1361 3323 1415 bene
3371 1361 3572 1432 gestaiu
3605 1361 3868 1434 synodqu

2283 1458 2534 1520 recteque
2565 1450 2856 1520 praeﬁxam,
2890 1452 2931 1506 si
2957 1452 3076 1521 quis
3121 1451 3187 1506 ab
3230 1453 3346 1524 ejus
3378 1454 3588 1507 tramite
3616 1454 3869 1520 deviarit,

2279 1552 2672 1616 consequenter
2703 1558 2763 1597 ac
2797 1533 3124 1598 sofﬁcienter
3151 1545 3267 1614 ejus
3295 1546 3604 1601 deﬁnitione
3637 1549 3873 1620 plecten-

2280 1634 2403 1698 dus,
2435 1637 2734 1708 meritoque
2781 1636 2920 1690 illius
2965 1637 3205 1708 subiacet
3235 1639 3562 1704 constitutis,
3608 1655 3706 1696 nec
3733 1657 3870 1711 Opus

2282 1734 2361 1778 est
2394 1740 2489 1796 per
2515 1726 2751 1797 singulos
2773 1741 3014 1796 quosque
3043 1727 3340 1798 deviantes,
3364 1727 3588 1798 jureque
3625 1731 3868 1798 plecten-

596 1823 715 1892 quia
751 1837 856 1876 non
888 1820 1180 1885 consensit,
1203 1818 1430 1874 absolvit
1455 1836 1468 1883 ;
1495 1817 1728 1888 itemque
1749 1827 1947 1872 sanetae
1971 1833 2171 1873 memo-
2207 1810 2255 1870 B
2281 1817 2408 1883 dos,
2445 1832 2609 1872 novas
2640 1832 2824 1872 rursus
2851 1817 3086 1888 synodos
3126 1818 3419 1886 introduci;
3453 1833 3573 1874 eum
3620 1836 3683 1878 ex
3726 1821 3872 1876 illius

593 1916 686 1969 ria:
735 1913 1043 1968 Flavianum
1094 1911 1402 1982 pontiﬁcum
1448 1910 1540 1983 [αι.
1588 1911 1796 1964 additur
1843 1910 2171 1982 Graacorum]

593 2004 1003 2076 congregatione
1030 2002 1360 2067 damnatum,
1395 2002 1507 2074 pari
1542 2009 1747 2067 tenore,
1777 2001 2027 2071 quoniam
2058 2002 2173 2056 sola

591 2097 748 2165 sedes
777 2095 1066 2168 apostolica
1117 2109 1222 2148 non
1265 2095 1557 2158 consensit,
1600 2093 1849 2160 absolvit,
1893 2093 2174 2164 potiusque

592 2191 680 2257 qui
714 2189 823 2242 illic
851 2193 1096 2254 receptus
1128 2184 1305 2239 fuerat
1334 2183 1431 2256 [αι.
1469 2184 1590 2253 quia
1621 2184 1726 2236 illic
1772 2192 2022 2252 receptus
2066 2199 2172 2237 non

594 2276 807 2347 fuerat],
835 2277 1146 2330 Dioscorum
1175 2276 1425 2329 secunda:
1467 2274 1608 2326 sedis
1649 2273 1929 2342 prtesulem
1961 2288 2054 2325 sua
2085 2287 2176 2326 au-

594 2369 838 2426 ctoritate
866 2367 1157 2432 damnavit,
1191 2373 1246 2420 et
1272 2365 1488 2433 impium
1519 2365 1780 2434 synodum
1815 2381 1918 2418 non
1950 2379 2176 2419 consen-

594 2457 775 2514 tiendo
797 2457 817 2488 ³
838 2455 1125 2523 submovit,
1160 2470 1220 2509 ac
1252 2470 1348 2524 pro
1382 2455 1624 2518 veritate,
1668 2463 1725 2508 ut
1756 2454 1991 2524 synodus
2017 2453 2176 2508 Chal-

595 2548 913 2603 cedonensis
930 2547 1108 2612 ﬁeret,
1130 2547 1238 2600 sola
1267 2545 1539 2601 decrevit‘
1558 2545 1693 2599 —in
1715 2561 1815 2615 qua
1840 2545 2176 2618 pontiﬁcibus

597 2639 912 2707 innumeris,
958 2640 1046 2708 qui
1094 2639 1370 2692 latrocinio
1401 2645 1714 2691 corruerant
1763 2636 2055 2706 Ephesino,
2091 2653 2177 2691 ve-

596 2731 737 2786 niam
766 2729 1127 2802 poscentibus,
1160 2729 1268 2782 sola
1303 2730 1587 2794 concessit,
1635 2736 1688 2781 et
1728 2727 1777 2780 in
1824 2739 1918 2781 sua
1958 2725 2175 2795 perﬁdia

597 2829 991 2896 permanentes,
1027 2820 1369 2874 nihilominus
1399 2833 1492 2874 sua
1518 2819 1834 2876 auctoritate
1857 2820 2174 2889 prostravit:

597 2930 751 2984 quam
778 2911 1126 2982 congregatio
1171 2926 1287 2981 quae
1338 2909 1444 2963 illic
1479 2924 1572 2978 pro
1617 2910 1840 2965 veritate
1878 2910 2176 2979 reparanda

598 3007 819 3061 eollccta
849 3004 1041 3069 fuerat,
1071 3011 1154 3058 est
1197 3011 1418 3067 secuta;
1453 3004 1705 3070 quoniam
1754 3002 1889 3056 sicut
1937 3002 1989 3055 id
2037 3001 2179 3071 quod

598 3098 765 3169 prima
793 3096 948 3150 sedes
979 3109 1083 3150 non
1118 3095 1452 3162 probaverat,
1482 3101 1729 3145 constare
1752 3105 1857 3145 non
1880 3092 2070 3160 potuit,
2102 3092 2180 3145 sic

599 3191 738 3261 quod
769 3191 852 3242 illa
883 3189 1093 3242 censuit
1115 3183 1478 3266 iudicandum,
1510 3184 1748 3244 Ecclesia
1779 3193 1885 3237 tota
1916 3184 2180 3254 suscepit;

601 3284 688 3336 ubi
720 3281 878 3336 etiam
925 3287 1318 3346 consequenter
1346 3275 1664 3338 ostenditur,
1707 3277 1828 3344 quia
1867 3275 2006 3329 male
2034 3283 2181 3344 gesta

602 3371 857 3444 synodus,
908 3369 957 3423 id
1012 3376 1114 3431 est,
1167 3375 1350 3420 contra
1389 3365 1691 3434 Scripturas
1722 3374 1952 3431 sanctas,
1996 3373 2182 3420 contra

603 3463 898 3516 doctrinam
947 3459 1201 3522 Patrum,
1251 3465 1437 3511 contra
1496 3455 1886 3510 ecclesiasticas
1933 3455 2180 3524 regulas,

575 3612 578 3616 ,
605 3567 759 3623 quam
789 3561 897 3605 tota
925 3551 1120 3604 merito
1152 3548 1390 3604 Ecclesia
1421 3563 1523 3602 non
1554 3550 1778 3617 recepit,
1811 3557 1863 3603 et
1914 3548 2183 3616 praecipue

605 3645 759 3700 sedes
786 3643 1080 3711 apostolica
1106 3657 1212 3695 non
1238 3640 1501 3710 probavit,
1527 3655 1620 3709 per
1643 3641 1777 3694 bene
1799 3648 2001 3710 gestam
2025 3655 2185 3710 syno-

605 3741 751 3803 dum,
785 3737 836 3792 id
867 3746 968 3802 est,
999 3734 1290 3791 secundum
1318 3733 1643 3803 Scripturas,
1683 3732 1975 3787 secundum
2005 3732 2184 3786 tradi—

605 3834 802 3904 tionem
830 3829 1065 3893 Patrum,
1090 3825 1381 3881 secundum
1413 3822 1803 3878 ecclesiasticas
1833 3821 2065 3892 regulas,
2090 3836 2185 3889 pro

2283 1909 2519 1976 tramite,
2554 1923 2671 1980 qua:
2699 1918 2973 1962 auctorem
2996 1923 3117 1962 cum
3163 1923 3347 1964 errore
3390 1911 3679 1978 damnavit,
3723 1915 3874 1981 quis-

2279 1991 2400 2070 quis
2429 1999 2668 2069 quolibct
2698 1998 2876 2064 modo,
2911 1999 3150 2070 quolibet
3182 1999 3331 2060 titulo
3356 2003 3598 2072 complex
3627 2003 3874 2076 ejusdem

2279 2090 2436 2146 fuerit
2471 2091 2641 2143 factus
2667 2090 2892 2154 erroris,
2925 2099 2980 2143 ut
3006 2090 3122 2160 ejus
3153 2107 3212 2144 se
3241 2093 3558 2162 contagione
3597 2077 3875 2165 polluerit,

2279 2173 2646 2249 Competentcr
2671 2189 2724 2235 et
2753 2182 3021 2250 particeps
3065 2181 3305 2252 ejusdem
3355 2182 3712 2242 damnationis
3754 2188 3877 2240 exi-

2279 2279 2402 2334 stat,
2428 2272 2646 2340 ejusque
2677 2287 2832 2339 ptrna
2865 2272 3112 2346 puniatur
3141 2272 3447 2340 obstrictus,
3483 2277 3638 2344 eujus
3667 2277 3868 2330 maluit

2279 2359 2414 2415 inire
2440 2362 2782 2415 consortium.
2812 2362 3005 2429 Quaero
3027 2377 3151 2432 ergo
3174 2363 3241 2416 ab
3267 2363 3349 2416 his
3380 2363 3503 2434 quid
3529 2364 3595 2418 de
3619 2364 3873 2436 Eutyche

2280 2451 2517 2506 sentiant
2541 2470 2550 2502 :
2579 2451 2812 2506 fuissene
2835 2451 3165 2517 hmrcticum,
3185 2466 3249 2506 an
3274 2463 3520 2508 asserunt
3543 2467 3647 2507 non
3669 2453 3879 2511 fuisse?

2280 2541 2337 2596 Si
2380 2557 2484 2594 non
2535 2541 2699 2596 fuisse
2745 2541 3097 2611 contendunt,
3147 2543 3272 2614 quid
3323 2545 3636 2614 ambagibus
3678 2555 3878 2616 agunt,

2281 2633 2406 2702 quid
2429 2633 2828 2688 circuitionibus
2850 2635 3234 2706 prtcstigiisqnc
3256 2650 3314 2690 se
3338 2635 3659 2706 contegunt?
3686 2636 3880 2690 Palam

2282 2735 2341 2778 se
2373 2723 2732 2795 Eutychianos
2761 2738 2880 2779 esse
2909 2729 3270 2794 pronuntient,
3296 2740 3352 2782 ut
3381 2727 3433 2781 in
3463 2727 3576 2800 ejus
3607 2728 3884 2798 sacrilego

2283 2813 2462 2870 furore
2493 2816 2721 2870 convicti
2767 2817 3004 2871 veritatis
3047 2819 3271 2873 molibus
3299 2819 3612 2886 obruantur,
3650 2832 3884 2889 aperte-

2283 2920 2385 2975 que
2415 2915 2759 2976 cognoscant,
2815 2922 2917 2961 non
2966 2909 3138 2961 solum
3174 2908 3286 2962 haec
3330 2911 3440 2976 ipsa
3492 2910 3653 2980 pestis
3707 2909 3891 2981 Euty-

2284 2997 2473 3052 chiana
2524 3007 2778 3068 quantum
2826 2990 3129 3055 Christiano
3183 3000 3415 3069 dogmati
3469 3001 3725 3070 probetur
3775 3003 3890 3057 ini—

2249 3097 2262 3107 ’
2284 3091 2450 3155 mica;
2479 3090 2572 3145 sed
2605 3098 2829 3158 quantas
2853 3090 2986 3144 alias
3008 3091 3258 3157 hmreses,
3285 3107 3479 3162 easque
3502 3093 3887 3163 gravissimas,

2210 3175 2256 3238 C
2290 3183 2340 3236 in
2373 3197 2463 3236 sua
2491 3186 2750 3252 pravitate
2779 3183 3070 3252 contineat,
3104 3193 3160 3240 ut
3205 3186 3254 3238 in
3306 3185 3496 3256 quibus
3526 3185 3692 3240 foveis
3722 3189 3891 3241 volu-

2287 3283 2484 3340 tentur,
2515 3283 2569 3329 et
2600 3276 2649 3328 in
2683 3275 2822 3345 quod
2869 3276 3218 3345 praecipitium
3264 3277 3682 3345 barathrumque
3734 3294 3895 3334 mer-

2287 3378 2501 3436 gantur,
2536 3367 2852 3436 intelligant.
2878 3366 3044 3422 Simul
3077 3375 3251 3421 autem
3283 3368 3326 3421 si
3356 3367 3634 3438 Eutychen
3660 3367 3895 3424 lucreti-

2287 3475 2407 3513 cum
2455 3468 2672 3529 negant,
2719 3457 3042 3512 omnimodis
3085 3458 3402 3526 publicator,
3444 3457 3587 3530 quod
3638 3458 3760 3512 idco
3822 3463 3897 3514 de

2289 3549 2532 3603 omnibus
2582 3549 2926 3619 Eutychiana:
2977 3549 3108 3618 pesti
3159 3548 3698 3614 eommuuicantibus,
3748 3564 3898 3622 sup-

2289 3659 2476 3713 presso
2507 3643 2666 3696 veluti
2692 3643 2793 3696 hoc
2823 3645 2938 3710 ipso
2969 3656 3169 3705 errore,
3195 3641 3545 3704 contendunt,
3577 3649 3633 3694 ut
3658 3656 3764 3695 nos
3793 3660 3899 3711 per

2293 3736 2477 3790 talium
2512 3733 2811 3800 hominum,
2859 3734 2997 3802 quod
3042 3733 3202 3800 absit,
3238 3733 3457 3787 insidias
3499 3733 3901 3804 captiosaSquc

2291 3827 2586 3880 tendicnlas
2610 3825 2662 3879 in
2695 3825 3002 3896 Eutychetis
3025 3826 3284 3879 insaniam
3315 3826 3549 3880 nitantur
3576 3826 3855 3884 inducere
3887 3848 3906 3884 ι

607 3923 709 3976 ﬁde
731 3920 991 3974 catholica
1020 3926 1075 3971 et
1124 3915 1498 3971 communione
1529 3914 1812 3984 prolatam,
1844 3929 2003 3984 quam
2050 3928 2184 3966 cun.

607 4024 692 4067 cta
724 4012 925 4080 recepit
958 4008 1213 4073 Ecclesia,
1244 4022 1400 4076 quam
1444 4006 1672 4060 maxime
1713 4006 1866 4060 sedes
1893 4005 2186 4076 apostolica

607 4100 994 4173 comprobavit,
1021 4106 1076 4152 et
1108 4097 1349 4151 debuerit
1378 4105 1430 4149 et
1459 4097 1690 4164 potuerit
1715 4097 2018 4160 immutari;
2051 4097 2186 4152 bene

608 4210 734 4249 vero
779 4201 980 4262 gestam
1031 4187 1292 4261 synodum
1335 4185 1485 4253 juxta
1535 4184 1898 4252 supradictum
1945 4187 2183 4253 modum,

609 4301 742 4342 nova
790 4284 997 4355 synodo
1047 4279 1352 4334 nullatenus
1400 4275 1806 4330 immutandam.
1871 4276 2099 4331 Proinde
2143 4279 2189 4332 si

2290 3920 2431 3989 quod
2462 3919 2675 3990 quidem
2707 3919 2913 3973 etiamsi
2947 3934 3051 3973 non
3086 3929 3296 3988 negent,
3341 3920 3451 3973 sive
3477 3919 3732 3983 scientes,
3771 3923 3908 3977 sive

2291 4011 2614 4074 nescientes,
2639 4010 2810 4064 facere
2841 4011 3199 4063 confutantur.
3235 4010 3330 4063 Sin
3360 4024 3486 4064 vero
3513 4021 3564 4066 et
3597 4011 3909 4082 Eutychen

2293 4099 2600 4153 hmreticum
2632 4113 2827 4168 negare
2862 4115 2966 4152 non
2993 4101 3208 4166 audent,
3254 4109 3418 4155 restat
3462 4111 3520 4155 ut
3549 4108 3737 4158 contra
3796 4121 3911 4160 ca-

2295 4191 2543 4244 tholicam
2597 4189 2774 4253 ﬁdem,
2826 4207 2930 4244 non
2972 4191 3234 4263 synodum
3285 4177 3733 4264 nuncup'andam,
3796 4201 3913 4254 sed

2292 4282 2742 4352 cOnSpirationcm
2771 4283 2942 4351 potius
2978 4283 3304 4351 terditorum
3337 4284 3502 4340 fuisse
3530 4290 3915 4347 consentiant

601 4375 887 4446 Eutychen
939 4372 1176 4426 fatentur
1227 4367 1532 4422 hmrelicum
1561 4409 1573 4432 ,
1623 4364 1758 4419 male
1805 4375 2007 4437 gestam
2050 4367 2189 4436 apud
2295 4390 2412 4441 quae
2459 4374 2597 4444 apud
2645 4375 2909 4444 Ephesum
2962 4376 3254 4445 Eutyehctc
3292 4376 3515 4431 reducto
3560 4380 3805 4446 perculit
3845 4386 3912 4439 S,

608 4472 877 4542 Ephesum
909 4464 1203 4537 synodum,
1235 4477 1335 4532 qua
1369 4471 1451 4516 εει
1494 4468 1768 4528 receptus:
1817 4459 2014 4528 pariter
2060 4460 2190 4516 fate-
2296 4467 2565 4520 memoriae
2612 4467 2945 4534 Flavianum,
2993 4479 3321 4538 cunctosque
3365 4471 3456 4540 qui
3501 4470 3608 4524 illic
3653 4471 3919 4534 aderant

611 4565 828 4626 bunutr,
862 4569 914 4613 et
943 4571 1035 4626 per
1067 4556 1202 4609 bene
1231 4561 1435 4624 gestam
1485 4551 1748 4620 synodum
1788 4549 2187 4607 Cbalcedoncn-
2219 4543 2274 4605 Β
2297 4556 2604 4612 sacerdotes
2648 4558 2863 4612 militari
2895 4568 3098 4614 terrore
3125 4560 3445 4629 compulerit
3498 4571 3644 4614 tanto
3685 4565 3919 4624 sceleri

609 4670 743 4719 sem,
775 4653 914 4721 quod
945 4647 1216 4719 Eutychos
1249 4645 1331 4700 vel
1359 4659 1478 4698 cum
1505 4660 1570 4697 eo
1599 4644 1891 4699 sentientes
1921 4644 2044 4699 talia
2065 4655 2188 4700 sunt
2299 4649 2536 4718 przeberc
2583 4665 2920 4704 consensum.
2977 4653 3151 4722 Atque
3193 4649 3312 4704 ideo
3359 4652 3513 4707 nobis
3545 4665 3777 4707 necesse
3817 4671 3922 4714 ost

608 4745 818 4816 rejecti,
846 4743 1007 4798 velint
1035 4739 1332 4806 nolintque,
1353 4738 1708 4801 consentient,
1729 4745 1887 4806 atque
1913 4737 2032 4792 ideo
2054 4737 2190 4794 bene
2299 4757 2511 4812 pravam
2546 4757 2957 4811 perversamque
3006 4743 3415 4813 conspirationis
3444 4743 3603 4811 illius,
3638 4754 3693 4798 et
3722 4746 3921 4804 latro.

608 4849 809 4910 gestam
835 4834 1095 4908 synodum
1130 4833 1282 4887 novis
1323 4829 1768 4899 cxagitationibus
1815 4831 2053 4885 refricari
2083 4847 2190 4886 non
2301 4834 2528 4888 riualem
2552 4832 2716 4888 fuisse
2740 4834 3055 4902 perbibeant
3081 4836 3609 4903 actioncm,eamque
3631 4835 3924 4897 debuisti;

609 4934 822 4988 licuisse
855 4933 1196 4996 cognoscant.
1226 4922 1326 4991 Qui
1365 4923 1407 4974 si
1442 4919 1662 4974 forsitan
1707 4921 1961 4987 dixerint,
2019 4937 2083 4976 eo
2114 4932 2192 4977 te-
2302 4924 2472 4978 modis
2501 4924 2745 4977 omnibus
2775 4924 2996 4990 aboleri,
3021 4933 3074 4978 ct
3101 4925 3456 4993 ideojustam,
3482 4926 3699 4990 bonam,
3732 4943 3924 4984 ver...

611 5039 740 5077 nore
775 5019 1096 5088 Ephesinam
1127 5026 1341 5084 quoque
1375 5010 1638 5081 synodum
1671 5024 1776 5064 non
1820 5011 2035 5067 licuisse
2080 5030 2194 5068 mn-
2303 5017 2438 5070 eiter
2465 5015 2824 5071 Christianam
2848 5017 3337 5071 Chalcedonensem
3370 5015 3630 5088 synodum
3663 5032 3924 5086 preces-

683 5202 698 5230 ι
741 5198 904 5258 Alias,
932 5191 1223 5263 apostolica:
1257 5189 1364 5242 sedi
1386 5189 1692 5263 frequtnter
1719 5191 1895 5240 datum
1923 5197 2018 5253 est,
2050 5205 2190 5242 more

613 5271 884 5337 majorum,
909 5259 1648 5337 exsolvendipmuniamus“.
1681 5326 1699 5337 '
1810 5326 1821 5337 _
1847 5316 1854 5324 _

684 5326 709 5369 ί
745 5339 894 5390 lltmc
925 5335 1100 5386 locum
1128 5333 1318 5383 recitat
1347 5328 1658 5381 llincmarus
1681 5326 1918 5381 Laudun.
1956 5337 2082 5382 tom.
2123 5328 2184 5394 ll,

616 5426 747 5481 pag.
765 5405 888 5481 575,
917 5396 1384 5481 e§_ep_is_t.Gelasii
1405 5397 1470 5450 ad
1492 5397 1831 5481 pnasta‘siun't
1856 5399 2144 5466 principem
2173 5416 2183 5448 :

615 5466 712 5536 ἑθιῖ
737 5466 898 5532 habet
929 5466 1128 5540 aliquid
1159 5467 1259 5540 sub
1286 5467 1442 5540 ﬁnem
1474 5467 1752 5540 dissimile.
1785 5466 2042 5540 iisunum.

686 5552 706 5580 ³
745 5549 876 5602 Cod.
915 5536 1132 5605 Verum,
1171 5539 1282 5592 sola
1324 5536 1566 5590 submovit
1616 5553 1660 5589 et
1703 5537 1923 5592 veritate.
1949 5566 2016 5574 —-
2064 5538 2192 5592 Sola

617 5620 859 5674 submovit
890 5628 934 5669 et
961 5612 1261 5666 auctoritate
1281 5608 1411 5661 sedis
1434 5607 1723 5677 apostolica:
1745 5608 2013 5660 concilium
2030 5606 2158 5660 Chal
2166 5639 2184 5646 -

619 5693 895 5744 cedonense
930 5693 1180 5738 coactum.
1213 5679 1472 5734 Ιιλβιςευδ.

689 5760 711 5789 ⁸
751 5757 952 5812 Inclusa
983 5752 1284 5823 parenthesi
1313 5765 1408 5818 per
1428 5749 1559 5803 duas
1600 5747 1712 5803 fere
1741 5751 1957 5816 paginas
1990 5750 2182 5803 desunt

2304 5194 2353 5243 in
2380 5190 2566 5245 codice
2586 5189 2903 5244 Veronensi.
2939 5191 3242 5259 Eorumque
3267 5201 3385 5245 loco
3427 5190 3541 5244 hac
3575 5189 3884 5252 habentur
3921 5224 3926 5257 ;

2301 5260 2364 5313 In
2390 5278 2490 5340 qua
2511 5270 2565 5340 nt
2596 5274 2715 5328 ergo
2751 5264 2860 5312 sola
2883 5263 2973 5340 ius
3002 5262 3174 5340 habiti:
3203 5261 3496 5340 (absolvendi
3525 5277 3606 5314 eos
3635 5278 3766 5340 quos
3812 5286 3894 5340 sy
3912 5303 3926 5312 .

2300 5332 2479 5381 nodica
2503 5332 2701 5382 decreta
2734 5334 3072 5397 pertulerant,
3092 5333 3162 5381 sic
3183 5332 3332 5383 etiam
3355 5332 3463 5383 sine
3485 5333 3680 5399 synodo
3703 5335 3759 5386 in
3801 5332 3926 5397 Ιιὶι(

2299 5401 2475 5454 eadem
2515 5415 2670 5452 causa
2708 5400 2954 5465 plurimos
2981 5402 3137 5452 etiam
3164 5402 3584 5470 metropolitano:
3608 5404 3926 5468 donatas,“

2299 5470 2634 5541 cegnoscitur.
2689 5471 2835 5541 Quod
2884 5470 2927 5521 si
2967 5470 3078 5535 quis
3110 5469 3217 5521 [nec
3254 5469 3630 5541 abapostotica
3656 5477 3787 5528 sede
3833 5499 3926 5538 pc,

2301 5538 2576 5591 secundum
2608 5538 2854 5614 synodum
2885 5549 2995 5590 acta
3027 5538 3581 5614 reprehendit,’prteter
3611 5547 3751 5614 quod
3791 5557 3926 5614 pri.

2295 5626 2376 5684 sca
2402 5624 2567 5684 rerum
2598 5609 2888 5684 probatione
2909 5610 3238 5684 convincitur,
3275 5609 3473 5665 interim
3515 5613 3673 5666 multo
3714 5609 3926 5684 mth

2295 5679 2475 5730 Acacio
2497 5694 2594 5729 non
2627 5677 2826 5730 licuisse
2856 5681 3109 5747 fatebitur.
3148 5681 3289 5734 Dicat
3315 5698 3455 5749 ergo,
3477 5693 3579 5737 etc.
3607 5714 3674 5722 —-
3703 5677 3926 5750 llit‘vut

2294 5750 2537 5816 superius
2565 5751 2865 5817 parenthcs:
2897 5753 3103 5819 signum
3126 5778 3193 5792 --
3226 5752 3586 5809 subtituimus.
3623 5755 3797 5810 Eutr.
