3948 6314
384 194 554 215 ,σελην¹

150 289 203 347 ω
450 252 453 253 ⁷
526 245 535 251 ’
1308 271 1658 329 ευιδτοιτΕ

1830 270 2169 328 DECRETA:
3296 271 3364 328 70

150 404 259 457 sisse
282 398 529 459 deﬁniant,
557 396 607 447 in
640 394 724 445 his
755 393 947 461 quibus
977 389 1267 461 Eutychete
1293 389 1537 458 depulso,
1556 400 1676 441 eum
1706 385 1757 447 Δ
1784 386 2098 442 criminibus
2126 387 2393 442 involutos
2416 402 2511 442 sua
2557 388 2863 456 provisione
2899 385 3219 456 supposuit?
3249 384 3361 453 Qua
3410 386 3423 401 ‘

150 509 227 549 suo
252 491 431 547 factore
471 488 768 548 Dioscoro,
809 483 1049 538 haeresim
1097 495 1281 535 eorum
1329 492 1676 547 erroremque

150 584 385 639 damnarit.
406 582 543 637 lianc
563 594 692 646 ergo
716 562 1085 647 synodum(ut
1105 574 1303 628 dictum
1329 574 1432 641 est)
1459 574 1673 638 bonam,

150 691 316 742 veram,
351 676 555 743 justam,
598 670 1065 737 Christianamque
1107 682 1228 722 esse
1264 683 1367 720 non
1408 664 1672 729 dubitant,

150 783 381 838 perquam
423 767 501 821 illa
549 764 711 819 noxia
762 764 830 816 sit
871 769 1094 815 remota.
1154 758 1485 826 Perspieiant
1524 771 1673 824 ergo,

149 861 417 925 tandemque
461 853 777 915 concedant,
812 851 951 919 quod
1002 850 1241 919 quisquis
1269 848 1336 901 ab
1377 848 1493 915 ejus
1521 848 1676 914 justm

146 963 191 1003 ct
216 951 486 1007 Christiana:
516 960 763 1013 veraeque
800 942 987 1013 synodi
1030 942 1155 1003 ﬁde,
1201 941 1577 993 communione
1624 950 1677 992 ct

148 1043 336 1103 veritate
359 1038 661 1100 deviaverit,
696 1037 780 1091 vel
828 1037 893 1089 ab
940 1048 1001 1087 ea
1034 1032 1379 1088 deviantibus
1432 1046 1676 1086 commn-

146 1137 319 1189 nionem
366 1132 658 1195 miseuerit,
704 1129 1034 1183 sufﬁcienter
1081 1134 1241 1194 atque
1290 1132 1674 1192 competenter,

145 1222 389 1277 secundum
417 1221 581 1287 ipsius
608 1218 846 1279 deﬁnita,
901 1225 1140 1270 teneatur
1186 1213 1494 1277 obstrictus,
1540 1229 1675 1281 quo-

148 1319 257 1369 niam
298 1316 421 1367 mala
460 1311 703 1383 synodus
744 1310 881 1363 bona
923 1307 1109 1362 debuit
1155 1306 1483 1361 submoveri.
1537 1306 1677 1359 Bona

146 1421 242 1459 vero
264 1404 483 1474 synodus
514 1402 657 1455 nulla
687 1414 847 1453 causa
881 1407 961 1453 est
989 1414 1083 1452 cur
1123 1396 1227 1450 alia
1257 1396 1448 1451 debeat
1478 1394 1680 1466 synodo

143 1496 394 1559 retractari,
426 1510 494 1547 ne
527 1494 638 1561 ipsa
666 1492 973 1546 retractatio
994 1489 1111 1558 ejus
1131 1488 1435 1543 constitutis
1458 1487 1680 1555 deroget

146 1588 421 1640 firmitatem.
455 1584 691 1639 Proinde
719 1582 1016 1651 quicunque
1045 1578 1475 1647 congregationis
1506 1577 1680 1643 Ephe—

141 1678 241 1731 sinaa
264 1686 497 1731 tenentur
525 1674 742 1737 aﬁ‘ectu,
767 1671 891 1741 quid
914 1670 1087 1723 adhuc
1106 1670 1282 1723 Acacii
1309 1666 1679 1722 tantummodo

1780 477 1986 547 synodo
2017 486 2094 531 tot
2140 478 2313 533 aliena
2347 478 2619 547 privilegia
2662 476 2921 533 nefandus
2974 478 3255 546 populator
3284 479 3363 531 in-

1780 568 1958 622 vasit?
2004 568 2108 623 Sed
2151 568 2271 624 libri
2326 584 2431 624 non
2489 570 2755 624 sufﬁcient
2801 568 2894 641 |al.
2932 568 3279 638 sufﬁeerentl,
3317 570 3362 624 si

1782 658 2069 727 tragmdias
2090 659 2204 726 ejus
2233 673 2362 727 quas
2381 674 2473 729 per
2494 660 2758 715 Eeclesias
2775 661 2937 714 totius
2958 660 3193 716 Orientis
3207 675 3363 716 excr-

1780 749 1920 812 euit,
1968 748 2239 817 sigillatim
2273 736 2555 825 “Scribere
2582 750 2902 807 moliamur:
2936 766 3004 805 an
3034 751 3164 805 illud
3197 750 3363 819 ipsius

1781 849 2153 909 argumentum
2190 840 2343 895 nobis
2374 840 2681 901 existiment
2725 841 3125 910 opponendum,
3158 856 3263 910 quo
3286 841 3362 895 fa-

1780 934 1963 987 cinora
1989 948 2081 987 sua
2115 932 2165 986 in
2195 932 2522 1000 impcrialem
2553 932 2701 989 nisus
2725 933 2818 1005 [ιιι.
2864 932 3030 1003 visus]
3060 942 3139 987 est
3161 932 3364 1000 jactare

1783 1039 2085 1092 personam.
2137 1024 2243 1077 Cur
2286 1023 2442 1092 igitur
2484 1023 2695 1090 quando
2726 1024 2915 1089 voluit,
2951 1024 3171 1079 ‘obstitit
3218 1024 3365 1077 Basi-

1781 1108 1931 1183 lisco',
1949 1126 2175 1184 tyranno
2206 1124 2354 1171 certe
2376 1124 2427 1169 et
2456 1116 2546 1186 [αι.
2572 1115 2681 1171 Cur
2703 1115 2776 1185 et]
2806 1114 3057 1171 hmretieo
3079 1116 3366 1170 vehemen-

1783 1219 1863 1264 ter
1892 1208 2122 1263 infesto?
2151 1224 2246 1263 cur
2268 1208 2365 1277 ipsi
2422 1208 2732 1276 imperatori
2765 1208 2998 1273 Zenoni,
3031 1210 3151 1277 quia
3187 1212 3363 1278 palam

1782 1299 2116 1357 Antiocheno
2171 1299 2332 1353 Petro
2383 1298 2551 1353 noluit
2596 1300 3031 1363 communicare,
3065 1314 3213 1353 suam
3256 1300 3361 1371 [aL

1783 1390 1925 1443 addit
1967 1389 2243 1459 nimirum]
2276 1404 2383 1443 non
2422 1388 2661 1449 subdidit
2702 1390 3070 1446 voluntatem!
3104 1392 3239 1445 Ecce
3273 1409 3368 1460 po-

1786 1481 1882 1539 init
1912 1490 1959 1536 et
1995 1481 2045 1534 in
2077 1480 2203 1535 aliis
2244 1482 2526 1548 resultarc,
2562 1483 2581 1513 ⁸
2609 1482 2653 1537 si
2696 1482 2858 1537 vellet
2888 1480 2980 1553 [αι.
3027 1484 3120 1537 sed
3173 1484 3361 1539 noluit.

1782 1574 1862 1627 An
1893 1587 1995 1626 non
2027 1573 2317 1641 Apostolus
2347 1567 2494 1639 dicit,
2526 1590 2631 1628 non
2662 1575 2837 1630 solum
2881 1576 2970 1645 qui
3016 1576 3239 1640 faciunt,
3269 1579 3364 1632 s'd

1782 1664 1944 1719 etiam
1974 1664 2061 1733 qui
2086 1664 2429 1719 consentiunt
2458 1662 2774 1725 facientibus
2818 1676 2966 1719 reatu
2998 1666 3196 1735 pariter
3243 1678 3366 1723 sunt

142 1783 296 1824 nomen
322 1765 642 1830 obtendunt,
674 1776 727 1821 et
755 1778 858 1818 non
890 1761 1063 1831 palam
1093 1770 1387 1814 sectatores
1417 1760 1678 1828 Eutyehe-
1708 1749 1757 1808 Β
1784 1757 1973 1811 irretiti
1999 1758 2020 1809 ?
2048 1757 2237 1828 sed...]
2262 1757 2355 1813 sed
2387 1766 2446 1812 ut
2471 1772 2534 1811 ea
2561 1773 2680 1826 qua:
2712 1758 2873 1813 latius
2903 1758 3212 1826 explicanda
3245 1769 3368 1813 sunt

140 1860 307 1930 tis,.qni
335 1859 437 1919 illic
463 1866 719 1925 receptus
747 1854 937 1918 fuerat,
968 1852 1314 1921 proﬁtentur;
1339 1852 1424 1919 qui
1459 1850 1499 1903 si
1533 1849 1680 1904 refu-

132 1954 274 2020 giunt,
305 1961 451 2019 atque
480 1949 770 2020 Eutychen
801 1962 858 2001 se
886 1945 1167 2015 perhibent
1197 1944 1489 2007 exsecrari,
1523 1943 1677 1999 simul

140 2059 240 2111 ergo
258 2053 303 2096 cl
328 2043 673 2111 Ephesinam,
707 2054 808 2109 qua
836 2038 976 2092 male
1004 2047 1250 2105 receptus
1279 2045 1379 2101 est,
1408 2036 1680 2104 conspira-

141 2136 298 2190 tionem
318 2136 427 2200 jure
457 2141 753 2195 cessatam,
784 2140 835 2184 et
872 2128 1365 2185 Chalcedonensem
1394 2128 1677 2195 synodum,

140 2240 219 2292 qua
237 2224 411 2293 rejecta
433 2234 544 2284 est,
570 2223 764 2277 merito
786 2220 1131 2281 consentient
1159 2219 1452 2272 institutam
1482 2235 1495 2282 ;
1523 2227 1680 2287 atque

142 2318 193 2370 ita
214 2317 468 2385 synodali),
498 2331 627 2385 quae
658 2329 752 2383 pro
788 2313 889 2367 ﬁde
919 2310 1182 2367 catholica
1212 2312 1280 2365 sit
1323 2312 1557 2380 praeﬁxa,
1591 2326 1680 2366 se-

141 2411 329 2462 cundum
361 2416 605 2463 veterum
648 2406 895 2469 formam,
923 2406 1059 2458 sicut
1090 2404 1288 2459 dictum
1332 2412 1436 2467 est,
1480 2404 1681 2472 perspi-

142 2502 252 2553 cient
285 2502 496 2555 novellis
542 2514 653 2554 non
707 2498 941 2566 pomisse
983 2496 1370 2564 quaestionibus
1416 2496 1677 2557 ventilari,

141 2590 211 2644 sed
253 2591 389 2659 jixta
446 2590 567 2659 ejus
617 2600 857 2644 tenorem
904 2588 1072 2643 semel
1141 2586 1379 2656 legitime
1435 2587 1682 2655 justeque

140 2684 485 2751 depromptum,
536 2692 595 2737 et
640 2686 760 2750 jure
817 2682 1027 2750 probari
1088 2692 1229 2737 recta
1279 2692 1566 2743 sectantes,
1627 2690 1679 2737 et

141 2776 387 2831 sentientes
412 2774 689 2829 contraria
720 2774 975 2839 refutari;
1008 2774 1147 2843 quod
1177 2775 1337 2829 sedes
1365 2776 1678 2842 apistolica,

141 2864 251 2925 sicut
269 2864 455 2925 deruit,
486 2864 711 2933 antiqua
761 2862 1045 2917 traditiOuc
1083 2863 1415 2925 custodiens,
1452 2880 1556 2917 non
1589 2880 1681 2932 sy-

143 2954 305 3008 nodum
331 2955 475 3008 duxit
521 2953 849 3017 iterandam,
891 2953 982 3006 scd
1039 2954 1089 3007 in
1131 2953 1245 3023 ejus
1279 2956 1683 3020 praevaricatore

144 3046 353 3113 pellendo
396 3047 531 3101 hanc
578 3045 827 3099 eamdem
873 3044 1134 3112 synodum
1169 3046 1343 3113 potius
1388 3060 1685 3115 exsequen-

1786 1850 2112 1919 omittamus,
2148 1852 2167 1882 ⁷
2200 1850 2458 1920 quidquid
2490 1851 2605 1921 ipse
2625 1851 2806 1906 Zenon
2838 1851 3127 1920 imperator
3148 1853 3260 1905 suis
3284 1853 3366 1905 lit-

1787 1946 1914 1999 teris
1947 1944 2246 2012 proﬁtetur,
2274 1952 2461 1999 cuneta
2490 1958 2610 1999 sese
2631 1960 2697 1998 ex
2726 1944 2901 1999 Acacii
2933 1946 3165 2013 gessisse
3192 1946 3368 2001 consi-

1786 2038 1880 2103 lio,
1913 2052 2010 2091 nec
2028 2036 2128 2090 huc
2154 2051 2274 2091 eum
2301 2036 2484 2093 fallere
2508 2036 2699 2091 litteris
2718 2037 2829 2090 suis
2852 2038 2965 2106 ipse
2985 2038 3181 2104 pariter
3211 2048 3368 2092 testa—

1788 2138 1877 2182 tur
1909 2129 2155 2193 Aeacius,
2191 2129 2278 2196 qui
2311 2138 2510 2183 etcum
2543 2128 2891 2183 nihilominus
2922 2129 3175 2183 universa
3224 2139 3369 2184 recte

1788 2220 2015 2289 gessisse
2044 2220 2382 2289 conscripsit,
2407 2230 2463 2274 et
2490 2234 2587 2273 suo
2613 2218 2843 2274 consilio
2866 2219 2980 2274 haec
3011 2220 3196 2274 eadem
3222 2229 3367 2289 gesta

1787 2328 1891 2367 non
1925 2314 2111 2369 tacuit.
2144 2313 2304 2380 Quasi
2338 2328 2462 2367 vero
2513 2320 2717 2369 tantum
2750 2315 2802 2367 in
2834 2314 3180 2369 Alemndriui
3223 2316 3365 2368 Petri

1787 2405 2163 2458 communione
2190 2404 2417 2458 Aeacius
2447 2405 2830 2473 praevaricator
2856 2404 3143 2469 exstiterit,
3187 2414 3240 2458 et
3266 2422 3370 2460 non

1788 2495 1843 2548 in
1871 2494 2143 2559 omnibus,
2172 2510 2305 2564 quos
2337 2494 2417 2549 vel
2451 2495 2590 2559 fecit,
2621 2495 2858 2563 depulsis
2887 2496 3167 2549 catholicis
3197 2498 3371 2562 ponti-

1789 2586 1999 2653 ﬁcibus,
2035 2597 2289 2656 tanquam
2322 2597 2603 2657 tyrannus,
2638 2588 2892 2642 Eeclcsiis
2918 2588 3218 2659 quibusque
3240 2606 3373 2658 [ifill-

1787 2680 1952 2747 poni,
1998 2679 2079 2732 vel
2131 2680 2306 2734 taliter
2358 2682 2662 2748 praepositis
2714 2695 2965 2749 perversa
2995 2684 3375 2738 communione

1789 2774 2087 2841 permixtus
2118 2781 2219 2835 est,
2254 2772 2345 2841 qui
2378 2773 2481 2827 hoc
2510 2774 2626 2842 ipso
2656 2774 2953 2837 secundum
2982 2789 3218 2829 canones
3261 2775 3373 2830 fue-

1788 2873 1908 2918 rant
1941 2864 2007 2917 ab
2034 2864 2396 2918 ecclesiastica
2424 2864 2802 2919 communione
2829 2865 3061 2938 pellendi
3086 2909 3096 2930 ,
3133 2868 3272 2934 quod
3317 2882 3377 2921 se

1790 2954 1931 3023 passi
1973 2963 2095 3007 sunt
2136 2968 2477 3008 successores
2507 2954 2640 3008 vivis
2689 2955 3062 3011 sacerdotibus
3108 2958 3372 3029 adhiberi.

1789 3050 1918 3116 Quis
1948 3058 2122 3102 autem
2155 3062 2260 3101 non
2293 3047 2582 3116 perspiciat
2611 3046 2967 3113 Christianus,
3015 3050 3153 3118 quod
3192 3050 3378 3102 callin-

146 3136 258 3191 dam.
284 3138 296 3167 ¹
324 3139 664 3206 Quapmpter
695 3136 738 3187 si
768 3136 883 3203 quis
910 3135 1085 3191 adhuc
1128 3136 1421 3189 secundum
1464 3136 1686 3191 Chalce-
1714 3124 1760 3185 C
1792 3141 1908 3195 licis
1939 3139 2281 3209 pontiﬁcibus
2309 3139 2524 3207 propria
2554 3139 2682 3194 sede
2734 3138 2957 3206 dejectis
2990 3155 3094 3193 non
3141 3140 3239 3194 nisi
3272 3141 3380 3201 ha:-

146 3228 391 3284 donensam
441 3228 712 3299 synodum
768 3227 880 3282 haec
930 3230 996 3279 ah
1033 3229 1326 3305 apostolica
1368 3229 1495 3283 sede
1539 3238 1689 3297 gesta

146 3320 459 3388 reprehendit,
494 3330 698 3389 praeter
741 3317 883 3388 quod
907 3328 959 3373 et
990 3321 1087 3374 hac
1114 3335 1214 3388 qua
1244 3320 1489 3388 superius
1511 3327 1689 3374 astru-

149 3410 318 3472 ximus,
353 3420 404 3465 et
429 3410 720 3479 multiplici
756 3418 927 3477 potest
972 3409 1175 3464 ratione
1206 3410 1450 3464 convinci
1472 3454 1487 3477 ,
1521 3410 1691 3464 multo

152 3502 284 3567 magis
298 3510 457 3558 tamen
475 3501 687 3558 Acacio
707 3516 811 3554 non
830 3500 1041 3555 licuisse
1072 3500 1320 3556 fatebitur
1334 3502 1432 3555 ista
1465 3510 1689 3555 tentare.

148 3591 344 3647 -—Dicat
374 3609 519 3664 ergo,
558 3606 670 3661 qua
702 3592 936 3661 synodo,
970 3592 1227 3647 Joannem
1264 3592 1514 3646 secundae
1550 3592 1693 3646 sedis

151 3685 411 3752 antistitem,
434 3690 889 3757 qualemcunque,
914 3699 1059 3741 certe
1089 3687 1430 3750 catholicum,
1463 3694 1518 3741 et
1544 3703 1569 3739 a
1599 3702 1691 3741 ca-

153 3776 324 3832 tholicis
345 3780 675 3844 ordinatum,
702 3792 799 3839 nec
840 3778 904 3831 de
934 3777 1192 3831 catholica
1236 3776 1337 3831 fide
1368 3787 1421 3831 et
1447 3792 1693 3832 commu-

150 3868 277 3922 nione
301 3871 635 3939 aliquatenus
655 3869 979 3938 impolitum,
1012 3869 1228 3923 duxerit
1259 3868 1652 3923 excludendum
1679 3912 1691 3933 ,

130 3966 191 4011 et
226 3959 499 4016 barreticum
532 3959 889 4016 manifestum
936 3959 1150 4015 Petrum
1178 3976 1269 4015 sua
1300 3978 1511 4031 quoque
1542 3978 1695 4018 exse-

150 4052 323 4107 cutione
365 4054 723 4120 damnatum,
787 4054 1018 4121 pontiﬁci
1075 4055 1338 4110 catholico
1392 4058 1695 4124 permiserit

149 4145 491 4217 subrogandum
527 4151 545 4178 ³
586 4149 609 4217 (
631 4162 755 4202 cum
792 4146 1000 4202 etiamsi
1033 4163 1151 4203 reus
1196 4150 1507 4205 manifestus
1554 4162 1697 4207 esset

152 4235 373 4304 Joannes,
418 4249 537 4308 post
564 4254 698 4295 eum
745 4240 933 4293 saltem
984 4240 1303 4296 catholicum
1358 4244 1695 4297 convenisset

154 4328 308 4395 inﬁci
349 4333 724 4396 sacerdotem,
781 4332 917 4385 sicut
963 4331 1071 4398 ipse
1124 4347 1337 4400 quoque
1374 4333 1484 4387 suis
1528 4336 1695 4388 sacris

154 4431 306 4485 sancite
346 4424 621 4485 memoria
658 4421 941 4476 Timotheo
984 4423 1249 4477 catholico
1282 4423 1334 4476 iu
1371 4424 1691 4479 Alexandria

1795 3232 1943 3287 retici
1979 3231 2247 3297 potuerint
2274 3230 2575 3285 introduci?
2599 3232 2793 3301 quibus
2818 3242 2999 3287 tamen
3031 3233 3264 3298 cunctis,
3293 3234 3379 3287 vel

1795 3334 1981 3376 auctor
2012 3323 2106 3376 fuit
2134 3322 2364 3377 Aeacius
2394 3323 2770 3391 subrogandis,
2801 3324 2884 3378 vel
2911 3325 3213 3393 subrogatis
3241 3340 3383 3379 com-

1796 3418 2092 3470 municatur
2112 3417 2343 3471 accessit
2367 3434 2381 3481 ;
2418 3417 2502 3471 his
2542 3419 2730 3487 utique
2758 3420 2881 3489 quia
2914 3420 3005 3491 [aL
3036 3422 3125 3490 qui
3153 3422 3205 3490 a]
3234 3436 3383 3475 com-

1796 3506 2034 3560 munioni
2067 3507 2439 3562 haereticorum
2494 3509 2799 3564 nullatenus
2848 3511 3246 3578 discrepabunt.
3280 3516 3386 3570 (iur
3427 3546 3441 3559 σ

1801 3614 1928 3666 ergo
1956 3602 2037 3654 vel
2066 3615 2187 3657 cum
2234 3600 2346 3655 haec
2386 3601 2503 3656 fieri
2535 3603 2745 3657 videret
2792 3606 3049 3671 Aeacius,
3104 3623 3208 3660 non
3251 3609 3389 3663 sicut

1779 3693 1901 3745 'sub
1929 3694 2186 3748 Basilisco
2207 3694 2315 3761 jam
2349 3694 2565 3757 fecerat,
2599 3696 2664 3748 ad
2693 3698 3041 3765 apostolicam
3086 3701 3269 3753 sedem
3302 3716 3386 3754 re-
3454 3685 3461 3691 ’

1802 3788 1942 3838 ferre
1973 3786 2197 3849 curavit,
2229 3794 2287 3841 ut
2316 3786 2358 3837 si
2389 3786 2535 3839 solus
2579 3787 2693 3854 ipse
2723 3802 2827 3840 non
2881 3797 3109 3855 poterat,
3144 3792 3162 3819 ⁸
3190 3793 3387 3856 junctis
3472 3846 3477 3851 ,

1785 3894 1918 3933 cum
1948 3880 2135 3932 eadem
2166 3877 2406 3932 consiliis
2431 3888 2591 3946 atque
2619 3879 2953 3942 tractatibus,
2988 3882 3124 3949 apud
3160 3883 3389 3951 impera-

1801 3982 1965 4025 torcm
2009 3979 2226 4038 possent
2264 3985 2382 4038 quae
2416 3970 2661 4038 religioni
2712 3982 3086 4040 eompeterent
3127 3975 3387 4043 allegai'i?

1798 4062 1928 4116 Nam
1960 4064 2000 4116 si
2036 4061 2324 4129 Basiliscus
2351 4063 2433 4131 (ut
2470 4061 2671 4115 dictum
2712 4064 2818 4139 est)
2850 4071 3107 4133 tyrannus
3140 4076 3193 4119 ct
3220 4067 3390 4121 haere-

1801 4159 1936 4211 ticus
1974 4156 2188 4224 scriptis
2218 4154 2524 4221 apostolica:
2575 4155 2722 4210 sedis
2756 4155 3108 4210 vehementer
3132 4158 3390 4212 infractus

1799 4257 1901 4311 est,
1934 4258 1987 4301 et
2018 4262 2044 4299 a
2079 4247 2328 4315 plurimis
2360 4254 2639 4300 revocatus
2656 4246 3007 4308 excessibus;
3038 4259 3241 4315 quanto
3274 4264 3387 4300 tria-

1797 4340 1875 4406 gis
1908 4339 2175 4408 legitimus
2204 4338 2513 4405 imperator,
2538 4338 2708 4406 quise
2736 4337 3058 4397 catholicum
3090 4339 3257 4397 videri
3290 4355 3385 4399 vo-

1806 4430 1973 4494 lebat,
2000 4432 2172 4497 potuit
2200 4443 2321 4482 cum
2354 4428 2645 4495 apostolica
2678 4428 2809 4483 sede
2839 4438 3151 4483 eunt-torum
3184 4446 3395 4499 quinque

156 4505 398 4575 faciendum
422 4512 743 4581 promisisse
775 4510 969 4580 legitur
1002 4513 1355 4583 imperator?)
1387 4517 1499 4581 Qua
1533 4531 1695 4586 syno~
1724 4492 1776 4551 D
1807 4522 2113 4590 pontificum
2146 4520 2421 4573 moderata
2460 4520 2804 4589 suggestione
2835 4522 3086 4589 mitigari,
3123 4492 3391 4591 praecipue

158 4602 233 4670 do,
260 4608 413 4663 tertim
442 4608 588 4663 sedis
624 4610 938 4675 episcopum
972 4608 1065 4675 [aL
1100 4612 1265 4664 addit.
1294 4611 1558 4682 sanctum]
1590 4612 1694 4669 Ca-

158 4692 405 4751 iendionem
438 4700 583 4756 idem
616 4700 814 4766 expelli
846 4699 968 4754 fecit
992 4699 1011 4730 ³
1044 4704 1266 4757 Aeacius
1297 4721 1309 4755 :
1350 4704 1695 4758 nihilominus

161 4791 401 4846 ‘euaidem
433 4793 657 4848 Petrum
700 4804 804 4848 tam
859 4795 1167 4848 ha'rcticum
1216 4795 1592 4859 manifestum,
1642 4806 1699 4850 ut

161 4876 293 4933 rident
319 4884 480 4951 palam
509 4898 741 4939 necesse
777 4868 867 4955 [αἸ.
905 4900 1003 4940 nec
1033 4884 1111 4954 se]
1139 4887 1535 4940 communicare
1562 4904 1695 4956 prac-

162 4971 373 5039 tentleret,
400 4991 492 5032 sua
526 4990 725 5045 passus
747 4985 830 5031 est
864 4977 1214 5045 di~positi~ne
1265 4978 1551 5033 Slllblillll?
1581 4981 1691 5047 Qua

160 5057 346 5129 denique
368 5082 451 5134 per
482 5078 660 5122 totum
706 5066 979 5121 Orientem
1032 5068 1237 5139 synodo
1292 5072 1476 5136 ejectis
1512 5074 1696 5129 ortho-

162 5146 469 5215 doxis,nullo
510 5158 747 5213 crimine
793 5158 1100 5225 maeulalis,
1135 5175 1327 5228 pravos
1376 5177 1613 5232 quosque
1643 5175 1697 5220 et

218 5352 394 5428 'Quod
416 5361 455 5409 si
477 5361 595 5425 quis
649 5359 755 5411 Iure
802 5358 864 5410 ab
907 5359 1186 5428 apostolica
1232 5361 1347 5413 sede
1388 5364 1464 5415 vel
1510 5374 1690 5417 sancta

161 5422 286 5503 (male
308 5422 536 5497 seatnda)
562 5428 763 5503 synodo
814 5422 1306 5503 acta't'ept'eltenglit,
1343 5443 1526 5499 pra’ler
1552 5437 1686 5502 quod

161 5499 291 5555 prisca
336 5514 490 5549 rerum
550 5499 849 5565 probatione
906 5502 1237 5561 convincitur,
1291 5504 1488 5556 interim
1531 5499 1687 5560 niulto

160 5567 286 5637 magis
312 5568 483 5620 Acacio
519 5586 621 5621 non
648 5570 846 5621 licuisse
877 5573 1134 5637 fatebitur.
1168 5574 1425 5627 LABllEUS.

212 5635 423 5706 flinclusa
456 5639 762 5706 parenthesi
790 5635 974 5693 desunt
1013 5643 1060 5694 in
1092 5644 1273 5696 codice
1304 5644 1616 5701 Veronensi.

214 5703 229 5731 ³
256 5705 318 5759 id.
348 5703 487 5767 cod.,
520 5725 577 5761 nc
612 5711 723 5761 Arai
745 5712 837 5763 ius.

1805 4629 1923 4668 cum
1952 4611 2191 4680 ejusdem
2223 4611 2396 4666 Acacii
2422 4622 2571 4666 esset
2591 4613 2836 4680 specialis
2870 4612 3043 4667 fautor
3073 4624 3124 4668 et
3154 4625 3387 4679 amatur;

1806 4717 1858 4761 et
1882 4708 1969 4775 qui
2005 4707 2195 4760 litteris
2226 4705 2338 4759 suis
2373 4716 2477 4759 tam
2510 4709 2685 4774 ipsum
2732 4706 2982 4761 Acacium
3012 4724 3168 4777 quam
3196 4722 3392 4763 sancta)

1807 4800 2079 4855 memoriae
2113 4814 2301 4868 papam
2342 4800 2701 4867 Simpliciunb
2727 4801 2933 4870 magnis
2967 4803 3211 4856 lmdbus
3242 4812 3395 4856 extu-

1804 4897 1978 4958 lisset,
2009 4895 2293 4948 doceretur
2316 4896 2453 4961 quod
2480 4895 2747 4949 haereticis
2774 4896 3207 4949 constantissime
3240 4898 3395 4948 resti-

1807 4984 2077 5055 tisset[al.
2128 4984 2491 5055 restitissent].
2527 4986 2631 5039 Cur
2685 4995 2830 5040 tanto
2879 4998 3114 5053 tempore
3169 4986 3395 5040 Aeacius

1804 5079 2053 5131 intrrista
2076 5075 2353 5142 conticuit,
2382 5076 2483 5130 nisi
2502 5076 2623 5155 quia
2653 5075 2937 5155 przepcdiri
2964 5074 3059 5147 [al.
3086 5074 3392 5146 prohibech

1805 5169 2021 5225 nolebat
2074 5170 2341 5225 ullatenus
2385 5184 2503 5237 quae
2534 5171 2553 5199 τ’
2599 5184 2696 5237 pro
2745 5168 3017 5226 haereticis
3058 5169 3395 5227 desiderabat

1880 5367 1899 5397 ³
1930 5367 2005 5420 Id.
2039 5368 2181 5433 cod.,
2207 5369 2390 5421 eidem.

1880 5438 1898 5468 ⁸
1930 5439 2003 5491 Id.
2036 5438 2180 5502 cod.,
2208 5438 2507 5493 describere.

1880 5510 1897 5539 δ
1926 5507 2001 5561 Id.
2028 5509 2175 5571 cod.,
2207 5509 2251 5560 si
2279 5510 2459 5563 nollet.

1877 5582 1893 5609 ⁷
1929 5579 2000 5629 Id.
2033 5579 2175 5638 cod.,
2208 5581 2332 5646 quid
2360 5582 2513 5645 quod.

1879 5651 1897 5679 ⁸
1934 5650 2005 5701 Id.
2041 5649 2185 5713 cod.,
2215 5651 2406 5702 (‘NNCUS
2439 5667 2551 5703 cum
2593 5651 2789 5704 eodem.

1877 5722 1894 5749 θ
1930 5718 2031 5771 Pro
2059 5720 2304 5772 lttcrctt'cis
2331 5720 2523 5774 desunt
2553 5722 2604 5773 in
2638 5721 2757 5774 eod.
2795 5718 3115 5778 Veronensi.
