3948 6314
496 386 513 407 ο
608 380 669 437 Ἡ
1629 417 1631 419 ,
1965 368 2226 424 GELASII
2265 366 2464 423 PAPAE
2504 369 2520 421 I
2996 430 3001 433 1
3812 371 3876 425 72

562 556 567 557 ί
606 496 623 526 ³
667 490 912 560 impleri?
960 489 1222 543 Ponamus
1268 494 1443 547 tamen
1493 484 1699 538 etiamsi
1749 482 1889 536 nulla
1944 482 2180 551 synodus
2208 486 2257 543 Α
2292 491 2426 545 tum,
2458 497 2615 551 quam
2643 485 2758 551 ejus
2784 483 3179 555 civitatis,quze
3207 497 3313 537 non
3339 485 3511 538 solum
3544 484 3684 540 inter
3713 486 3877 541 sedes

603 581 984 653 prmcessissct,
1013 579 1164 645 cujus
1190 574 1476 643 apostolica
1508 573 1664 625 sedes
1715 581 1859 626 recte
1895 572 2046 626 fieret
2074 585 2169 624 ex-

606 673 863 739 secutrix,
894 686 1014 725 cum
1052 668 1243 737 quibus
1272 672 1390 720 erat
1419 666 1484 719 de
1522 665 1707 719 Aeaeio
1730 665 1964 733 synodus
1992 664 2180 735 ineun-

602 766 668 820 da
692 807 704 826 ,
749 761 983 832 nunquid
1014 775 1135 815 cum
1166 758 1247 812 his
1276 760 1364 828 qui
1393 759 1503 827 jam
1536 756 1829 826 participes
1863 757 2186 811 tenebantur

603 856 820 919 Acacio,
843 865 895 909 et
917 870 1009 923 per
1030 851 1299 907 Orientem
1328 859 1495 904 totum
1519 849 1799 902 catholicis
1820 848 2184 902 sacerdotibus

604 949 869 1002 violenter
893 943 1123 1000 exclusis
1143 984 1158 1008 ,
1190 957 1389 1011 perque
1416 939 1603 995 exsilia
1634 940 1842 994 diversa
1890 939 2137 1008 relegatis
2168 978 2180 1000 .

601 1039 729 1093 socii
781 1037 1056 1091 evidenter
1106 1033 1451 1096 existebant,
1502 1030 1894 1085 communionis
1946 1040 2183 1084 externa:

603 1134 749 1200 prius
778 1144 835 1183 se
859 1128 924 1181 ad
957 1128 1069 1181 Inec
1104 1125 1375 1180 consortia
1422 1122 1829 1186 transferentes,
1858 1106 2017 1191 quam
2042 1120 2183 1175 sedis

603 1219 907 1288 apostolicae
951 1219 1082 1271 scita
1126 1214 1488 1270 consulerent.
1520 1213 1653 1266 Cum
1684 1212 1876 1281 quibus
1913 1227 2040 1279 ergo
2068 1222 2183 1266 erat

602 1316 839 1384 synodus
868 1309 1144 1366 ineunda?
1188 1306 1449 1362 Catholici
1483 1305 1761 1374 pontifices
1790 1303 1999 1358 fuerant
2026 1304 2179 1357 undi-

599 1423 701 1475 que
728 1406 839 1475 jam
871 1402 1103 1472 depulsi,
1148 1401 1352 1470 solique
1384 1406 1753 1455 remanserant
1785 1397 1917 1451 socii
1957 1396 2183 1464 perfido-

599 1512 752 1559 rum,
783 1510 901 1549 cuin
933 1494 1123 1562 quibus
1159 1491 1268 1559 jam
1310 1482 1409 1544 nec
1464 1484 1653 1571 licebat
1702 1489 1911 1543 habere
1951 1501 2181 1541 cenven-

601 1598 713 1642 tum
736 1587 826 1658 [αι.
852 1586 995 1639 addit
1023 1585 1232 1639 dicente
1262 1583 1499 1651 psalmo:
1523 1580 1637 1636 Non
1662 1580 1797 1645 sedi,
1834 1578 1964 1650 etc.)
1993 1581 2012 1609 ³
2037 1579 2178 1650 (quia

605 1680 769 1733 moris
814 1675 1161 1733 ecclesiastici
1197 1675 1414 1730 omnino
1460 1688 1568 1727 non
1621 1681 1762 1727 esset
1812 1672 2042 1727 cumbis
2093 1670 2181 1739 qui

604 1772 859 1840 pollutam
908 1768 1338 1824 communionem
1407 1775 1691 1831 tenerent,
1753 1765 2209 1833 permixtamque-

2292 571 2509 627 minime
2540 582 2874 637 numeratur,
2907 575 2998 627 sed
3040 588 3138 627 nec
3166 575 3309 636 inter
3335 575 3875 643 metropolitanorum

2282 668 2402 736 jura
2447 678 2731 731 censetur:
2766 684 2887 722 nam
2918 669 3057 736 quod
3083 672 3104 699 ⁸
3133 668 3340 735 dicitis,
3372 669 3477 723 alia
3525 678 3765 737 potestas
3794 681 3877 726 est

2288 762 2431 829 regni
2460 762 2752 825 saecularis,
2786 762 2886 814 alia
2920 762 3405 816 ecclesiasticarum
3453 762 3760 818 distributio
3792 763 3875 818 di-

2254 864 2257 869 '
2284 855 2566 922 gnitatum.
2599 852 2752 908 Sicut
2780 853 2919 907 enim
2950 854 3192 921 quamvis
3231 867 3395 921 parva
3435 854 3624 907 civitas
3670 869 3875 922 praero-

2253 946 2513 1014 gativam
2568 946 2847 1014 priesentis
2881 946 3028 1014 regni
3069 961 3174 1001 non
3214 944 3421 1007 minuit.
3452 947 3530 999 sic
3573 945 3875 1016 imperialis

2287 1037 2571 1105 praesentia
2626 1051 2931 1090 mensuram
2981 1037 3397 1104 dispensationis
3450 1038 3718 1107 religiosae
3763 1056 3873 1093 non

2288 1138 2485 1181 mutat.
2500 1128 2582 1183 Sit
2604 1130 2744 1181 clara
2774 1127 2900 1181 urbs
2921 1128 3011 1181 illa
3031 1136 3302 1196 potestate
3322 1122 3607 1196 prtesentis
3629 1130 3870 1197 imperii,

2254 1278 2255 1281 η
2285 1221 2471 1289 religio
2502 1229 2628 1273 tunc
2656 1220 2756 1274 sub
2781 1221 2966 1273 eadem
2999 1218 3091 1291 [αι.
3122 1218 3333 1289 eodem]
3368 1220 3542 1284 firma,
3576 1230 3704 1275 tunc
3738 1222 3873 1277 libe-

2256 1329 2373 1378 rra,
2417 1320 2543 1365 tunc
2570 1321 2823 1380 provecta
2852 1311 3127 1373 consistit,
3164 1312 3205 1363 si
3256 1312 3432 1380 potius
3470 1312 3570 1366 hoc
3600 1322 3873 1380 praisente

2285 1403 2555 1472 propriam
2591 1402 2913 1458 teneatsine
2948 1403 3051 1455 ulla
3094 1401 3492 1470 perturbatione
3536 1417 3869 1457 mensuram.

2285 1494 2634 1563 9(Postremo
2672 1494 2714 1548 si
2761 1492 2860 1548 sibi
2891 1493 2956 1547 de
3002 1494 3340 1560 imperatoris
3386 1495 3664 1562 prtesentia
3710 1493 3871 1548 blan-

2258 1586 2519 1649 diuntur,
2553 1594 2609 1639 et
2633 1584 2756 1639 inde
2786 1593 2971 1653 putant
2995 1584 3603 1652 Constantinopolitanze
3630 1585 3872 1639 civitatis

2256 1681 2517 1747 'episcopi
2584 1682 2843 1747 potiorem
2899 1678 3012 1733 fieri
3066 1693 3224 1746 posse
3272 1693 3591 1746 personam;
3643 1682 3871 1735 audiant

2285 1771 2608 1824 Marcianum
2638 1770 2878 1839 ejusdem
2909 1770 3202 1847 principem
3230 1771 3490 1835 civitatis,
3517 1782 3870 1843 posteaquam

601 1881 722 1919 cum
767 1862 1002 1931 perﬁdis,
1049 1861 1211 1915 ullum
1264 1859 1491 1914 miscere
1520 1855 1872 1927 concilium);
1922 1856 2175 1925 propheta
2209 1855 2255 1915 Β
2282 1876 2377 1930 pro
2408 1870 2691 1929 augmento
2716 1859 2861 1914 urbis
2893 1860 3058 1929 ipsius
3088 1861 3382 1916 sacerdotis
3420 1862 3748 1918 intercessor
3775 1880 3871 1920 ac-

601 1968 813 2025 qtmque
843 1953 1057 2007 dicente
1082 1968 1096 2005 :
1124 1950 1245 2005 Non
1267 1950 1374 2004 sedi
1400 1950 1450 2002 in
1478 1947 1690 2002 concilio
1714 1948 1968 2011 vanitatis,
1992 1956 2039 1999 et
2068 1962 2180 1998 cum

599 2046 772 2115 iniqua
811 2042 1097 2112 gerentibus
1139 2056 1240 2095 non
1283 2040 1537 2104 introibo;
1568 2039 1589 2069 ³
1617 2038 1785 2108 (odivi
1832 2039 2182 2109 congregatio-

605 2152 717 2188 nem
762 2135 1141 2202 malignorum,
1183 2144 1229 2185 et
1269 2148 1384 2184 cum
1422 2132 1591 2201 impiis
1622 2148 1723 2184 non
1760 2130 1987 2198 sedebo).
2018 2130 2180 2184 Recte

600 2225 760 2293 igitur
785 2240 879 2293 per
899 2221 1354 2277 Chalcedonensis
1392 2220 1582 2290 synodi
1626 2220 1846 2273 formam
1876 2218 2181 2289 hujusmodi

601 2314 967 2384 praevaricatio
997 2313 1209 2381 repulsa
1240 2319 1343 2378 est,
1378 2312 1558 2381 potius
1586 2326 1744 2380 quam
1780 2311 1844 2363 ad
1872 2311 2176 2383 coocdium,

603 2405 747 2475 quod
778 2419 876 2459 nec
905 2418 1038 2472 opus
1067 2411 1184 2457 erat
1211 2410 1331 2471 post
1355 2403 1579 2471 primam
1613 2401 1899 2472 synodum,
1934 2415 2031 2454 nec
2056 2416 2177 2455 cum

602 2498 798 2553 talibus
831 2496 851 2527 ίο
888 2496 1081 2549 habere
1112 2494 1305 2550 licebat
1327 2535 1341 2559 ,
1373 2495 1393 2524 ⁵
1421 2494 1646 2548 adducta
1686 2502 1785 2547 est.
1817 2492 1946 2545 Nam
1975 2502 2029 2546 et
2055 2493 2178 2559 quid

604 2602 851 2661 ageretur
879 2589 947 2643 de
975 2589 1082 2642 tide
1121 2588 1379 2641 catholica
1404 2626 1419 2651 ,
1450 2586 1494 2639 si
1526 2584 1822 2651 intelligere
1854 2584 2177 2650 voluissent,

605 2682 853 2753 ignorare
900 2696 1005 2733 non
1056 2680 1501 2747 poterant,'cum
1530 2676 1562 2723 7‘
1594 2676 1837 2730 viderant
1886 2676 2179 2730 catholicos

603 2771 881 2841 poutilices
911 2770 1049 2823 nulla
1082 2768 1287 2839 synodi
1320 2767 1651 2822 discussione
1674 2806 1689 2833 ,
1725 2767 1871 2821 nullo
1912 2765 2136 2831 concilio
2162 2806 2176 2831 ,

601 2862 867 2933 praecipue
896 2877 1015 2917 cum
1056 2874 1223 2937 novas
1251 2873 1438 2914 causas
1464 2874 1583 2913 esse
1615 2858 2033 2927 perpenderent,
2069 2867 2178 2911 toto

566 3004 571 3009 .
600 2957 829 3033 Uriente.
845 2953 1065 3023 depelli,
1109 2961 1164 3009 et
1190 2953 1369 3007 czeteri
1402 2952 1528 3021 quid
1572 2964 1843 3017 caverent,
1873 2967 1937 3005 ex
1970 2952 2176 3006 illorum

600 3050 808 3104 discere
836 3047 1092 3115 qualitate
1145 3046 1465 3114 potuissent.
1515 3043 1702 3099 Restat
1743 3045 1903 3111 igitur
1934 3054 1989 3097 ut
2040 3044 2071 3095 il
2099 3044 2179 3096 ius

562 3176 565 3177 ν
603 3141 768 3208 partis
798 3154 890 3193 eos
918 3139 1079 3190 fuisse
1106 3138 1177 3189 sit
1216 3137 1438 3197 clarum,
1490 3136 1572 3187 cui
1603 3149 1661 3188 se
1688 3142 1806 3202 post
1847 3144 1923 3187 tot
1965 3135 2175 3200 experio

2281 1954 2500 2017 cedens,
2533 1962 2716 2007 contra
2741 1952 2952 2021 regulas
2981 1953 3226 2007 obtinere
3270 1953 3400 2006 nihil
3435 1955 3626 2022 potuit,
3660 1966 3871 2010 sancte

2283 2045 2557 2097 memoriae
2590 2057 2774 2111 papam
2806 2043 3035 2098 Leonem
3066 2044 3292 2098 summis
3325 2042 3569 2098 laudibus
3609 2060 3871 2111 prosecu-

2283 2144 2391 2187 tum
2416 2135 2553 2201 quod
2572 2149 2834 2189 canonum
2860 2135 3069 2203 regulas
3092 2135 3280 2190 violari
3308 2136 3453 2189 nulla
3476 2136 3636 2190 fuerit
3653 2138 3871 2192 ratione

2284 2239 2590 2293 perpessus.
2624 2225 2859 2279 Audiant
2884 2225 3189 2279 Anatolium
3212 2226 3451 2292 ejusdem
3474 2226 3616 2282 sedis
3646 2230 3867 2283 antisti-

2285 2325 2388 2369 tem
2416 2354 2431 2381 ,
2476 2315 2676 2369 clerum
2729 2316 2905 2383 potius
2936 2315 3583 2385 Constantinopolitanum
3614 2332 3778 2385 quam
3808 2335 3869 2375 se

2258 2414 2519 2460 tentasse
2565 2405 2686 2458 talia
2718 2406 3093 2470 conﬁtentem,
3125 2417 3282 2475 atque
3318 2407 3369 2461 in
3400 2408 3681 2476 apostolici
3725 2424 3870 2478 pra:-

2280 2498 2412 2552 sulis
2437 2506 2607 2551 totum
2636 2497 2901 2551 dicentem
2941 2498 3169 2567 positum
3205 2505 3488 2565 potestate.
3519 2498 3696 2566 Ipsum
3730 2500 3866 2553 bea-

2284 2599 2393 2642 tum
2418 2604 2604 2657 papam
2632 2588 2865 2642 Leonem
2888 2588 3033 2641 sedis
3055 2589 3363 2657 apostolica:
3388 2587 3691 2655 praesulem,
3707 2589 3869 2657 cujus

2259 2681 2517 2752 synodus
2544 2680 2993 2735 Chalcedonensis
3021 2681 3339 2734 auctoritate
3364 2680 3568 2734 firmata
3586 2690 3687 2747 est,
3708 2684 3869 2751 quid-

2281 2776 2406 2845 quid
2440 2777 2575 2829 ultra
2601 2789 2761 2844 quam
2801 2775 2868 2828 ah
2922 2774 3111 2828 eodem
3146 2789 3242 2843 pro
3274 2774 3377 2828 fide
3405 2782 3459 2828 et
3481 2776 3869 2831 communione

2283 2867 2546 2921 catholica
2577 2876 2734 2935 atque
2765 2865 3056 2932 apostolica
3102 2865 3211 2919 illic
3255 2865 3547 2936 agendum,
3585 2875 3869 2923 constaret

2260 2968 2400 3011 ‘csse
2417 2956 2742 3024 delegatum,
2766 2971 2859 3023 per
2886 2956 3223 3010 occasionem
3248 2956 3671 3025 congregationis
3690 2957 3864 3023 illius,

2254 3072 2256 3074 τ
2284 3063 2478 3117 praeter
2508 3049 2752 3102 Νἰοίρηοε
2780 3062 3013 3101 canones
3045 3061 3181 3100 nova
3209 3047 3478 3125 videretur
3496 3047 3706 3101 actione
3737 3058 3863 3103 ten-

2284 3153 2480 3208 tatum,
2521 3142 2844 3212 competenti
2895 3140 3214 3196 refutatione
3243 3154 3516 3194 vacuasse.
3559 3140 3739 3208 anue
3770 3144 3864 3194 ni-

603 3241 782 3285 menta
810 3227 1149 3292 dediderunt,
1179 3226 1476 3294 meritoque
1499 3226 1564 3278 ab
1588 3226 1877 3293 apostolica
1911 3226 2057 3291 sede,
2076 3241 2177 3279 cm-

2284 3235 2573 3289 hilomintts
2595 3236 2753 3288 etiam
2778 3235 2876 3287 sub
2903 3241 3101 3286 sanctae
3119 3232 3393 3286 memoriae
3417 3245 3550 3299 papa
3580 3231 3865 3300 Simplicio

605 3321 838 3387 terisque
877 3316 1156 3371 catholicis
1188 3330 1293 3369 non
1318 3316 1426 3385 jam
1455 3315 1766 3370 consulendi
1807 3330 1955 3370 erant
1982 3317 2174 3383 potius,

604 3412 698 3468 sed
732 3410 971 3465 notandi.
1007 3418 1031 3444 α
1060 3407 1295 3462 Risimus
1340 3416 1514 3461 autem
1536 3449 1550 3473 ,
1584 3410 1724 3475 quod
1777 3409 2175 3476 prairogativatn

498 3544 513 3559 .
568 3538 571 3561 ς
607 3505 790 3558 volunt
820 3501 1015 3556 Acacio
1037 3500 1358 3568 comparari,
1384 3500 1504 3567 quia
1529 3499 1810 3568 episcopus
1836 3499 1995 3553 fuerit
2022 3499 2179 3567 regiae

605 3598 854 3654 civitatis.
888 3595 1136 3665 Nunquid
1188 3594 1327 3662 apud
1376 3594 1715 3657 Ravennam,
1748 3594 1886 3662 apud
1929 3593 2181 3647 Mediola-

604 3704 730 3743 num
752 3729 766 3753 ,
796 3690 815 3718 "
836 3686 1088 3741 Sirmium
1109 3729 1123 3753 ,
1156 3684 1297 3753 apud
1343 3684 1612 3750 Treviros,
1647 3684 1824 3737 multis
1848 3685 2179 3752 temporibus

605 3798 712 3838 non
742 3779 981 3834 constitit
1001 3779 1290 3846 imperator
1310 3775 1332 3828 ?
1352 3774 1727 3845 Nunquidnam
1752 3774 1939 3829 harum
1970 3773 2180 3828 urbium

604 3873 910 3942 sacerdotes
941 3870 1077 3923 ultra
1107 3885 1409 3925 mensuram
1443 3868 1654 3925 sibimet
1680 3870 1972 3938 antiquitus
2017 3870 2181 3937 depu-

606 3972 791 4026 tatam,
823 3960 1093 4029 quidpiam
1136 3960 1247 4013 suis
1268 3959 1613 4028 dignitatibus
1647 3961 2012 4034 usurparunt?
2038 3961 2180 4016 Nun-

606 4054 734 4124 quid
780 4052 1039 4118 Acacius,
1075 4059 1133 4103 ut
1171 4050 1431 4104 Joannem
1482 4053 1825 4118 qualemlibet
1872 4053 2179 4117 hominem,

602 4138 927 4200 catholicum
962 4150 1136 4195 tamen
1159 4155 1188 4194 a
1211 4140 1493 4195 catholicis
1517 4142 1835 4204 ordinatum,
1870 4144 1934 4197 de
1961 4145 2182 4199 Alexan-

606 4243 721 4297 dria
755 4238 1085 4303 excluderet,
1117 4239 1439 4306 Petrumque
1467 4239 1517 4292 in
1551 4238 1866 4307 lnercsijatn
1916 4244 2179 4296 detectum

608 4334 702 4404 [αἱ.
726 4327 1016 4401 dejectum]
1046 4338 1206 4398 atque
1232 4329 1540 4383 damnatum
1566 4369 1581 4393 ,
1628 4331 1828 4400 absque
1868 4334 2009 4386 sedis
2056 4348 2183 4401 apo-

608 4424 812 4478 stolica:
832 4420 1222 4475 consultatione
1252 4421 1537 4488 reciperet,
1569 4422 1742 4491 aliqua
1768 4423 1976 4491 synodo
2005 4424 2179 4478 saltim

609 4517 717 4571 illic
749 4515 948 4580 habita,
980 4513 1080 4567 hoc
1110 4513 1368 4567 audacter
1387 4515 1629 4583 arripuit,
1653 4528 1707 4569 ut
1729 4516 2085 4572 Calendoncm
2114 4520 2181 4575 de

608 4607 886 4664 Antiochia
942 4606 1200 4673 pelleret;
1255 4606 1669 4676 Inereticumque
1725 4609 1970 4672 Petrum,
2023 4626 2179 4679 quem

610 4703 723 4769 ipse
751 4713 962 4767 quoque
1006 4698 1374 4763 damnaverat,
1408 4698 1608 4767 absque
1656 4699 1842 4753 n0titia
1888 4701 2030 4755 sedis
2055 4717 2184 4770 apo-

610 4790 814 4845 stolicae
843 4803 1025 4842 rursus
1064 4788 1400 4855 admituret.
1436 4789 1629 4858 aliqua
1659 4790 1864 4859 synodo
1912 4793 1959 4845 id
1993 4792 2183 4849 fecisse

613 4894 940 4942 monstratur
963 4887 985 4935 γ
1010 4881 1066 4937 Si
1097 4890 1244 4936 certe
1272 4882 1339 4936 de
1364 4881 1623 4951 dignitate
1661 4884 1834 4952 agitur
1878 4885 2149 4941 civitatum
2168 4929 2181 4951 ,

612 4977 858 5032 secunda:
884 4974 1028 5029 sedis
1046 4984 1100 5029 et
1130 4973 1298 5028 tertiae
1342 4972 1513 5041 major
1541 4984 1622 5027 est
1664 4975 1893 5043 dignitas
1933 4978 2185 5049 Sacerdo-

688 5125 711 5151 ει
744 5116 897 5168 Ridet
946 5114 1181 5182 pontifex
1231 5092 1549 5183 illua,‘quott
1579 5127 1698 5168 cum
1759 5092 2052 5184 Euphemio
2086 5134 2182 5173 no-

618 5196 802 5239 vantes
856 5186 1017 5254 nostri
1052 5186 1305 5251 temporis
1336 5188 1497 5238 stulte
1532 5186 1833 5239 admodum
1886 5187 2173 5254 inculcant,

616 5258 742 5313 dum
794 5253 999 5306 ratione
1046 5255 1205 5315 regia:
1251 5255 1524 5324 dignitatis
1555 5258 1928 5325 prterogativas
1974 5253 2179 5314 sedtum

692 5392 705 5421 ¹
743 5388 817 5442 Id.
837 5385 981 5451 cod.,
1013 5384 1223 5453 expleri.
1560 5452 1563 5453 ν

689 5463 707 5492 ³
743 5459 945 5511 Inclusa
976 5453 1276 5523 parenthesi
1308 5455 1496 5507 absunt
1522 5472 1549 5507 a
1581 5461 1764 5513 codice
1803 5460 2117 5515 Veronensi.

689 5531 707 5559 ³
739 5524 1273 5600 Inclusa_parenthesi
1318 5524 1508 5600 absunt
1536 5531 1712 5600 acod.
1750 5531 1943 5600 Veron.
1980 5531 2029 5584 in
2072 5548 2175 5600 quo

612 5615 795 5655 eorum
818 5600 932 5669 loco
956 5596 1199 5669 leguntur
1226 5609 1387 5669 supra
1420 5597 1468 5646 in
1496 5596 1726 5669 editione
1756 5599 2035 5654 Labbeana
2063 5596 2157 5669 jatt

611 5668 776 5740 posita
812 5685 821 5717 :
861 5667 967 5740 Nec
1014 5664 1334 5740 ecclesiastici
1380 5667 1556 5731 moris,
1604 5672 1704 5720 etc.
1759 5669 1883 5723 Post
1930 5664 2146 5739 qumvse

611 5736 861 5812 quuutur,
892 5736 1039 5812 Recte
1064 5736 1236 5812 igitur,
1264 5744 1368 5791 etc.

685 5809 703 5838 ⁸
734 5807 805 5861 Id.
839 5805 982 5867 cod"
1016 5803 1208 5856 haberi.

2282 3329 2511 3398 legatum
2551 3328 2691 3382 sedis
2726 3327 3030 3396 apostolica:
3076 3338 3273 3380 sanctae
3312 3329 3587 3380 memorim
3624 3326 3865 3383 Probum

2279 3416 2559 3472 Canusina:
2575 3418 2719 3472 urbis
2732 3418 3039 3486 episcopum
3056 3415 3233 3472 Leone
3248 3416 3483 3485 principe
3501 3427 3624 3471 tunc
3641 3402 3867 3486 petente

2282 3519 2543 3576 praesente
2576 3508 2824 3562 decuisse
2872 3508 3177 3561 nullatenus
3222 3522 3378 3574 posse
3410 3509 3634 3573 tentari,
3685 3524 3868 3579 neque

2282 3601 2363 3653 his
2391 3615 2607 3667 prorsus
2638 3600 2930 3668 praebuisse
2950 3613 3298 3663 consensum,
3324 3608 3485 3669 atque
3505 3600 3627 3654 ideo
3650 3615 3754 3654 non
3796 3604 3867 3658 ad

2280 3693 2511 3747 civitatis
2536 3690 2818 3760 cujuslibet
2846 3692 3140 3762 respiciant
3161 3692 3491 3760 qualitatem,
3520 3692 3617 3749 sed
3640 3694 3867 3750 modum

2281 3785 2691 3853 dispensationis
2712 3784 3090 3838 ecclesiasticae
3120 3794 3339 3865 paterna
3369 3784 3653 3839 traditione
3681 3786 3869 3841 firma-

2248 3952 2255 3959 .
2283 3886 2392 3931 tum
2424 3878 2802 3932 convenienter
2822 3876 3154 3946 observent.)
3185 3876 3402 3930 Dicatur
3426 3885 3602 3930 autem
3628 3875 3713 3948 [αι.
3754 3878 3868 3934 Sed

2276 3971 2487 4025 dicatur
2520 3966 2773 4037 forsitan]
2803 3969 2869 4021 de
2896 3966 3257 4021 Alexandrino
3284 3976 3338 4021 et
3378 3966 3716 4022 Antiocheno
3746 3970 3869 4036 epi-

2283 4064 2460 4132 sc-ipis
2484 4063 2647 4116 certis
2674 4078 2739 4116 ex
2771 4060 2949 4114 causis
2983 4060 3275 4128 principem
3306 4060 3475 4128 magis
3506 4059 3595 4113 illa
3625 4075 3745 4129 qua:
3770 4076 3870 4130 ge-

2282 4167 2363 4208 ειη
2420 4164 2573 4217 sunt,
2626 4167 2728 4205 non
2780 4152 3034 4205 Acacium
3084 4150 3421 4221 praecepisse.
3482 4150 3587 4206 Sed
3634 4141 3869 4223 principi

2284 4247 2585 4298 Christiano
2611 4244 2869 4297 decuerat
2898 4256 3186 4311 suggerere
3230 4241 3594 4308 sacerdotem,
3628 4244 3871 4300 maxime

2284 4337 2433 4405 Cujus
2466 4335 2822 4389 familiaritate
2853 4341 2909 4389 et
2935 4335 3113 4388 favore
3156 4334 3434 4389 fruebatur
3456 4375 3469 4397 ,
3510 4334 3713 4388 salvam
3746 4334 3871 4393 fore

2286 4428 2351 4482 de
2377 4427 2613 4495 ejusdem
2640 4425 2835 4493 injuria
2862 4423 3286 4492 contumeliaque
3319 4424 3598 4477 vindictam
3630 4433 3868 4492 tantum,

2290 4528 2344 4571 ut
2373 4517 2624 4573 Ecclesia:
2655 4517 2857 4569 sineret
2892 4514 3225 4569 Christianus
3253 4514 3503 4583 princeps
3528 4513 3743 4582 regulas
3766 4530 3872 4570 cu-

2286 4609 2493 4673 stodiri,
2527 4610 2648 4676 quia
2678 4616 2733 4660 et
2755 4620 2890 4660 nova
2920 4606 2972 4660 in
3008 4617 3235 4673 utroque
3259 4605 3506 4673 pontifice
3539 4618 3696 4658 causa
3720 4618 3871 4662 esset

2285 4713 2492 4767 exorta,
2526 4712 2578 4753 et
2626 4714 2815 4753 novam
2862 4697 3250 4753 discussionem
3278 4698 3876 4767 eoosequenterinqui-

2288 4804 2464 4855 reret;
2498 4802 2552 4847 et
2597 4794 2733 4846 sicut
2763 4805 2975 4859 semper
3016 4798 3161 4866 esset
3198 4790 3445 4844 effectum
3473 4789 3515 4820 ¹⁰
3539 4790 3625 4859 (ac
3667 4789 3872 4845 divinat

2290 4878 2488 4957 pariter
2519 4888 2661 4954 leges
2705 4885 3056 4953 humanaeque
3084 4882 3437 4951 censerent),
3464 4892 3518 4935 ut
3548 4883 3873 4937 sacerdotali

2258 5016 2261 5047 ς
2290 4978 2518 5034 concilio
2546 4978 2614 5031 de
2648 4974 3015 5031 sacerdotibus
3053 4974 3147 5043 [αι.
3192 4970 3630 5042 sacerdOtalibus]
3672 4972 3873 5029 iudicia

2258 5100 2261 5101 ν
2293 5118 2723 5188 patriarchalium
2756 5116 3093 5188 expendunt,
3126 5122 3180 5169 et
3211 5127 3315 5167 non
3361 5120 3534 5188 potius
3560 5114 3807 5188 apostoli.
3830 5092 3872 5165 ai

2291 5181 2563 5314 gaditioni
2619 5188 2733 5241 haec
2802 5181 3081 5255 privilegia
3144 5191 3362 5253 accepta
3412 5181 3672 5237 referunt.
3736 5185 3868 5237 Slit’.

2341 5277 2493 5314 INIUS.

2341 5277 2493 5314 INIUS.

2367 5393 2386 5421 ⁸
2422 5391 2543 5443 Haec
2567 5392 2759 5442 desunt
2787 5388 2837 5439 in
2872 5384 2988 5438 cod.
3024 5384 3343 5440 Veronensi.

2366 5462 2385 5491 ⁶
2418 5460 2489 5512 ItI.
2523 5459 2668 5521 cod.,
2691 5458 2933 5509 viderent.

2365 5534 2381 5562 ⁷
2412 5531 2483 5582 Id.
2526 5530 2668 5590 coil.,
2698 5527 2836 5595 apud
2864 5525 3127 5579 Sirmium.

2360 5603 2379 5629 ⁸
2414 5601 2487 5650 Id.
2520 5598 2666 5660 cotl.,
2697 5597 2829 5663 quod
2858 5596 3024 5648 dicitis
3055 5598 3208 5666 regia:
3237 5596 3471 5648 civitatis.

2360 5673 2376 5699 ⁷⁸
2413 5670 2610 5720 Inclusa
2639 5668 2942 5733 parenthesi
2970 5668 3162 5720 tlcsuut
3194 5668 3244 5718 itt
3276 5665 3394 5717 cod.
3441 5665 3757 5719 Vetoiieusi.

2361 5738 2399 5767 ¹⁰
2433 5738 2630 5791 Inclusa
2658 5739 2961 5805 parenthesi
2990 5738 3181 5791 desunt
3212 5738 3262 5787 in
3292 5735 3407 5788 eod.
3440 5736 3757 5805 Verottensi.
