3948 6314
892 309 961 321 -νντπ

156 366 227 420 75
764 316 769 335 II
914 316 939 321 ⁷⁷
1383 359 1737 417 ΕΡΙΞΤΟΙΑΕ
1777 360 1864 415 ET
1903 361 2241 424 escam.
3374 381 3445 438 ιη
3479 405 3489 413 .

160 481 531 559 provenirent;
585 492 697 533 non
725 492 756 531 a
787 478 1031 533 saeculari
1083 478 1395 533 viderentur
1429 477 1747 545 qualescun-
1775 477 1829 538 Α
1856 479 2376 550 seseque'prodidit
2397 485 2479 536 his
2501 485 2719 552 agendis
2740 485 2897 542 rebus
2919 486 3081 544 fuisse
3104 491 3438 563 participem.

159 588 260 642 que
291 570 590 641 pontiﬁces,
621 571 725 625 etsi
751 584 937 625 errore
958 570 1267 625 humanitus
1293 568 1607 633 accedente,
1640 582 1746 622 non

160 673 333 716 tamen
359 662 456 732 [αι.
496 662 646 713 addit
678 659 887 731 contra]
930 660 1249 730 religionem
1288 662 1556 716 ullatenus
1586 674 1747 715 exce-

161 755 345 809 dentes
368 761 644 822 potestate
695 753 933 821 percelli.
962 754 1046 807 An
1077 752 1254 807 adhuc
1276 753 1372 825 [αι.
1413 755 1495 806 An
1523 762 1578 806 et
1608 750 1748 822 haec]

160 844 298 914 iusta
327 845 536 898 ratione
571 843 805 913 principi
834 843 1164 913 suggerenda
1205 858 1313 897 non
1342 851 1496 897 erant
1520 841 1749 911 “legite

162 939 393 992 civitatis
438 937 647 991 honore
693 935 974 1003 sublimis,
1002 937 1047 991 si
1080 938 1253 991 factus
1302 946 1420 991 erat
1460 936 1551 989 illa
1599 936 1750 1005 regia

164 1029 377 1085 civitate
399 1029 706 1093 sublimior,
754 1036 905 1083 tanto
952 1029 1121 1098 magis
1164 1024 1218 1082 in
1259 1027 1343 1082 his
1392 1027 1748 1097 suggerendis

163 1119 344 1174 debuit
369 1133 492 1173 esse
537 1118 921 1172 constantior?
951 1117 1008 1173 Si
1050 1127 1227 1171 autem
1276 1117 1331 1171 in
1386 1116 1468 1171 his
1508 1133 1625 1186 quae
1656 1132 1751 1186 pro

162 1212 419 1281 religione
448 1210 663 1267 fuerant
700 1211 1005 1276 exerenda,
1049 1210 1257 1264 exstitit
1303 1209 1752 1279 contemptibilis,

163 1316 315 1374 atque
343 1304 661 1372 despectus,
694 1311 751 1356 et
778 1310 871 1355 aut
892 1301 1094 1371 segnis,
1125 1309 1217 1353 aut
1245 1300 1499 1354 ﬁduciam
1532 1315 1637 1354 non
1665 1298 1759 1352 ha-

164 1399 292 1453 bens
321 1396 646 1465 intimandi,
677 1396 731 1449 in
778 1410 882 1466 quo
914 1411 1008 1465 per
1056 1397 1258 1465 regiam
1286 1394 1558 1449 civitatem
1588 1394 1760 1462 major

160 1491 379 1545 effectus
430 1489 563 1544 est?
603 1489 663 1558 (⁸
688 1503 758 1541 an
809 1495 871 1541 ut
908 1502 1005 1558 per
1029 1503 1091 1542 ea
1136 1502 1247 1542 sua:
1303 1487 1760 1556 praevaricationis

160 1590 451 1636 exerceret
475 1580 653 1650 potius
678 1579 1042 1651 tyrannidem,
1072 1594 1229 1649 quam
1258 1593 1448 1634 causas
1488 1578 1761 1648 religionis

161 1675 399 1743 legitime
433 1674 815 1745 procuraret?)
841 1672 1043 1728 Nathan
1088 1673 1348 1744 prepheta
1378 1672 1463 1745 (Il
1498 1673 1624 1744 Reg.
1662 1672 1761 1743 xii)

158 1768 333 1837 palam
366 1767 699 1838 publiceque
725 1767 778 1820 in
809 1766 947 1821 facie
970 1766 1081 1836 regi
1112 1766 1301 1832 David,
1327 1774 1384 1821 et
1411 1764 1758 1820 commissum

1857 569 1962 624 Sed
1990 582 2132 640 esto,
2159 573 2455 629 Calendiou
2496 575 2842 645 imperatoris
2886 595 3080 637 nomen
3132 583 3443 652 abstulerit;

1858 664 2091 720 Joannes
2136 667 2363 737 principi
2412 671 2665 724 mentitus
2717 671 2883 728 fuisse
2908 674 3161 744 jactetur,
3208 694 3328 749 qua:
3367 689 3445 734 ta-

1860 773 1982 815 men
2010 773 2130 813 cum
2166 776 2317 815 nova:
2343 771 2524 816 essent
2544 778 2741 831 causae,
2767 782 2899 821 nova
2930 768 2950 799 "
2979 769 3163 825 debuit
3192 772 3448 830 ecclesia-

1861 852 1995 903 stica
2020 852 2309 919 provenire
2339 852 2637 909 discessio?
2666 873 2731 909 an
2761 859 2848 927 qui
2880 858 2934 912 in
2974 859 3242 916 hominem
3280 864 3447 934 impe-

1861 948 2093 994 ratorem
2122 956 2377 1010 peccasse
2400 944 2735 1012 dicebantur,
2767 949 2908 1002 nuila
2939 950 3329 1009 interveniente
3360 970 3451 1026 sy-

1863 1032 2005 1086 nodo
2037 1033 2194 1101 dejici
2224 1034 2555 1101 debuerunt;
2590 1049 2641 1091 et
2666 1038 2718 1092 in
2750 1038 2915 1094 Deum
2944 1083 2961 1107 ,
2988 1044 3076 1111 qui
3123 1060 3366 1101 sunnnus
3394 1056 3449 1101 et

1863 1136 2027 1178 verus
2055 1134 2136 1178 est
2165 1126 2477 1195 imperator,
2514 1128 2764 1184 Acacium
2801 1131 3199 1203 delin‘quentcm
3219 1180 3233 1204 ,
3269 1139 3447 1195 sincev

1864 1233 2085 1287 ramquc
2112 1222 2549 1275 communionem
2592 1222 2757 1277 divini
2788 1229 3110 1282 sacramenti
3144 1230 3449 1286 studentem

1866 1311 2095 1364 miscere
2125 1326 2243 1364 cum
2278 1312 2494 1379 perﬁdis
2522 1354 2537 1378 ,
2582 1314 2874 1369 secundum
2907 1318 3169 1387 synodum
3199 1336 3299 1389 qua
3336 1322 3449 1377 lucc

1865 1410 1947 1455 est
1977 1400 2227 1454 damnata
2258 1402 2482 1470 perﬁdia
2503 1443 2516 1467 ,
2557 1419 2663 1458 non
2694 1407 2974 1474 oportebat
3008 1412 3203 1479 expelli
3234 1412 3327 1483 [αι.
3358 1430 3449 1468 ex-

1865 1491 2069 1562 cludi]?
2101 1493 2119 1523 δ
2147 1493 2282 1559 Quid
2314 1494 2380 1549 de
2412 1495 2708 1551 innumeris
2738 1512 2835 1567 per
2866 1509 3033 1554 totum
3063 1502 3337 1558 Orientem
3364 1520 3448 1559 ea-

1828 1658 1833 1664 .
1868 1583 2082 1639 tholicis
2110 1586 2480 1641 sacerdotibus
2523 1590 2734 1658 propria
2777 1592 2906 1647 sede
2926 1593 3187 1661 depulsis,
3217 1606 3268 1650 et
3292 1596 3449 1651 indu-

1867 1676 2097 1731 bitanter
2122 1678 2386 1733 hazreticis
2413 1679 2774 1735 intromissis?
2797 1684 2956 1738 Novae
2984 1694 3131 1740 certe
3153 1698 3307 1741 erant
3328 1704 3450 1743 catt-

1867 1783 1972 1833 sw;
2017 1778 2071 1822 et
2102 1769 2187 1823 his
2216 1781 2609 1841 consequenter
2648 1774 2668 1803 ⁸
2709 1789 2845 1829 nova
2870 1779 3105 1846 synodus
3134 1779 3448 1836 debebatur.

160 1861 541 1930 pronuntiavit
608 1874 881 1927 errorem,
948 1870 1000 1915 et
1052 1860 1229 1930 ipsum
1277 1860 1613 1916 commisisse
1656 1874 1764 1914 non
1793 1857 1844 1917 B
1872 1862 1981 1916 Cur
2011 1872 2136 1917 tunc
2181 1880 2286 1918 non
2318 1868 2465 1920 venit
2502 1867 2553 1920 in
2585 1880 2819 1924 mentem
2847 1912 2863 1937 ,
2893 1878 2950 1923 nt
2979 1872 3029 1926 in
3059 1874 3247 1928 talibus
3277 1877 3450 1931 causis

158 1955 365 2019 tacuit;
398 1966 456 2009 et
502 1953 845 2009 confessione
883 1962 1183 2008 correctum
1227 1962 1619 2023 consequenter
1663 1953 1759 2006 ab-

159 2050 339 2106 solvit.
373 2051 437 2122 (’
464 2049 640 2104 beatae
666 2052 943 2104 memoria:
989 2048 1303 2102 Ambrosius
1350 2046 1761 2103 Mediolanensis

163 2143 422 2198 sacerdos
479 2141 779 2205 Ecclesia,
838 2138 1026 2211 majori
1082 2140 1383 2195 Theodosio
1448 2140 1761 2209 imperatori

162 2233 610 2289 communionem
641 2233 853 2303 publice
878 2233 1156 2302 palamque
1184 2232 1485 2301 suspendit,
1517 2243 1676 2300 atque
1695 2233 1760 2286 ad

166 2327 551 2397 paenitentiam
581 2325 790 2395 redegit
816 2325 1018 2393 regiam
1062 2334 1415 2393 potestatem;
1450 2324 1620 2379 beatae
1652 2338 1765 2378 me-

168 2420 355 2475 morie
380 2434 522 2489 papa
542 2417 658 2474 Leo
688 2418 850 2488 (sicut
871 2418 1089 2488 legitur)
1114 2420 1492 2486 Imperatorem
1514 2416 1764 2471 Theodo-

168 2513 304 2566 sium
348 2514 627 2582 iuniorem
679 2509 951 2579 Ephesino
980 2510 1263 2565 latrocinio
1310 2511 1477 2565 libere
1523 2510 1766 2580 coarguit

169 2603 566 2667 excedentem;
596 2610 799 2657 sancta:
837 2602 1110 2657 memoria:
1138 2617 1347 2671 quoque
1380 2616 1511 2669 papa
1555 2601 1765 2655 llilarus

168 2697 523 2753 Anthemium
556 2696 957 2765 imperatorem,
988 2710 1107 2750 cum
1159 2695 1469 2749 Philotheus
1515 2694 1762 2748 Macedo—

169 2792 365 2848 nianus
399 2789 524 2858 ejus
560 2786 923 2842 familiaritate
952 2787 1198 2841 suffultus
1229 2786 1557 2841 diversarum
1586 2786 1767 2841 conci-

168 2882 371 2940 liabula
424 2894 567 2933 nova
616 2888 881 2934 sectarum
915 2880 964 2931 in
1016 2878 1213 2933 Urbem
1264 2877 1425 2932 vellet
1473 2877 1761 2945 inducere,

170 2974 313 3044 apud
344 2974 570 3027 beatum
594 2970 814 3024 Petrum
846 2971 1143 3039 apostolum
1182 2970 1353 3039 palam
1398 2985 1466 3023 ne
1494 2968 1544 3022 id
1576 2971 1759 3033 ﬁeret,

171 3065 316 3119 clara
349 3078 491 3117 voce
522 3061 867 3126 constrinxit,
900 3062 951 3113 in
986 3071 1188 3114 tantum
1222 3071 1278 3113 ut
1299 3075 1403 3115 non
1432 3074 1493 3115 ea
1522 3060 1763 3115 facienda

172 3170 292 3211 cum
319 3152 738 3223 interpositione
779 3153 1099 3206 sacramenti
1134 3152 1274 3205 idem
1302 3152 1641 3221 promitteret
1666 3154 1765 3207 im-

178 3260 422 3318 perator;
452 3217 660 3301 sanctae.
690 3244 961 3300 memoria:
993 3217 1366 3304 nihilominus,
1382 3261 1512 3316 papa
1546 3246 1765 3315 Simpli—
1792 3217 1841 3281 θ

180 3343 310 3405 eius,
342 3350 399 3395 et
432 3349 557 3409 pOsl
585 3354 707 3394 eum
735 3347 933 3393 sanctae
971 3340 1242 3393 memoriae
1272 3354 1403 3408 papa
1455 3339 1625 3407 Felix,
1660 3357 1765 3397 non

189 3433 349 3487 solum
372 3431 696 3486 Basiliscum
726 3439 1032 3500 tyrannum,
1067 3429 1160 3484 sed
1188 3430 1347 3484 etiam
1384 3431 1764 3499 imperatorem

190 3522 452 3577 Zenonem
486 3536 589 3591 pro
619 3521 807 3575 iisdem
837 3521 966 3589 ipsis
995 3520 1322 3584 excessibus,
1363 3524 1680 3576 auctoritate
1703 3523 1763 3577 li-

192 3613 313 3669 bera
332 3612 532 3684 Saepius
549 3612 859 3682 increpasse
880 3622 1191 3678 noscuntur,
1210 3612 1459 3683 ﬂectique
1480 3615 1763 3683 potuisset,

198 3707 294 3761 nisi
321 3704 897 3775 Constantinopolitani
932 3706 1173 3772 praesulis
1199 3704 1542 3761 accederetur
1570 3706 1766 3761 instin-

199 3799 424 3867 ctu,qui
472 3798 745 3867 particeps
796 3805 1030 3851 externa:
1079 3797 1467 3852 communionis
1514 3798 1763 3863 effectus,

199 3890 494 3945 necessario
523 3890 580 3943 in
611 3889 752 3959 quod
783 3874 1065 3953 inciderat,
1090 3889 1198 3957 jam
1224 3890 1458 3957 fovebat,
1486 3892 1689 3947 malens
1713 3894 1765 3947 iu

195 3998 298 4038 sua:
343 3981 801 4052 praevaricationis
852 3981 1210 4036 obstinatione
1263 3985 1575 4051 persistere,
1608 4001 1765 4055 quam

196 4082 457 4135 curandus
479 4080 546 4133 ad
576 4079 809 4133 salubria
837 4093 1097 4146 remeare,
1127 4079 1267 4133 sicut
1295 4078 1408 4148 ipse
1438 4095 1613 4133 rerum
1646 4096 1767 4149 pro-

194 4170 330 4225 bavit
358 4180 609 4226 eventus.
644 4168 785 4224 Ecce
835 4185 1001 4238 nuper
1029 4169 1295 4225 llonorico
1326 4173 1436 4241 regi
1462 4172 1766 4227 Vandalicce

200 4263 441 4327 nationis,
478 4262 564 4315 vir
597 4276 820 4329 magnus
849 4271 902 4314 et
931 4261 1171 4330 egregius
1201 4262 1454 4317 sacerdos
1503 4264 1768 4333 Eugenius

198 4352 632 4422 Carthaginensis
654 4352 970 4421 episcopus,
1004 4353 1262 4422 multique
1287 4369 1406 4408 cum
1456 4355 1644 4409 eodem
1677 4372 1767 4410 ca-

202 4445 372 4500 tholici
416 4446 728 4500 sacerdotes
767 4455 1076 4500 constanter
1127 4447 1437 4502 resisterent
1493 4451 1763 4517 smvienti,

201 4548 490 4607 cunctaque
520 4545 759 4593 extrema
784 4537 1095 4601 tolerantes,
1127 4539 1388 4609 hodieque
1411 4544 1764 4610 persecutori-

199 4628 287 4684 bus
309 4630 568 4685 resistere
589 4644 696 4682 non
722 4630 989 4682 omittunt.
1020 4629 1129 4684 Nos
1160 4646 1373 4700 quoque
1397 4631 1623 4689 Odoacri
1651 4637 1765 4690 bar-

200 4719 316 4775 baro
342 4721 603 4775 haeretica
621 4735 841 4789 regnum
868 4720 1028 4774 Italia:
1060 4731 1183 4775 tunc
1202 4726 1422 4788 tenenti,
1446 4740 1566 4779 cum
1588 4728 1764 4797 aliqua

201 4824 296 4865 non
324 4810 575 4866 facienda
601 4812 938 4881 praeciperet,
973 4812 1083 4867 Deo
1129 4826 1414 4882 praestante
1462 4820 1766 4877 nullatenus

205 4901 427 4965 paruisse
453 4902 795 4955 manifestum
827 4902 953 4967 est.)
981 4903 1074 4959 llic
1104 4914 1283 4959 autem
1309 4907 1390 4960 vir
1419 4908 1588 4965 bonus
1631 4912 1767 4966 Aca-

206 4992 333 5053 cius,
363 5002 414 5045 et
433 4992 690 5046 sacerdos
718 4992 943 5049 eximius
974 4991 1065 5064 [αι.
1093 4995 1378 5068 egregius],
1404 4997 1455 5051 in
1486 5008 1688 5054 tantum
1708 5018 1767 5057 se

207 5090 260 5134 et
284 5094 555 5151 suggerere
578 5082 816 5152 potuisse
841 5086 1175 5153 monstravit,
1193 5096 1245 5140 et
1264 5088 1495 5145 noluisse
1516 5091 1764 5159 deprom-

209 5174 333 5241 psit,
358 5175 454 5228 imo
476 5176 671 5231 lavisse
699 5176 952 5245 patefecit
978 5195 992 5244 ;
1017 5187 1072 5234 ut.
1102 5189 1155 5233 et
1183 5180 1478 5249 imperator
1498 5196 1684 5238 cuncta
1708 5201 1767 5242 se

206 5278 270 5319 ex
288 5262 415 5334 "ejus
441 5270 660 5333 gessisse
686 5268 910 5323 consilio
938 5285 1042 5324 non
1069 5280 1288 5336 taceret,
1314 5285 1366 5328 et
1399 5275 1513 5344 ipse
1542 5277 1770 5345 impera-

204 5365 371 5412 torem
418 5358 620 5427 magnis
678 5360 958 5428 praeconiis
1007 5361 1243 5418 elevaret
1294 5364 1392 5419 ista
1443 5365 1762 5438 facientem;

266 5532 279 5561 ‘
310 5530 435 5585 Hac
464 5531 665 5598 pariter
690 5529 885 5584 desunt
913 5533 964 5586 in
995 5534 1182 5590 eodem
1206 5537 1409 5592 codice.

173 5615 182 5622 '
263 5599 595 5680 ’__Seq_u'entia
624 5614 837 5680 quoque
856 5605 1057 5658 ansulis
1088 5607 1291 5661 inclusa
1315 5609 1685 5669 desiderantur
1710 5618 1764 5672 in

198 5670 373 5725 codice
414 5670 731 5723 Veronensi.

262 5741 282 5770 ³
309 5742 439 5795 Cod.
464 5739 759 5803 Veronen.,
788 5745 1040 5809 proderet.

260 5812 279 5839 ⁸
303 5810 380 5866 Id.
409 5810 559 5874 cod.,
591 5810 837 5864 debuerit.

462 5905 740 5965 Panos.
787 5904 952 5967 LIX.

1790 4592 1847 4655 D

1870 1964 2140 2023 peteretur
2189 1971 2217 2009 a
2258 1960 2500 2027 principe
2545 1960 2732 2015 saltent
2786 1964 3169 2036 qualiscunque
3217 1970 3450 2038 synodus

1867 2045 2221 2111 celebranda;
2257 2058 2307 2102 ut
2340 2065 2661 2119 quocunque
2682 2052 2765 2106 vel
2794 2054 3253 2125 coloratojudicio
3285 2061 3452 2114 tradi-

1870 2134 2029 2188 tionis
2072 2136 2450 2192 ecelesiasticaa
2494 2141 2690 2207 passim
2717 2144 2995 2210 pontifices
3025 2146 3338 2203 viderentur
3362 2165 3453 2205 ex-

1868 2226 2007 2279 cludi
2034 2267 2048 2289 ,
2083 2242 2189 2280 non
2211 2228 2381 2281 solum
2409 2244 2847 2300 quarumeuuque
2878 2235 3085 2289 urbium
3117 2240 3450 2305 sacerdotes,

1870 2317 1965 2372 sed
1997 2320 2392 2388 metropolitani
2427 2321 2798 2378 incunctanter
2837 2326 3138 2382 antistites?
3166 2329 3256 2384 llis
3279 2332 3455 2387 omni-

1869 2413 1969 2467 bus
1999 2427 2119 2467 cum
2152 2426 2259 2465 non
2292 2412 2483 2465 restitit
2504 2416 2848 2483 suggestione
2876 2433 2976 2485 qua
3004 2422 3195 2487 potuit,
3228 2438 3452 2478 consen-

1870 2506 1938 2557 sit
1961 2504 2207 2569 Acacius,
2238 2503 2687 2559 communicando
2712 2510 2941 2577 cunctis,
2968 2512 3057 2580 qui
3079 2512 3130 2565 in
3163 2515 3452 2570 catholico-

1870 2612 1989 2650 rum
2041 2598 2213 2650 locum
2263 2596 2498 2650 lueretici
2534 2597 2747 2653 fuerant
2799 2601 3118 2671 subrogati:
3168 2606 3452 2675 Apostolus

1869 2695 2050 2741 autem
2092 2687 2217 2741 dicit
2259 2706 2270 2739 :
2306 2686 2428 2740 Non
2455 2688 2620 2741 solum
2650 2692 2735 2759 qui
2760 2693 2995 2761 faciunt,
3026 2696 3115 2749 sed
3143 2708 3192 2751 et
3220 2702 3309 2767 qui
3335 2717 3453 2755 con-

1868 2780 2091 2832 sentiunt
2146 2779 2452 2847 facientibus
2512 2781 2700 2850 (Rom.
2751 2784 2805 2852 ι)
2840 2830 2853 2853 ,
2911 2801 3034 2841 reos
3089 2789 3454 2849 indubitanter

1870 2870 2085 2924 ascribi.
2118 2871 2198 2923 An
2228 2871 2340 2925 lucc
2372 2872 2518 2927 licuit
2547 2878 2790 2930 smculari
2820 2882 3067 2947 potestati
3099 2892 3153 2937 et
3173 2887 3304 2941 actis
3335 2888 3455 2943 tali-

1870 2961 1970 3016 bus
1994 3004 2008 3027 ,
2045 2965 2241 3017 Acacio
2267 2967 2636 3021 ennsentiente
2667 2970 2867 3038 absque
2892 2974 2994 3026 ulla
3027 2978 3260 3045 synodo,
3295 2996 3454 3049 quam

1869 3051 1982 3121 ipsa
2015 3068 2193 3107 rerum
2224 3056 2434 3109 novitas
2464 3058 2730 3126 exigebat,
2755 3062 2956 3132 absque
2982 3067 3125 3121 sedis
3147 3073 3454 3139 apostolica

1870 3148 2263 3203 consultatione
2288 3150 2575 3218 perﬁcere;
2597 3155 2781 3209 etsedi
2805 3141 3115 3225 apostolica:
3149 3179 3251 3217 non
3281 3165 3452 3235 licuit,

1872 3241 2164 3295 secundum
2217 3252 2456 3297 tenorem
2489 3247 2678 3315 synodi
2709 3246 3163 3309 Chalcedonensis
3196 3256 3252 3310 in
3282 3261 3455 3315 veteri

1872 3333 2057 3401 utique
2085 3349 2241 3388 causa
2264 3376 2277 3401 ,
2309 3346 2361 3390 et
2402 3338 2569 3391 veteri
2600 3342 2891 3396 constituto
2914 3344 3062 3412 juxta
3089 3348 3454 3408 deﬁnitionem

1872 3423 2119 3479 damnata
2150 3424 2243 3497 [αι.
2287 3427 2426 3493 justa
2458 3428 2770 3487 deﬁnitione
2805 3435 3173 3509 damnatum],
3221 3441 3454 3500 inimicis

1871 3520 2061 3591 synodi
2105 3521 2562 3577 Chalcedonensis
2593 3527 2848 3582 Acacium
2890 3533 3375 3592 communicautem
3421 3554 3453 3592 a

1870 3626 1967 3665 sua
2010 3612 2387 3668 communione
2428 3613 2737 3681 depellere?
2764 3617 2868 3672 Sed
2896 3619 3183 3688 inquiunt:
3226 3626 3453 3683 Aeacius

1872 3704 2096 3772 principi
2119 3705 2336 3761 obviare
2366 3722 2472 3761 non
2503 3710 2692 3776 potuit.
2728 3711 2832 3764 Cur
2877 3712 3154 3779 Basilisco,
3198 3720 3317 3783 quia
3354 3734 3453 3773 vo-

1871 3797 1969 3851 luit
1992 3840 2007 3863 ,
2042 3798 2309 3853 obviavit?
2333 3815 2429 3853 cur
2459 3802 2572 3869 ipse
2597 3801 2817 3867 Zenoni,
2844 3819 2909 3857 ne
2937 3806 3109 3871 palam
3142 3807 3300 3863 Petro
3336 3812 3450 3866 An-

1874 3896 2123 3950 tiocheno
2171 3897 2413 3965 quamvis
2446 3897 2674 3952 latenter
2704 3899 2805 3952 hoc
2832 3900 3025 3953 fecerit
3053 3906 3451 3963 communicare

1872 3986 2147 4040 videretur
2171 4026 2187 4047 ,
2222 4002 2324 4040 non
2355 3988 2717 4042 commodavit
2757 3992 3080 4045 assensum?
3109 4007 3234 4048 ecce
3282 3985 3451 4053 residi-

1872 4077 2002 4130 tanti
2052 4092 2155 4130 non
2186 4077 2374 4131 institit
2402 4077 2494 4149 [αι.
2541 4079 2761 4153 restitit]
2802 4082 3092 4150 imperator
3138 4104 3148 4137 :
3186 4101 3312 4142 ecce
3342 4093 3449 4145 vim

1874 4168 2072 4222 nolenti
2114 4183 2217 4221 non
2264 4170 2475 4235 intulit;
2508 4184 2633 4225 ecce
2681 4174 2965 4242 refugicnti
2993 4177 3234 4245 contagia
3281 4182 3451 4236 niani-

1875 4260 2011 4313 festa
2030 4263 2297 4315 concessit
2325 4278 2337 4314 :
2372 4272 2642 4331 postremo
2668 4304 2682 4328 ,
2716 4279 2810 4317 cur
2842 4276 2987 4319 tanto
3015 4276 3257 4338 tempore
3280 4316 3293 4341 ,
3326 4288 3449 4329 cum

1874 4352 1972 4404 ista
2018 4363 2377 4421 gererentur,
2424 4354 2503 4407 vel
2533 4356 2766 4424 gerenda
2799 4372 3186 4431 cognosceret,
3230 4380 3335 4419 non
3381 4367 3451 4422 ad

1872 4444 2052 4497 sedem
2094 4445 2463 4513 apostolicam,
2488 4462 2517 4499 a
2545 4462 2646 4515 qna
2693 4448 2793 4503 sibi
2823 4464 3001 4504 curam
3034 4453 3245 4509 illatum
3278 4460 3451 4528 regio.

1873 4551 1999 4589 num
2033 4547 2255 4591 noverat
2283 4537 2580 4606 delegatam
2607 4577 2624 4604 ,
2658 4540 2858 4596 referre
2902 4546 3188 4600 maturavit
3217 4548 3311 4619 [αι.
3352 4568 3449 4608 cu-

1874 4624 2067 4697 ravit]?
2096 4628 2201 4682 Sed
2246 4629 2393 4695 prius
2422 4629 2666 4683 laudator
2702 4629 2872 4685 factus
2902 4641 2986 4687 est
3014 4635 3125 4703 ipse
3156 4651 3450 4711 gestorum,

1874 4738 2033 4794 quam
2078 4724 2158 4777 vel
2201 4733 2556 4790 praemoneret
2598 4724 2718 4778 talia
2763 4740 2881 4780 esse
2934 4732 3207 4796 tentanda,
3258 4737 3339 4789 vel
3388 4754 3454 4793 ne

1877 4825 2213 4873 teutarentur
2249 4816 2554 4870 obsisteret.
2585 4818 2731 4872 Sicut
2758 4818 2857 4871 sub
2887 4819 3144 4874 Basilisco
3165 4823 3276 4891 jam
3312 4828 3455 4883 fece-

1876 4920 1981 4972 rat,
2027 4922 2121 4961 cur
2171 4906 2275 4960 illis
2325 4907 2535 4961 cmteris
2580 4908 2976 4963 communicare
3024 4916 3316 4979 consensit,
3364 4919 3457 4985 qui

1876 4997 2113 5067 depulsis
2142 4997 2417 5051 catholicis
2447 4997 2837 5062 sacerdotibus,
2885 4998 3251 5056 lndubitanter
3284 5004 3458 5063 haere-
3542 5060 3545 5065 λ

1876 5097 1963 5151 tici
1988 5095 2216 5165 singulis
2244 5095 2464 5149 urbibus
2487 5095 2697 5147 fuerant
2724 5092 3036 5148 substituti?
3064 5095 3345 5156 Postremo
3369 5103 3459 5160 ille
3542 5098 3543 5101 “

1875 5190 2042 5245 defuit
2063 5190 2173 5242 suis
2199 5186 2469 5256 partibus;
2500 5194 2556 5238 et
2579 5198 2697 5251 quae
2725 5184 2995 5239 sacerdoti
3017 5187 3284 5246 catholico
3310 5209 3457 5248 com-

1874 5289 2157 5354 peterent,
2191 5294 2351 5349 agere
2383 5276 2637 5331 lastidivit
2659 5276 2752 5348 [αι.
2784 5294 2892 5334 non
2914 5281 3139 5354 curavit]
3173 5300 3186 5337 :
3222 5285 3341 5341 ideo
3370 5303 3457 5343 se-

1874 5376 1969 5431 des
1998 5371 2289 5444 apostolica
2324 5367 2465 5436 quod
2506 5370 2526 5399 "
2555 5367 2621 5423 ad
2666 5370 2853 5425 eadem
2887 5372 3216 5439 pertinebat,
3246 5376 3328 5429 vel
3356 5392 3451 5446 po-

1953 5550 1971 5580 ⁸
2012 5547 2089 5601 .d.
2139 5545 2285 5606 ends,
2322 5543 2458 5608 Quid
2485 5558 2574 5607 per
2605 5551 2765 5596 totum
2795 5542 3050 5596 Orientem
3080 5546 3142 5598 de
3170 5548 3454 5609 innumeris

1872 5618 2079 5671 urbibus
2124 5615 2256 5684 pulsi
2298 5613 2535 5665 catholici
2570 5612 2855 5665 sacerdotes
2879 5653 2891 5676 ,
2936 5623 2982 5665 et
3022 5614 3244 5671 hazretici
3268 5623 3451 5678 subra.

1869 5690 1973 5758 gati
1993 5689 2015 5739 ?

1940 5760 1960 5787 ⁶
2001 5756 2075 5811 Id.
2109 5757 2262 5823 cod.,
2294 5773 2414 5809 una.

1937 5829 1955 5857 ⁷
1995 5828 2071 5881 Id.
2108 5829 2251 5894 cod.,
2287 5828 2353 5879 ad
2384 5841 2513 5880 eam.
