3948 6314
505 401 508 404 ’
555 417 624 479 75
1913 429 2186 484 GELASll
2223 428 2424 482 rara;
2463 429 2483 483 ι
3764 430 3830 484 76

554 537 657 593 tuit
701 538 782 594 vel
839 530 1023 593 debuit
1082 525 1396 608 praeterire?
1444 541 1693 608 Quolibet
1753 541 1909 609 igitur
1964 539 2130 595 modo
2166 542 2216 600 Α
2244 517 2450 608 (μήθ’ἱη
2481 545 2682 592 sortem
2711 536 3016 591 reciderant
3056 535 3488 605 praevaricatoris
3519 534 3698 588 Acacii
3729 553 3740 585 :
3775 547 3830 592 et

553 628 930 688 hereticorum
984 631 1295 701 complicem
1356 633 1644 697 refutavit,
1701 646 1753 687 et
1811 641 2132 708 consortem

554 714 947 778 eoinmtmionis
991 726 1227 778 externae
1271 739 1301 778 a
1339 739 1435 778 sua
1467 724 1846 778 communione
1874 723 2137 790 dimovit;

553 828 653 867 nec
690 829 825 882 opus
874 813 971 868 fuit
1003 828 1142 868 nova
1189 815 1395 886 synodo
1423 854 1438 880 ,
1481 831 1602 868 cum
1629 815 1827 870 veteris
1857 813 2135 868 constituti

555 897 882 958 sufﬁcienter
908 906 923 934 ¹
955 903 1069 959 haec
1107 904 1274 958 forma
1308 907 1710 975 praescriberet;
1746 921 1846 962 nec
1875 922 2012 974 Opus
2038 904 2135 958 fuit

555 1002 613 1046 ut
640 992 754 1047 hac
781 985 995 1049 scienda
1027 993 1118 1067 [αι.
1147 995 1408 1068 facienda]
1443 997 1682 1051 Orientis
1713 997 1984 1065 episcopis
2016 998 2142 1076 inti.-

492 1151 494 1156 _
554 1097 746 1152 maret,
766 1103 900 1159 quos
917 1105 981 1144 ex
1007 1090 1320 1158 expulsione
1337 1079 1748 1155 catholicorum,
1765 1107 1882 1160 quae
1907 1091 2140 1159 agebant-

554 1189 638 1233 tur
669 1181 722 1233 in
744 1194 904 1234 causa
942 1171 1062 1235 lid‘ei
1084 1222 1098 1246 ,
1123 1195 1230 1234 non
1262 1170 1538 1250 ignorasse
1569 1165 1907 1234 manifestum
1939 1190 2055 1244 est;
2087 1190 2140 1234 et

555 1267 998 1323 communicando
1053 1263 1322 1324 haereticis
1353 1271 1691 1339 subrogatis,
1726 1271 1864 1324 facto
1896 1271 1982 1323 tali
2013 1285 2140 1324 con-

559 1356 794 1412 sensisse
828 1373 933 1412 non
957 1357 1180 1412 dubium
1203 1370 1313 1420 est;
1339 1360 1359 1389 ⁸
1388 1359 1546 1412 etiam
1581 1375 1701 1411 cum
1731 1369 1966 1413 externae
1997 1375 2142 1412 com-

549 1443 825 1503 munionis
866 1449 1072 1504 eﬂ'ectis
1101 1449 1193 1522 [αι.
1237 1449 1382 1502 addit
1412 1459 1570 1520 atque
1599 1450 1718 1504 ideo
1759 1463 1877 1504 cum
1911 1447 2137 1528 eisjam]

555 1561 655 1601 nec
696 1548 974 1614 potuisse,
1027 1561 1126 1600 nec
1169 1537 1418 1599 debuisse
1457 1544 1606 1598 sedis
1651 1544 1959 1613 apostolicae
2008 1543 2136 1595 scita

477 1696 480 1699 .
556 1640 794 1694 tractari.
829 1640 969 1710 Ecce
997 1649 1329 1710 agnoverunt
1370 1642 1418 1693 in
1467 1656 1648 1693 eorum
1688 1639 2018 1707 professione
2049 1641 2160 1708 qui'

556 1733 996 1786 constantissime
1019 1734 1401 1802 perdurarunt,
1430 1721 1568 1801 quod
1604 1731 1723 1782 litlei
1748 1729 2141 1782 conmmnioni-

557 1838 659 1892 que
687 1822 965 1876 catholicae
992 1823 1298 1877 deberetur.
1336 1822 1472 1875 Ecce
1517 1831 1846 1889 agnoverunt
1884 1823 2140 1888 quemad-
2183 1885 2185 1892 ι

2250 631 2392 686 illius
2411 645 2468 684 se
2488 630 2606 684 sine
2636 629 2802 683 dubio
2831 627 3180 701 pervidebant
3204 628 3467 682 sententia
3499 640 3809 696 conscqucn

2250 729 2330 772 ter
2359 719 2604 789 astringi,
2639 719 2743 791 [aL
2764 720 2911 772 addit
2953 716 3029 789 et]
3071 717 3140 774 ob
3182 717 3284 774 hoc
3327 733 3452 774 eum
3482 717 3653 770 videri
3689 720 3836 771 note-

2245 811 2374 864 bant
2401 825 2523 866 esse
2546 811 2878 878 damnatum,
2895 811 3018 880 quia
3044 824 3104 865 se
3133 809 3531 878 cognoscebant
3554 810 3605 862 in
3639 810 3832 864 eadem

2246 905 2686 974 praevaricatione
2733 905 3050 972 damnatos,
3081 905 3133 960 in
3159 920 3263 975 qua
3290 904 3449 960 hodie
3479 921 3694 982 quoque
3723 921 3834 958 ma-

2245 1011 2375 1052 nere
2401 997 2723 1064 .persistunt.
2751 996 2857 1052 Sed
2886 998 3025 1052 sicut
3062 998 3099 1052 ii
3150 997 3313 1052 simili
3344 997 3654 1052 conditione
3702 1014 3832 1051 con-

2245 1088 2416 1142 stricti
2467 1087 2782 1158 cnmplicem
2829 1103 2982 1142 suum
3028 1103 3134 1143 non
3167 1099 3392 1159 possunt
3433 1089 3678 1159 judicare
3722 1104 3832 1144 non

2241 1182 2365 1252 jure
2402 1182 2710 1252 damnatum
2733 1227 2746 1250 ,
2782 1199 2954 1252 neque
2982 1199 3137 1239 reum.
3164 1185 3256 1256 [αι.
3293 1184 3369 1238 rei
3400 1181 3574 1255 reum]
3607 1194 3831 1252 possunt

2247 1284 2610 1344 competenter
2633 1276 2912 1330 absolvere
2937 1317 2954 1342 ,
3002 1277 3082 1331 sic
3111 1276 3200 1330 illo
3227 1277 3369 1345 juste
3412 1279 3832 1346 prmvaricatore

2245 1366 2526 1432 damnato,
2571 1367 2671 1435 ipsi
2723 1381 2934 1436 quoque
2964 1367 3077 1435 pari
3121 1367 3308 1434 jacent
3343 1368 3684 1423 damnatione
3712 1384 3836 1436 pro-

2246 1456 2421 1521 srrati,
2459 1455 2632 1526 neque
2663 1457 2764 1510 nisi
2798 1457 3201 1525 rcsipiscentes,
3245 1458 3369 1514 inde
3398 1469 3646 1526 poterunt
3677 1475 3835 1528 pror-

2245 1562 2335 1602 sus
2357 1549 2563 1602 absolvi
2598 1568 2609 1601 :
2643 1550 2764 1618 quia
2795 1551 2930 1604 sicut
2965 1566 3059 1620 per
3090 1567 3251 1605 unum
3285 1552 3610 1613 scribentem
3644 1569 3837 1607 eorum

2243 1641 2482 1692 omnium
2516 1641 2724 1710 vulgata
2763 1644 3188 1709 transgressione
3215 1639 3312 1713 [aL
3343 1645 3698 1713 transgressio
3727 1644 3833 1713 est]

2245 1733 2332 1800 qui
2384 1735 2434 1786 in
2477 1735 2722 1804 eamdem
2751 1734 2987 1803 perﬁdiae
3012 1733 3316 1790 reciderant
3354 1737 3640 1801 actionem,
3670 1737 3749 1791 sic
3782 1740 3836 1789 in

2249 1838 2355 1877 uno
2385 1825 2681 1893 eodemque
2708 1826 2796 1894 qui
2829 1841 2928 1893 pro
2950 1826 3197 1879 omnibus
3226 1827 3514 1895 scripserat
3543 1867 3556 1890 ,
3588 1826 3670 1881 vel
3698 1829 3836 1882 scri-

555 1915 776 1969 modum
801 1930 831 1968 a
864 1913 1058 1968 talibus
1085 1915 1385 1968 recedendo
1406 1957 1421 1978 ,
1448 1915 1554 1966 imo
1587 1914 1779 1966 talibus
1808 1922 1991 1965 contra
2028 1928 2139 1964 tno-
2250 1913 2423 1968 bendo
2447 1915 2683 1968 omnium
2717 1915 3833 1998 prodideratvoluntates,transgressione

552 2003 754 2072 liendo,
790 2023 818 2059 a
845 2003 948 2060 fide
978 2015 1032 2058 et
1057 2006 1433 2060 communione
1464 2005 1724 2059 catholica
1758 2006 1982 2059 deviarit
2009 2009 2144 2059 Aca-

552 2098 668 2154 cius
693 2137 710 2166 ,
738 2113 904 2168 seque
937 2097 1141 2167 pariter
1183 2112 1303 2151 cum
1346 2099 1534 2150 eodem
1579 2096 2137 2150 errorisnbdiderint.

551 2193 699 2249 Ecce
738 2202 1072 2263 agnoverunt
1121 2208 1280 2260 quam
1309 2193 1466 2258 justis
1509 2206 1572 2244 ex
1615 2191 1791 2243 causis
1831 2204 1925 2257 pro
1959 2189 2064 2243 tide
2085 2198 2140 2243 et

553 2290 932 2346 communione
955 2287 1217 2340 catholica
1239 2294 1398 2364 atque
1422 2284 1736 2352 apostolica,
1761 2283 1846 2336 cui
1875 2291 1928 2336 et
1960 2282 2032 2335 illi
2050 2281 2140 2350 qui

541 2383 611 2452 ,in
638 2398 700 2437 ea
726 2380 1074 2450 perstiterant
1102 2376 1483 2446 congruebant,
1510 2383 1563 2429 ct
1588 2374 1639 2427 hi
1669 2375 1758 2444 qui
1782 2372 2140 2443 perstantibus

554 2474 878 2537 obviabant,
911 2471 979 2523 ab
1008 2468 1196 2522 eadem
1243 2467 1572 2520 docebantur
1604 2465 1795 2529 alieni,
1823 2463 1965 2518 sedis
2005 2478 2138 2530 apo-

540 2541 760 2623 istolicze
791 2563 1106 2618 auctoritate
1154 2559 1223 2612 sit
1273 2567 1510 2612 remotus
1562 2555 1785 2610 Aeacius
1817 2555 1864 2623 (³
1894 2553 1958 2606 ad
1983 2552 2139 2621 cujus

552 2663 820 2736 praecipue
849 2667 1068 2714 vocatus
1099 2669 1324 2709 examen
1357 2653 1436 2706 vel
1463 2637 1640 2706 venire
1662 2650 1743 2703 vel
1772 2649 1982 2703 mittere
2026 2662 2133 2701 non

539 2756 777 2819 curavit,
807 2761 863 2808 ut
890 2767 948 2806 se
977 2751 1044 2806 de
1075 2750 1158 2802 his
1206 2747 1454 2802 omnibus
1475 2787 1487 2808 ,
1521 2755 1577 2799 ut
1606 2745 1930 2810 conﬁdebat,
1966 2744 2137 2798 absol-

536 2850 762 2922 veret),
796 2849 1017 2918 ejusque
1065 2833 1262 2915 pariter
1302 2842 1606 2912 quicunque
1647 2842 1938 2909 complices
1967 2842 2138 2895 exsti-

551 2925 735 3007 terint,
777 2949 937 3010 atque
983 2938 1052 2991 ab
1089 2937 1178 2989 illa
1223 2935 1415 2988 merito
1455 2950 1573 2988 cum
1628 2933 1710 2988 his
1760 2934 2136 2989 communione

539 3020 816 3093 discretus
842 3076 854 3099 ,
885 3051 913 3088 a
957 3049 1061 3104 qua
1093 3047 1150 3086 se
1181 3033 1294 3100 ipse
1325 3030 1550 3098 primum
1582 3044 1702 3083 cum
1729 3031 1838 3084 suis
1871 3029 2136 3083 consorti-

551 3109 654 3186 bus
700 3128 982 3185 catholicis
1025 3125 1368 3196 pontiﬁcibus
1400 3123 1752 3189 discreraudo
1793 3124 2135 3191 cognoscitur

539 3205 862 3288 separasse;
885 3218 1109 3286 jureque
1131 3217 1451 3270 sententiam
1477 3214 1566 3268 ille
1596 3213 1954 3268 damnationis
1977 3230 2134 3270 esce-

551 3311 652 3378 pit,
707 3307 1030 3376 caeterisqne
1086 3305 1428 3360 consortibus.
1475 3321 1594 3358 cum
1636 3305 1746 3358 suis
1797 3307 2136 3361 consortibus

551 3396 996 3469 promulgandam
1019 3412 1036 3460 ;
1064 3395 1157 3465 qui
1195 3395 1343 3449 solus
1387 3409 1480 3462 pro
1508 3396 1756 3449 omnibus
1778 3397 1887 3451 suis
1914 3411 2135 3453 consor-

552 3490 694 3544 tibus
725 3479 778 3542 in
805 3486 1234 3541 communionem
1265 3501 1323 3540 se
1353 3485 1610 3540 recidisse
1642 3479 1880 3554 perfidiae.
1910 3489 1974 3541 ad
2003 3505 2135 3558 apo-

551 3571 796 3635 Stoli'cam
821 3578 1006 3635 sedem
1032 3578 1209 3632 missis
1232 3578 1421 3632 litteris
1444 3587 1525 3632 est
1548 3578 1842 3649 professus.
1877 3581 1972 3637 Cui
2003 3584 2134 3637 Aca-

538 3674 634 3746 Vcio
665 3714 680 3739 ,
713 3664 758 3726 si
791 3671 1322 3726 communicaverant
1359 3670 1658 3726 Orientales
1700 3673 1937 3745 episcopi
1983 3685 2134 3729 ante-

553 3778 712 3833 quam
740 3762 842 3818 bnc
867 3761 1092 3840 referret
1136 3761 1226 3834 [aL
1254 3759 1568 3830 referretur]
1591 3806 1604 3831 ,
1639 3764 1750 3831 pari
1781 3763 1962 3833 utique
1987 3775 2134 3820 reatu

551 3863 669 3915 sine
722 3861 881 3913 dubio
910 3859 930 3889 δ
961 3860 1288 3929 probabatur
1318 3857 1544 3928 involvi,
1588 3859 1819 3928 jureque
1859 3875 1955 3930 per
1984 3861 2132 3916 illum

537 3951 997 4025 transgressionis
1046 3952 1366 4003 sententiam
1418 3963 1816 4020 susceperunt,
1878 3958 2130 4022 tanquam

550 4043 676 4097 facti
720 4056 840 4095 cum
875 4041 1064 4094 eodem
1105 4040 1501 4093 communionis
1539 4051 1808 4108 externae;
1839 4044 1928 4112 qui
1952 4045 2134 4114 utique

551 4148 657 4190 non
688 4129 895 4186 consuli
937 4115 1187 4197 tanquam
1237 4137 1433 4181 nostra:
1464 4133 1858 4186 communionis
1891 4136 2132 4188 homines

549 4223 657 4291 jam
691 4222 968 4282 deberent,
1000 4217 1093 4273 sed
1141 4227 1392 4284 tanquam
1424 4217 1476 4270 in
1503 4221 1774 4274 contrario
1797 4223 1952 4288 positi
2000 4239 2131 4277 con-

542 4293 717 4364 sertio
754 4309 992 4364 refutari.
1028 4297 1083 4362 Si
1113 4322 1243 4361 vero
1283 4321 1388 4360 non
1424 4310 1952 4365 communicaverant
1979 4325 2132 4368 ante-

550 4397 707 4470 quam
742 4395 965 4452 Aeacius
997 4398 1096 4451 huc
1123 4396 1351 4451 referret
1381 4397 1473 4469 lat.
1507 4387 1823 4475 referretur]
1849 4445 1863 4471 ,
1895 4415 1948 4458 et
1989 4421 2132 4461 com-

550 4492 908 4545 municantem
942 4497 1125 4543 notare
1156 4488 1473 4552 debuerant,
1507 4501 1560 4544 et
1584 4491 1696 4559 ipse
1725 4492 1793 4548 de
1822 4495 2010 4551 eodem
2041 4513 2132 4567 po.

549 4583 654 4635 tius
685 4582 786 4633 huc
818 4575 1024 4633 referre
1045 4623 1060 4648 ,
1093 4588 1251 4650 atque
1281 4581 1591 4648 apostolicae
1620 4583 1764 4638 sedis
1795 4586 1976 4655 vigore
2005 4605 2130 4658 per-

549 4675 756 4729 culsum
778 4675 966 4727 merito
980 4659 1353 4742 coniprbbare,
1377 4667 1604 4743 cumque
1620 4689 1681 4729 ea
1697 4676 1824 4733 sede
1837 4683 2128 4749 apostolica

548 4764 812 4833 tantisque
853 4759 958 4816 illis
1006 4763 1286 4818 catholicis
1328 4766 1668 4834 pontilicibus
1733 4773 1901 4838 magis
1947 4782 2130 4830 tenere

547 4855 910 4911 concordiam.
957 4854 1063 4909 Sed
1110 4856 1232 4925 quia
1261 4856 1327 4911 ab
1353 4857 1566 4912 illorum
1597 4860 1855 4916 societate
1886 4846 2147 4921 desciveI

548 4961 698 5016 rant,
728 4963 780 5006 et
816 4943 1001 5006 eorum
1045 4939 1448 5006 successoribus
1480 4933 1881 5010 communicare
1912 4959 2126 5028 delege-

547 5052 698 5106 rant;
729 5043 848 5096 ideo
876 5039 995 5097 cum
1019 5033 1146 5097 sede
1172 5029 1465 5112 apostolica
1483 5042 1704 5098 minimc
1733 5050 2125 5118 congruebant;

618 5225 634 5296 ξ
775 5223 918 5296 cod_.,
945 5225 1266 5296 hocforma.

613 5294 636 5324 ³
677 5292 753 5347 ld.
790 5290 943 5355 coda,
990 5290 1140 5345 etiam
1195 5302 1564 5354 εοηιηηιηὶοηῐε
1616 5297 1841 5358 exterriri!
1877 5301 2086 5372 effectos

613 5377 704 5414 ma-
720 5362 840 5414 idea
859 5367 978 5414 dum
1003 5363 1078 5414 eis
1100 5377 1210 5414 nec.
1233 5375 1335 5414 em.

699 5376 840 5416 -ιαεσ
859 5376 978 5414 om
1003 5377 1210 5418 8181106.
1233 5376 1335 5418 etc.

543 5374 704 5434 atque
720 5373 840 5421 ideo
859 5376 978 5414 om
1003 5377 1078 5415 eis
1093 5377 1210 5426 nec,
1233 5375 1335 5418 etc.

617 5431 638 5464 ³
679 5433 804 5487 Haec
831 5433 1026 5487 desunt
1055 5433 1108 5485 in
1138 5435 1256 5486 cod.
1290 5436 1599 5492 Veronensi.

617 5501 640 5575 ξ
672 5503 750 5575 id.
778 5503 919 5575 cod.,
951 5505 1344 5575 probabantur.._
1553 5567 1558 5574 ί
1837 5565 1840 5568 ,

620 5573 640 5602 ⁸
677 5572 914 5639 Ῐό.(;ο(ἰ.,
945 5571 1260 5628 cunctorum.
1287 5573 1409 5642 Qua:
1430 5575 1497 5628 ad
1524 5571 1911 5640 instructionem
1940 5592 2117 5639 vestra

547 5643 979 5724 dilectionis‘satis
1010 5645 1305 5724 animamque
1329 5645 1553 5714 sufﬁcere
1573 5649 1870 5724 judicamus
1893 5694 1906 5715 ,
1937 5671 2117 5724 quant-

548 5715 622 5787 vis
637 5714 810 5767 eadem
828 5713 1003 5781 latius,
1027 5716 1069 5767 si
1094 5713 1339 5768 Dominus
1355 5713 1653 5787 caricessérit
1667 5713 1981 5787 facultatem,
2011 5735 2120 5778 stu-

550 5785 756 5862 deantus
780 5799 1045 5862 exponere,
1069 5794 1310 5862 quatenus
1329 5797 1372 5840 et
1383 5783 1611 5862 ﬁdelium
1633 5783 1841 5860 quisque
1854 5783 2117 5862 cognoscat

551 5853 678 5910 nihil
710 5854 1036 5920 apostolicam
1074 5859 1238 5908 sedem
1259 5895 1276 5923 ,
1308 5857 1443 5922 quod
1469 5857 1624 5926 absit,
1645 5853 1983 5925 'praéprovevre
2006 5879 2121 5918 aen-

2157 4611 2212 4704 ﬁ
2224 4662 2226 4665 .

2249 2006 2456 2073 punita,
2506 2008 2702 2072 pariter
2741 2021 2953 2075 quoque
2983 2021 3104 2060 cum
3156 2009 3369 2072 eodem,
3422 2009 3502 2062 vel
3547 1995 3598 2062 in
3639 1995 3833 2063 eadem

2246 2106 2326 2150 est
2354 2098 2674 2162 complicum
2706 2101 3057 2168 transgressio
3081 2100 3257 2168 punita
3292 2091 3627 2155 cunctorum.
3653 2102 3672 2131 ⁵
3695 2089 3830 2169 Quae

2248 2199 2423 2242 tamen
2458 2191 2721 2244 sententia
2756 2192 2806 2244 in
2849 2192 3104 2245 Acacium
3137 2193 3438 2258 destinata,
3472 2195 3573 2248 etsi
3612 2195 3834 2249 nomine

2246 2269 2612 2336 tantummodo
2667 2284 2912 2351 praesulis
2950 2286 3276 2353 apostolici,
3319 2287 3471 2354 cujus
3501 2277 3615 2342 erat
3646 2273 3837 2358 utique

2249 2374 2530 2442 potestatis
2578 2375 2827 2444 legitima-
2856 2415 2870 2440 ,
2903 2377 3155 2445 probatur
3185 2394 3304 2432 esse
3330 2379 3662 2450 deprompta,
3694 2385 3836 2450 prae-

2243 2470 2396 2537 cipue
2425 2485 2544 2522 cum
2575 2479 2787 2523 secreto
2818 2470 3094 2538 dirigenda
3128 2472 3399 2527 videretur
3432 2490 3446 2526 :
3472 2489 3539 2528 ne
3567 2475 3835 2529 custodiis

2245 2562 2438 2630 ubique
2465 2561 2736 2628 praetentis
2764 2552 3048 2630 dispositio
3076 2564 3327 2618 salutaris
3361 2564 3682 2634 quibuslibet
3717 2567 3832 2622 dif-

2245 2654 2568 2707 ﬁcultatibus
2601 2653 2858 2722 impedita
2905 2645 3266 2710 necessarium
3301 2643 3495 2711 habere
3545 2675 3650 2712 non
3705 2675 3837 2729 pos-

2241 2753 2323 2798 set
2353 2744 2632 2810 effectum;
2660 2754 2832 2799 tamen
2853 2747 2975 2815 quia
3004 2747 3320 2803 orthodoxis
3353 2749 3545 2826 ubique
3575 2751 3831 2820 dejeCtis,

2241 2845 2295 2890 et
2321 2837 2586 2891 haereticis
2610 2837 2980 2893 tantummodo
3010 2854 3303 2909 eorumque
3336 2843 3670 2895 consortibus
3707 2833 3829 2912 jam

2241 2930 2442 2984 relictis
2491 2931 2543 2985 in
2573 2931 2821 2996 Oriente,
2865 2932 3114 2986 catholici
3160 2933 3440 3000 pontifices
3490 2945 3580 2988 aut
3622 2937 3833 2992 residui

2240 3023 2458 3074 omnino
2490 3038 2594 3074 non
2626 3029 2841 3089 es~ent,
2891 3032 2979 3076 aut
3007 3023 3204 3076 nullam
3233 3037 3480 3093 gererent
3520 3013 3831 3084 libertatem

2239 3114 2588 3182 pluritnnrum
2631 3114 2682 3166 in
2729 3113 2875 3166 Italia
2915 3115 3301 3170 catholicorum
3329 3098 3832 3188 icongregatio'sa-

2239 3205 2544 3268 cerdotum;
2601 3204 2986 3259 rationabiliter
3037 3207 3089 3259 in
3138 3206 3388 3262 Acacium
3435 3210 3455 3239 ⁸
3507 3196 3830 3268 sententiam

2243 3300 2491 3366 cognovit
2552 3273 2714 3352 iui’s‘sc
2771 3285 3067 3367 prolatam,
3123 3317 3248 3369 quae
3295 3305 3638 3371 congregatio
3687 3290 3828 3360 facta

2243 3379 2550 3459 pontiﬁcum
2604 3405 2707 3442 non
2762 3401 2946 3443 contra
2995 3375 3512 3460 Cbalcedonensem,
3560 3411 3669 3449 non
3712 3405 3829 3451 tan-

2227 3503 2400 3564 quam
2456 3504 2590 3542 nova
2657 3489 2892 3557 synodus
2960 3499 3145 3544 contra
3201 3500 3434 3546 veterem
3495 3494 3830 3562 primamque

2241 3580 2259 3610 "
2293 3580 2572 3647 cognovit;
2603 3580 2695 3633 sed
2747 3581 2922 3647 potius
2977 3583 3266 3636 secundum
3325 3593 3565 3637 tenorem
3626 3587 3828 3640 veteris

2240 3673 2508 3726 constituti
2565 3673 2833 3742 particeps
2871 3676 3180 3742 apostolicae
3223 3671 3585 3730 exsecutioni's
3630 3677 3825 3733 ell‘ecta

2241 3775 2350 3827 est;
2372 3776 2433 3819 ut
2459 3766 2590 3818 satis
2617 3774 2867 3833 appareat
2894 3766 3186 3842 Ecclesiam
3219 3768 3535 3822 catholicam
3565 3809 3580 3834 ,
3611 3751 3826 3824 sederu-

2239 3874 2342 3932 que
2367 3860 2714 3929 apostolicam
2739 3900 2753 3925 ,
2786 3860 2908 3929 quia
2935 3861 3060 3914 alibi
3083 3861 3192 3928 jam
3225 3863 3443 3916 omnino
3466 3875 3570 3915 non
3606 3872 3822 3932 posset,

2239 3951 2327 4005 ubi
2360 3953 2529 4019 potuit
2559 3992 2574 4018 ,
2602 3963 2654 4006 et
2682 3968 2802 4005 cum
2833 3953 3022 4021 quibus
3046 3953 3234 4019 potuit,
3271 3941 3398 4006 niliil
3435 3953 3643 4020 penitus
3674 3955 3816 4008 omi~

2237 4042 2392 4106 sissc,
2418 4043 2558 4111 quod
2588 4043 2650 4095 ad
2688 4044 2977 4096 fraternum
3010 4044 3302 4110 pertineret
3335 4046 3354 4076 ⁸
3384 4060 3478 4114 pro
3502 4046 3822 4112 intemerata

2239 4143 2294 4189 et
2318 4135 2524 4189 sincera
2566 4134 2947 4187 communione
2979 4142 3296 4199 tractatum;
3326 4140 3346 4168 τ’
3375 4152 3493 4203 qum
3535 4153 3653 4191 cum
3695 4139 3819 4192 uni.

2237 4242 2392 4280 versa
2446 4227 2693 4280 noverint
2741 4226 2830 4294 qui
2881 4227 3126 4281 videntur
3159 4229 3410 4284 Ecclesiis
3458 4230 3824 4289 Orientalibus

2238 4333 2379 4372 nunc
2393 4333 2649 4388 praeesse,
2673 4327 2948 4388 propterea
2963 4317 3316 4376 Christianam
3333 4323 3568 4390 reparari
3584 4324 3822 4392 legitima

2237 4410 2511 4464 Curatione
2542 4410 2808 4477 refugiunt
2839 4411 3131 4476 unitatem;
3168 4413 3290 4481 quia
3330 4413 3668 4470 occasionem
3700 4417 3821 4470 dis-
3867 4483 3874 4488 α

2236 4501 2502 4555 sensionis
2543 4499 2700 4576 hujus
2746 4499 2856 4555 suis
2905 4501 3288 4556 ambitionibus
3316 4503 3694 4572 sutiragantem
3725 4507 3824 4562 de-

2239 4606 2436 4662 ponere
2453 4591 2562 4659 jam
2592 4601 2870 4654 recusant;
2891 4592 3013 4660 quia
3037 4593 3151 4646 sine
3179 4595 3496 4650 auctoritate
3519 4581 3662 4650 sedis
3683 4612 3822 4666 apo-

2237 4683 2438 4739 stolicae
2485 4684 2723 4736 omnium
2774 4682 3136 4738 Ecclesiarum
3192 4671 3388 4753 passim
3425 4688 3547 4757 jura
3590 4689 3822 4745 confun-

2237 4765 2395 4839 dant,
2444 4773 2610 4842 magis
2658 4774 2916 4842 eligentes
2964 4775 3016 4827 in
3065 4790 3250 4831 errore
3291 4784 3603 4854 persistere,
3653 4797 3818 4851 quam

2235 4859 2714 4939 praesumptionum
2766 4882 2979 4921 suarum
3039 4861 3266 4938 perdere
3319 4871 3650 4940 facultatem,
3693 4877 3819 4944 plus

2237 4959 2642 5027 usurpationum
2701 4973 2916 5013 suarum
2978 4960 3247 5014 licentiam
3317 4961 3598 5031 diligentes
3653 4981 3816 5035 quam

2237 5039 2398 5107 divini
2437 5048 2620 5119 judicii
2669 5057 2912 5103 tenentes
2942 5049 3103 5104 corde
3133 5059 3458 5118 respectum.
3493 5050 3548 5106 ln
3582 5068 3688 5123 quo
3720 5071 3819 5111 ne-

2233 5237 2408 5291 suisse.
2451 5234 2574 5304 Haec
2593 5247 2623 5286 a
2655 5229 3193 5304 Labbcoatfernntur
3218 5229 3286 5285 ad
3315 5231 3515 5287 calcem
3544 5227 3809 5304 epistolae.

2303 5305 2324 5335 ⁸
2363 5304 2494 5358 Cod.
2530 5302 2727 5374 Veron.
2778 5300 2978 5374 omisso
3013 5303 3177 5356 verbo
3207 5303 3507 5356 sententiam
3551 5300 3622 5356 ita
3657 5300 3808 5374 legit,

2230 5377 2284 5430 in
2318 5375 2559 5429 Acacium
2591 5373 2747 5440 fuisse
2771 5372 2989 5440 prolata.
3559 5399 3562 5404 -

2300 5448 2320 5478 '
2361 5446 2436 5499 ld.
2479 5442 2620 5504 cnd.,
2653 5441 2914 5494 Conrenit.

2301 5519 2322 5549 ⁸
2360 5515 2437 5568 ld.
2463 5514 2607 5578 cod.,
2641 5529 2731 5577 pro
2759 5510 3061 5572 intemerata
3089 5511 3212 5578 ﬁde.

2267 5647 2270 5652 _
2300 5589 2321 5619 ’
2362 5585 2458 5664 llic
2496 5575 2675 5664 deficit
2726 5581 2842 5664 lucc
2882 5575 3110 5664 epistola
3135 5583 3188 5635 in
3390 5583 3678 5664 Veronensi
3700 5605 3722 5664 ,ς
3758 5584 3810 5636 in

2228 5645 2332 5724 quo
2365 5655 2478 5708 haec
2507 5653 2808 5706 subtluntur
2834 5669 2845 5724 ς
2886 5645 3110 5724 Explicit
3147 5654 3360 5724 rationis
3387 5646 3656 5706 reddemer
3679 5656 3814 5706 Aca-

2222 5722 2357 5781 cium
2405 5743 2435 5777 a
2475 5724 2592 5776 sede
2632 5723 2909 5790 apostolica
2963 5722 3123 5790 fuisse
3161 5723 3498 5787 damnatum,
3530 5739 3618 5785 nec
3645 5727 3815 5789 'poue

2223 5811 2517 5866 quamquam
2544 5794 2650 5846 sine
2679 5791 2973 5866 discrimine
3003 5792 3187 5846 anima:
3213 5793 3319 5847 sita
3346 5795 3462 5846 eius
3493 5796 3814 5848 communio-

2228 5863 2306 5923 nis
2336 5865 2630 5930 participem
2671 5863 2806 5929 ﬁeri.
