3948 6314
2859 230 2885 237 με..

540 327 629 385 :79
1903 311 2171 368 GELASII
2209 311 2413 367 PAPA'J
2454 312 2471 365 l
3757 308 3855 369 80.

565 362 627 385 ω
1914 362 2171 368 ,η-η--
2211 362 2413 367 ______
2454 362 2471 365 _
3772 362 3815 363 ﬂ

536 362 667 511 3pra:
693 436 924 502 caeteris,
954 450 1114 507 quam
1161 435 1409 505 primam,
1435 445 1553 499 quze
1597 437 1651 484 et
1692 442 2127 497 unamquamque
2158 431 2214 489 Α
2238 428 2381 482 sedis
2428 427 2750 498 episcopus?
2786 424 2948 491 Cujus
2996 416 3421 493 metiopoiitana:
3450 422 3682 478 civitatis
3722 438 3825 478 an-

536 529 817 612 .synodum
867 543 962 584 sua
1009 528 1323 581 auctoritate
1376 523 1690 585 confirmat,
1729 528 1784 575 et
1821 519 2128 573 continuata

2240 520 2426 573 tistes‘!
2448 518 2635 573 Nonne
2661 518 2926 586 parochia:
2960 515 3327 570 Heracleensis
3352 515 3644 569 Ecclesim?
3670 515 3724 570 Si
3749 517 3824 571 illi

539 608 928 693 :inoderatione
982 619 1249 683 custodit;
1294 632 1388 685 pro
1417 632 1514 670 suo
1563 615 1772 669 sciliCet
1808 612 2127 681 principatu,
2194 618 2383 664 'certe
2412 610 2558 673 licuit
2586 610 2700 664 sine
2728 608 2933 678 synodo
2973 608 3290 662 sententiam
3330 609 3639 675 apostolicae
3678 611 3825 666 sedis

552 730 714 785 quem
749 713 940 770 beatus
974 711 1247 782 apostolus
1294 709 1483 763 Petrus
1524 706 1733 760 Domini
1781 719 1911 758 voce
1948 716 2133 772 perce-

554 816 702 875 ptum
728 849 742 872 ,
787 805 1028 860 Ecclesia
1076 801 1425 857 nihilominus
1462 797 1848 867 subsequente,
1880 802 1935 849 et
1961 792 2132 847 tenuit

550 912 767 967 semper
795 906 849 951 et
876 897 1093 951 retinet.

538 1038 543 1059 ,
620 989 748 1043 Περι)
769 988 893 1043 dum
917 986 1167 1041 Acacium
1196 984 1355 1040 certis
1383 982 1737 1051 comperisset
1757 977 1971 1032 indiciis
1991 992 2020 1029 a
2039 992 2133 1032 ve-

550 1080 709 1135 ritate
729 1078 995 1143 deviasse,
1020 1076 1219 1129 diutius
1236 1075 1336 1127 ista
1363 1088 1470 1127 non
1492 1072 1742 1137 credens,
1764 1072 1960 1139 quippe
1977 1083 2132 1135 quem

550 1178 775 1227 noverat
811 1178 1180 1224 exsecutorem
1226 1180 1370 1234 saepe
1400 1165 1720 1219 necessaria:
1769 1159 2136 1231 dispositionis

550 1278 664 1319 suae
693 1269 878 1317 contra
908 1258 1190 1314 haereticos
1219 1256 1525 1319 exstitisse,
1568 1270 1663 1323 per
1705 1255 1993 1308 triennium
2025 1252 2136 1306 fere

550 1355 747 1410 litteris
775 1352 1056 1407 destinatis
1083 1348 1331 1404 eumdem
1362 1361 1579 1401 monere
1610 1362 1714 1399 non
1746 1345 1970 1411 destitit,
2000 1344 2139 1397 sicut

551 1465 650 1521 per
672 1447 917 1501 diversos
948 1444 1113 1497 missa
1140 1440 1472 1495 familiariter
1492 1439 1687 1508 scripta
1710 1446 1994 1493 testantur.
2011 1434 2139 1501 Qui-

550 1542 652 1597 bus
679 1541 767 1595 ille
799 1538 1029 1608 primum
1053 1546 1304 1602 tanquam
1331 1533 1516 1587 dedito
1534 1531 1749 1586 silentio
1769 1530 2140 1597 nihilrespon-

551 1633 681 1688 dere
738 1641 1078 1699 proponens,
1136 1624 1348 1679 tandem
1400 1621 1689 1692 aliquando
1738 1619 1917 1673 missis
1946 1616 2139 1671 litteris

550 1724 853 1795 proﬁtetur,
879 1734 937 1774 se
970 1716 1334 1772 Alexandrino
1361 1714 1716 1783 Petro,quem
1742 1710 1978 1779 eitpetita
2006 1723 2139 1778 apo-

2237 704 2581 770 abrumpere,
2615 702 2758 757 nulla
2799 703 2915 772 ejus
2958 700 3353 756 consultatione
3387 701 3638 769 qumsita;
3682 702 3827 758 itane

2238 811 2366 851 vero
2401 812 2506 849 non
2549 796 2701 851 licuit
2753 796 2937 863 prima:
2985 796 3099 849 sedi
3145 794 3599 850 Chalcedonensis
3631 797 3828 867 synodi

2238 887 2547 948 consﬁtuta,
2577 886 2929 949 sicutdecuit,
2962 887 3301 955 exsequenti,
3336 886 3644 955 hujusmodi
3679 902 3827 956 prae-

2239 978 2589 1034 varicatorem
2620 992 2715 1032 sua
2754 978 3070 1033 auctoritate
3111 977 3428 1033 detrudere?
3462 979 3571 1034 Sed
3605 994 3706 1035 nec
3735 980 3825 1037 illa

2240 1070 2598 1139 prieterimus,
2621 1070 2760 1139 quod
2784 1070 3073 1137 apostolica
3100 1069 3257 1125 sedes
3284 1069 3616 1139 frequenter,
3654 1081 3712 1126 ut
3746 1072 3829 1127 di-

2240 1170 2383 1216 ctum
2425 1171 2528 1226 est,
2588 1178 2737 1216 more
2786 1162 3080 1231 majorum,
3125 1162 3287 1217 etiam
3323 1163 3440 1217 sine
3482 1163 3591 1217 ulla
3618 1167 3829 1235 synodo

2243 1255 2601 1323 praecedente,
2635 1254 2950 1309 exsolvendi
2981 1270 3113 1323 quos
3135 1255 3373 1325 synodus
3403 1257 3582 1326 iniqua
3604 1259 3829 1314 damna-

2244 1354 2412 1409 verat,
2445 1354 2499 1398 et
2523 1344 2810 1398 damnandi
2838 1347 2979 1399 nulla
3003 1347 3268 1402 existente
3294 1349 3502 1418 synodo
3519 1364 3653 1418 quos
3670 1365 3830 1420 Opor-

2245 1435 2363 1498 tuit,
2395 1435 2643 1489 liabu‘erit
2671 1435 3004 1491 facultatem.
3048 1438 3262 1492 Sancta:
3307 1440 3506 1508 quippe
3554 1442 3832 1497 memoriae

2244 1527 2598 1582 Athanasium
2630 1529 2869 1600 synodus
2900 1529 3187 1584 Orientalis
3215 1531 3530 1598 addixerat,
3563 1549 3723 1602 quem
3756 1545 3832 1588 ta-

2244 1634 2365 1672 men
2399 1627 2678 1685 exceptum
2731 1618 2887 1673 sedes
2935 1619 3263 1687 apostolica,
3322 1625 3444 1689 quia
3491 1623 3826 1678 damnationi

2247 1708 2552 1765 Graecorum
2586 1726 2690 1763 non
2740 1711 3031 1778 consensit,
3073 1712 3323 1767 absolvit.
3373 1713 3585 1769 Saneta:
3632 1731 3833 1771 memo~

551 1814 757 1870 stolicae
803 1812 947 1867 sedis
992 1820 1276 1866 exsecutor
1308 1809 1423 1878 ipse
1476 1821 1689 1876 quoque
1742 1806 2134 1866 damnaverat,
2166 1803 2216 1863 Β
2247 1802 2339 1855 riae
2371 1802 2717 1856 nihilominus
2748 1802 3006 1858 Joannem
3047 1803 3692 1875 Constantinopolitanum
3744 1824 3835 1879 sy—

551 1905 754 1973 absque
782 1901 1093 1971 apostolicae
1122 1900 1265 1954 sedis
1293 1900 1480 1953 notitia
1509 1895 1887 1951 communione
1910 1895 2143 1963 permix-

551 2005 686 2050 tum.
731 1994 879 2048 Beati
906 2003 1087 2047 autem
1133 1992 1276 2046 Petri
1326 1991 1504 2054 sedes,
1556 2004 1675 2058 quae
1723 1985 2143 2042 Alexandrinum

552 2087 769 2143 Petrum
793 2101 852 2142 se
882 2085 1252 2140 tantummodo
1282 2084 1589 2151 damnasse,
1610 2099 1715 2136 non
1740 2080 1899 2135 etiam
1919 2079 2145 2136 solvisse

553 2188 797 2244 noverat,
832 2194 938 2232 non
967 2177 1201 2246 recepit;
1233 2189 1393 2246 atque
1423 2176 1565 2241 ideo,
1596 2190 1662 2229 ne
1690 2190 1784 2244 per
1811 2174 2061 2228 Acacium
2092 2172 2146 2227 in

554 2270 701 2328 Petri
735 2284 945 2338 quoque
976 2269 1306 2322 consortium
1339 2268 1644 2330 duceretur,
1679 2267 1849 2333 ipsum
1881 2277 2092 2333 quoque
2115 2276 2146 2315 a

556 2378 656 2419 sua
711 2361 1087 2415 communione
1138 2357 1426 2422 submovit,
1458 2366 1512 2411 et
1551 2357 1732 2410 multis
1768 2356 1940 2410 modis
1974 2364 2148 2409 trans-

556 2467 862 2525 gressorem
895 2466 921 2503 a
963 2465 1062 2504 sua
1090 2449 1351 2504 societate
1375 2448 1501 2503 fecit
1539 2447 1794 2502 alienum.
1828 2445 1924 2500 llic
1952 2446 2144 2499 siexa-

558 2545 786 2601 uinatio
814 2543 1092 2613 quaeritur,
1121 2540 1232 2610 jatn
1261 2539 1465 2608 judicio
1489 2554 1595 2592 non
1625 2547 1741 2592 ezat
1772 2550 1905 2605 opus
1934 2576 1947 2600 ,
1998 2542 2145 2603 post-

560 2654 722 2708 quam
755 2636 949 2691 litteris
978 2636 1090 2687 suis
1123 2633 1240 2702 ipse
1267 2631 1547 2686 confessus
1578 2640 1680 2684 est.
1720 2628 1775 2683 Si
1818 2626 2149 2681 auctoritatis

560 2729 772 2801 pondus
803 2727 1111 2797 inquiritur,
1145 2722 1600 2778 Chalcedonensis
1632 2721 1820 2792 synodi
1856 2730 2039 2773 tenore
2085 2717 2147 2771 il-

559 2822 667 2877 lius
723 2818 1051 2874 deﬁnitionis
1090 2817 1363 2870 exSecutio
1402 2814 1706 2883 reperitur,
1759 2828 1863 2881 quo
1915 2809 2149 2864 damnati

562 2917 671 2971 illic
696 2914 900 2971 erroris
926 2911 1355 2967 communicator
1381 2908 1623 2972 effectos,
1680 2906 1911 2977 prmﬁxae
1953 2903 2151 2957 nihilo-

562 3006 740 3062 minus
759 3002 1119 3057 damuationis
1137 3000 1402 3072 particeps
1424 2999 1679 3053 existeret
1700 3014 1715 3063 ;
1734 2997 1983 3066 quoniam
2007 2993 2150 3047 idem

563 3099 680 3169 ipse
705 3111 880 3159 error,
907 3094 996 3162 qui
1020 3092 1189 3147 semel
1213 3104 1293 3144 est
1320 3106 1443 3145 eum
1472 3105 1570 3143 suo
1594 3100 1814 3143 auctore
1842 3088 2143 3151 damnatus,

2249 1894 2423 1948 nodus
2453 1894 2615 1948 etiam
2638 1895 3022 1950 catholicorum
3051 1899 3336 1965 praesulum
3369 1909 3517 1954 certe
3545 1901 3834 1957 damnave~

2248 1994 2353 2053 rat,
2384 2001 2540 2056 quem
2574 1987 2733 2040 simili
2766 1987 2926 2041 modo
2967 1989 3123 2042 sedes
3170 1991 3459 2057 apostolica
3492 1992 3652 2046 etiam
3690 1994 3835 2063 sola,

2247 2077 2371 2145 quia
2400 2092 2503 2129 non
2553 2078 2843 2145 consensit,
2875 2078 3126 2133 absiilvit.
3170 2079 3408 2149 Itemque
3438 2093 3679 2137 sanctum
3715 2084 3835 2138 Fla-

2248 2170 2464 2222 vianum
2494 2170 2795 2237 pontiﬁcem
2830 2170 3137 2226 Graecorum
3178 2174 3591 2241 congregatione
3617 2177 3835 2231 damna.

2253 2270 2362 2315 tum
2396 2261 2511 2331 pari
2540 2272 2747 2328 tenore,
2781 2263 3031 2332 quoniam
3072 2263 3186 2317 sola
3228 2264 3385 2318 sedes
3414 2268 3707 2335 apostolica
3735 2284 3837 2324 non

2248 2352 2547 2418 consensit,
2571 2352 2839 2417 absolvit;
2894 2354 3176 2423 potiusque
3212 2354 3321 2409 illic
3360 2369 3605 2426 receptus
3630 2359 3838 2424 fuerat,

2254 2444 2564 2499 Dioscornm
2589 2446 2839 2499 secundae
2871 2446 3018 2500 sedis
3065 2448 3346 2515 prtesulem
3385 2465 3478 2503 sua
3518 2454 3838 2508 auctoritate

2253 2536 2547 2604 damnavit,
2577 2547 2629 2593 et
2659 2538 2874 2607 impiam
2905 2540 3166 2609 synodum
3187 2556 3291 2595 non
3314 2544 3703 2599 consentiendo
3727 2547 3839 2603 sola

2252 2629 2544 2694 submovit,
2583 2639 2637 2684 et
2668 2646 2763 2699 pro
2794 2633 3017 2685 veritate
3059 2643 3117 2686 ut
3161 2634 3398 2704 synodus
3435 2633 3843 2693 Chalcedonen-

2252 2722 2325 2777 sis
2355 2722 2524 2784 ﬁeret,
2558 2723 2670 2778 sola
2702 2724 2959 2780 decrevit.
2994 2726 3047 2781 In
3075 2742 3178 2796 qua
3209 2737 3265 2783 ut
3294 2743 3422 2798 ergo
3466 2730 3579 2784 sola
3617 2731 3708 2799 jus
3750 2736 3842 2786 ha-

2254 2814 2371 2868 buit
2391 2815 2707 2869 absolvendi
2738 2831 2832 2871 eos
2855 2833 2989 2886 quos
3022 2819 3279 2890 synodica
3328 2820 3541 2875 decreta
3598 2824 3841 2891 percule~

2254 2915 2396 2974 rant,
2432 2905 2505 2960 sic
2534 2908 2691 2961 etiam
2715 2909 2831 2963 sine
2861 2910 3066 2979 synodo
3094 2912 3145 2964 in
3177 2910 3275 2965 hac
3309 2915 3494 2966 eadem
3523 2928 3685 2968 causa
3728 2917 3843 2986 plu«

2254 2999 2420 3053 rimos
2448 3002 2606 3054 etiam
2649 3004 3090 3071 metropolitanos
3138 3005 3427 3060 damnasse
3473 3014 3841 3077 cognoscitur.

2326 3090 2477 3158 Quod
2500 3093 2545 3146 si
2575 3094 2693 3163 quis
2723 3093 2835 3149 haec
2863 3096 2929 3148 ab
2958 3097 3251 3164 apostolica
3274 3100 3402 3154 sede
3431 3101 3512 3155 vel
3544 3103 3841 3157 secundum

564 3192 620 3247 in
651 3189 912 3259 paiticipe
934 3185 1173 3255 quolibet
1201 3197 1381 3253 pravae
1405 3182 1802 3236 communionis
1834 3180 2025 3234 effecto
2048 3219 2064 3245 ,
2096 3185 2150 3232 et
2177 3174 2223 3237 C
2257 3184 2519 3253 synodum
2543 3195 2659 3239 acta
2690 3186 3054 3255 reprehendit,
3086 3199 3282 3257 prater
3303 3191 3443 3261 quod
3464 3192 3636 3261 prisca
3658 3209 3843 3249 rerum

566 3281 995 3337 exsecrationem
1027 3276 1107 3331 sui
1130 3282 1303 3345 gestat
1322 3284 1377 3329 et
1410 3288 1645 3344 paruam.
1678 3274 1792 3340 Quo
1842 3283 2027 3326 tenore
2058 3270 2152 3325 Ti-

568 3372 817 3428 motheus
846 3370 1027 3433 etiam,
1064 3376 1224 3435 atque
1247 3358 1359 3434 ipse
1390 3364 1788 3418 Alexandrinus
1817 3363 2032 3427 Petrus,
2063 3361 2153 3431 qui

569 3465 862 3522 secundam
888 3472 1031 3515 certe
1062 3459 1243 3513 sedem
1286 3459 1519 3512 tenuisse
1561 3455 1897 3519 videbantur,
1934 3469 2038 3507 non
2070 3469 2155 3508 re-

571 3557 734 3627 petita
763 3555 993 3625 synodo,
1009 3549 1103 3605 sed
1124 3552 1443 3604 auctoritate
1467 3550 1835 3601 tantummodo
1863 3546 2005 3600 sedis
2027 3560 2158 3613 apo-

571 3650 795 3717 stolicae,
848 3649 962 3715 ipso
1012 3659 1223 3715 quoque
1269 3644 1463 3697 Aeacio
1512 3642 1820 3711 postulante
1867 3641 1949 3695 vel
2003 3655 2156 3695 exse-

573 3751 789 3813 quente,
826 3739 1118 3806 probantur
1149 3749 1271 3790 esse
1303 3735 1559 3789 damnati.
1591 3734 1741 3803 Quod
1766 3734 1845 3801 si,
1871 3744 2046 3786 utrum
2073 3748 2158 3787 er-

571 3822 683 3888 rori
712 3831 798 3886 vel
828 3829 1248 3900 prmiaricationi
1279 3827 1686 3881 communicarit
1713 3826 1964 3891 Aeacius,
1996 3824 2155 3880 forsi-

573 3933 664 3978 tan
695 3923 902 3977 dicatur
934 3920 1239 3989 oportuisse
1270 3928 1539 3981 constare,
1590 3919 1827 3973 breviter
1858 3916 2159 3986 praebemus

576 4020 643 4072 ad
680 4019 779 4071 ista
825 4031 1176 4083 reSponsum,
1232 4025 1319 4067 aut
1369 4017 1511 4067 enim
1554 4015 1653 4082 ipsi
1684 4014 1912 4068 doceant
1939 4012 2158 4066 Petrum

578 4109 846 4165 veraciter
876 4106 1215 4175 legitimeque
1268 4113 1568 4173 purgatum,
1593 4105 1732 4157 etab
1755 4106 1899 4158 omni
1942 4103 2159 4157 haereti-

578 4216 765 4257 corum
794 4198 1114 4267 contagione
1137 4175 1239 4249 rite
1267 4194 1557 4248 discretum
1586 4208 1706 4247 cum
1728 4194 1775 4246 ei
1802 4193 2161 4247 communica-

578 4294 654 4346 vit
685 4291 929 4351 Aeacius,
958 4292 1001 4341 si
1033 4289 1148 4356 ejus
1165 4288 1671 4346 cominuuicatorem
1697 4294 1881 4352 putant
1905 4284 2159 4337 Acacium

578 4384 917 4450 aliquatenus
944 4378 1330 4441 excusandum,
1360 4387 1451 4431 aut
1470 4377 1535 4443 si,
1567 4376 1705 4444 quod
1757 4376 1922 4445 magis
1951 4384 2034 4430 est
2072 4390 2161 4430 ve-

578 4488 721 4539 rum,
749 4473 1134 4527 convenienter
1163 4479 1322 4539 atque
1352 4470 1588 4540 legitime
1614 4469 1827 4523 Petrum
1880 4484 1985 4521 non
2038 4482 2161 4537 pro-

2257 3277 2574 3347 probatione
2600 3281 2957 3347 convincitur,
2993 3282 3205 3337 interim
3252 3284 3420 3338 multo
3450 3286 3618 3355 magis
3644 3288 3843 3343 Acacio

2258 3385 2366 3425 non
2399 3371 2612 3425 licuisse
2635 3372 2910 3427 fatebitur.
2942 3373 3092 3428 Dicat
3118 3388 3247 3443 ergo
3274 3391 3376 3445 qua
3395 3376 3511 3445 ipse
3529 3379 3740 3448 synodo
3762 3396 3845 3435 sea

2258 3461 2448 3517 cnndae
2468 3463 2612 3517 sedis
2640 3464 2930 3519 antistitem
2969 3466 3394 3537 qualemcunque
3418 3508 3431 3531 ,
3481 3478 3626 3524 certe
3654 3471 3846 3526 catho-

2259 3553 2442 3621 licum,
2472 3564 2527 3608 et
2567 3569 2595 3608 a
2622 3556 2900 3610 catholicis
2944 3555 3277 3625 ordinatum,
3327 3572 3424 3613 nec
3465 3559 3532 3613 de
3581 3560 3846 3618 catholica

2261 3643 2366 3696 ﬁde
2395 3653 2449 3697 et
2477 3646 2854 3700 communione
2883 3648 3239 3715 aliquatenus,
3264 3648 3592 3718 iinpetitum,
3631 3652 3846 3710 duxerit

2262 3735 2682 3801 excludendum;
2736 3745 2790 3791 et
2844 3738 3148 3793 haereticum
3206 3741 3547 3796 manifestum
3589 3742 3845 3813 Petrum,

2260 3841 2355 3880 sua
2386 3841 2598 3896 quoque
2626 3829 2970 3884 exsecutione
2997 3830 3330 3897 damnatum,
3372 3834 3635 3890 catholico
3666 3839 3847 3905 ponti-

2261 3918 2347 3972 ﬁci
2379 3919 2685 3987 permiserit
2720 3921 3017 3987 subrogari.
3068 3921 3180 3989 Qua
3231 3924 3438 3995 synodo
3483 3926 3655 3981 tertia:
3702 3930 3849 3985 sedis

2263 4010 2570 4079 episcopum
2611 4021 2855 4065 sanctum
2910 4012 3292 4069 Calendionem
3336 4016 3464 4070 fecit
3510 4019 3751 4089 expelli,
3787 4037 3849 4077 ac

2264 4102 2615 4156 nihilominus
2635 4103 2808 4157 cidem
2839 4103 3054 4158 Petrum
3088 4116 3192 4160 tam
3242 4109 3582 4164 manifestum
3631 4110 3852 4169 haereti-

2263 4209 2385 4248 cum
2418 4204 2474 4248 ut
2503 4194 2677 4249 eidem
2709 4196 2881 4264 palam
2907 4211 3004 4251 nec
3031 4213 3089 4252 se
3118 4200 3520 4256 communicare
3548 4205 3851 4270 praetende-

2266 4294 2369 4349 ret,
2400 4299 2494 4338 sua
2524 4299 2714 4354 passus
2740 4296 2821 4341 est
2848 4286 3209 4357 dispositione
3236 4289 3506 4344 substitui.
3539 4293 3651 4356 Qua
3697 4294 3851 4350 deni-

2264 4396 2367 4451 que
2393 4395 2489 4450 per
2518 4389 2685 4435 totum
2708 4383 2981 4437 Orientem
3011 4384 3245 4453 synodo,
3276 4383 3462 4453 ejectis
3491 4386 3810 4443 orthodoxis
3835 4432 3851 4457 ,

2266 4470 2414 4524 nullo
2441 4472 2666 4527 crimine
2695 4472 2992 4539 maculatis,
3030 4488 3220 4541 pravos
3247 4489 3489 4545 quosque
3532 4487 3585 4530 et
3612 4478 3854 4535 crimini~

580 4564 825 4620 baverint
851 4563 1152 4631 expiatum,
1187 4570 1351 4613 restat
1379 4570 1433 4614 ut
1477 4560 1592 4629 ejus
1623 4560 1675 4614 in
1717 4561 2016 4629 expiatione
2059 4561 2163 4615 fite-
2186 4540 2240 4601 D
2267 4564 2367 4620 bus
2398 4566 2663 4619 involutos
2691 4581 2783 4620 sna
2809 4540 3111 4634 provisione
3136 4540 3435 4635 supposuit.
3479 4568 3590 4636 Qua
3640 4574 3854 4641 synodo

581 4660 673 4726 rit,
705 4669 755 4712 et
786 4662 872 4726 qui
903 4658 951 4712 ei
986 4656 1423 4720 communicavit,
1460 4654 1708 4710 infectus.

659 4750 765 4805 Nec
796 4750 952 4818 plane
983 4759 1217 4802 tacemus
1245 4748 1385 4816 quod
1417 4758 1605 4801 cuncta
1631 4763 1724 4815 per
1744 4748 1995 4802 mundum
2015 4750 2166 4803 novit

581 4844 848 4908 Ecclesia,
880 4842 1128 4912 quoniam
1163 4841 1521 4909 quorumlibet
1551 4841 2001 4911 sentcntiisligata
2027 4857 2161 4910 pon-

584 4936 782 4989 iiticiini
805 4935 961 4988 sedes
987 4932 1127 4987 beati
1176 4931 1319 4985 Petri
1352 4932 1579 5001 apostoli
1624 4934 1710 5000 jus
1759 4933 1952 4987 habeat
1993 4934 2163 4988 resol—

582 5030 737 5083 ‘veudi
771 5046 784 5080 :
811 5037 869 5080 ut
896 5036 1017 5095 pote
1050 5040 1169 5094 quae
1193 5024 1258 5077 de
1297 5022 1442 5077 omni
1473 5024 1710 5078 Ecclesia
1738 5026 1816 5078 fas
1850 5024 2037 5079 habeat
2074 5025 2161 5094 ju-

582 5120 828 5183 dicandi,
888 5134 1058 5187 neque
1102 5116 1347 5185 cuiquam
1405 5117 1559 5171 liceat
1618 5116 1685 5170 de
1742 5117 1857 5187 ejus
1915 5118 2162 5186 judicare

579 5210 800 5283 judicio.
830 5208 1104 5276 Siquidem
1128 5208 1193 5260 ad
1225 5207 1371 5260 illam
1408 5207 1474 5261 de
1515 5209 1748 5277 qualibet
1776 5209 1967 5262 mundi
2010 5218 2161 5277 parte

584 5314 823 5354 canones
852 5297 1111 5366 appellari
1143 5298 1428 5362 voluerint,
1460 5298 1526 5352 ab
1553 5299 1639 5352 illa
1686 5308 1861 5352 autem
1896 5314 2053 5354 nemo
2092 5300 2161 5354 sit

582 5390 858 5460 appellare
887 5389 1201 5458 permissus.
1237 5388 1571 5458 Quapropter
1598 5396 1807 5443 constat
1848 5390 1978 5441 satis
2025 5392 2162 5443 Aca-

584 5485 723 5539 cium
756 5482 956 5537 nullum
998 5482 1246 5536 habuisse
1298 5480 1625 5549 pontiﬁcium
1662 5480 1983 5533 sententiam
2021 5479 2163 5534 sedis

584 5577 892 5646 apostolicae
923 5575 1040 5628 sine
1070 5574 1171 5627 ulla
1202 5572 1319 5641 ejus
1341 5570 1560 5626 notione
1582 5568 1845 5623 solvendi.
1871 5568 1985 5635 Qua
2008 5576 2158 5625 certe

584 5668 787 5739 synodo
816 5668 914 5719 hoc
956 5666 1044 5718 illa
1078 5663 1419 5733 prmsumpsit
1444 5700 1461 5724 ,
1502 5659 1644 5729 quod
1690 5674 1787 5714 nec
1834 5661 1910 5714 sic
1952 5662 2155 5739 absque

586 5738 871 5831 apostolica
890 5744 1030 5813 sede
1074 5757 1150 5811 fas
1190 5756 1402 5825 quidem
1446 5753 1667 5810 haberet
1705 5755 1961 5813 efﬁcere?
1992 5738 2154 5827 cujus

2269 4666 2347 4712 tot
2372 4658 2543 4712 aliena
2573 4657 2852 4727 privilegia
2897 4656 3160 4713 nefandus
3190 4660 3414 4727 populus
3456 4661 3691 4717 invasit?
3747 4666 3855 4723 Sed

2269 4748 2390 4803 libri
2417 4765 2523 4803 non
2545 4749 2812 4803 sufﬁcient
2840 4748 2885 4803 si
2910 4749 3195 4819 tragoedias
3224 4750 3339 4820 ejus
3359 4767 3493 4821 quas
3536 4768 3630 4823 per
3662 4754 3855 4812 Eccle-

2268 4843 2374 4897 sias
2401 4844 2564 4897 totius
2590 4842 2823 4897 Orientis
2872 4844 3142 4910 exercuit,
3188 4844 3496 4913 singillatim
3542 4846 3855 4904 describere

2269 4938 2576 4992 moliamur.
2609 4938 2689 4991 An
2721 4937 2851 4992 illud
2882 4940 3048 5007 ipsius
3086 4947 3457 5008 argumentum
3506 4938 3662 4993 nobis
3710 4944 3856 4996 testi-

2272 5039 2419 5084 mant
2446 5032 2843 5100 Opponendum,
2877 5048 2982 5102 quo
3012 5032 3247 5088 facinora
3292 5046 3386 5086 sua
3420 5033 3475 5086 in
3514 5032 3853 5100 imperialem

2270 5123 2418 5178 visus
2442 5132 2526 5177 est
2549 5124 2756 5192 jactare
2783 5139 3063 5193 personam
3087 5124 3110 5178 i
3140 5122 3247 5178 Cur
3275 5122 3436 5193 igitur
3457 5164 3471 5187 ,
3512 5124 3727 5193 quando
3759 5141 3855 5180 vo-

2270 5214 2367 5269 luit
2397 5214 2601 5269 obstitit
2630 5214 2884 5269 Basilisco
2915 5224 3174 5285 tyranno,
3205 5224 3352 5271 certe
3381 5223 3438 5270 et
3476 5214 3731 5269 haeretico
3765 5233 3854 5270 ve-

2270 5304 2550 5361 hementer
2582 5306 2815 5361 infesto?
2842 5304 2950 5360 Cur
2978 5306 3076 5375 ipsi
3107 5308 3415 5375 imperatori
3441 5306 3683 5374 Zenoni,
3729 5310 3853 5379 quia

2272 5400 2445 5468 palam
2476 5400 2811 5454 Antiocheno
2841 5397 3000 5452 Petro
3028 5399 3201 5453 noluit
3224 5402 3625 5455 communicare
3648 5441 3662 5465 ,
3698 5417 3854 5457 suam

2271 5503 2375 5542 non
2404 5489 2643 5543 subdidit
2668 5490 3030 5543 voluntatem?
3072 5490 3210 5545 Ecce
3240 5491 3411 5560 potuit
3448 5491 3499 5546 in
3531 5492 3650 5547 aliis
3681 5494 3855 5548 resul-

2269 5587 2381 5634 tare
2432 5580 2477 5634 si
2508 5579 2688 5633 vellet.
2737 5584 2818 5633 An
2870 5596 2976 5634 non
3006 5582 3297 5651 Apostolus
3328 5582 3457 5638 dicit
3489 5599 3502 5635 :
3538 5581 3657 5637 Non
3681 5586 3854 5638 solum

2266 5670 2349 5738 qui
2376 5670 2592 5738 faciunt,
2618 5670 2706 5725 sed
2728 5672 2879 5725 etiam
2897 5672 2985 5742 qui
3014 5674 3334 5729 consentiunt
3352 5674 3678 5743 facientibus,
3706 5686 3853 5729 reatu

2246 5762 2456 5829 pariter
2483 5770 2599 5816 sunt
2623 5760 2841 5818 irretiu‘?
2878 5764 2985 5821 Sed
3014 5774 3071 5820 ut
3096 5780 3159 5823 ea
3198 5779 3319 5834 qua:
3350 5764 3508 5823 latius
3537 5767 3853 5835 explicanda
