3948 6314
152 371 203 426 81

160 492 252 536 sunt
274 489 568 544 omittamus,
598 480 752 549 quid,
802 480 937 550 quod
987 480 1101 550 ipse
1154 480 1334 534 Zenon
1389 481 1680 549 imperator
1710 478 1762 535 A

158 578 243 627 suis
267 573 432 627 litteris
460 572 743 641 proﬁtetur
774 581 958 626 cuneta
991 587 1113 627 sese
1147 588 1211 627 ex
1243 574 1419 626 Acacii
1448 575 1680 642 gessisse

159 665 357 725 consilio,
379 678 468 717 nec
488 666 589 717 hoc
613 678 738 717 eum
768 662 948 718 faliere
979 663 1167 717 litteris
1197 664 1306 718 suis
1336 666 1448 732 ipse
1468 681 1683 735 quoque

159 766 340 809 testatur
366 754 611 819 Aeacius,
661 756 750 824 qui
792 766 847 811 et
886 771 1006 811 eum
1050 742 1394 812 nihilominus
1430 760 1680 814 universa

161 856 277 901 recte
294 847 494 915 gessisse
522 848 863 915 conscripsit,
888 857 940 903 et
967 862 1064 902 suo
1094 850 1320 903 consilio
1353 850 1467 904 haec
1491 852 1679 905 eadem

161 948 284 1007 gesta
311 954 397 991 non
425 940 603 992 tacuit.
634 938 798 1006 Quasi
828 954 954 993 vero
980 948 1187 994 tantum
1234 942 1285 995 in
1337 944 1682 998 Alexandrini

162 1028 278 1082 l’etri
299 1030 647 1085 communione
668 1032 896 1086 Aeacius
918 1032 1290 1100 praevaricator
1316 1035 1603 1099 exStiterit,
1630 1043 1687 1090 et

160 1134 245 1174 non
268 1120 311 1172 in
346 1120 578 1173 omnibus
602 1136 736 1189 quos
773 1122 855 1175 vel
901 1122 1020 1176 fecit
1050 1164 1066 1187 ,
1118 1123 1353 1191 depulsis
1410 1125 1685 1181 catholicis

159 1210 461 1280 pontiﬁcibus,
496 1224 752 1282 tanquam
777 1223 1057 1285 tyrannus,
1085 1215 1340 1271 Ecclesiis
1363 1218 1687 1286 quibus-eun-

158 1317 237 1371 que
256 1305 461 1372 praeponi
485 1319 501 1369 ;
536 1306 625 1359 vel
651 1306 824 1360 taliter
846 1308 1144 1375 praepositis
1168 1324 1422 1376 perversa
1445 1325 1687 1366 commu-

159 1393 284 1448 nione
308 1397 591 1463 permixtus
613 1404 715 1461 est,
745 1399 831 1465 qui
860 1397 961 1451 hoc
990 1398 1103 1467 ipso
1132 1400 1425 1453 secundum
1454 1416 1688 1457 canones

157 1484 331 1538 fuerant
354 1487 414 1539 ab
442 1488 813 1542 ecclesiastica
846 1490 1223 1545 communione
1258 1492 1525 1558 pellendi,
1582 1509 1687 1562 quo

158 1589 203 1630 se
226 1576 345 1643 passi
370 1587 487 1632 sunt
508 1593 855 1634 successores
879 1580 1010 1635 vitis
1037 1582 1405 1638 sacerdotibus
1426 1584 1684 1639 adhiberi.

161 1670 263 1738 Quis
281 1678 442 1723 autem
469 1686 577 1723 non
606 1671 891 1740 perspiciat
915 1671 1268 1742 Christianus,
1320 1676 1459 1743 quod
1505 1678 1689 1731 catho-

156 1762 247 1816 licis
266 1764 638 1829 pontiﬁcibus’a
669 1767 880 1832 propria
900 1765 1027 1820 sede
1050 1766 1293 1836 dejectis,
1314 1782 1419 1823 non
1450 1769 1552 1822 nisi
1578 1769 1688 1824 lue-

157 1856 279 1909 retici
305 1865 584 1924 potuerunt
614 1856 929 1911 introduci?
973 1859 1175 1925 Quibus
1218 1868 1392 1914 tamen
1439 1862 1647 1916 cunctis
1671 1903 1686 1927 ,
1721 1850 1767 1911 Β

155 1947 218 1999 vel
243 1957 406 2001 auctor
436 1947 528 2001 fuit
586 1948 817 2002 Acacius
847 1948 1196 2019 subrogandis
1220 1992 1236 2017 ,
1275 1952 1358 2006 vel
1390 1954 1692 2023 subrogatis

155 2042 527 2094 communicator
556 2042 807 2105 accessit,
836 2042 915 2097 his
941 2042 1120 2112 utique
1146 2044 1288 2113 quia
1317 2047 1693 2102 communione

156 2132 412 2186 nullatenus
436 2134 842 2201 discrepabunt.
875 2135 979 2190 Cur
1009 2150 1137 2205 ergo
1166 2136 1249 2191 vel
1276 2153 1397 2192 cum
1434 2139 1545 2192 haec,
1578 2140 1692 2194 ﬁeri

158 2224 340 2291 videret,
370 2242 471 2279 non
500 2228 648 2280 sicut
672 2228 770 2281 sub
794 2228 1050 2282 Basilisco
1078 2229 1189 2297 jam
1224 2232 1445 2297 fecerat,
1478 2234 1542 2286 ad
1566 2249 1697 2302 apo-

156 2316 354 2370 stolicam
375 2318 554 2372 sedem
596 2317 801 2372 referre
835 2320 1038 2372 curavit
1070 2338 1081 2371 :
1110 2331 1163 2373 ut
1191 2321 1235 2374 si
1263 2323 1406 2377 solus
1443 2324 1554 2392 ipse
1588 2338 1693 2379 non

158 2416 347 2474 poterat,
365 2407 589 2476 junctis,
621 2423 741 2463 cum
774 2409 961 2464 eadem
992 2412 1232 2465 consiliis
1271 2423 1431 2483 atque
1459 2416 1696 2469 tractati-

157 2500 235 2554 bus
257 2504 376 2571 apud
404 2503 787 2572 imperatorem
822 2515 1037 2573 possent
1059 2546 1074 2566 ,
1120 2521 1238 2575 qua:
1279 2507 1517 2576 religioni
1550 2523 1695 2563 eom-

157 2602 376 2663 petereat,
400 2596 622 2666 allegari
642 2597 663 2648 ?
685 2596 816 2650 Nam
847 2598 890 2650 si
938 2596 1246 2662 Basiliscus,
1275 2608 1331 2654 ut
1361 2600 1557 2654 dictum
1589 2609 1693 2667 est,

156 2696 374 2753 tyrannus
397 2688 709 2753 hmreticus,
745 2690 958 2758 scriptis
1000 2690 1308 2759 apostolicae
1355 2692 1499 2746 sedis
1532 2692 1696 2747 vehe-

158 2786 331 2831 menter
350 2778 607 2835 infractus
636 2789 739 2846 est,
770 2790 823 2835 et
850 2796 877 2832 a
928 2781 1172 2850 plurimis
1202 2793 1483 2837 revocatus
1512 2798 1697 2838 exces—

156 2868 293 2937 tibus,
323 2883 511 2940 quanto
542 2874 720 2941 magis
758 2872 1025 2942 legitimus
1068 2874 1356 2944 imperator
1397 2876 1485 2943 qui
1526 2892 1583 2931 se
1609 2891 1698 2930 ca-

157 2961 370 3017 tholicum
395 2966 558 3021 videri
598 2966 828 3031 volebat,
860 2968 1027 3033 potuit
1064 2982 1185 3021 cum
1236 2971 1526 3038 apostolica
1569 2970 1695 3025 sede

156 3069 423 3113 cunctorum
456 3075 678 3129 quoque
707 3059 1017 3129 pontiﬁcum
1042 3060 1316 3115 moderata
1356 3061 1695 3130 suggestione

156 3150 362 3219 mitigari,
391 3156 665 3221 prmeipue
686 3166 807 3205 cum
840 3152 1077 3220 ejusdem
1103 3152 1284 3206 Acacii
1315 3164 1457 3207 esset
1486 3155 1695 3221 specia-

156 3238 209 3293 lis
235 3241 389 3298 fautor
409 3254 460 3299 et
487 3255 724 3308 amator,
751 3251 805 3297 ct
843 3245 930 3313 qui
972 3244 1164 3298 litteris
1217 3246 1328 3297 suis
1374 3254 1479 3298 tam
1523 3247 1693 3312 ipsum
1725 3225 1771 3289 C

156 3334 388 3401 Acacium,
419 3354 579 3406 quant
618 3347 862 3390 sanctum
884 3352 1072 3405 papam
1104 3338 1431 3406 Simplicium
1448 3354 1694 3405 magnum

157 3423 359 3483 laudibus
382 3432 711 3491 extulisset.
762 3433 902 3499 quod
960 3430 1211 3485 haeretica
1266 3436 1698 3488 constantissime

160 3524 465 3578 restitissent?
513 3526 632 3579 Cur
664 3534 810 3579 tanto
860 3533 1096 3594 tempore
1141 3526 1369 3580 Aeacius
1424 3530 1561 3583 inter
1599 3528 1697 3582 ista

159 3617 388 3681 conticuit,
427 3619 528 3673 nisi
552 3618 686 3688 quia
722 3618 1002 3687 praepediri
1032 3618 1245 3672 uolebat
1272 3619 1557 3686 ullatenus,
1582 3637 1697 3690 quae

163 3706 453 3766 desiderabat
477 3713 692 3780 espleri
716 3711 739 3764 ?

220 3801 455 3857 Ponamus
507 3815 725 3865 tamen,
764 3803 971 3857 etiamsi
1007 3803 1147 3857 nulla
1193 3803 1428 3873 synodus
1476 3819 1701 3872 praeces-

164 3892 306 3961 sisset,
334 3896 478 3964 eujus
506 3895 806 3965 apostolica
829 3898 984 3950 sedes
1015 3906 1160 3949 recte
1192 3897 1344 3950 fieret
1372 3899 1698 3964 exseeutrix,

164 4001 257 4039 cum
284 3989 459 4058 quibus
484 3999 605 4043 erat
632 3990 704 4043 de
735 3988 929 4042 Aeaeio
961 3990 1197 4060 synodus
1248 3992 1513 4044 iucunda?
1554 3991 1701 4045 Nun-

164 4080 263 4146 quid
288 4096 394 4134 cum
428 4081 509 4135 his
536 4083 629 4150 qui
659 4081 771 4149 jam
800 4082 1087 4149 participes
1112 4082 1429 4137 tenebantur
1472 4084 1667 4136 Aeaeio
1686 4124 1699 4149 ,

163 4178 202 4222 et
222 4186 297 4238 per
316 4174 582 4227 Orientem
608 4180 781 4225 totum
807 4172 1082 4227 catholicis
1110 4174 1477 4228 sacerdotibus
1505 4174 1706 4228 violen-

168 4268 228 4312 ter
252 4264 489 4326 exclusis,
522 4276 575 4318 et
605 4279 704 4331 per
750 4263 934 4316 exsilia
977 4264 1186 4317 diversa
1237 4264 1484 4332 relegatis
1508 4305 1523 4329 ,
1574 4266 1705 4318 socii

165 4354 395 4410 evidenter
424 4356 735 4411 existebant
766 4355 1161 4409 communionis
1187 4366 1446 4418 externae,
1478 4356 1624 4423 prius
1646 4370 1707 4409 se

168 4448 215 4497 ad
238 4449 333 4504 base
356 4451 622 4505 consortia
650 4447 1032 4502 transferentes
1060 4464 1213 4517 quam
1230 4447 1374 4502 sedis
1396 4450 1707 4516 apostolica:

168 4539 267 4591 scita
293 4541 668 4597 consulerent?
700 4541 831 4593 Cum
878 4538 1072 4607 quibus
1121 4554 1249 4608 ergo
1308 4538 1543 4610 synodus
1590 4547 1707 4593 erat

1310 362 1661 421 EPISTOL/E
1703 359 1785 413 ET
1829 360 2140 416 DECRE'I‘A
2154 402 2165 415 .

3297 358 3367 415 82

1789 493 1908 531 cum
1944 493 2110 533 novas
2144 490 2332 532 causas
2355 490 2475 533 esse
2515 477 2906 548 perpenderent
2931 518 2945 541 ,
3000 485 3110 530 toto
3153 476 3370 531 Oriente

1792 568 2029 634 depelli;
2064 578 2117 623 et
2144 570 2326 624 caeteri
2350 569 2473 639 quid
2505 578 2779 634 caverent,
2827 584 2889 623 ex
2942 567 3153 623 illorum
3183 569 3371 637 quali-

1788 670 1894 715 tate
1919 662 2222 717 discernere
2246 663 2559 732 potuissent.
2590 663 2780 717 Restat
2811 662 2971 731 igitur
2999 670 3056 716 ut
3079 662 3217 715 illius
3252 676 3369 730 par-

1788 755 1855 808 tis
1885 771 1978 809 eos
2001 756 2162 810 fuisse
2192 756 2262 810 sit
2288 757 2513 821 clarum,
2545 758 2626 811 cui
2654 772 2711 811 se
2745 769 2863 825 post
2899 765 2977 810 tot
2999 757 3368 826 experimenta

1788 847 2072 910 dederunt,
2130 849 2428 918 meritoque
2463 849 2529 903 ab
2558 849 2849 916 apostolica
2887 848 3015 903 sede
3054 849 3373 915 caste-risque

1788 940 2065 993 catholicis
2091 956 2195 993 non
2227 941 2335 1009 jam
2365 942 2680 996 consulendi
2713 950 2885 1007 erant,
2925 942 3018 995 sed
3051 943 3227 1010 potius
3273 956 3371 993 no-

1789 1032 1955 1085 tandi.
2016 1032 2245 1087 Risimus
2300 1044 2475 1089 autem
2523 1035 2662 1104 quod
2722 1038 3131 1104 praerogativam
3184 1037 3373 1088 volunt

1790 1124 1985 1177 Aeaeio
2014 1126 2339 1193 comparari,
2378 1127 2499 1196 quia
2529 1128 2817 1197 episcopus
2851 1127 3007 1182 fuerit
3046 1130 3207 1197 regite
3242 1128 3374 1181 civi-

1791 1214 1932 1267 tatis.
1964 1214 2206 1284 Nunquid
2234 1219 2371 1285 apud
2406 1218 2789 1286 Mediolanum,
2832 1220 2972 1287 apud
3022 1221 3329 1274 Ravennam
3356 1262 3371 1283 ,

1791 1306 1930 1375 apud
1955 1307 2229 1371 Sirmium,
2256 1308 2394 1377 apud
2427 1308 2678 1363 Treviros
2703 1311 2887 1365 multis
2916 1312 3249 1380 temporibus
3269 1325 3374 1364 non

1792 1398 2032 1451 Constitit
2066 1400 2402 1466 imperator?
2432 1399 2808 1470 Nunquidnam
2844 1382 3268 1456 harum'urbium
3292 1416 3377 1455 sa-

1792 1494 2037 1548 cerdotes
2064 1496 2200 1550 ultra
2232 1511 2537 1550 mensuram
2568 1496 2783 1550 sibimet
2826 1495 3118 1563 antiquitus
3151 1495 3378 1563 deputa-

1793 1594 1900 1640 tam
1925 1586 2195 1655 quidpiam
2223 1588 2335 1643 suis
2360 1588 2707 1655 dignitatibus
2733 1585 3102 1654 usorparunt?
3131 1583 3379 1652 Nunquid

1794 1678 2017 1731 Aeacius
2042 1687 2097 1731 ut
2127 1679 2386 1733 Joannem
2418 1679 2711 1747 quemlibet
2744 1680 3012 1732 hominem
3047 1678 3374 1731 catholicum

1800 1778 1996 1832 tamen,
2024 1785 2053 1821 a
2086 1769 2365 1823 catholicis
2395 1770 2698 1823 ordinatum
2732 1769 2801 1823 de
2845 1768 3165 1823 Alexandria
3199 1769 3379 1822 exclu-

1796 1859 1965 1926 deret,
1985 1859 2306 1928 Petrumque
2329 1860 2385 1914 in
2407 1861 2594 1915 hairesi
2621 1860 2731 1929 jam
2750 1860 3014 1915 detectum
3041 1870 3202 1929 atque
3229 1861 3379 1912 dam-

1801 1960 2007 2017 natum,
2034 1954 2235 2020 absque
2266 1954 2406 2007 sedis
2439 1955 2748 2023 apostolica:
2791 1954 3187 2008 consultatione
3240 1954 3379 2007 rcci-

1798 2054 1966 2115 pcrct,
1998 2047 2173 2114 aliqua
2201 2046 2408 2117 synodo
2439 2047 2626 2100 saltem
2672 2046 2781 2099 illic
2824 2046 3032 2106 habita,
3064 2044 3167 2098 hoe
3206 2045 3379 2099 auda-

1797 2145 1912 2190 cter
1932 2138 2158 2205 arripuit
2186 2136 2635 2191 utCalendionem
2659 2137 2725 2191 de
2746 2136 3027 2191 Antiochia
3058 2137 3375 2205 depelleret,

1798 2228 2213 2298 hmrctieumque
2243 2229 2478 2293 Petrum,
2513 2244 2670 2299 quem
2695 2230 2809 2298 ipse
2838 2229 3226 2293 damnaverat,
3258 2228 3380 2281 abs-

1798 2333 1902 2387 que
1933 2318 2119 2371 notitia
2140 2320 2282 2373 sedis
2300 2319 2611 2389 apostolica:
2634 2333 2819 2373 rursus
2845 2318 3173 2383 admitteret,
3200 2318 3381 2386 aliqua

1798 2413 2003 2484 synodo
2030 2412 2080 2467 id
2122 2413 2313 2467 fecisse
2340 2412 2784 2467 monstratur?Si
2830 2421 2978 2467 certe
3017 2412 3085 2466 de
3122 2410 3383 2479 dignitate

1799 2507 1971 2574 agitur
1996 2506 2297 2571 civitatum,
2322 2506 2571 2560 secundm
2597 2507 2739 2561 sedis
2776 2516 2828 2561 et
2873 2506 3049 2560 tertiae
3097 2504 3269 2573 major
3294 2514 3380 2559 est

1799 2598 2028 2667 dignitas
2062 2597 2401 2651 sacerdotum
2438 2613 2594 2667 quam
2635 2598 2753 2665 ejus
2791 2583 3064 2664 eivitatis',
3110 2611 3231 2666 qua:
3274 2610 3384 2652 non

1800 2691 1970 2745 solum
2001 2693 2140 2745 inter
2171 2692 2329 2747 sedes
2355 2692 2571 2745 minimc
2595 2701 2927 2755 numeratur,
2976 2689 3071 2745 sed
3112 2704 3213 2743 nec
3244 2688 3383 2742 inter

1802 2783 2476 2850 metropolitanorumjura
2500 2794 2771 2838 censetur.
2819 2782 2950 2837 Nam
2992 2781 3135 2850 quod
3163 2780 3379 2839 dicitis.

1800 2874 1953 2945 regia!
1974 2876 2221 2940 civitatis,
2248 2875 2349 2928 alia
2376 2884 2612 2943 potestas
2638 2884 2721 2929 est
2752 2873 2899 2942 regni
2933 2872 3210 2928 saecularis
3232 2912 3249 2937 ,
3279 2871 3383 2926 alia

1800 2965 2285 3020 ecclesiasticarum
2315 2966 2623 3019 distributio
2654 2961 2999 3033 dignitatum.
3043 2963 3194 3019 Sicut
3236 2962 3381 3018 enim

1802 3059 2045 3125 quamvis
2070 3073 2229 3127 parva
2254 3059 2439 3113 civitas
2472 3057 2876 3127 praerogativam
2909 3056 3188 3126 praesentis
3229 3053 3383 3125 regni

1803 3167 1908 3206 non
1935 3153 2147 3217 minuit,
2173 3154 2251 3207 sic
2290 3152 2581 3221 imperialis
2629 3150 2911 3222 praesentia
2947 3163 3253 3204 mensuram
3296 3148 3382 3203 di-

1802 3244 2163 3313 spensationis
2192 3244 2458 3312 religiosa:
2501 3259 2604 3298 non
2638 3251 2823 3296 mutat.
2850 3242 2931 3297 Sit
2956 3241 3100 3296 clara
3137 3240 3265 3295 urbs
3292 3240 3385 3297 illa

1802 3344 2068 3403 potestate
2090 3336 2373 3404 praesentis
2400 3335 2767 3403 imperatoris,
2820 3332 3008 3404 religio
3048 3332 3149 3388 sub
3192 3331 3384 3387 eodem

1809 3437 1931 3482 tunc
1954 3428 2125 3489 ﬁrma.
2144 3437 2269 3481 tunc
2297 3427 2484 3492 libera,
2509 3437 2633 3481 tune
2652 3434 2901 3496 provecta
2927 3426 3193 3493 consistit,
3222 3426 3265 3480 si
3289 3439 3385 3494 po-

1804 3522 1908 3573 tius
1942 3519 2042 3574 hoc
2072 3510 2337 3588 praesente
2384 3521 2653 3589 propriam
2684 3529 2862 3576 teneat
2880 3520 2998 3575 sine
3025 3519 3132 3575 ulla
3174 3528 3387 3588 pertur-

1804 3612 2015 3667 batione
2040 3628 2364 3668 mensuram.

1876 3706 1980 3761 Sed
2004 3706 2214 3760 dicatur
2244 3705 2465 3759 forsitan
2489 3703 2555 3759 de
2578 3704 2939 3759 Alexandrino
2952 3701 3381 3769 etAntiocheno,

1806 3798 1971 3853 certis
1998 3815 2061 3853 ex
2090 3799 2268 3852 causis
2300 3796 2594 3866 principem
2620 3796 2791 3864 magis
2819 3795 2904 3847 illa
2930 3810 3049 3863 qua:
3069 3802 3218 3861 gesta
3233 3802 3382 3860 sunt,

1808 3906 1911 3944 non
1944 3890 2195 3945 Acacium
2223 3888 2559 3957 praecepisse.
2594 3885 2697 3941 Sed
2726 3885 2951 3954 principi
2971 3883 3273 3939 Christiano
3293 3884 3387 3939 de-

1810 3990 1991 4035 cuerat
2021 3995 2308 4049 suggerere
2334 3976 2690 4039 sacerdotem,
2719 3976 2950 4031 maxime
2977 3977 3130 4044 cujus
3159 3974 3387 4029 familia‘

1811 4074 1967 4126 ritate
1990 4082 2041 4127 et
2066 4072 2245 4125 favore
2277 4070 2569 4129 fruebatur,
2603 4068 2804 4121 salvam
2836 4068 2947 4122 fore
2978 4067 3046 4121 de
3086 4067 3201 4137 ejus
3250 4066 3389 4135 inju-

1809 4167 1887 4219 ria
1920 4163 2351 4232 contumeliaque
2373 4160 2685 4228 vindictam,
2720 4168 2923 4214 tantum
2952 4166 3011 4212 ut
3040 4157 3293 4212 Ecclesim
3316 4158 3390 4211 si-

1812 4266 1966 4313 neret
1990 4256 2326 4311 Christianus
2354 4255 2602 4324 princeps
2623 4255 2834 4323 regulas
2863 4251 3119 4305 cusmdiri
3140 4291 3155 4316 ,
3183 4251 3304 4320 quia
3335 4258 3389 4304 et

1812 4366 1945 4405 nova
1972 4350 2024 4401 in
2052 4359 2277 4418 utroque
2290 4348 2555 4423 pontiﬁce
2580 4362 2743 4402 causa
2771 4354 2916 4401 esset
2956 4353 3173 4410 cxorla,
3205 4352 3260 4399 et
3288 4359 3389 4398 no-
3424 4414 3429 4417 Α

1810 4458 1929 4495 vam
1982 4441 2366 4494 discussioneni
2409 4446 2805 4507 consequenter
2854 4436 3168 4505 inquireret.
3212 4434 3279 4487 Et
3305 4435 3387 4505 si,

1812 4536 1949 4587 sicut
1971 4546 2185 4599 semper
2216 4539 2359 4584 esset
2381 4529 2661 4593 effectum,
2706 4528 3023 4583 sacerdotali
3065 4526 3294 4580 concilio
3323 4525 3392 4581 de

172 4630 355 4687 ineunda
381 4635 633 4689 catholici
668 4632 950 4702 pontifices
978 4631 1190 4685 fuerant
1218 4632 1452 4699 undique
1474 4632 1582 4700 jam
1616 4632 1711 4687 de-
1734 4602 1787 4663 Ῑ)
1814 4624 2182 4680 sacerdotibus
2209 4620 2403 4689 judicia
2438 4618 2805 4687 provenirent,
2836 4634 2941 4673 non
2973 4633 3002 4671 a
3040 4616 3282 4672 saeculari
3311 4617 3391 4671 vi-

174 4726 291 4790 pulsi,
330 4730 526 4798 solique
561 4735 938 4782 remanserant
984 4726 1113 4779 socii
1166 4724 1485 4793 perfidorum
1514 4765 1527 4789 ,
1586 4740 1706 4780 cum

175 4818 322 4883 quibus
342 4821 445 4888 jam
478 4836 581 4877 nec
608 4810 807 4874 licebat
854 4818 1051 4872 habere
1094 4829 1446 4881 conventum,
1497 4818 1709 4872 dicente

179 4912 339 4975 psalmo
365 4928 379 4965 :
412 4915 531 4970 Non
562 4915 677 4969 sedi
700 4915 752 4967 in
780 4912 999 4965 concilio
1018 4912 1256 4965 uanitatis
1276 4952 1291 4977 ,
1316 4920 1363 4965 et
1392 4928 1507 4963 cum
1535 4912 1708 4981 iniqua

180 5009 412 5069 gerentibus
434 5026 532 5063 non
560 5006 809 5061 iutruibo.
857 5003 965 5058 Nec
1006 5002 1355 5058 ecclesiastici
1393 5003 1556 5056 moris
1586 5010 1705 5067 est,

180 5096 369 5151 curaliis
412 5104 494 5171 qui
529 5080 792 5172 pollutam
839 5097 1033 5150 habent
1069 5093 1529 5157 communionem,
1586 5106 1709 5162 per-

182 5185 457 5258 mixtamque
476 5208 599 5247 cum
646 5189 863 5259 perfidis
910 5186 1134 5241 miscere
1187 5187 1499 5243 concilium.
1547 5185 1709 5239 Recte

178 5274 317 5344 igitur
345 5296 422 5350 per
436 5281 892 5339 Chalcedonensis
922 5284 1117 5354 synodi
1147 5284 1372 5337 formam
1408 5265 1709 5348 hujusmodi

177 5375 493 5436 prevaricatio
518 5377 735 5447 repulsa
765 5385 868 5441 cst,
900 5377 1074 5445 potius
1105 5391 1263 5445 quam
1292 5375 1359 5427 ad
1390 5372 1674 5428 concilium
1695 5413 1711 5438 ,

176 5467 286 5532 quod
314 5470 399 5524 nec
419 5485 557 5539 opus
587 5480 707 5523 erat
733 5476 853 5538 post
881 5469 1104 5537 primam
1133 5465 1421 5538 synodum,
1466 5477 1564 5517 nec
1593 5475 1713 5517 cum

179 5557 335 5615 talibus
361 5561 538 5617 haberi
571 5561 791 5626 licebat,
824 5560 1051 5615 adducta
1078 5568 1180 5614 est.
1214 5558 1345 5612 Nam
1370 5554 1563 5625 etquid
1596 5566 1720 5619 age-

177 5662 292 5708 retur
310 5656 371 5711 de
403 5658 507 5713 ﬁde
532 5656 798 5713 catholica
824 5654 1124 5724 intelligere
1151 5653 1194 5706 si
1218 5652 1441 5717 vellent,
1476 5648 1719 5718 ignorare

178 5757 257 5797 non
298 5759 540 5814 poterant
596 5763 717 5802 eum
748 5748 989 5803 viderent
1036 5745 1331 5819 catholicos
1390 5741 1674 5811 pontifices
1702 5781 1716 5806 ,

179 5836 289 5897 nulla
335 5844 519 5911 synodi
570 5842 922 5909 discussione,
975 5840 1121 5896 nullo
1171 5836 1416 5903 concilio,
1450 5833 1721 5906 praecipue

1813 4719 2069 4773 derentur
2112 4714 2512 4785 qualeseunipie
2543 4712 2851 4780 pontiﬁces,
2891 4721 2945 4765 et
2973 4710 3016 4763 si
3062 4724 3249 4764 errore
3293 4709 3392 4763 hu-
3436 4704 3439 4707 ⁷

1814 4809 2045 4863 manitus
2070 4804 2378 4877 accedente,
2406 4818 2509 4855 non
2545 4812 2719 4855 tamen
2749 4811 2937 4855 contra
2966 4800 3282 4869 religionem
3311 4800 3395 4851 til-

1814 4904 2020 4957 iatenus
2051 4897 2344 4953 excedente
2377 4902 2637 4962 potestate
2660 4892 2895 4961 percelli.
2922 4891 3002 4946 An
3024 4904 3077 4945 et
3101 4890 3215 4943 haec
3246 4890 3391 4958 justa

1815 4992 2027 5047 ratione
2054 4988 2282 5059 principi
2310 4984 2643 5055 suggerenda
2682 4999 2785 5037 non
2820 4981 3010 5037 erant?
3051 4980 3231 5049 Regiae
3261 4980 3393 5033 civi-

1817 5084 1942 5139 tatis
1975 5084 2178 5136 honore
2200 5078 2443 5133 sublimis
2483 5077 2527 5130 si
2572 5076 2739 5128 faetus
2786 5082 2901 5129 erat
2957 5072 3045 5127 illa
3096 5072 3239 5141 regia
3272 5072 3395 5127 civi.

1818 5188 1926 5233 tate
2000 5177 2319 5240 sublimior,
2389 5181 2535 5226 tanto
2591 5168 2760 5238 magis
2816 5170 2870 5224 in
2911 5166 2995 5221 his
3049 5167 3396 5237 suggerendis

1818 5272 2142 5327 deliuitesse
2190 5268 2541 5323 constantior.
2604 5261 2662 5318 Si
2709 5271 2889 5316 autem
2939 5260 2992 5315 in
3032 5258 3116 5314 his
3148 5275 3267 5328 quae
3299 5273 3396 5327 pro

1822 5366 2082 5437 religione
2124 5364 2330 5417 fuerant
2372 5357 2636 5415 exerenda
2666 5398 2681 5423 ,
2722 5356 2927 5412 exstitit
2980 5350 3396 5419 contemptibilis

1820 5469 1980 5530 atque
2008 5458 2315 5526 despectus,
2339 5463 2391 5508 et
2411 5454 2500 5508 aut
2523 5451 2724 5521 segnis,
2753 5459 2844 5504 aut
2867 5448 3116 5502 fiduciam
3160 5458 3263 5499 non
3296 5442 3395 5498 ha-

1822 5554 1954 5607 bens
1978 5547 2280 5612 intimandi,
2314 5548 2365 5599 in
2395 5562 2500 5615 quo
2523 5559 2615 5613 per
2663 5541 2865 5610 regiam
2907 5537 3182 5591 civitatem
3226 5535 3397 5605 major

1823 5644 2043 5699 effectus
2078 5641 2193 5696 est?
2242 5638 2448 5694 Nathan
2483 5636 2739 5705 praplieta
2792 5629 2964 5697 palam
3000 5628 3317 5697 publiceque
3346 5629 3397 5685 in

1827 5737 1959 5792 faeie
1983 5736 2092 5805 regi
2114 5733 2301 5794 David,
2317 5741 2370 5787 et
2390 5729 2732 5786 commissum
2760 5724 3397 5793 pronuntiaviterrorem,

1826 5840 1881 5887 et
1904 5830 2079 5901 ipsum
2102 5824 2435 5884 commisisse
2472 5836 2577 5876 non
2614 5820 2795 5883 tacuit,
2830 5823 2885 5871 et
2914 5816 3252 5889 confessione
3282 5830 3397 5870 eor-
3470 5832 3481 5840 -
