3948 6314
535 215 604 269 85
1878 212 2096 268 GELAS

2205 211 2388 268 .‘APAE
2431 215 2449 269 Ι
3733 218 3804 272 ὃὶ

528 336 741 385 rectum
774 338 1164 400 consequenter
1196 330 1445 385 absolvit.
1489 329 1583 382 llic
1616 337 1789 381 autem
1824 330 1905 380 vir
1937 328 2107 379 bonus
2139 328 2191 384 Α
2219 328 2494 391 refutavit,
2521 339 2575 382 et
2598 339 2904 385 consortem
2945 330 3336 384 communionis
3362 340 3597 384 externa:
3644 344 3674 380 a
3708 316 3801 383 sua

537 431 589 477 et
617 421 869 478 sacerdos
898 422 1162 493 egregius,
1197 423 1245 479 in
1283 428 1483 487 tantum
1511 435 1571 475 se
1602 429 1655 483 et
1686 434 1971 489 suggerere
2019 436 2110 486 po-

530 514 701 579 tuisse
728 515 1069 581 monstravit,
1098 514 1412 591 etnoiuisse
1452 512 1823 581 deprompsit,
1870 512 1981 595 imp
2035 512 2111 563 fa-

532 604 674 675 visse
702 604 968 672 patefecit,
1000 588 1136 663 utet
1185 606 1475 674 imperator
1522 610 1715 661 cuncta
1764 618 1823 657 se
1878 588 1949 657 ex'
1995 602 2109 670 ejus

531 695 762 783 gessisse
794 696 1017 763 consilio
1043 711 1147 759 non
1190 704 1423 763 taceret,
1463 704 1517 749 et
1565 695 1680 764 ipse
1730 695 2106 763 imperatorem

531 788 1048 856 magnisprzeconiis
1103 789 1335 845 elevaret
1386 790 1484 845 ista
1521 788 1837 852 facientem;
1881 802 2109 857 seseque

531 880 785 948 proderet
814 881 894 934 his
917 880 1135 950 agendis
1162 882 1325 937 rebus
1346 881 1510 945 fuisse
1528 881 1873 950 participem.

603 974 708 1031 Sed
738 983 853 1033 esto
878 956 1170 1039 Calendion
1201 989 1393 1029 nomen
1426 976 1764 1043 imperatoris
1794 973 2096 1041 abstulerit,

529 1069 764 1123 Joannes
811 1069 1034 1141 principi
1089 1069 1341 1127 mentitus
1375 1068 1535 1127 fuisse
1568 1069 1805 1141 iactetur
1837 1086 1849 1120 :
1882 1082 2002 1135 qua:
2036 1078 2105 1119 ta-

531 1174 677 1224 men,
710 1177 828 1215 cum
880 1175 1034 1221 novae
1079 1170 1262 1229 essent
1307 1174 1503 1218 causa}.
1538 1174 1675 1213 nova
1721 1158 1907 1215 debuit
1934 1158 2110 1217 eccle-

527 1250 738 1321 siastica
797 1236 1419 1319 provenireﬂiscussio.
1450 1254 1532 1315 Au
1590 1252 1676 1321 qui
1730 1251 1781 1304 in
1834 1250 2106 1306 hominem

528 1342 905 1409 imperatorem
963 1358 1214 1411 peccasse
1269 1343 1607 1411 dicebautur,
1668 1342 1807 1396 nulla
1878 1344 2110 1395 interve-

527 1433 708 1488 niente
763 1433 970 1505 synodo
999 1434 1160 1511 dejici
1214 1435 1541 1498 debuerunt;
1594 1435 1728 1495 etin
1776 1433 1973 1497 Deum,
2019 1434 2107 1500 qui

527 1537 769 1597 summus
797 1532 851 1579 et
875 1538 1033 1602 verus
1054 1532 1145 1583 est
1171 1524 1485 1595 imperator,
1515 1522 1763 1578 Acacium
1792 1523 2109 1593 delinquen-

530 1621 636 1691 tcm
674 1614 1049 1683 sinceramque
1098 1618 1529 1679 communionem
1587 1615 1751 1669 divini
1784 1617 2104 1671 sacramenti

2219 420 2596 473 eounnunione
2624 419 2879 485 dimovit,
2912 435 3009 475 nec
3050 434 3189 489 opus
3224 420 3332 475 d'uit
3374 437 3513 475 nova
3566 420 3802 491 synodo,

2218 530 2337 569 cum
2373 516 2568 569 veteris
2604 516 2883 570 constituti
2941 516 3269 569 sufﬁcienter
3308 515 3415 567 hoc
3460 515 3627 567 forma
3660 530 3804 581 pra:-

2215 610 2512 671 scrilieret;
2565 625 2663 663 nec
2692 624 2827 677 opus
2878 609 2971 662 fuit
3011 620 3067 662 ut
3119 610 3234 663 haec
3272 609 3522 663 facienda
3562 608 3802 662 Orientis

2216 702 2481 768 episcopis
2505 702 2797 765 intimaret,
2825 717 2958 769 quos
2981 710 3035 754 ct
3052 702 3364 768 expulsione
3382 700 3795 764 catholicorum,

2216 808 2331 860 quo
2363 792 2659 861 agebantur
2700 794 2754 845 in
2783 807 2943 847 causa
2976 791 3097 847 ﬁdei
3130 808 3237 847 non
3272 792 3546 860 ignorasse
3578 790 3801 844 manife«

2215 895 2352 941 stum
2383 885 2473 948 sit,
2506 893 2559 937 ct
2590 885 3035 938 communicando
3070 884 3335 938 haereticis
3365 881 3691 951 subrogatis,
3724 882 3801 932 fa.

2214 984 2299 1035 cto
2326 975 2417 1028 tali
2443 976 2801 1033 consensisse.
2836 975 2953 1028 Non
2988 975 3207 1028 dubium
3249 985 3332 1028 est
3357 975 3515 1027 etiam
3554 982 3802 1025 externa:

2214 1067 2604 1125 communionis
2650 1066 2895 1131 effectus,
2926 1076 3086 1133 atque
3136 1067 3255 1120 ideo
3305 1081 3425 1118 eum
3450 1065 3533 1118 eis
3558 1063 3666 1131 jam
3703 1078 3804 1116 nec

2215 1161 2471 1229 patuisse,
2494 1176 2597 1215 nec
2617 1161 2865 1215 debuisse
2889 1159 3039 1214 sedis
3066 1158 3376 1228 apostolica:
3401 1158 3532 1210 scita
3562 1157 3801 1208 tractari.

2216 1254 2353 1309 Ecce
2382 1262 2713 1322 agnoverunt
2742 1253 2791 1306 in
2818 1268 3008 1307 eorum
3050 1250 3383 1320 professione
3429 1249 3516 1316 qui
3539 1258 3804 1301 constana

2216 1347 2419 1401 tissime
2467 1346 2843 1414 perdurarunt,
2877 1345 3002 1414 quid
3052 1345 3172 1399 fidei
3196 1340 3674 1408 communionique
3708 1354 3802 1391 ea-

2214 1437 2425 1493 tholica“.
2454 1437 2759 1492 deberetur.

2280 1532 2423 1584 Ecce
2442 1537 2776 1598 agnoverunt
2830 1526 3279 1595 quemadmodum
3333 1540 3362 1577 a
3412 1524 3606 1577 talibus
3652 1538 3805 1575 rece-

2214 1623 2409 1683 dendo,
2452 1623 2562 1675 imo
2616 1622 2806 1683 talibus
2852 1621 3121 1675 contraria
3172 1618 3464 1679 moliendo,
3510 1633 3538 1669 a
3582 1616 3689 1670 fide
3744 1625 3803 1669 et

529 1689 832 1782 studentem
858 1707 1084 1785 miscere
1109 1722 1227 1763 cum
1251 1708 1489 1783 perfidis,
1518 1709 1810 1763 secundum
1844 1709 2096 1777 synodum

2219 1714 2595 1769 communione
2624 1714 2882 1766 catholica
2906 1712 3137 1766 devitari:
3171 1711 3411 1769 Aeacius,
3459 1723 3624 1777 seque
3656 1708 3803 1775 pari-

528 1810 629 1873 g‘ua
659 1798 773 1863 haec
795 1806 876 1857 est
893 1797 1137 1859 damnata
1162 1800 1401 1869 perfidia,
1425 1816 1527 1857 non
1552 1802 1833 1869 Oportebat
1853 1801 2112 1855 excludi?

533 1886 674 1965 Quid
706 1902 800 1956 per
823 1897 994 1961 totum
1020 1890 1291 1951 Orientem
1314 1891 1381 1944 de
1404 1890 1699 1947 innumeris
1719 1892 1938 1946 urbibus
1971 1893 2109 1961 pulsi

533 1977 784 2059 catholici
836 1982 1165 2049 sacerdotes,
1192 1991 1255 2043 et
1296 1982 1533 2039 haeretici
1590 1983 1896 2053 subrogati?
1948 1983 2111 2039 Nova:

527 2078 675 2124 certe
702 2079 856 2133 erant
885 2087 1079 2135 causat,
1104 2082 1155 2143 et
1187 2072 1266 2136 his
1293 2083 1687 2143 consequenter
1716 2090 1848 2128 nova
1874 2076 2112 2145 synodus

530 2158 845 2241 debebatur.
883 2146 999 2215 Cur
1020 2172 1147 2227 tunc
1186 2177 1289 2227 non
1323 2164 1469 2227 venit
1496 2165 1547 2218 in
1597 2174 1828 2219 mentem
1864 2173 1922 2218 ut
1954 2167 2004 2219 in
2035 2177 2113 2220 ta-

530 2251 668 2325 libus
700 2252 877 2305 causis
910 2262 1182 2322 pateretur
1231 2269 1258 2306 a
1303 2255 1541 2323 principe
1593 2256 1780 2310 saltem
1808 2258 2111 2326 qualiscun-

528 2328 633 2418 que
660 2342 897 2413 synodus
927 2343 1266 2425 Cclcbt‘anda,
1301 2353 1359 2400 ut
1395 2360 1714 2417 quocunque
1754 2348 1839 2402 vel
1869 2348 2110 2403 colorate

524 2424 729 2506 iudicio
784 2440 1082 2507 traditionis
1136 2442 1516 2509 ecclesiastica:
1575 2444 1771 2512 passim
1830 2445 2110 2512 pontifices

526 2520 835 2607 viderentur
865 2520 1113 2615 exclusi,
1172 2548 1276 2587 non
1313 2534 1485 2588 solum
1535 2550 1973 2603 quarumcunque
2022 2553 2108 2589 ur-

526 2625 673 2691 bium
729 2628 1064 2692 s:icerd0tes,
1119 2629 1212 2691 sed
1273 2628 1666 2697 metropolitani
1731 2631 2105 2687 incunctanter

525 2702 830 2773 antistites?
860 2717 950 2775 liis
978 2720 1227 2787 omnibus
1251 2737 1370 2775 cum
1405 2736 1506 2781 non
1536 2722 1733 2776 restitit
1763 2725 2102 2793 suggestione

525 2806 629 2897 qua
661 2815 849 2880 potuit,
895 2815 1166 2871 consensit
1196 2816 1423 2871 Aeacius
1479 2818 1924 2873 communicando
1972 2835 2103 2873 cun-

525 2903 622 2989 ctis
652 2906 739 2971 qui
792 2907 842 2979 in
873 2908 1260 2962 catholicorum
1304 2909 1477 2967 locum
1511 2909 1745 2975 hreretici
1774 2911 1984 2967 fuerant
2009 2927 2103 2967 su-

525 2992 752 3081 brogati.
787 2998 1073 3067 Apostolus
1102 3005 1280 3069 autem
1310 3001 1439 3055 dicit
1468 3018 1479 3052 :
1516 3000 1637 3055 Non
1679 3004 1847 3057 solum
1884 3006 1970 3073 qui
2014 3008 2100 3069 [a-

522 3085 683 3165 ciaut,
711 3088 798 3165 sed
827 3097 871 3140 et
902 3091 991 3159 qui
1013 3092 1331 3151 consentiunt
1370 3092 1695 3161 facientibus,
1736 3110 1859 3148 reos
1891 3095 2101 3149 indubi-

525 3172 697 3257 tanter
744 3181 965 3255 ascribi.
1001 3183 1079 3245 An
1131 3183 1245 3237 haec
1278 3184 1425 3238 licuit
1467 3187 1709 3243 Stcculari
1759 3190 2006 3256 potestati
2049 3201 2103 3245 et

521 3264 655 3357 aptis
677 3269 879 3353 talibus
912 3273 1109 3335 Acacio
1132 3278 1481 3353 consentienti
1506 3278 1706 3345 absque
1734 3281 1834 3337 ulla
1866 3283 2095 3352 synodo,

520 3372 679 3437 quam
735 3360 848 3429 ipsa
905 3378 1081 3423 rerum
1140 3366 1348 3421 novitas
1380 3368 1648 3439 exigebat,
1704 3372 1907 3441 absque
1950 3374 2098 3429 sedis

522 3452 837 3530 apostolica:
878 3457 1279 3521 consultatione
1314 3460 1599 3527 perficere;
1652 3472 1703 3529 et
1740 3464 1853 3519 sedi
1885 3476 2100 3535 aposto-

519 3543 635 3598 licae
667 3538 772 3599 non
806 3547 951 3601 licuit
980 3551 1274 3604 secundum
1312 3562 1550 3607 tenorem
1576 3557 1770 3624 synodi
1796 3556 2094 3615 Chalcedo-

519 3635 711 3711 nensis
739 3636 804 3703 in
854 3643 1024 3703 veteri
1081 3642 1262 3713 utique
1312 3656 1469 3698 causa
1504 3652 1557 3699 et
1584 3647 1756 3707 veteri
1800 3651 2097 3706 constituto

513 3718 653 3793 jiista
710 3730 1020 3801 deﬁnitione
1068 3734 1333 3790 damnatis
1374 3737 1607 3793 inimicis
1636 3740 1825 3809 synodi
1871 3742 2094 3799 Chalce-

515 3818 768 3899 donensis
815 3823 1067 3887 Acacium
1114 3830 1597 3893 communicantem
1643 3846 1673 3883 a
1731 3849 1822 3895 sua
1855 3850 2093 3890 commu-

516 3911 674 3991 nioue
704 3910 1008 3978 depellere?
1039 3916 1144 3971 Sed
1176 3919 1423 3989 Aeacius,
1470 3924 1736 3995 inquiunt,
1763 3926 2121 3998 principibus

514 4001 731 4080 obviare
752 4016 853 4065 ηοιι
883 4005 1070 4071 potuit.
1105 4007 1211 4061 Cur
1241 4011 1517 4082 Basilisco,
1548 4019 1669 4085 quia
1694 4020 1883 4084 voluit,
1912 4023 2094 4078 obvia-

513 4091 623 4173 vit?
649 4089 753 4145 Cur
786 4094 887 4161 ipsi
919 4095 1138 4161 Zenoni,
1191 4114 1259 4154 ne
1302 4104 1480 4171 palam
1524 4107 1684 4162 Petro
1730 4112 1813 4165 An
1840 4112 2088 4180 ioeheno,

512 4187 757 4257 quamvis
791 4187 1019 4242 latenter
1067 4192 1168 4246 hoc
1198 4191 1348 4261 fecit,
1379 4200 1774 4255 communicare
1796 4206 2087 4272 videretur,

512 4294 618 4332 non
676 4281 1035 4345 commodavit
1087 4290 1406 4342 assensum?
1459 4288 1601 4347 Ecce
1645 4295 1925 4350 resultanti
1982 4316 2087 4353 non

508 4370 707 4423 restitit
734 4370 1054 4453 imperator;
1080 4390 1213 4441 ecce
1236 4378 1340 4431 vim
1374 4380 1573 4435 nolenti
1597 4366 1698 4439 non
1726 4387 1931 4453 intulit;
1956 4406 2083 4445 ecce

508 4456 805 4549 refugienti
843 4466 1087 4535 contagia
1143 4470 1427 4529 manifesta
1484 4478 1777 4543 concessit;
1812 4490 2085 4548 postremo

508 4564 603 4627 cur
646 4560 793 4605 tanto
825 4561 1062 4624 tempore
1090 4573 1210 4615 cum
1258 4561 1357 4615 ista
1388 4579 1576 4633 gerere
1622 4579 1708 4623 tur
1738 4573 1820 4627 vel
1849 4579 2083 4642 gerenda

507 4657 872 4722 cognosceret,
905 4666 1031 4703 non
1078 4654 1142 4704 ad
1174 4653 1356 4709 sedem
1384 4661 1758 4727 apostolicam,
1791 4680 1821 4718 a
1850 4684 1949 4735 qua
1978 4672 2081 4725 sibi

506 4750 689 4790 curam
724 4738 933 4806 illarum
966 4745 1243 4814 regionum
1278 4763 1499 4805 noverat
1538 4755 1840 4826 delegatam
1870 4763 2081 4821 deferre

502 4831 740 4915 curavit?
762 4831 865 4925 Sed
894 4836 1039 4902 prius
1072 4838 1313 4896 laudator
1344 4844 1511 4899 factus
1531 4857 1611 4901 est
1644 4830 1757 4918 ipse
1784 4866 2074 4925 gestorum,

501 4936 658 4991 quam
691 4924 773 4979 vel
806 4940 1161 4993 praunoueret
1206 4933 1331 4987 talia
1377 4949 1497 4991 esse
1557 4943 1827 5007 tentanda,
1881 4950 1961 5002 rel
2012 4924 2078 5004 ne

501 5018 1141 5102 tentarenturobsisteret
1170 5041 1182 5074 :
1217 5024 1357 5089 sicut
1383 5028 1482 5081 sub
1511 5029 1769 5089 Basilisco
1791 5037 1900 5102 jam
1932 5038 2075 5095 fece-

502 5110 607 5183 ra‘t.
640 5100 747 5167 Cur
802 5107 902 5162 illis
949 5115 1159 5175 caeteris
1212 5120 1610 5178 communicare
1662 5100 1951 5195 consensit,
1988 5135 2076 5202 qui

497 5194 732 5267 depulsis
761 5198 1037 5263 catholicis
1067 5210 1475 5277 sacerdotibus,
1513 5216 1875 5277 indubitanter
1903 5194 2074 5280 hatre-

495 5287 585 5369 tiei
615 5286 841 5356 singulis
862 5290 1088 5363 .urbibus
1132 5294 1342 5352 fuerant
1372 5304 1686 5363 substituti?
1720 5310 1998 5373 Postremo
2026 5316 2073 5371 si

496 5381 585 5434 ille
617 5383 781 5445 defuit
810 5386 924 5460 suis
950 5385 1211 5454 partibus,
1260 5403 1312 5445 et
1343 5410 1461 5464 qua:
1488 5405 1753 5464 sacerdoti
1805 5408 2073 5464 catholici)

495 5486 856 5565 ciimpeierent
886 5491 1045 5555 agere
1089 5495 1194 5549 non
1240 5483 1478 5551 curavit;
1514 5489 1633 5545 ideo
1661 5470 1816 5557 sedes
1858 5510 2069 5565 aposto-

496 5565 589 5653 lic?
621 5564 760 5637 quod
792 5568 855 5621 ad
887 5584 1027 5645 eam
1052 5572 1354 5641 pertinebat
1386 5578 1467 5635 vel
1523 5583 1693 5648 potuit
1741 5589 1823 5640 vel
1883 5564 2068 5646 debuit

493 5658 782 5723 pra-terire?
825 5661 1068 5725 Quolibet
1118 5667 1275 5722 modo
1323 5669 1693 5725 haereticorum
1740 5684 2056 5744 complioem

2222 1815 2301 1871 ter
2344 1819 2464 1863 cum
2496 1803 2684 1859 eodem
2728 1803 2895 1857 errori
2926 1802 3249 1855 subdiderit.
3284 1801 3420 1854 Ecce
3469 1807 3803 1868 agnoverunt

2218 1916 2372 1966 quam
2393 1898 2550 1967 justis
2578 1913 2643 1953 ex
2676 1897 2854 1955 eausis
2876 1911 2976 1964 pro
3006 1896 3110 1949 fide
3132 1906 3185 1949 et
3214 1893 3592 1947 communione
3622 1892 3804 1945 catlm.

2218 1995 2314 2048 lica
2345 2003 2501 2061 atque
2531 1992 2847 2061 apostolica,
2879 1992 2963 2044 cui
2993 1998 3047 2043 et
3068 1989 3141 2043 illi
3160 1989 3248 2058 qui
3276 1989 3325 2042 in
3356 2003 3417 2043 ea
3449 1986 3804 2055 perstiterant

2217 2083 2604 2151 congruebant,
2634 2093 2690 2138 et
2734 2084 2812 2136 illi
2839 2084 2926 2149 qui
2972 2080 3336 2150 perstantibus
3390 2078 3701 2137 obviabant,
3734 2079 3805 2128 ab

2218 2176 2404 2228 eadem
2453 2174 2787 2229 docebantur
2815 2173 2997 2237 alieni,
3026 2174 3171 2227 sedis
3217 2171 3528 2241 apostolica:
3566 2170 3803 2223 auctori-

2218 2276 2324 2319 tate
2352 2266 2418 2318 sit
2450 2278 2686 2319 remotus
2719 2266 2965 2329 Aeacius,
3001 2267 3225 2333 ejusque
3265 2265 3465 2330 pariter
3492 2262 3805 2331 quicunque

2217 2359 2505 2425 complices
2536 2358 2883 2422 exstiterunt;
2917 2368 3077 2426 atque
3120 2358 3186 2409 ab
3219 2355 3309 2408 illa
3341 2356 3535 2409 merito
3558 2369 3804 2408 eluamus

2218 2448 2374 2503 nione
2402 2462 2522 2502 cum
2565 2448 2645 2505 bis
2681 2450 2964 2512 discretus,
2995 2465 3022 2501 a
3054 2465 3154 2517 qua
3185 2464 3242 2502 se
3272 2449 3386 2516 ipse
3415 2450 3640 2516 primum
3672 2463 3799 2499 cum

2215 2543 2325 2605 suis
2373 2543 2732 2604 consortibus,
2782 2560 2812 2596 a
2871 2543 3209 2611 pontificibus
3266 2539 3544 2595 catholicis
3588 2539 3802 2592 discre-

2217 2634 2411 2700 pando,
2465 2635 2805 2700 cognoscitur
2852 2650 3149 2702 separasse,
3197 2634 3425 2702 iureque
3472 2632 3800 2687 sententiam

2214 2723 2703 2779 illc’damnationis
2758 2726 2988 2792 excepit.
3029 2725 3238 2779 czcteris
3282 2723 3626 2777 consortibus
3669 2737 3799 2789 pro-

2212 2814 2575 2882 mulgandam,
2606 2817 2693 2880 qui
2735 2818 2881 2870 solus
2913 2833 3007 2885 pro
3032 2815 3281 2869 erunibus
3312 2816 3426 2869 suis
3453 2815 3801 2869 consortibus

2213 2905 2261 2958 iu
2298 2906 2727 2966 communionem
2764 2923 2824 2961 se
2852 2907 3109 2961 recidisse
3142 2906 3376 2974 perfidia:
3423 2906 3487 2958 ad
3526 2907 3801 2981 apostoli-

2210 3013 2326 3050 cam
2360 3000 2539 3054 scdem
2572 3000 2752 3069 missis
2783 3001 2975 3055 litteris
3004 3008 3086 3054 est
3118 2999 3411 3068 professus.
3444 2999 3539 3052 Cui
3569 2999 3611 3051 si
3643 3012 3799 3050 com-

2212 3092 2617 3145 municaverant
2666 3091 2967 3149 Orientales
3016 3091 3282 3160 episcOpi,
3344 3098 3628 3158 antequam
3680 3088 3796 3143 huc

2164 3184 2167 3185 ⁷
2208 3183 2454 3250 referret,
2492 3187 2600 3250 pari
2640 3186 2827 3253 utique
2866 3186 2987 3238 sine
3021 3185 3182 3237 dubio
3207 3194 3357 3238 reatu
3386 3184 3677 3251 probant-ur
3711 3184 3797 3235 in«

2207 3275 2369 3339 volvi,
2405 3277 2635 3346 jureque
2665 3294 2758 3346 per
2805 3294 2929 3332 eum
2982 3280 3299 3333 sententiam
3345 3276 3794 3355 transgressionis

2206 3380 2571 3439 ειιςευρθιίιιιι,
2603 3379 2851 3439 tanquam
2878 3370 3004 3424 facti
3032 3372 3363 3424 cumcodern
3392 3369 3790 3423 communionis

2205 3473 2462 3516 externae.
2510 3463 2611 3528 Qui
2640 3465 2820 3533 utique
2877 3478 2981 3517 non
3030 3465 3262 3525 consuli,
3298 3475 3545 3531 tanquam
3585 3472 3789 3516 nostra}

2203 3556 2593 3617 communionis
2630 3556 2895 3619 lton‘iines,
2933 3555 3041 3622 iam
3068 3555 3357 3619 deberent;
3397 3556 3490 3609 sed
3530 3564 3786 3621 tanquam

2203 3646 2256 3699 in
2286 3650 2555 3701 contrario
2602 3648 2758 3717 positi
2804 3650 3077 3718 consortio
3131 3648 3371 3701 refutari.
3408 3647 3462 3701 Si
3512 3661 3635 3699 vero
3678 3663 3787 3699 non

2203 3740 2733 3794 communicaverant
2760 3750 3041 3808 antequam
3068 3740 3293 3793 Aeacius
3326 3740 3428 3792 huc
3456 3738 3700 3795 referret.
3726 3749 3788 3791 et

2201 3834 2685 3905 cotnmunicautem
2719 3842 2905 3886 notare
2934 3832 3252 3893 debuerant,
3299 3840 3352 3883 et
3380 3831 3477 3897 ipsi
3514 3828 3686 3897 potius
3712 3828 3787 3880 de

2200 3927 2388 3983 eodem
2444 3926 2547 3981 huc
2574 3926 2793 3986 referre,
2830 3935 2993 3993 atque
3045 3923 3365 3991 apostolicae
3411 3920 3553 3975 sedis
3598 3920 3787 3987 vigore

2200 4020 2503 4087 perculsum
2531 4021 2722 4075 merito
2751 4018 3128 4087 comprobare,
3166 4031 3392 4084 cumque
3414 4029 3476 4069 ea
3496 4013 3625 4068 sede
3651 4027 3787 4080 apo-

2199 4114 2383 4167 stolica
2441 4114 2705 4181 tantisque
2736 4112 2840 4166 illis
2887 4111 3166 4165 catholicis
3214 4108 3565 4175 pontificibus
3608 4107 3784 4171 magis

2203 4214 2385 4267 tenere
2431 4204 2793 4259 concordiam.
2828 4202 2933 4257 Sed
2964 4203 3085 4271 quia
3138 4203 3204 4254 ab
3252 4201 3464 4254 illorum
3523 4199 3785 4251 societate

2197 4294 2553 4357 desciverant,
2607 4300 2662 4349 et
2708 4310 2895 4349 eorum
2949 4294 3351 4348 successoribus
3380 4291 3783 4345 communicare

2200 4389 2527 4456 delegerant,
2562 4389 2681 4444 ideo
2723 4404 2844 4443 eum
2901 4388 3029 4443 sedc
3059 4378 3351 4455 apostolica
3376 4386 3600 4438 minimc
3650 4400 3784 4437 cun-

2194 4480 2480 4551 grucbaut,
2512 4484 2634 4550 quia
2686 4483 2735 4535 in
2776 4491 2977 4536 sortem
3003 4481 3317 4536 reciderant
3350 4480 3781 4548 prmvaricatoris

2194 4575 2392 4638 Acacii,
2424 4582 2477 4627 et
2506 4574 2651 4628 illius
2672 4589 2731 4629 se
2754 4575 2871 4628 sine
2915 4572 3079 4627 dubio
3134 4572 3483 4642 pervidebant
3506 4571 3783 4623 sententia

2192 4674 2581 4734 consequenter
2620 4666 2868 4736 astringi.
2892 4667 2977 4720 Ob
3028 4669 3127 4720 hoc
3171 4681 3291 4719 eum
3326 4664 3491 4718 videri
3523 4660 3784 4715 nolebant
3814 4670 3820 4674 '

2191 4772 2310 4810 esse
2366 4757 2697 4821 damnatum,
2744 4759 2864 4827 quia
2911 4774 2969 4811 se
3016 4752 3414 4824 cognoscebant
3473 4756 3525 4806 in
3583 4751 3777 4807 eadem

2192 4848 2638 4910 praevaricatione
2692 4851 2989 4913 damnatos,
3023 4851 3074 4903 in
3106 4864 3208 4917 qua
3236 4848 3503 4915 hodieque
3553 4860 3782 4901 manere

2190 4943 2501 5006 persistunt.
2534 4941 2640 4995 Sed
2674 4943 2812 4995 sicut
2840 4940 2896 4993 hi
2931 4940 3091 4995 simili
3122 4939 3429 4995 conditione
3460 4934 3773 4998 constricti,

2186 5033 2502 5098 cm’upliccm
2556 5046 2710 5085 suum
2767 5047 2871 5085 non
2926 5040 3152 5099 possunt
3203 5031 3448 5097 judicare
3497 5041 3603 5079 non
3649 5025 3777 5093 jure

2187 5126 2523 5191 damnatum;
2586 5141 2757 5194 neque
2801 5126 2878 5180 rei
2936 5141 3085 5179 reum
3124 5133 3354 5193 possunt
3401 5126 3777 5189 competenter

2189 5221 2505 5285 absolvere;
2536 5222 2612 5275 sic
2645 5220 2736 5274 illo
2766 5220 3178 5293 prtevaricatore
3202 5220 3344 5286 iuste
3381 5216 3655 5277 damnato,
3679 5212 3774 5266 isti

2186 5329 2399 5385 quoque
2425 5319 2542 5384 pari
2575 5313 2759 5381 jaceat
2783 5312 3124 5367 damnatione
3157 5311 3403 5379 prostrati
3432 5326 3444 5362 :
3470 5322 3641 5376 neque
3664 5306 3778 5360 nisi

2186 5410 2565 5478 resipiscentes
2610 5407 2731 5462 inde
2773 5414 3031 5479 poterunt
3089 5419 3309 5472 prorsus
3353 5402 3588 5465 absolvi;
3640 5400 3771 5467 quia

2182 5508 2322 5559 sicut
2351 5520 2445 5573 per
2476 5520 2639 5560 unum
2692 5501 3014 5555 scribentem
3061 5516 3244 5558 eorum
3268 5499 3510 5555 omnium
3554 5496 3772 5564 vulgato

2181 5597 2538 5667 transgressio
2568 5605 2669 5661 est,
2696 5595 2791 5665 qui
2836 5595 2890 5649 in
2920 5596 3161 5651 eamdem
3197 5595 3433 5664 perfidia:
3463 5594 3773 5650 reciderant

2181 5692 2481 5753 actionem;
2528 5692 2609 5746 sic
2659 5693 2710 5746 in
2760 5707 2866 5747 uno
2896 5693 3190 5765 eodemque
3231 5696 3319 5763 qui
3369 5711 3465 5763 pro
3517 5697 3772 5757 (munibus
