3948 6314
577 400 645 463 8'7
1941 399 2206 455 GELASII
2245 398 2328 453 PA
2338 400 2445 452 PIE
2485 397 2502 452 Ι
3771 399 3830 455 83

576 536 785 593 operum
811 519 911 572 diei
940 519 1213 573 lucentium
1239 519 1435 571 alienus
1464 532 1736 585 apparens,
1764 515 1969 567 omnino
2005 523 2145 567 tene-
2180 514 2234 572 Λ
2260 516 2495 585 quandiu
2546 515 3012 585 praevaricatorum
3078 515 3291 569 nomina
3339 515 3408 570 de
3460 515 3692 570 Ecclesia
3736 530 3830 569 non

577 616 690 668 bras
716 613 782 667 ad
812 612 1136 665 latrocinium
1166 609 1512 679 peragendum
1540 625 1791 678 congruas
1827 624 2001 661 eorum
2041 622 2159 659 coo-

578 715 776 775 perator
799 705 1071 769 inveniens,
1098 703 1263 755 media
1287 692 1449 779 nocte,
1483 698 1653 753 adhuc
1673 701 1885 769 jacente
1915 699 2160 752 cadavere

576 798 736 859 illius,
769 799 855 864 qui
876 805 1109 862 paternos
1131 808 1349 846 canones
1377 793 1702 855 subverterat,
1735 791 2015 861 insepulta,
2044 788 2162 842 sub-

576 889 733 957 repsit
763 890 813 941 in
843 888 1040 952 sedem,
1084 887 1212 938 sicut
1245 886 1353 953 ipse
1388 884 1659 938 arbitratus
1702 893 1804 949 est,
1844 900 1948 937 uno
1972 891 2018 936 et
2047 882 2155 936 solo

577 989 853 1043 prarsente,
890 987 934 1030 et
965 995 1021 1031 eo
1051 979 1138 1045 qui
1179 993 1386 1029 consors
1424 978 1563 1029 illius
1600 976 1857 1029 insistebat
1903 974 2115 1028 insanire
2137 987 2158 1025 :

576 1073 645 1123 ita
671 1080 725 1123 ut
752 1078 955 1139 prepter
987 1071 1077 1122 hoc
1102 1070 1379 1139 majoribus
1405 1070 1668 1138 suppliciis
1694 1068 2030 1129 subderetur;
2070 1082 2163 1119 nec

577 1162 713 1231 quod
746 1162 978 1230 sperabat
1009 1162 1243 1227 e/Tectum
1279 1171 1371 1235 est.
1414 1160 1519 1213 Sed
1555 1161 1640 1212 ille
1678 1160 1883 1225 quidem
1916 1159 1978 1211 de
2012 1174 2065 1211 se
2101 1173 2165 1210 ea:

580 1264 722 1323 parte
761 1256 834 1307 vel
872 1256 1080 1307 minima
1125 1255 1362 1322 judicans
1413 1268 1666 1321 nusquam
1709 1253 1910 1320 penitus
1958 1249 2164 1301 omnino

579 1348 887 1414 comparuit.
922 1346 1212 1399 Timotheus
1248 1343 1674 1415 (Suluphaciulus
1709 1343 1821 1395 sive
1852 1340 2041 1410 Albus)
2070 1357 2162 1392 au-

578 1448 677 1491 tem
705 1449 1030 1509 paternorum
1074 1454 1326 1491 canonum
1371 1447 1568 1503 custos,
1601 1442 1686 1502 qui
1720 1435 1979 1489 Davidica:
2018 1450 2166 1487 man-

578 1531 863 1585 suetudinis
888 1530 1121 1596 exerrtplo
1151 1528 1405 1593 subditur,
1427 1537 1473 1580 et
1502 1544 1661 1597 usque
1686 1528 1738 1579 in
1762 1530 1912 1593 finem
1944 1525 2159 1593 patiens,

579 1634 728 1693 atque
779 1623 1011 1691 potestati
1052 1622 1271 1691 preprite
1318 1622 1579 1672 restitutus
1617 1636 1646 1670 a
1691 1618 1914 1679 Christo,
1946 1616 2165 1687 propria:

578 1718 711 1769 sedis
749 1716 944 1768 honore
991 1717 1198 1768 fwtatur
1234 1731 1251 1767 :
1290 1723 1339 1767 et
1378 1713 1717 1782 spiritualium
1768 1712 1993 1778 ﬁliorum
2022 1723 2165 1761 voces

579 1810 854 1875 accipiens,
888 1811 1015 1877 grati
1056 1827 1101 1859 ιη
1131 1808 1409 1859 curationis
1439 1814 1717 1876 exspectat.
1747 1803 2084 1871 multiplicato
2111 1801 2164 1854 in

579 1918 632 1953 se
660 1899 851 1954 honore
874 1917 905 1953 a
934 1900 1135 1954 Christo
1160 1901 1386 1970 principe
1414 1900 1754 1953 sacerdotum.

652 2080 790 2134 Ecce
833 2078 1194 2134 testimonium
1228 2077 1406 2131 Acacii
1454 2076 1870 2141 validissimum,
1922 2074 2046 2143 quid
2097 2074 2163 2129 de

579 2171 895 2236 Timotheo,
925 2171 1049 2240 quid
1079 2171 1145 2224 de
1175 2170 1335 2223 Petro
1364 2169 1613 2223 senserit.
1651 2169 1785 2221 Vere
1816 2168 1956 2219 enim
1978 2206 1992 2229 ,
2024 2166 2165 2221 sicut

579 2265 835 2332 scriptum
879 2272 961 2317 est
1005 2263 1057 2316 in
1087 2263 1379 2330 Evangelia
1417 2261 1484 2315 de
1522 2259 1723 2329 Caipha
1768 2259 1860 2311 illo
1892 2258 2158 2323 pontifice,

579 2356 755 2408 evenit
783 2354 996 2409 Acacio.
1036 2352 1241 2405 Dicitur
1267 2352 1409 2404 enim
1449 2350 1515 2404 de
1553 2350 1673 2415 illo,
1719 2350 1839 2418 quia
1870 2365 1990 2402 cum
2023 2357 2164 2402 esset

578 2447 829 2517 princeps
864 2444 1201 2500 sacerdotum
1248 2443 1375 2497 anni
1422 2443 1596 2506 illius,
1630 2443 1696 2496 de
1728 2441 1936 2495 Domini
1965 2440 2166 2495 dixerit

578 2542 826 2611 passione
863 2558 876 2594 :
910 2538 1127 2607 Expedit
1150 2548 1201 2589 ut
1224 2554 1355 2590 unus
1379 2538 1526 2589 homo
1554 2537 1804 2589 moriatur
1828 2551 1920 2605 pro
1948 2536 2158 2607 papulo,

577 2641 635 2684 ut
667 2648 766 2684 non
797 2640 901 2683 tota
921 2647 1042 2701 gens
1065 2637 1231 2698 pereat
1264 2626 1451 2696 (Joan.
1486 2627 1583 2695 xl).
1613 2629 1677 2681 Et
1703 2627 1973 2696 subiungit
2000 2641 2165 2681 evan-

578 2723 763 2793 gelista
800 2723 984 2776 beatus
1012 2721 1263 2786 Joannes,
1282 2718 1397 2785 hoc,
1432 2719 1745 2786 inquiens,a
1765 2721 2034 2784 semetipso
2061 2735 2163 2771 non

581 2813 747 2879 dixit,
799 2813 887 2866 sed
917 2829 1031 2866 cum
1062 2822 1188 2866 esset
1234 2812 1467 2881 princeps
1511 2814 1831 2866 sacerdotum
1874 2812 1995 2864 anni
2022 2811 2162 2863 illius

579 2906 911 2976 prophetauit.
938 2904 1011 2957 Ita
1044 2914 1098 2957 et
1129 2903 1233 2967 hic,
1258 2919 1376 2957 cum
1405 2904 1455 2956 in
1485 2905 1676 2958 summi
1704 2912 1848 2957 esset
1872 2901 2162 2957 sacerdotii

577 2998 831 3068 dignitate
857 2997 1089 3058 locatus,
1138 3005 1312 3048 utrum
1344 2995 1529 3049 nolens
1562 3010 1626 3048 an
1659 2994 1889 3057 invitus,
1919 2995 2162 3049 dubitare

578 3091 771 3159 quippe
798 3103 895 3142 nos
922 3088 1036 3154 ejus
1067 3087 1294 3139 varietas
1321 3095 1373 3139 et
1408 3086 1763 3139 incenstantia
1796 3084 1948 3150 fecit,
1988 3086 2159 3138 veris-

576 3180 765 3234 simam
816 3178 882 3231 de
929 3177 1157 3230 inimicis
1206 3176 1299 3229 Det
1350 3175 1468 3237 tulit
1513 3176 1861 3239 sententiam;
1904 3190 2058 3244 quam
2111 3175 2155 3229 si

581 3286 795 3326 servare
825 3270 1098 3330 voluisset,
1129 3268 1416 3336 procellam
1446 3283 1602 3336 quam
1637 3268 1702 3321 ab
1731 3267 1971 3321 Ecclesia
2002 3281 2159 3321 vera-
2186 3257 2231 3319 C

580 3364 712 3417 citer
741 3363 1060 3430 depulerat,
1098 3375 1284 3414 rursus
1302 3361 1365 3413 in
1397 3360 1692 3414 Ecclesiam
1724 3361 1835 3428 ipse
1862 3374 1966 3414 non
1998 3376 2157 3415 revo-

580 3462 785 3520 casset;
825 3464 878 3508 et
903 3453 971 3508 de
1000 3470 1105 3522 quo
1133 3453 1373 3516 dixerat,
1408 3464 1518 3506 tace
1542 3462 1590 3506 et
1631 3453 1911 3507 obmutesce
1938 3453 2155 3521 (Matth.

580 3562 705 3610 vui;
749 3546 914 3599 Marc.
947 3542 1044 3613 tv),
1073 3560 1259 3601 rursus
1292 3546 1433 3599 Petri
1469 3559 1751 3609 personam
1785 3545 1931 3613 loqui
1978 3547 2029 3599 in
2058 3546 2158 3600 Ec-

580 3640 736 3695 clesia
770 3640 988 3694 minime
1013 3638 1363 3710 permisisset.
1392 3638 1563 3704 Quam
1592 3640 1839 3693 similiter
1868 3640 2156 3708 procellam

577 3748 608 3786 a
639 3741 824 3786 sancto
853 3730 1056 3801 Spiritu
1087 3730 1399 3799 dissipatam
1428 3745 1547 3785 esse
1598 3730 1938 3796 prtedixerat,
1969 3745 2157 3799 quern-

579 3840 679 3894 que
710 3825 873 3879 filium
923 3824 1095 3878 noctis
1139 3828 1568 3890 asseveraverat,
1612 3831 1665 3876 et
1713 3836 1868 3890 quem
1900 3822 1967 3875 ab
1995 3836 2160 3891 Opere

580 3916 797 3970 luminis
843 3916 1109 3980 alienum,
1162 3915 1847 3984 amantemquejlenebras
1894 3915 2157 3970 latronum

580 4004 832 4072 operibus
855 4019 1116 4074 congruas
1142 4019 1262 4059 esse
1296 4006 1546 4060 narrabat
1573 4022 1583 4057 :
1624 4009 1712 4075 qui
1760 4006 1949 4062 falsum
1980 4024 2160 4064 sacer-

579 4094 710 4149 dotii
737 4109 930 4149 nomen
955 4137 969 4159 ,
997 4095 1066 4149 ab
1093 4110 1158 4149 eo
1187 4095 1278 4164 qui
1307 4106 1557 4163 paternos
1585 4137 1599 4159 ,
1631 4107 1688 4151 ut
1718 4098 1830 4165 ipse
1866 4102 1959 4165 ait,
1994 4116 2159 4156 cano-

572 4202 676 4242 nes
704 4186 1061 4252 subverterat,
1087 4185 1292 4240 artibus
1317 4186 1517 4239 dolosis
1543 4187 1644 4239 sibi
1672 4188 1786 4254 ipse
1809 4189 2163 4258 imposuerat.

582 4279 679 4333 llic
709 4280 925 4344 Petrus,
967 4280 1034 4334 de
1074 4295 1179 4349 quo
1227 4280 1397 4334 beata:
1432 4283 1705 4337 memoriae
1733 4283 2044 4340 Timotheus
2073 4301 2163 4340 ca-

584 4368 831 4431 tholicus,
865 4378 923 4424 ut
955 4371 1071 4440 ipse
1098 4371 1255 4438 dixit,
1289 4382 1630 4440 paternorum
1658 4386 1839 4430 custos
1872 4392 2157 4444 canonum,

582 4461 957 4515 Alexandrinae
983 4462 1253 4531 quondam
1285 4464 1537 4519 Ecclesia:
1573 4466 1839 4535 pontifex,
1873 4468 1937 4522 ad
1978 4468 2159 4523 sedem

583 4551 927 4620 apostolicam
973 4553 1138 4607 multa
1185 4555 1369 4609 retulit
1406 4557 1672 4611 deteriora
1719 4574 1876 4628 quam
1917 4560 2161 4629 superius

582 4641 950 4709 continentur,
999 4658 1246 4699 asserens
1291 4647 1595 4715 specialiter
1637 4658 1692 4703 et
1732 4650 2009 4705 affirmans
2062 4652 2159 4705 ini-
2190 4632 2245 4693 Ῑ)

580 4733 777 4788 inicum
830 4736 988 4802 tidei,
1038 4736 1309 4792 inimicum
1338 4740 1786 4798 Chalcedonensis
1832 4745 2023 4816 synodi
2071 4761 2163 4814 per

582 4840 769 4881 omnes
831 4829 1099 4881 exstitisse
1145 4829 1470 4887 infelicitatis
1515 4845 1759 4891 conatus.
1815 4838 1949 4905 Quid
2004 4840 2163 4907 igitur

578 4919 737 4974 nobis
781 4918 1083 4976 faciendum
1134 4924 1255 4976 est?
1294 4924 1408 4979 Non
1460 4928 1727 4983 credimus
1776 4940 1852 4984 tot
1899 4940 1952 4985 et
2004 4933 2161 4987 tantis

581 5017 844 5065 tantarum
891 5012 1096 5067 sedium
1129 5014 1529 5080 sacerdotibus,
1563 5020 1650 5086 qui
1698 5036 1883 5074 omnes
1913 5037 2018 5076 uno
2044 5039 2158 5089 ore,

584 5114 691 5153 uno
719 5116 984 5158 consensu
1009 5146 1022 5170 ,
1056 5107 1320 5174 publicam
1348 5118 1402 5163 et
1447 5111 1664 5165 feralem
1700 5112 1945 5166 humana:
1972 5116 2160 5170 salutis

581 5190 812 5244 bestiam
838 5191 1053 5248 Petrum
1084 5214 1205 5252 esse
1233 5202 1524 5267 dixerunt,
1558 5205 1608 5257 iu
1641 5205 1792 5274 Cujus
1836 5220 1896 5260 se
1923 5221 2162 5262 commu-

583 5282 763 5347 nione,
790 5283 1087 5365 perniciosa
1117 5290 1515 5361 conjunctione,
1549 5298 1836 5352 suadentes
1863 5298 2161 5356 daemonico

583 5373 770 5443 spiritu
797 5414 813 5439 ,
844 5372 1126 5429 infeliciter
1155 5381 1454 5435 sociaverat
1496 5386 1716 5442 Aeacius
1743 5430 1756 5452 ,
1791 5392 1929 5445 male
1978 5407 2163 5446 rursus

585 5466 855 5521 mdificans
909 5466 1051 5536 quod
1101 5466 1235 5522 bene
1278 5470 1653 5529 destruxerat't
1692 5480 1800 5533 Nec
1844 5497 1978 5551 opus
2012 5484 2161 5553 plura

586 5562 709 5617 hinc
732 5566 934 5629 dicere,
964 5581 1082 5619 cum
1114 5566 1421 5621 timentibus
1450 5569 1615 5624 Deum
1648 5584 1698 5627 et
1747 5577 2159 5635 formidantibus

586 5653 723 5707 diem
752 5655 965 5722 judicii,
1006 5670 1061 5713 et
1089 5659 1341 5715 Ecclesia:
1371 5662 1627 5716 unitatem
1654 5664 1996 5735 diligentibus
2032 5672 2163 5727 satis

587 5756 872 5815 aperteque
905 5765 1063 5804 causa
1107 5755 1175 5806 sit
1212 5755 1375 5809 clara.
1411 5753 1535 5809 Haec
1564 5759 1705 5811 enim
1750 5761 1862 5815 sola
1909 5766 2046 5819 ratio
2075 5776 2157 5820 est

589 5853 706 5909 qua:
751 5842 1005 5898 unitatem
1044 5842 1229 5900 dividit
1257 5854 1310 5902 et
1336 5847 1675 5905 concordiam
1720 5850 1943 5920 dissipat
1992 5855 2159 5923 :quia

2266 606 2599 671 auferuntur,
2650 606 2796 675 pacis
2842 606 3113 660 vinculum
3154 608 3458 661 nullatenus
3486 606 3831 674 redintegrare

2267 701 2600 771 permittunt.
2634 701 2690 756 Si
2721 701 2863 756 enim
2906 700 3033 756 licet
3073 710 3397 757 sectatorum
3427 703 3509 757 vel
3554 704 3831 756 communi-

2266 802 2506 848 catorum
2536 792 2846 863 Eutychetis
2869 834 2885 860 ,
2918 801 2976 847 ut
3006 791 3104 846 fuit
3131 794 3249 862 ejus
3279 803 3513 859 sectator
3537 792 3724 847 Petrus
3746 835 3759 857 ,
3786 802 3833 846 et

2267 889 2695 951 communicator
2720 887 2948 942 Aeacius
2974 928 2988 954 ,
3038 887 3090 941 in
3123 885 3365 941 Ecclesia
3406 887 3618 941 nomina
3661 900 3832 940 recen-

2268 984 2413 1049 seri,
2448 998 2544 1038 cur
2571 981 2639 1036 de
2683 980 3041 1037 sectatoribus
3082 990 3137 1035 et
3164 981 3703 1036 communit-atoribus
3734 982 3833 1034 Arii

2268 1080 2352 1134 vel
2375 1087 2691 1133 czeterorum
2726 1077 3121 1140 haereticorum,
3146 1074 3306 1131 simili
3335 1083 3479 1129 sorte
3509 1090 3615 1128 non
3654 1072 3833 1128 liceat?

2268 1174 2350 1225 An
2401 1170 2622 1225 minoris
2674 1169 2962 1239 impietatis
3007 1175 3062 1221 et
3106 1165 3342 1237 perfidia:
3384 1165 3645 1236 Eutyches
3689 1164 3836 1218 fuisse

2270 1270 2485 1329 putatur
2513 1277 2672 1330 quam
2704 1260 2897 1315 Arius?
2938 1258 3107 1315 Nemo
3140 1259 3241 1314 hoc
3273 1258 3488 1329 quidem
3518 1259 3633 1312 sani
3660 1256 3835 1326 capitis

2269 1355 2486 1409 audebit
2525 1354 2727 1409 dicere.
2762 1353 2818 1409 Si
2855 1368 2984 1422 ergo
3022 1367 3119 1422 par
3151 1363 3233 1407 est
3274 1351 3538 1423 impietas,
3576 1366 3670 1419 par
3699 1352 3764 1404 sit
3790 1358 3837 1404 et

2272 1458 2617 1517 utrorumque
2662 1448 2946 1503 detestatio
2990 1464 3003 1501 :
3047 1462 3116 1501 ne
3144 1447 3189 1500 si
3221 1445 3385 1501 semel
3417 1444 3536 1499 talis
3568 1444 3723 1499 fuerit
3767 1444 3836 1497 in-

2271 1544 2520 1597 tromissa
2562 1542 2815 1606 licentia,
2868 1540 3116 1594 omnibus
3161 1537 3354 1593 exinde
3400 1536 3579 1591 omnia
3628 1536 3834 1599 liceant,

2270 1634 2508 1701 fiatque,
2563 1633 2703 1701 quod
2749 1632 2928 1697 absit,
2981 1641 3085 1685 tam
3136 1631 3343 1699 passiva
3386 1644 3563 1684 rerum
3608 1628 3837 1683 confusio

2269 1736 2429 1797 atque
2458 1725 2791 1790 commixtio,
2823 1734 2879 1777 ut
2918 1723 3059 1776 nulla
3093 1724 3231 1776 inter
3257 1720 3513 1775 mundum
3541 1729 3595 1774 et
3626 1719 3839 1773 immun-

2270 1819 2395 1871 dum
2429 1818 2499 1869 sit
2525 1815 2815 1871 secundum
2851 1816 3162 1883 praphetam
3185 1811 3398 1883 (Ezech.
3430 1827 3562 1906 xx":
3585 1809 3679 1880 26)
3706 1818 3837 1865 certa

2194 1892 2241 1951 Β
2270 1908 2543 1963 discretio.
2592 1908 2706 1962 Non
2735 1917 2818 1961 est
2860 1907 3074 1975 quidem
3106 1913 3305 1959 nostrae
3336 1892 3655 1958 humilifatis
3679 1903 3743 1957 de
3768 1911 3839 1956 to-

2269 2004 2374 2056 tius
2402 2002 2548 2056 orbis
2594 2000 2928 2056 dissensione
2971 2000 3112 2054 ferre.
3152 1990 3504 2062 sententiam;
3547 2005 3631 2052 est
3674 2006 3838 2051 tamen

2268 2105 2510 2151 nostrum
2551 2094 2617 2149 de
2662 2092 2871 2163 propria
2896 2092 3066 2147 salute
3112 2106 3233 2146 esse
3276 2090 3563 2156 sollicitos,
3596 2090 3837 2160 quoniam

2238 2190 2633 2258 unusquisque
2686 2203 2782 2257 pro
2840 2203 2899 2242 se
2946 2186 3209 2240 rationem
3254 2184 3559 2239 redditurus
3607 2191 3690 2237 est
3725 2191 3839 2237 ante

2268 2281 2397 2336 illud
2427 2281 2657 2335 tribunal
2678 2278 2871 2347 judicis
2895 2286 2951 2333 et
2978 2278 3119 2348 regis
3151 2276 3336 2331 mterni
3368 2278 3387 2347 (
3417 2274 3475 2328 11
3511 2274 3636 2330 Cor.
3665 2292 3695 2329 v
3722 2274 3759 2345 ),
3793 2274 3839 2327 in

2268 2389 2376 2443 quo
2405 2373 2564 2428 etiam
2596 2372 2662 2426 de
2706 2371 2878 2426 verbo
2912 2371 3105 2438 otioso,
3153 2370 3485 2440 minimoque
3517 2369 3838 2438 quadrante.

2267 2479 2450 2522 sumus
2476 2473 2775 2519 nostrorum
2804 2463 3065 2518 rationem
3093 2473 3306 2517 actuum
3329 2462 3618 2532 priestiluri
3639 2461 3838 2531 (Matth.

2269 2578 2302 2615 v
2328 2572 2375 2614 et
2409 2560 2527 2630 xu).
2560 2560 2708 2615 Unde
2738 2570 2795 2614 et
2822 2568 3087 2628 Optamus,
3117 2558 3505 2629 qualiacunque
3545 2566 3599 2612 et
3630 2565 3841 2628 quanta-

2265 2668 2476 2723 cunque
2497 2668 2658 2722 super
2684 2667 2780 2707 nos
2804 2652 3171 2719 importaverit
3198 2651 3467 2715 inimicus,
3494 2650 3723 2705 tolerare
3749 2649 3843 2702 dis~

2266 2746 2487 2799 crimina
2512 2745 2563 2798 in
2580 2744 2777 2798 szeculo
2794 2745 3062 2811 praesenti,
3079 2750 3281 2797 tantum
3311 2757 3378 2796 ne
3400 2755 3586 2797 causas
3614 2744 3844 2796 incurra-

2266 2854 2386 2893 mus
2408 2838 2592 2892 mortis
2626 2826 2858 2891 internae.
2884 2836 2987 2892 Sed
3020 2837 3214 2890 dicitur
3242 2836 3309 2889 de
3339 2835 3517 2901 Petro,
3552 2849 3844 2905 quanquam

2265 2932 2381 2986 sine
2427 2930 2810 2999 approbatione
2877 2929 3117 2991 dicatur,
3173 2927 3479 2999 przesertim.
3516 2925 3584 2981 de
3635 2926 3843 2980 homine

2264 3021 2726 3092 perspicacissimo
2768 3018 3235 3092 [pervicacissimo
3279 3018 3551 3089 legendum
3592 3014 3843 3086 videtur],

2265 3118 2350 3182 qui
2384 3131 2476 3184 per
2510 3115 2577 3170 50
2621 3128 2791 3169 annos
2826 3112 3061 3166 famosus
3094 3118 3428 3181 expugnator
3458 3109 3633 3165 fuerat
3663 3108 3843 3163 verita-

2265 3210 2331 3264 tis
2358 3250 2373 3273 ,
2420 3207 2559 3279 quod
2592 3206 2903 3276 poenitentia
2953 3214 3065 3259 acta
3097 3213 3378 3273 susceptus
3407 3201 3476 3255 sit
3504 3202 3555 3256 in
3585 3199 3840 3255 Ecclesia.

2262 3300 2539 3368 Nunquam
2573 3300 2729 3367 igitur
2761 3313 2856 3367 per
2883 3297 2951 3352 50
2979 3310 3150 3350 annos
3191 3309 3350 3365 agere
3379 3294 3547 3363 potuit
3575 3293 3834 3362 pmniten—

2263 3393 2410 3455 tiam,
2443 3378 2542 3444 nisi
2576 3400 2701 3444 tunc
2729 3404 2851 3443 eum
2879 3390 3219 3458 episcopatus
3246 3400 3427 3440 amore
3456 3394 3510 3440 et
3537 3385 3838 3440 ambitionis

2263 3484 2455 3537 ardore
2497 3481 2778 3536 fervebat?
2806 3478 2851 3534 Ο
2882 3495 2994 3534 rem
3038 3487 3281 3533 monstro
3326 3477 3689 3531 simillimam!
3726 3484 3844 3529 ante

2262 3575 2415 3629 illum
2446 3573 2682 3643 potuisse
2710 3572 2883 3626 locum
2910 3586 3063 3625 suum
3092 3568 3376 3625 sacerdotii
3400 3568 3667 3634 obtinere,
3688 3583 3843 3640 quam

2262 3677 2441 3736 posset
2472 3664 2556 3719 vel
2603 3665 2753 3719 brevi
2800 3678 2894 3733 pro
2934 3674 3037 3717 tam
3071 3660 3289 3716 immani
3318 3660 3541 3715 crimine
3581 3661 3843 3730 paenitens

2264 3761 2455 3816 videri.
2480 3760 2584 3815 Sed
2612 3757 2772 3813 solvit
2795 3757 2963 3821 illum,
3000 3757 3167 3823 inquit
3192 3796 3207 3821 ,
3236 3754 3552 3810 auctoritate
3575 3769 3672 3808 sua
3703 3754 3844 3823 prius

2264 3852 2509 3916 Aeacius.
2541 3859 2594 3906 et
2617 3850 2696 3904 sic
2724 3849 2975 3917 suscepit.
3003 3847 3216 3903 Utinam
3248 3846 3480 3916 seipsum
3512 3844 3845 3900 miserrimus

2264 3947 2527 4008 omnium.
2551 3958 2839 4013 secumque
2866 3940 3306 4011 quamplurimos,
3334 3955 3441 3993 non
3467 3945 3686 3993 aeterna:
3714 3951 3847 3991 mon

2264 4038 2333 4093 tis
2396 4036 2747 4106 compedibus
2805 4036 3076 4104 alligaret!
3138 4034 3238 4101 Qui
3292 4047 3414 4087 cum
3460 4030 3844 4101 superbissimo

2265 4130 2537 4201 przeflatus
2580 4128 2774 4197 spiritu
2821 4130 3071 4181 thronum
3121 4127 3435 4181 humilitatis
3466 4126 3622 4180 altius
3652 4124 3844 4180 efferre

2265 4231 2488 4277 conatur
2518 4235 2675 4291 quam
2708 4219 2922 4284 decuit,
2967 4227 3020 4273 et
3061 4218 3566 4287 prtesumptionibus
3594 4217 3707 4272 suis
3734 4216 3851 4271 adio

2266 4321 2377 4366 tum
2399 4310 2755 4378 undecunque
2784 4309 3359 4378 conquirit,simulque
3389 4324 3483 4375 per
3510 4307 3589 4363 fas
3619 4318 3675 4364 et
3703 4308 3851 4364 nefas

2267 4404 2438 4460 calcat
2467 4414 2520 4458 et
2552 4401 2746 4456 transit
2777 4400 3105 4455 inviolabilia
3137 4408 3332 4454 statuta
3359 4410 3698 4465 sanctorum,
3729 4415 3849 4455 cum

2267 4497 2383 4566 ipso
2412 4510 2570 4565 quem
2601 4494 2837 4547 imitatus
2867 4500 2950 4546 est
2981 4501 3201 4546 auctore
3228 4492 3513 4562 superbiae,
3548 4492 3599 4546 in
3634 4492 3854 4560 profun-

2266 4588 2538 4643 dissimam
2585 4586 2792 4640 ruinam
2823 4584 3102 4652 dejecws,
3155 4583 3206 4638 id
3253 4584 3535 4655 dereliquit
3572 4584 3855 4649 Ecclesiae,

2272 4676 2411 4731 unde
2444 4677 2688 4745 lugerent
2711 4674 2915 4741 pacifici
2942 4716 2956 4739 ,
2989 4674 3276 4743 fidelesque
3301 4684 3355 4729 et
3384 4674 3608 4729 humiles
3640 4675 3853 4729 ﬂerent.

2270 4766 2325 4820 Si
2354 4765 2497 4820 enim
2530 4757 2617 4820 ille
2662 4764 2879 4818 modum
2931 4772 3223 4833 temperata
3269 4772 3532 4833 potestate
3561 4775 3854 4831 servasset,

2272 4872 2369 4912 nec
2397 4857 2613 4912 Petrum
2646 4857 2954 4911 hmreticum
2980 4897 2995 4921 ,
3030 4856 3175 4911 nullo
3221 4856 3449 4925 regulari
3479 4855 3669 4909 ordine
3698 4857 3858 4911 abso-

2270 4951 2436 5004 lutum
2464 4992 2478 5016 ,
2514 4965 2611 5019 pro
2640 4951 2755 5018 ejus
2781 4948 2970 5004 audaci
2997 4949 3299 5005 temeritate
3327 4992 3341 5015 ,
3375 4949 3428 5004 in
3470 4964 3565 5002 sua
3596 4952 3860 5008 societate

2273 5041 2433 5097 hodie
2465 5041 2699 5096 Ecclesia
2730 5041 3024 5109 suspiraret
3054 5050 3418 5110 assumptum;
3460 5053 3559 5095 nec
3593 5042 3859 5104 caritatis,

2267 5147 2385 5202 qua:
2415 5132 2652 5187 omnium
2684 5132 2935 5186 virtutum
2964 5126 3046 5186 est
3070 5131 3363 5201 perfectio,
3397 5140 3451 5185 et
3496 5131 3614 5185 sine
3642 5148 3748 5199 qua
3780 5147 3862 5187 se-

2267 5221 2498 5276 cundum
2548 5220 2863 5291 Apostolum
2910 5221 3086 5276 inania
3118 5230 3241 5275 sunt
3286 5220 3536 5275 universa
3583 5237 3707 5289 qua:
3736 5223 3863 5275 faci-

2270 5328 2388 5389 mus
2413 5312 2461 5381 (1
2490 5312 2610 5366 Cor.
2634 5312 2712 5383 v),
2740 5322 2883 5366 tanta
2912 5311 3006 5366 filii
3050 5312 3195 5380 pacis
3218 5312 3493 5382 dispendia
3523 5323 3861 5381 paterentur,

2271 5418 2369 5459 nee
2394 5404 2691 5459 mordendo
2717 5404 2966 5467 invicem,
2998 5414 3442 5460 consumerentur
3466 5405 3717 5461 invicem.
3754 5406 3862 5460 Sed

2270 5495 2511 5565 quolibet
2537 5494 2696 5551 modo
2724 5493 2933 5548 dicatur
2951 5496 3139 5549 Petrus
3168 5510 3289 5551 esse
3319 5506 3864 5566 susceptus,apparet

2270 5594 2449 5639 tamen
2493 5599 2615 5640 eum
2667 5582 2827 5637 fuisse
2876 5581 3225 5653 haereticum,
3275 5587 3363 5657 qui
3417 5587 3735 5655 pmniluisse
3770 5603 3865 5656 pro

2271 5677 2623 5746 perversitate
2671 5674 3009 5742 defenditur;
3051 5686 3105 5733 et
3149 5679 3288 5747 quod
3320 5692 3516 5747 pravus
3547 5687 3600 5733 et
3629 5677 3867 5734 infidelis

2270 5769 2465 5831 fuerit,
2497 5774 2552 5821 et
2596 5766 2664 5821 de
2694 5765 2933 5823 Ecclesia
2981 5769 3350 5824 ecclesiastico
3390 5770 3512 5835 jure
3561 5768 3865 5837 projet-tus,

2269 5861 2463 5924 ambigi
2508 5861 2848 5927 dubitarique
2898 5880 3000 5918 non
3068 5873 3258 5927 potest.
3320 5861 3427 5917 Sed
3494 5859 3867 5918 concedamus
