3948 6314
155 394 238 452 39
1408 377 1763 434 EPISTOLIE
1803 376 1892 433 ET
1934 377 2270 433 DECRETA.
3403 374 3477 435 oo

160 507 445 581 paulisper
494 498 825 573 paenituisse
877 510 1000 552 eum
1022 536 1034 560 ,
1069 491 1211 563 quod
1261 490 1569 545 nullatenus
1596 503 1782 543 verum
1811 494 1861 552 Α
1890 489 2015 544 lites
2061 489 2158 558 ipsi
2206 489 2293 557 qui
2324 488 2605 543 Dominum
2638 486 3021 542 cruciﬁxernnt
3042 528 3057 553 ,
3094 487 3333 543 dividere
3357 490 3474 544 ausi

154 579 279 665 est;
319 594 625 651 videndum
656 606 791 661 ergo
840 599 928 644 est
954 583 1242 656 quomodo,
1276 582 1329 638 id
1359 592 1441 637 est
1486 589 1663 635 utrum
1694 580 1784 651 qui
1889 582 2112 637 fuissent
2140 581 2319 653 (Joan.
2367 581 2505 651 xix).
2538 580 2666 646 Quae
2698 594 2839 635 nunc
2867 579 2909 633 si
2952 588 3172 650 propter
3200 580 3476 649 perﬁdiam

154 690 361 747 ordine
411 685 797 756 competenti,
845 677 1081 749 regulari
1140 674 1427 731 severitate
1472 672 1682 728 excisus
1732 680 1787 726 et
1890 674 2251 737 Petri,Acacii
2286 672 2612 743 tyrannicam
2641 672 2968 741 superbiam,
2993 671 3314 742 impiamque
3341 686 3477 739 pra:-

156 781 513 850 exslil’palns
543 786 633 831 es!
659 816 675 840 ,
710 771 981 845 Ρωιιὶῑεηε
1020 776 1167 823 ΐθεῑθ
1196 776 1253 821 el-
1279 771 1673 833 consequenter
1702 776 1786 816 τε·
1889 770 2244 839 sumptionem
2271 768 2407 837 ejus,
2442 768 2669 822 violatur
2697 776 2858 838 atque
2884 768 3271 833 conscinditur,
3300 768 3479 825 videte

154 884 365 945 θεριιιε
409 874 500 926 εῖι·
536 870 646 927 scd
680 881 956 936 ηιιηίιυειηι
997 861 1291 923 ἀοοθδίίυτν
1330 872 1602 926 "unquam
1635 870 1787 909 ῐηοη·
1891 873 1944 918 et
1990 861 2263 931 sapienter
2312 859 2601 928 expendite
2629 898 2644 923 ,
2697 859 2750 912 in
2797 874 2956 927 quam
2986 874 3151 929 grave
3182 859 3478 929 perieulum

159 968 463 1032 slnbilnr,
497 975 777 1033 nunquam
826 958 1045 1013 omnino
1088 954 1400 1026 ρτοὺεδῑιιιτ
1440 952 1557 1022 eius
1597 965 1788 1020 pursa-
1891 965 2070 1013 nostra
2119 956 2397 1009 deducitur
2445 951 2771 1008 conscientia
2798 992 2815 1019 ,
2863 952 2988 1006 dum
3040 961 3184 1007 tanta
3216 952 3481 1021 majorum

163 1060 386 1113 tionem
420 1057 586 1111 fuisse
617 1053 939 1122 legitimam,
964 1063 1082 1117 quae
1113 1061 1217 1100 non
1248 1054 1330 1099 est
1359 1042 1787 1113 competentibus
1891 1051 2115 1106 solvitur
2161 1048 2529 1104 observantia.
2585 1046 2713 1112 Quis
2740 1048 2883 1100 enim
2916 1060 3023 1100 non
3052 1055 3174 1113 agat
3198 1046 3481 1116 quodcun.

166 1150 386 1221 regulis
432 1149 735 1203 celebrata.
805 1142 1068 1199 Secundae
1111 1140 1254 1195 enim
1305 1136 1450 1192 sedis
1493 1136 1787 1189 antistitem
1892 1156 1995 1210 que
2024 1140 2281 1204 libuerit,
2330 1140 2373 1192 si
2425 1137 2592 1193 semel
2634 1139 2684 1190 in
2715 1135 3160 1191 consuetudinem
3200 1144 3483 1205 corruptus

172 1258 279 1297 nec
310 1240 601 1310 expellere
628 1238 911 1306 ειυίείιυθηι
934 1276 949 1298 ν
985 1248 1084 1288 nec
1110 1244 1366 1286 τθνοεπθ
1388 1270 1403 1292 ν
1453 1228 1569 1282 Sine
1599 1227 1789 1297 Ρτίηιω
1892 1233 2029 1289 ordo
2059 1231 2403 1302 pervenerit?
2440 1230 2496 1286 Si
2524 1236 2701 1285 autem
2730 1228 2833 1284 hoc
2864 1229 3179 1298 sacrilegum
3210 1237 3295 1283 est
3321 1230 3483 1283 etiam

177 1334 325 1389 sedis
354 1347 619 1394 assensu,
653 1329 736 1383 vel
766 1326 957 1396 potuit,
993 1324 1072 1379 vel
1100 1322 1301 1377 debuit.
1336 1319 1447 1374 Nisi
1488 1318 1626 1373 forte
1660 1333 1789 1373 con-

1926 1330 2167 1399 ogitare,
2210 1343 2307 1383 cur
2336 1341 2443 1381 non
2488 1340 2607 1381 cum
2659 1322 3065 1393 diligentissima
3106 1323 3483 1377 observatione

181 1426 298 1480 fuso
322 1426 441 1494 jam
478 1422 677 1479 ordine
708 1434 889 1475 rerum
934 1425 1094 1485 atque
1148 1413 1362 1468 turbato
1387 1452 1401 1478 ,
1448 1426 1548 1466 nec
1590 1415 1785 1479 prima,

1925 1434 2136 1481 eneatur
2166 1424 2278 1478 haec
2308 1423 2477 1477 forma
2524 1420 2815 1489 majorum,
2849 1434 2967 1473 cum
3016 1419 3085 1473 sit
3137 1420 3190 1472 in
3240 1418 3339 1472 hoc
3388 1418 3484 1473 ob-

184 1533 284 1574 nec
320 1515 573 1571 secunda
603 1554 620 1579 ο
647 1527 747 1567 “9‘3
777 1511 931 1565 ῑθτιίδ
963 1506 1119 1562 sedes
1159 1504 1351 1560 δεθείη
1376 1503 1673 1570 Observa”,
1704 1501 1790 1555 νει
1892 1517 2207 1573 servatiouis
2250 1524 2431 1569 tenore
2476 1513 2757 1567 ineﬁ‘abilis
2806 1511 3221 1580 indubitata-que
3268 1510 3484 1566 unitatis

186 1609 387 1678 suscipi
438 1606 746 1662 secundum
796 1602 1015 1669 antiqua
1050 1606 1249 1653 statuta
1298 1596 1581 1664 majorum,
1615 1604 1668 1648 et
1698 1606 1789 1647 su-

1929 1609 2121 1663 videns
2162 1615 2218 1661 et
2265 1604 2467 1675 grande
2517 1602 2868 1673 mysterium?
2920 1603 3001 1656 An
3042 1602 3159 1655 dua:
3213 1609 3338 1655 sunt
3378 1600 3486 1655 Ec-

189 1706 333 1760 blato
360 1705 569 1772 capite,
619 1711 678 1754 ut
706 1698 968 1761 videmus,
999 1694 1176 1748 omnia
1202 1690 1442 1745 membra
1474 1689 1622 1742 vario
1652 1688 1790 1741 inter
1895 1701 2073 1756 ριθείω
2132 1708 2187 1753 ει
2227 1698 2333 1751 duo
2394 1694 2703 1765 ρεειοτεετ-
2742 1693 2913 1748 Absit.
2988 1691 3136 1747 unus
3190 1700 3273 1746 εει
3338 1691 3484 1746 enim

192 1813 249 1855 se
273 1801 653 1865 compusnent
680 1788 993 1852 certamine.
1026 1785 1223 1853 ﬁatque
1263 1782 1392 1836 illud
1421 1781 1560 1851 quod
1592 1780 1659 1833 de
1691 1792 1787 1847 ρο·
1893 1793 1978 1862 qui
2008 1793 2128 1862 fecit
2158 1800 2371 1860 utraque
2400 1804 2558 1842 unum
2586 1789 2605 1857 (
2633 1785 2823 1857 Ephes.
2853 1802 2887 1841 ιι
2911 1784 2953 1855 ),
2990 1786 3182 1841 tollens
3212 1784 3277 1839 de
3308 1784 3486 1841 medio

193 1889 319 1959 Ριιιο
340 1889 609 1956 scriptum
642 1891 727 1938 εει
770 1879 934 1936 [smel
972 1896 985 1931 ε
1029 1875 1094 1931 Ῑη
1142 1875 1234 1930 ίιιο
1273 1885 1524 1943 ιεηιρονει
1556 1888 1658 1926 ηοη
1684 1878 1794 1925 ενα(
1824 1873 1872 1933 Β
1903 1883 2298 1939 inimicitiarum
2346 1880 2604 1950 parietem
2659 1879 2710 1932 in
2759 1892 2985 1947 corpore
3037 1890 3155 1932 suo.
3202 1876 3313 1930 Cur
3356 1889 3491 1945 ergo

201 1982 304 2034 dua:
331 1981 388 2033 in
410 1978 582 2032 Israel
604 1992 624 2030 :
648 1975 992 2042 unusquisque
1020 1970 1151 2037 quod
1180 1966 1426 2037 placitum
1451 1975 1560 2019 erat
1590 1966 1642 2017 in
1674 1980 1797 2018 ocu-

197 2073 262 2123 lis
286 2070 396 2123 suis
429 2068 654 2138 faciebat
687 2062 908 2133 (Judic.
940 2058 1028 2116 xxi
1058 2060 1097 2130 ).
1142 2059 1258 2126 Qua
1288 2059 1428 2113 enim
1478 2056 1687 2110 ratione
1717 2055 1797 2110 vel

200 2160 588 2231 consequentia
636 2158 755 2212 aliis
803 2154 1022 2210 sedibus
1069 2151 1465 2206 defendendum
1511 2148 1603 2220 [αι.
1647 2147 1796 2202 defc-

205 2250 455 2322 rendutn]
484 2261 599 2316 est,
631 2251 675 2304 si
709 2249 894 2318 prima:
932 2244 1225 2301 beatissimi
1266 2243 1405 2297 Petri
1437 2242 1550 2295 sedi
1582 2240 1795 2307 antiqu'a

202 2358 260 2403 et
279 2355 492 2401 vetusta
519 2344 823 2400 reverentia
848 2355 952 2395 non
980 2338 1235 2405 defertur,
1262 2352 1356 2407 per
1376 2350 1535 2406 quam
1557 2332 1799 2389 omnium

202 2439 546 2496 sacerdotum
575 2435 809 2504 dignitas
837 2446 1051 2501 semper
1098 2440 1181 2485 est
1231 2429 1480 2483 roborata
1522 2435 1680 2495 atque
1709 2425 1800 2478 ﬁr-

202 2543 374 2597 mata,
404 2538 872 2597 trecentorumque
900 2525 1083 2578 decent
1112 2533 1166 2577 et
1195 2532 1315 2577 octo
1352 2521 1569 2575 Patrum
1601 2519 1799 2573 invicto

203 2635 265 2682 et
308 2622 565 2690 singulari
600 2618 802 2689 judicio
847 2614 1235 2672 vetustissimus
1260 2612 1530 2682 judicatus
1558 2610 1653 2683 [αι.
1684 2609 1802 2667 vin-

204 2713 440 2784 dicatus]
473 2721 555 2768 est
583 2710 787 2765 honor?
825 2708 898 2765 Ut
924 2718 1044 2777 pote
1073 2708 1160 2775 qui
1186 2705 1398 2760 Domini
1438 2702 1798 2757 recordaban-

207 2822 299 2865 tur
326 2806 647 2863 sententiam
684 2820 699 2858 :
730 2803 806 2856 Tu
843 2818 896 2856 es
937 2801 1135 2864 Petrus,
1162 2808 1207 2852 et
1253 2814 1405 2867 super
1440 2796 1573 2849 hanc
1604 2804 1801 2863 petram

209 2899 442 2972 {uisitabo
472 2897 751 2950 Ecclesium
781 2910 966 2959 meam,
1011 2902 1058 2945 et
1104 2900 1265 2960 porta:
1294 2889 1447 2958 inferi
1476 2905 1576 2941 non
1606 2901 1802 2957 prava-

212 2994 390 3048 lcbuut
418 2990 655 3043 adversus
682 3004 814 3040 eam.
831 2985 895 3038 Et
917 2985 1005 3037 tibi
1026 2983 1154 3037 dabo
1179 2982 1341 3035 claves
1362 2981 1514 3053 regni
1539 2979 1799 3043 calorum,

213 3098 265 3143 et
292 3100 602 3157 quacunque
630 3080 865 3152 ligaveris
901 3079 975 3132 vel
1018 3076 1226 3131 solveris
1269 3075 1322 3128 in
1352 3083 1486 3127 terra
1508 3113 1523 3137 ,
1563 3080 1709 3125 erunt
1738 3072 1803 3124 li-

218 3193 338 3253 gata
379 3180 454 3233 vel
501 3177 668 3232 soluta
695 3177 749 3229 in
791 3176 916 3228 caelo
947 3171 1175 3243 (Matth.
1223 3185 1310 3223 xvi
1336 3167 1376 3238 ).
1412 3168 1480 3223 Et
1519 3181 1705 3222 rursus
1733 3166 1801 3220 ad

1901 1990 1996 2045 per
2049 1973 2193 2028 Petri
2242 1979 2297 2025 et
2345 1971 2525 2026 Acacii
2576 1968 2791 2023 nomina
2836 1981 3023 2021 rursus
3087 1966 3296 2020 inimica
3343 1965 3486 2035 sepis

1901 2069 2179 2133 intexitur,
2209 2080 2370 2136 quam
2397 2063 2565 2119 semel
2605 2061 2798 2116 Christi
2830 2075 2983 2123 crux,
3015 2072 3159 2113 mors
3187 2070 3241 2113 et
3271 2058 3487 2128 sanguis

1901 2160 2204 2223 destruxit,
2251 2158 2411 2213 solvit
2458 2165 2513 2210 et
2542 2154 2769 2210 evertit?
2808 2152 2922 2207 Non
2965 2165 3095 2222 ergo
3139 2148 3339 2205 dividat
3390 2164 3487 2205 eos

1902 2255 2275 2324 interpositum
2305 2252 2449 2307 Petri
2496 2260 2550 2306 et
2579 2250 2759 2305 Acacii
2804 2262 3022 2315 nomen,
3052 2263 3185 2318 quos
3212 2247 3343 2301 tanti
3371 2260 3488 2301 me-

1902 2348 2125 2403 diatoris
2167 2346 2431 2417 pretiosus
2477 2344 2693 2415 sanguis
2735 2343 2925 2399 univit.
2960 2342 3237 2396 Postremo
3278 2355 3489 2411 aequum

1902 2448 1986 2495 est
2010 2449 2066 2494 ut
2095 2440 2183 2509 qui
2210 2438 2344 2493 alios
2374 2436 2602 2492 libenter
2630 2444 2684 2491 et
2708 2442 3076 2504 competenter
3102 2434 3261 2488 vultis
3290 2433 3490 2488 habere

1903 2533 2176 2603 subjectos
2203 2576 2216 2600 ,
2249 2530 2457 2586 cedatis
2482 2538 2537 2584 et
2565 2529 2663 2598 ipsi
2711 2528 2932 2597 antiquo
2977 2542 3129 2582 more
3173 2526 3488 2596 majoribus,

1904 2633 1964 2680 ut
1990 2624 2324 2679 conﬁdenter
2351 2622 2613 2692 imperare
2656 2621 2874 2691 possitis
2922 2619 3223 2675 minoribus
3270 2620 3487 2676 vestris.

1906 2718 2195 2776 Duodecim
2226 2725 2372 2772 certe
2420 2716 2568 2770 fuere
2598 2715 2847 2785 apostoli,
2876 2714 3091 2785 paribus
3141 2712 3369 2780 meritis,
3398 2727 3492 2784 pa-

1904 2814 2058 2882 rique
2110 2812 2369 2882 dignitate
2416 2808 2640 2864 suﬁ‘ulti.
2690 2807 2932 2878 Cumque
2976 2821 3164 2862 omnes
3215 2808 3492 2877 aequaliter

1904 2906 2167 2974 sttirituali
2198 2905 2314 2959 luce
2345 2903 2627 2972 fulgerent,
2654 2916 2817 2955 unum
2844 2908 3023 2955 tamen
3049 2890 3341 2968 principem
3369 2914 3491 2955 esse

1906 3012 1971 3052 ex
1994 2996 2099 3051 illis
2128 2995 2298 3049 voluit
2328 2992 2575 3047 Christus
2594 3032 2608 3058 ,
2638 3005 2872 3057 eumque
2896 2988 3295 3058 dispensatione
3325 2990 3486 3043 mira-

1905 3089 1999 3143 bili
2029 3088 2080 3142 in
2108 3086 2377 3141 dominam
2407 3083 2646 3155 gentium
2678 3082 2902 3137 Romam
2930 3080 3147 3147 direxit,
3178 3090 3234 3134 ut
3274 3080 3325 3135 in
3354 3096 3493 3149 prai-

1906 3182 2060 3251 cipua
2087 3180 2217 3235 urbe
2243 3179 2325 3233 vel
2358 3178 2524 3245 prima
2556 3176 2783 3245 primum
2807 3184 2861 3229 et
2886 3173 3213 3245 praecipuum
3236 3172 3491 3244 dirigeret

221 3270 465 3327 eumdem
492 3284 506 3320 :
534 3267 663 3322 Ecce
690 3280 783 3335 ego
810 3261 985 3334 rogavi
1011 3276 1103 3331 pro
1132 3268 1201 3323 te,
1225 3268 1277 3311 ut
1307 3274 1409 3309 non
1439 3256 1643 3324 deﬁciat
1670 3254 1796 3322 ﬁdes

1925 3277 2141 3329 >etrum.
2190 3271 2371 3339 Ibique
2414 3270 2556 3324 sicut
2582 3268 2842 3324 doctrina:
2868 3268 3065 3321 virtute
3089 3266 3334 3322 sublimis
3359 3265 3494 3322 emi—

224 3377 343 3430 ttm,
397 3370 441 3415 ct
484 3370 539 3413 tu
586 3355 861 3423 aliquando
890 3361 1178 3406 convertere
1202 3388 1218 3415 ,
1261 3358 1309 3402 et
1339 3349 1586 3415 conﬁrma
1618 3349 1801 3415 fratres

225 3468 335 3511 tuos
364 3453 511 3525 (Luc.
554 3453 719 3521 xxii),
759 3458 814 3503 et
841 3446 971 3502 illud
1006 3465 1018 3498 :
1064 3444 1123 3500 Si
1152 3461 1293 3497 amas
1342 3460 1419 3497 me
1444 3484 1459 3507 ,
1499 3456 1651 3513 pasce
1690 3456 1803 3495 oves

227 3546 580 3617 nscas(Joan.
621 3542 769 3611 xxt).
806 3541 983 3609 Quare
1024 3538 1183 3608 igitur
1209 3536 1275 3591 ad
1305 3537 1515 3591 Petrum
1560 3544 1665 3588 tam
1696 3533 1799 3588 fre-

228 3656 389 3714 quens
422 3638 634 3703 Domini
662 3651 841 3692 sermo
884 3632 1168 3703 dirigitur?
1208 3630 1573 3700 nunquidnam
1616 3626 1806 3694 reliqui

229 3720 390 3794 sancti
428 3742 486 3793 et
527 3732 667 3791 beati
699 3728 928 3805 apostoli
960 3747 1062 3787 non
1093 3740 1245 3787 erant
1273 3723 1434 3785 simili
1464 3722 1660 3782 virtute
1687 3734 1810 3780 suc-

230 3831 418 3887 cincti?
457 3828 591 3896 Quis
616 3830 717 3882 hoc
743 3826 935 3880 audeat
958 3823 1257 3879 afﬁrmare?
1289 3821 1393 3877 Sed
1420 3830 1476 3874 ut
1501 3821 1666 3887 capite
1695 3834 1813 3871 con-

230 3928 419 3989 stituto,
468 3922 756 3995 schismatis
784 3918 1043 3974 tolleretur
1078 3918 1273 3972 occasio
1318 3916 1405 3985 (S.
1441 3914 1664 3968 Hieron.
1693 3929 1806 3982 cap.

233 4019 331 4083 14,
376 4018 471 4072 lib.
521 4033 539 4069 ι
588 4017 705 4069 adv.
755 4009 1147 4077 Iovinianum),
1189 4016 1245 4064 et
1273 4022 1374 4062 una
1424 4011 1813 4061 monstraretur

226 4124 485 4180 compago
510 4106 753 4178 corporis
785 4103 981 4159 Christi
1004 4143 1020 4167 ,
1051 4116 1171 4173 qua:
1211 4100 1276 4155 ad
1316 4116 1480 4154 unum
1510 4107 1671 4168 caput
1695 4097 1814 4167 glo-

228 4203 523 4258 riosissima
566 4196 869 4253 dilectionis
902 4195 1155 4249 societate
1205 4199 1589 4254 concurreret;
1632 4196 1686 4243 et
1714 4204 1816 4243 una

226 4307 367 4353 esset
396 4292 677 4359 Ecclesia,
708 4291 790 4345 cui
833 4288 1060 4342 ﬁdeliter
1103 4285 1431 4351 crederetur,
1471 4298 1684 4352 unaque
1724 4281 1820 4335 do-

229 4404 343 4443 mus
394 4384 556 4439 unius
612 4380 819 4436 Domini
866 4389 921 4432 et
978 4377 1131 4431 unius
1177 4376 1573 4443 redemptoris,
1622 4373 1675 4427 in
1719 4387 1819 4442 qua

226 4481 290 4535 de
318 4492 429 4533 uno
462 4488 602 4545 pane
646 4481 699 4527 et
723 4471 791 4527 de
821 4484 928 4524 uno
956 4469 1121 4524 calice
1149 4468 1473 4523 nutriremur
1501 4464 1553 4537 (Ι
1596 4464 1716 4520 Cor.
1743 4469 1818 4534 χ).

226 4572 334 4638 Qua
363 4568 583 4624 ratione
607 4607 620 4629 ,
664 4564 797 4618 sicut
829 4562 978 4626 dixi,
1011 4559 1242 4629 majores
1280 4560 1489 4623 nostri,
1533 4556 1813 4611 reverendi
1880 4580 1884 4585 ·

224 4633 300 4721 illi
330 4662 703 4719 Ecclesiarum
748 4656 1029 4727 magistri,
1079 4654 1477 4720 clarissimaque
1518 4651 1608 4705 illa
1641 4648 1820 4721 populi
1852 4633 1904 4693 Ῑ)

224 4756 520 4813 Christiani
576 4751 817 4819 lumina,
867 4764 1002 4821 quos
1048 4748 1238 4803 merita
1294 4748 1554 4800 virtutum
1604 4757 1822 4797 suarum

226 4865 398 4921 usque
429 4848 497 4901 ad
525 4844 885 4899 confessionis
913 4841 1328 4913 gloriosissimas
1358 4839 1579 4908 palmas,
1602 4847 1655 4891 et
1684 4851 1825 4890 mar-

228 4947 356 5018 tyrii
376 4944 650 5015 fulgentes
669 4940 908 4996 extulere
929 4952 1177 5003 coronas,
1201 4935 1268 4990 ad
1295 4934 1439 4988 illam
1462 4931 1642 4988 sedem
1666 4944 1824 4999 quam

233 5040 485 5108 princeps
511 5034 881 5106 apostolorum
915 5030 1130 5086 sederat
1160 5029 1370 5092 Petrus,
1417 5027 1501 5082 sui
1541 5022 1827 5080 sacerdotii

236 5137 453 5195 sumpta
480 5126 742 5197 principia
778 5124 967 5192 repleti
1006 5121 1205 5177 Christi
1247 5121 1472 5175 caritate
1517 5116 1819 5179 mittebant,

236 5235 361 5275 sua
385 5219 501 5274 inde
521 5218 803 5274 soliditatis
827 5215 1138 5287 gravissima
1164 5212 1427 5267 ﬁrmitatis
1452 5209 1823 5263 roboramenta

234 5322 551 5384 poscentes.
600 5311 670 5367 Ut
709 5324 807 5380 per
852 5309 988 5361 hanc
1034 5305 1267 5374 speciem
1300 5301 1548 5357 omnibus
1578 5306 1833 5371 appareat

232 5422 367 5463 vere
401 5419 557 5459 unam
586 5418 709 5459 esse
733 5417 826 5471 per
855 5398 1059 5464 omnia,
1089 5407 1142 5452 et
1180 5392 1603 5451 indissolubilem
1633 5389 1831 5444 Cltristi

234 5500 543 5557 Eeclesiam
569 5539 584 5564 ,
615 5510 737 5567 quae
765 5492 1067 5549 concordia:
1094 5490 1310 5544 vinculo
1351 5485 1687 5554 mirabilique
1738 5497 1831 5537 ca-

235 5596 415 5651 ritatis
461 5600 673 5647 textura
718 5583 1056 5655 composita,
1098 5582 1207 5636 sola
1258 5590 1312 5635 et
1356 5577 1579 5634 indivisa
1629 5592 1724 5645 per
1754 5586 1833 5630 ιον

238 5699 350 5743 tum
381 5681 769 5743 OStenderetur
796 5692 919 5732 esse
946 5676 1119 5729 tunica
1148 5672 1369 5737 Christi,
1402 5684 1561 5740 quam
1608 5681 1706 5723 nec
1737 5666 1835 5721 mi-

312 5811 328 5839 ι
371 5806 429 5861 ln
461 5820 568 5858 ms.
602 5798 792 5855 codice
848 5778 1153 5865 pervetuSto
1186 5788 1506 5865 Veronensis
1564 5781 1811 5865 capituli,

239 5893 358 5937 cum
371 5852 729 5950 quiti-collata
760 5852 862 5923 fuit.
887 5883 915 5920 a
939 5864 1220 5920 Francisco
1250 5860 1543 5915 Blanchino
1588 5854 1701 5909 huic
1727 5852 1831 5908 Ge-

1905 3368 2035 3430 cuit,
2051 3366 2120 3419 ita
2143 3363 2416 3433 sanguinis
2438 3362 2669 3433 gloriosa
2692 3359 2950 3415 effusione
2972 3359 3275 3427 decoratus,
3290 3368 3494 3415 interno

1908 3460 2138 3530 hospitio
2168 3458 2520 3529 conquiescit,
2556 3463 2815 3525 prtestans
2841 3454 2973 3521 sedi,
3004 3469 3162 3524 quam
3190 3454 3304 3525 ipse
3328 3454 3494 3510 bene-

1908 3554 2064 3622 dixit,
2094 3562 2152 3608 ut
2198 3567 2228 3606 a
2272 3551 2439 3621 portis
2484 3548 2641 3604 inferi
2672 3562 2942 3615 nunquam
2984 3561 3085 3616 pro
3115 3546 3328 3601 Domini
3370 3560 3496 3616 pro-

1910 3647 2165 3702 missione
2194 3645 2439 3698 vincatur
2471 3640 2698 3719 (_Mattlt.
2726 3655 2815 3694 xvt
2838 3639 2882 3709 ),
2920 3640 3269 3707 omniumque
3297 3637 3367 3689 sit
3396 3635 3496 3691 ﬁu-

1911 3739 2205 3801 ctuantjum
2247 3734 2542 3791 tutissimus
2572 3740 2776 3800 portus.
2810 3732 2865 3784 In
2891 3744 2997 3798 quo
3023 3728 3113 3795 qui
3148 3727 3492 3795 requieverit,

1914 3837 2068 3892 beata
2096 3845 2149 3890 et
2175 3841 2377 3888 aeterna
2406 3825 2638 3884 statione
2664 3820 2917 3895 gaudebit
2941 3837 2954 3871 ε
2977 3820 3068 3888 qui
3098 3831 3229 3872 vero
3253 3826 3497 3871 contem-

1915 3930 2120 4001 pserit,
2171 3928 2285 3996 ipse
2330 3921 2530 3977 videbit
2558 3920 2734 3988 qualia
2772 3930 2967 3986 genera
3007 3909 3409 3969 exettsationum
3442 3908 3495 3964 in

1917 4027 2005 4082 die
2034 4022 2293 4079 obtendat
2314 4015 2520 4087 judieii.
2568 4013 2652 4070 Me
2691 4012 2831 4067 enim
2858 4009 3045 4072 credo,
3077 4022 3255 4077 spero,
3285 4001 3499 4060 conﬁdo

1918 4122 1973 4175 in
2004 4116 2239 4179 Christo,
2270 4110 2409 4182 quod
2437 4109 2505 4165 ab
2533 4107 2649 4177 ejus
2690 4105 2912 4160 caritate
2940 4117 3041 4158 nec
3082 4101 3370 4166 tribulatio,
3403 4110 3502 4154 nec

1920 4211 2183 4283 angustia,
2217 4221 2317 4262 nec
2345 4203 2577 4275 gladius,
2605 4215 2703 4255 nec
2742 4197 3065 4269 persecutio,
3098 4208 3196 4249 nec
3242 4193 3367 4257 vita,
3402 4204 3502 4246 nec

1924 4282 2068 4360 mors
2098 4314 2331 4370 unquam
2364 4296 2557 4365 poterit
2580 4304 2832 4361 separare
2858 4289 3036 4357 (Rom.
3064 4285 3200 4356 vui).
3228 4282 3504 4338 Incumbet

1926 4392 2251 4467 persecutio.
2272 4389 2494 4443 saeviant
2521 4381 2857 4453 leges,militi
2887 4378 3082 4434 Christi
3112 4376 3396 4447 gloriosius
3425 4382 3506 4431 est

1928 4466 2062 4543 mori
2111 4498 2270 4555 quam
2308 4480 2446 4534 vinci
2487 4495 2502 4531 :
2549 4473 2781 4531 fraudari
2827 4471 3166 4541 praesentium
3212 4466 3513 4547 commodis

1933 4581 2125 4638 melius
2153 4586 2310 4648 quam
2340 4586 2526 4628 carere
2552 4568 2761 4624 futuris.
2788 4580 2789 4583 ‘

2481 4676 2807 4735 EPISTULA
2847 4674 2960 4728 XV.

2103 4794 2308 4837 GELASII
2362 4790 2509 4829 PAPE
2550 4789 2615 4827 AD
2670 4780 2943 4824 EPISCOPOS
2982 4777 3326 4820 ORlEﬂ'l'ALI-ZS.

1933 4894 2080 4963 Quod
2123 4894 2177 4947 in
2218 4878 3122 4963 Acaciialiorumque“dantnatipne
3160 4874 3355 4963 synodo
3388 4887 3515 4963 novit

2003 4943 2258 5033 Spurio}
2290 4959 2471 5033 fuerit,
2503 4967 2549 5033 et
2586 4943 2726 5033 quod
2754 4943 3515 5033 PetrumhAlcxandrinumab.

2006 5016 2199 5091 dicere
2244 5016 2753 5084 Acacius'sine'sedis
2780 5018 3075 5091 apostolica;
3094 5016 3398 5091 auctoritate
3416 5030 3516 5091 non

2001 5085 2242 5175 potuerit.
2274 5102 2402 5175 Tum
2422 5098 2495 5175 _de
2516 5169 2527 5175 Α
2546 5093 2787 5167 episcopis
2815 5085 3102 5143 ’catholicis
3139 5087 3256 5141 sede
3293 5102 3387 5140 sua
3412 5085 3519 5139 sine

2005 5169 2319 5231 discussione
2347 5169 2573 5235 deiectis.

2010 5288 2375 5347 Dilectissimis
2404 5281 2653 5337 fratribus
2676 5275 2943 5333 universis
2981 5273 3245 5345 episcopis
3276 5273 3521 5327 Orienta¢

1935 5386 2073 5441 libus
2096 5379 2359 5437 Gelasius.
2812 5424 2815 5429 ,

2597 5467 2866 5501 *δίψη*

2017 5572 2030 5600 ¹
2074 5566 2209 5634 Quid
2240 5579 2367 5634 ergo
2393 5562 2478 5617 isti
2511 5558 2796 5631 prudentes
2820 5555 2938 5617 viri,
2967 5561 3017 5608 et
3038 5556 3237 5618 argutis
3262 5545 3528 5602 mentibus

1945 5666 2106 5721 totius
2136 5660 2409 5731 religionis
2430 5658 2637 5711 interna
2666 5652 2942 5713 rimantes,
2972 5648 3023 5699 in
3040 5642 3271 5699 Orientis
3285 5641 3527 5711 partibus

1926 5779 2044 5834 Iasii
2072 5776 2318 5845 epistola,
2357 5773 2459 5827 hoc
2490 5769 2606 5845 ejus
2630 5766 2824 5845 legitur
2868 5765 3240 5845 argumentum
3286 5751 3529 5845 :"Incipit

1943 5824 2713 5903 tle-eademvr-avt'io'ne'reddenda
2736 5835 2804 5889 ad
2845 5824 3105 5902 epiicOpos
3139 5824 3376 5882 Orientis.
