3948 6314
503 252 563 307 9|
1838 251 2105 306 CELASII
2148 253 2348 336 PAPXE
2390 255 2407 307 i

3728 249 3814 310 92

497 353 1550 433 constituti,sicognoverunthujusmodi
1573 380 1854 434 personam
1884 369 1896 398 ¹
1921 368 1969 420 in
1990 371 2100 422 An-
2125 378 2176 436 Α
2206 372 2256 425 ἰη
2284 375 2503 427 istorum
2537 373 2879 440 damnatione
2908 375 2973 430 de
2999 374 3203 446 synodo
3245 392 3348 450 non
3384 376 3512 428 facta
3545 376 3808 441 causari,

498 454 742 511 tiocliena
767 456 1003 509 Ecclesia
1019 454 1380 519 constitutam,
1396 471 1494 510 cur
1506 459 1950 513 communicando
1965 462 2086 514 tali-

498 546 596 602 bus
623 549 898 616 praebuere
917 561 1236 600 consensum
1255 546 1278 599 ξ’
1294 545 1400 602 Cur
1415 563 1526 603 non
1551 550 1692 604 illico
1708 552 2085 620 reclamarum,

499 651 596 693 cur
642 655 746 692 non
794 654 853 694 se
897 656 924 692 a
977 640 1068 692 tali
1099 641 1346 708 contagio
1389 654 1772 707 removerunt,
1823 660 1944 699 cum
1979 657 2085 702 tam

501 732 601 804 [aL
665 731 808 801 jam]
873 732 1146 786 evidenter
1215 733 1558 788 adverterent
1617 735 1740 790 ideo
1803 739 2089 793 Calendio-

501 839 620 879 nem
649 825 929 894 depulsum
962 826 1123 895 (anno
1151 827 1279 898 483)
1333 836 1391 882 ut
1441 827 1708 881 haereticis
1763 832 2086 898 panderetur

502 919 748 973 introltus
778 919 800 971 '2
835 919 1016 986 Quare
1059 920 1150 974 hic
1194 923 1213 951 ³
1249 906 1393 974 nihil
1461 920 1531 974 de
1579 936 1638 975 re
1691 920 1820 975 nihil
1875 926 1942 979 de
1980 925 2086 981 ﬁde

501 1010 802 1064 Christiana
853 1052 866 1075 ,
922 1011 1056 1065 niltii
1122 1012 1192 1067 de
1268 1028 1615 1081 personarum
1693 1019 2086 1073 examinatione

504 1111 799 1158 tractarunt
847 1104 872 1157 !
920 1106 973 1159 Si
1029 1121 1157 1160 vero
1200 1108 1297 1175 ;illi
1373 1125 1556 1164 eorum
1605 1128 1664 1166 sc
1723 1115 2087 1168 communioni

504 1199 800 1251 voluntarie
834 1197 1224 1265 subdiderunt,
1282 1203 1349 1256 ab
1383 1195 1701 1272 apostolica
1755 1206 1883 1260 sede
1940 1216 2086 1260 certe

503 1290 733 1359 separati
785 1299 930 1355 sunt,
979 1307 1104 1346 cum
1155 1293 1348 1349 talibus
1377 1305 1430 1349 et
1482 1299 1620 1366 apud
1675 1299 1829 1366 tales,
1876 1299 2087 1353 etiamsi

503 1390 648 1436 esset
685 1387 920 1436 necesse
959 1383 1112 1447 ﬁeri,
1149 1385 1288 1440 nulla
1333 1397 1521 1457 posset
1573 1391 1794 1444 omnino
1849 1393 2090 1463 synodus

506 1472 806 1538 provenire.
839 1473 991 1538 Quod
1015 1474 1056 1526 si
1083 1476 1363 1544 ignorasse
1379 1494 1439 1533 se
1467 1481 1700 1534 dixerint
1728 1483 1899 1551 qualis
1927 1483 1948 1514 ³
1975 1483 2089 1538 An-

507 1562 715 1617 tiochiae
739 1573 862 1631 post
877 1562 1267 1621 Calendidnem
1315 1572 1664 1626 successisset
1691 1575 1935 1639 antistes,
1966 1577 2091 1645 quid

507 1655 724 1718 mirum,
755 1655 800 1710 si
826 1658 916 1726 qui
943 1658 997 1711 in
1020 1659 1237 1715 Oriente
1269 1662 1450 1729 positi,
1500 1679 1618 1731 qum
1645 1666 1695 1717 in
1755 1667 1971 1735 regione
1999 1683 2093 1747 sua

505 1747 828 1817 contigerint
865 1748 1005 1804 scire
1036 1753 1407 1820 nequiverunt,
1437 1769 1497 1808 ea
1540 1771 1659 1836 quae
1687 1757 1825 1825 apud
1873 1770 2088 1827 aposto-
2120 1762 2169 1840 β

507 1841 664 1895 licam
697 1840 882 1896 sedem
915 1853 1065 1912 gesta
1095 1844 1313 1900 fuerant
1370 1849 1711 1916 ignorarent?
1756 1848 1860 1904 Cur
1893 1860 2092 1921 tamen,

506 1927 849 2003 posteaquam
878 1935 943 1986 ad
977 1949 1168 1989 eorum
1199 1937 1438 1992 notitiam
1471 1923 1712 2008 pervenit
1761 1941 1931 2010 qualis
1952 1949 2095 1996 esset

506 2022 760 2078 sacerdos
787 2024 928 2092 apud
953 2025 1289 2082 Antiochiam
1318 2031 1664 2096 conStitutus,
1689 2047 1795 2086 non
1817 2032 1932 2101 ejus
1956 2048 2094 2087 con-

505 2116 665 2168 sortia
688 2115 952 2170 continuo
983 2129 1302 2187 respuerent
1331 2121 1355 2172 ?
1407 2122 1545 2186 Quid
1591 2125 1997 2178 excusationem
2029 2126 2095 2180 de

507 2203 822 2272 igmrantiu:
846 2206 1035 2262 colore
1053 2211 1421 2276 praetendunt,
1453 2226 1574 2266 cum
1607 2213 1872 2284 ltmlieque
1894 2225 1946 2269 et
1977 2231 2092 2269 ma-

508 2295 754 2351 oitestata
789 2299 1043 2363 contagia
1081 2301 1417 2366 perﬁdorum
1444 2342 1459 2366 ,
1513 2315 1568 2356 et
1609 2320 1635 2355 τι
1693 2295 1847 2360 nobis
1897 2307 2094 2375 saepius

507 2389 827 2456 exprobrata
863 2394 1184 2447 sectentur?
1231 2395 1349 2460 Quo
1398 2397 1528 2450 satis
1556 2410 1814 2468 apparet,
1863 2401 1982 2468 quia
2025 2417 2096 2457 ne

510 2487 633 2544 tunc
660 2480 873 2548 quidem
897 2483 1113 2537 etiamsi
1130 2497 1522 2555 cognoscerent
1546 2489 1856 2554 refutarent,
1883 2495 2096 2562 quando

508 2572 826 2628 nunc-etiam
849 2572 1258 2642 publicatam
1289 2589 1539 2634 renuunt.
1567 2581 1804 2636 Prorsus
1826 2585 1877 2638 in
1909 2602 2094 2654 quam-

507 2661 637 2718 libet
663 2678 733 2717 .se
761 2673 966 2732 paritem
1009 2669 1480 2740 causationemque
1521 2668 1621 2744 '[aL
1655 2678 2088 2732 excusationem-

507 2751 630 2836 que]
649 2765 986 2822 convectant,
1015 2758 1313 2824 manifestae
1340 2758 1580 2817 veritatis
1614 2765 1682 2817 ita
1703 2765 1910 2836 laqueis
1932 2769 2096 2823 ευπο-

507 2858 715 2911 cantur,
737 2857 799 2908 ut
814 2851 932 2905 suis
963 2851 1059 2920 ipsi
1091 2854 1266 2908 verbis
1287 2856 1504 2924 possint
1528 2859 1846 2928 actiliusque
1863 2865 2092 2917 conclu-

508 2941 583 3007 di,
611 2957 708 2996 nec
731 2944 837 2998 nisi
865 2945 1040 2999 solum
1075 2947 1368 3016 perniciem
1403 2951 1697 3007 obstinatae
1747 2942 1984 3023 perfidiae
2009 2971 2095 3010 re-

507 3033 710 3092 siduam
741 3038 1019 3096 ventilare.
1065 3039 1194 3093 "me
1236 3048 1437 3104 autem,
1496 3058 1614 3111 qua:
1656 3044 1722 3096 de
1765 3047 2094 3102 Calendione

2195 484 2318 523 cum
2344 470 2606 523 scianttot
2625 477 2907 539 tantosque
2931 470 3209 538 pontifices
3238 469 3377 522 nulla
3399 469 3601 538 synodo
3617 468 3812 546 fuisse

2193 560 2461 627 depulsos.
2502 561 2557 615 Si
2586 561 2638 614 in
2671 560 2895 617 istorum
2928 561 3219 630 rejeCtione
3247 561 3312 638 de
3342 578 3446 615 non
3475 561 3606 615 inito
3652 573 3812 615 con-
3888 561 3889 612 ἲ

2192 653 2314 706 eilio
2341 661 2763 722 conqueruntur,
2799 661 3124 724 cognoscant
3164 667 3222 707 se
3247 669 3342 706 cur
3377 669 3478 705 non
3513 662 3564 705 et
3597 652 3704 704 hoc
3740 649 3806 702 in

2193 746 2416 799 aliorum
2449 746 2735 815 rejectione
2776 744 3140 814 qumsiverint,
3189 745 3448 798 accusari.
3476 743 3534 797 'Si
3569 759 3704 796 vero
3739 741 3808 795 in

2192 849 2506 892 cancrorum
2539 837 2829 906 rejectione
2846 837 3070 891 concilia
3094 836 3395 891 necessaria
3413 850 3516 887 non
3543 833 3805 896 fuertmt,

2192 922 2290 985 nec
2316 931 2367 984 in
2399 931 2513 994 istis
2540 930 2844 984 necessaria
2887 929 3054 982 fuisse
3093 936 3440 998 cognoscant.
3499 929 3579 979 An
3611 926 3667 978 in
3698 937 3810 976 eia-

2194 1024 2514 1078 tholicorum
2544 1022 2843 1091 dejectione
2875 1036 2978 1075 non
3037 1020 3128 1074 fuit
3157 1035 3308 1088 opus,
3339 1028 3391 1071 et
3413 1017 3518 1080 fuit
3566 1031 3810 1083 magno-

2195 1131 2321 1183 pere
2384 1113 2754 1182 congreganda
2830 1114 2879 1166 in
2949 1111 3373 1182 praevaricatoris
3443 1109 3811 1162 damnatione

2195 1189 2427 1260 confessi
2459 1205 2640 1272 ?Quid
2672 1205 2830 1275 igitur
2852 1215 3041 1269 restat,
3077 1203 3177 1255 nisi
3217 1211 3271 1255 nt
3292 1201 3471 1255 dicant
3500 1199 3810 1253 hrereticos

2195 1312 2299 1350 non
2329 1281 2491 1350 fuisse
2519 1297 2541 1347 ?
2587 1294 2701 1349 Non
2727 1310 2854 1363 ergo
2895 1294 2960 1348 de
2989 1286 3196 1364 synodo
3240 1298 3658 1359 conquerantur,
3695 1290 3806 1357 qui

2195 1397 2252 1446 se
2277 1388 2450 1456 palam
2487 1386 2883 1452 communionis
2923 1394 3160 1440 externae
3198 1381 3288 1456 [aL
3333 1378 3618 1450 llzcreticze]
3668 1394 3810 1447 per-

2198 1479 2382 1533 hibent
2409 1459 2722 1534 sectatores.
2754 1480 2776 1509 "
2809 1477 2915 1532 Cur
2944 1476 3084 1530 enim
3116 1476 3193 1528 eis
3216 1474 3451 1536 synodus
3483 1472 3812 1526 necessaria

2198 1567 2367 1625 fuisse
2391 1569 2653 1638 videatur,
2682 1570 2769 1639 qui
2793 1584 2851 1624 se.
2876 1577 3061 1622 contra
3093 1565 3585 1620 Cltalcedonensem
3619 1578 3809 1632 synn-

2199 1646 2324 1716 dum
2356 1663 2538 1717 venire
2564 1670 2913 1732 cognoscunt,
2940 1675 3041 1730 qua
3078 1658 3438 1727 Eutycltianus
3467 1669 3621 1711 error
3659 1669 3801 1708 cum

2196 1753 2217 1825 ἕ
2249 1755 2558 1808 auctoribus
2587 1752 2822 1822 generali
2875 1751 3134 1806 Ecclesiae
3185 1763 3317 1801 voce
3358 1747 3640 1800 damnatus
3671 1746 3813 1799 est?

2201 1844 2310 1900 Nec
2329 1843 2548 1898 dubium
2581 1843 2720 1916 quod
2769 1842 2908 1896 sicut
2951 1829 3019 1893 in.
3056 1853 3369 1907 unaquaque
3403 1837 3614 1910 haeresi,
3648 1834 3812 1904 quod

2200 1933 2590 1988 incessabiliter
2645 1931 2996 2000 repetendum
3052 1939 3172 1994 cst,
3225 1929 3348 1998 quia
3403 1929 3609 1981 firmum
3669 1941 3813 1982 esse

2201 2026 2379 2078 nullus
2421 2024 2644 2092 ambigit
2681 2024 3049 2086 Christianus,
3106 2036 3296 2075 omnes
3322 2019 3612 2090 eomplices
3636 2064 3650 2085 ,
3711 2035 3811 2071 sc~

2199 2127 2456 2180 ctatores,
2491 2116 2974 2170 communicatores
3016 2112 3280 2166 damnatm
3310 2110 3476 2185 semel
3510 2109 3811 2181 pravitatis

2200 2199 2315 2279 parii
2351 2219 2493 2263 sorte
2520 2217 2828 2262 censentur.
2865 2207 3095 2274 Ideoque
3126 2205 3185 2258 lit.
3230 2215 3587 2272 consequens,
3618 2211 3675 2254 ut
3707 2202 3804 2255 si-

2199 2313 2287 2357 eut
2320 2302 2642 2356 Timotheus
2673 2310 2833 2370 atque
2862 2301 3053 2354 Petrus
3111 2300 3292 2353 talium
3351 2305 3667 2359 sectatores,
3699 2309 3810 2347 se-

2199 2393 2429 2449 cundum
2484 2393 2625 2446 illius
2671 2402 2911 2446 tenorem
2955 2391 3166 2461 synodi,
3210 2389 3352 2442 nulla
3403 2387 3608 2442 recenti
3653 2385 3810 2443 facta

2201 2489 2519 2559 pontificum
2553 2487 2963 2557 congregatione
2986 2486 3222 2540 damnati
3254 2493 3379 2539 sunt
3407 2501 3420 2537 :
3481 2484 3558 2537 sic
3592 2493 3644 2536 et
3699 2481 3810 2551 qui

2199 2580 2358 2647 Petro
2390 2580 2807 2646 communicavit
2848 2579 3096 2644 Aeacius,
3140 2588 3196 2632 ut
3221 2577 3460 2631 criminis
3503 2575 3808 2643 particeps,

2199 2675 2270 2729 ita
2307 2689 2530 2729 consors
2559 2675 2628 2727 sit
2668 2672 2833 2727 factus
2871 2681 2924 2726 et
2975 2687 3165 2741 prunas.
3216 2669 3348 2738 Quid
3409 2669 3568 2738 igitur
3613 2667 3810 2721 amba~

2198 2767 2348 2836 gibus
2395 2776 2449 2820 et
2499 2765 2708 2818 nebulis
2765 2769 2861 2817 ista
2915 2770 3254 2832 praetexunt,
3303 2771 3360 2815 ut
3407 2759 3808 2829 impudentiam

2198 2872 2373 2924 suam,
2413 2867 2754 2924 mentemque
2794 2870 3042 2909 vesanam
3094 2854 3341 2908 inanibus
3383 2851 3559 2921 potius
3598 2851 3809 2906 fabulis

2198 2951 2218 2981 ³
2259 2950 2440 3002 velare
2491 2946 2778 3009 lethaliter,
2827 2960 2983 3015 quam
3059 2944 3333 3012 prodendo
3406 2941 3808 2997 medicina’litcr

2198 3044 2389 3095 Sauare
2416 3040 2742 3094 contendant
2772 3039 2794 3090 ?
2825 3039 2963 3092 Nihil
2994 3037 3135 3110 enim
3168 3037 3322 3091 nobis
3349 3051 3630 3090 commune
3669 3049 3804 3089 cum

508 3127 802 3182 venerabili
831 3129 970 3186 dicta
997 3142 1144 3195 sunt,
1175 3141 1231 3185 et.
1259 3133 1307 3185 in
1338 3134 1561 3188 Joannis
1589 3136 1936 3192 Alexandrini
1965 3153 2094 3193 cou-
2119 3130 2166 3204 ί]
2202 3129 2512 3184 hominibus
2555 3129 2945 3184 communionis
2998 3138 3253 3181 cxternm.
3305 3126 3428 3179 Ideo
3474 3134 3693 3179 vocatur
3726 3129 3805 3178 ad

509 3217 727 3274 veniunt
749 3227 898 3272 certa
927 3220 1134 3274 ratione
1165 3235 1464 3289 personam.
1498 3223 1629 3292 lmo,
1655 3225 1700 3279 si
1719 3218 1884 3280 causa
1907 3228 2092 3283 eadem

510 3306 669 3366 latius
695 3308 1015 3378 inquinatur,
1055 3321 1216 3367 tanta:
1251 3313 1359 3369 illic
1404 3315 1706 3384 tragmdiae,
1751 3321 1888 3373 tanti
1944 3337 2098 3390 repei

509 3397 720 3460 riuntar
745 3409 982 3464 errones,
1025 3409 1080 3460 ut
1124 3402 1177 3456 si
1227 3403 1328 3470 ipsi
1355 3405 1463 3458 sint
1511 3406 1724 3472 iudices
1773 3411 1862 3478 qui
1905 3411 2096 3466 eadem

509 3495 903 3557 penpeirarum,
931 3507 1054 3548 cum
1075 3494 1354 3551 euidenter
1397 3497 1598 3552 iuerint
1631 3500 1920 3568 confutari,
1952 3518 1983 3558 a
2015 3504 2101 3558 sui

512 3577 852 3654 damnatione
877 3597 987 3638 usu
1027 3595 1346 3654 tempaent.
1402 3588 1591 3643 {Palam
1619 3591 1760 3644 enim
1794 3593 1900 3646 illic
1941 3611 2098 3662 aper-

512 3681 670 3744 teque
687 3683 1042 3741 monstratur,
1095 3677 1223 3734 nihil
1265 3680 1414 3735 aliud
1448 3696 1607 3752 quam
1647 3686 1928 3752 quwsitam
1969 3703 2098 3742 cau-

512 3776 648 3831 sam,
668 3767 1150 3834 quemadmodum,
1177 3770 1444 3828 catholico
1469 3774 1823 3846 qualicunque
1877 3779 2100 3846 depulso

511 3857 786 3924 pontifice,
819 3859 1073 3916 lueretico
1096 3862 1258 3920 Petro
1283 3875 1616 3922 reseraretur
1649 3883 1917 3926 accessus.
1951 3872 2100 3930 Tunc

512 3947 654 4002 ist-nd
708 3963 870 4008 nemo
915 3950 1257 4018 discutiebat,
1301 3958 1567 4026 synodum
1612 3975 1771 4016 nemo
1823 3965 2096 4031 poscebat,

513 4038 709 4108 passim
733 4041 909 4105 quinia
930 4043 1087 4102 dicito
1109 4044 1227 4098 fieri
1253 4060 1282 4098 a
1307 4049 1713 4120 quibuscunque
1740 4054 2059 4111 videbantur
2084 4077 2095 4108 :

514 4130 718 4196 nullum
753 4133 1048 4200 discrimen
1077 4150 1278 4198 rerum.
1309 4140 1450 4194 nulla
1487 4145 1817 4199 examinatio
1867 4150 2102 4212 postula-

515 4221 668 4290 batur
691 4224 980 4292 .Ecclgsiie;
1025 4228 1119 4284 sed
1151 4238 1307 4302 prout
1331 4229 1397 4285 de
1425 4247 1754 4304 unoquoque
1784 4239 2018 4293 venisset
2049 4241 2099 4294 in

515 4324 770 4383 ruentem,
810 4318 878 4373 de
922 4319 1033 4374 suis
1063 4321 1283 4376 urbibus
1307 4323 1610 4380 catholicus
1657 4328 1956 4396 pellebatur
1989 4331 2103 4401 epi-

516 4421 734 4475 scopus,
771 4423 878 4464 nou
911 4411 1082 4470 solum
1125 4417 1589 4484 ttietrepotitanus,
1615 4419 1712 4474 sed
1744 4421 1902 4476 etiam
1935 4425 2102 4478 tertia:

2199 3222 2456 3292 judicium
2487 3232 2634 3276 certe
2663 3235 2997 3291 quascunque
3046 3232 3295 3288 persona,
3349 3227 3405 3272 ut
3434 3227 3524 3271 aut
3565 3217 3806 3270 fateatur

2204 3312 2434 3382 objecta,
2465 3321 2557 3365 aut
2585 3311 2931 3365 convincatur
2957 3309 3200 3379 objectis.
3235 3308 3362 3361 Post
3397 3309 3805 3361 confessionem

2203 3399 2685 3473 porrolitterarum
2734 3410 2922 3455 tenore
2975 3397 3343 3468 depromptam
3395 3413 3491 3452 cur
3534 3397 3597 3450 ad
3647 3397 3806 3464 judi-

2203 3497 2342 3551 cium
2371 3504 2658 3549 vocaretnr
2687 3495 2937 3558 Aeacius,
2961 3493 3050 3563 qui
3089 3507 3146 3547 se
3201 3491 3479 3547 confessus
3509 3501 3586 3545 est
3611 3491 3800 3554 Petro,

2205 3604 2361 3658 quem
2384 3590 2556 3659 petita
2584 3589 2726 3643 sedis
2754 3589 3064 3656 apostolica:
3100 3588 3460 3656 praeceptione
3490 3587 3801 3651 damnarat,

2205 3681 2581 3736 communione
2635 3679 2908 3735 sociasse:
2959 3695 3059 3735 nec
3105 3680 3153 3734 ei
3202 3679 3348 3735 credi
3391 3679 3499 3747 jam
3531 3688 3807 3758 externa:

2205 3773 2596 3828 communionis
2621 3772 2833 3836 effecto,
2877 3758 2966 3827 vel
2987 3788 3084 3841 pro
3113 3789 3207 3825 sua
3231 3815 3244 3835 ,
3289 3773 3371 3826 vel
3399 3783 3502 3840 pro
3553 3772 3800 3834 illorum,

2205 3867 2288 3920 vel
2326 3881 2420 3934 pro
2471 3867 2616 3921 Petri
2677 3866 2991 3920 defensione
3026 3867 3133 3933 jam
3190 3875 3390 3933 posset,
3424 3867 3506 3919 cui
3535 3880 3593 3919 se
3643 3865 3802 3933 prius

2209 3962 2499 4015 miscuerat
2527 3959 2758 4014 nefando
2779 3960 3080 4022 consortio,
3107 3959 3410 4025 feceratque
3435 3973 3493 4012 se
3523 3973 3641 4012 cum
3674 3960 3803 4025 ejus

2205 4067 2365 4107 causa
2393 4053 2511 4105 sine
2533 4050 2863 4104 dubitatione
2887 4065 3232 4105 communem
3257 4052 3279 4104 ?
3331 4051 3370 4082 '°
3397 4049 3490 4103 Cui
3521 4053 3804 4104 examina-

2207 4146 2353 4197 tione
2380 4144 2679 4227 praemissa,
2705 4151 2757 4195 et
2787 4142 3018 4210 legitima
3069 4144 3111 4196 si
3146 4144 3215 4196 ita
3279 4152 3420 4198 esset
3474 4143 3804 4211 purgatione

2205 4246 2482 4306 suscepto,
2537 4236 2858 4306 regulariter
2905 4235 3244 4292 misceretur.
3293 4237 3400 4293 Sed
3433 4253 3548 4291 cum
3604 4237 3801 4292 eodem

2207 4329 2442 4382 nondum
2503 4329 2740 4399 legitime
2779 4328 3023 4384 discusso
3077 4339 3236 4398 atque
3284 4341 3506 4400 purgato
3550 4343 3803 4382 commu-

2208 4423 2367 4475 nione
2395 4421 2648 4490 sociatus,
2682 4437 2840 4492 quant
2873 4422 3045 4476 adhuc
3069 4437 3162 4477 reo
3191 4437 3250 4477 se
3291 4423 3526 4485 miscuit,
3566 4431 3671 4473 tam
3698 4437 3802 4487 pro

516 4510 568 4554 et
603 4502 850 4556 secundae
890 4503 1032 4558 sedis
1061 4507 1281 4564 antistes
1312 4507 1353 4564 ‘.
1383 4510 1445 4564 du
1493 4512 1576 4566 his
1597 4513 1740 4567 nulla
1791 4529 1968 4570 rerum
2013 4531 2103 4572 ve-
2129 4509 2184 4584 Ι)
2205 4515 2394 4570 eodem
2425 4532 2529 4569 non
2562 4516 2743 4571 habuit
2767 4515 3021 4584 loquendi
3053 4515 3317 4592 fiduciam.
3348 4515 3479 4568 Nam
3511 4528 3629 4569 cum
3657 4514 3803 4566 Aca-

518 4595 736 4662 stigatio
778 4597 1148 4666 quaerebatur,
1200 4602 1342 4661 nulla
1389 4605 1633 4661 iacienda
1672 4609 1897 4663 concilia
1938 4611 2104 4678 jacta-

520 4686 737 4766 bantnr.
763 4688 783 4718 ⁸
829 4689 1199 4762 Subrogautur
1237 4693 1501 4761 .htcretici,
1558 4714 1730 4754 nemo.
1765 4700 2059 4762 resultabat
2091 4723 2101 4756 :

515 4779 613 4858 sed
646 4779 787 4852 velut
815 4789 957 4834 muta
985 4797 1171 4850 pecora
1205 4784 1255 4838 in
1303 4789 1605 4856 captionem
1649 4789 1826 4854 ducta,
1879 4793 2105 4847 subditis

517 4873 884 4939 voluntatibus
911 4875 1187 4944 perfidiam
1219 4880 1583 4936 sectabantur.
1628 4881 1740 4936 Non
1776 4884 1967 4938 mirum
1991 4886 2107 4955 qui-

516 4963 667 5028 dem,
687 4968 734 5020 si
759 4984 897 5023 nunc
908 4984 1007 5024 eos
1032 4971 1325 5027 defendere
1375 4973 1686 5038 moliantur,
1709 4990 1942 5043 quorum
1968 4975 2107 5030 indi-

515 5067 765 5109 scussam
815 5063 974 5114 caecis
1025 5062 1128 5133 [aL
1183 5048 1563 5137 schismaticis]
1611 5066 1878 5120 mentibus
1933 5067 2101 5120 secuti

525 5155 650 5201 sunt
673 5148 692 5177 ⁸
725 5149 1024 5205 utilitatem.
1048 5153 1153 5208 Sed
1179 5159 1435 5213 miramur
1491 5174 1584 5214 cur
1614 5175 1706 5215 eos
1759 5175 1862 5213 non
1911 5159 2105 5228 pudeat

600 5305 616 5377 ξ
660 5305 907 5377 Intelligit
939 5304 1154 5377 Petrum
1187 5309 1500 5377 Gnapheum
1536 5315 1648 5370 sive
1696 5317 1998 5372 Fullonem.

601 5376 622 5405 ’
660 5375 792 5428 Cod.
834 5375 1053 5444 Verum,
1085 5377 1215 5430 nihil
1245 5375 1320 5431 dei
1338 5396 1412 5442 re,
1446 5383 1575 5436 nihil
1625 5387 1686 5438 de
1711 5390 1928 5455 synodo,
1982 5385 2111 5440 nihil

621 5447 718 5500 ﬁde
747 5447 1056 5500 Christiana.

517 5447 596 5524 ,ἀι
619 5447 718 5514 ﬁde
747 5447 1056 5500 Christiana.
1127 5505 1129 5507 ι
1737 5447 1757 5455 -
1914 5447 1925 5455 ,

516 5532 524 5550 ‹
572 5517 624 5598 ’ξ
663 5513 922 5598 ld..cod.,
964 5519 1101 5584 apud
1126 5517 1584 5598 ᾼηιὶιζςιιξαιηροιι
1619 5522 2009 5598 Κᾳρεςηάίοηεηι.
2043 5536 2110 5598 βε

517 5587 803 5655 Αὼὶιμιθιίη
825 5588 1011 5642 eodem
1057 5590 1241 5645 codice
1268 5587 1562 5644 Kalendiun
1587 5593 1841 5649 scribitur
1871 5613 1993 5652 cum
2037 5597 2106 5650 K.

517 5722 527 5732 ς
553 5727 567 5732 Α
602 5655 628 5732 _"
666 5656 917 5732 Calendio
938 5662 1310 5732 -Antiocltcnns
1333 5671 1384 5715 et
1415 5660 1648 5716 Joannes
1681 5662 1857 5719 Talaia
1883 5669 2107 5724 Alexan-

521 5727 740 5785 Ldrinus.
783 5728 1040 5782 [.1taaeos.
1164 5731 1168 5736 ’
1221 5733 1224 5738 ’

1189 5891 1267 5902 σιν-ι.

2209 4609 2323 4664 cius
2389 4608 2538 4662 nullo
2613 4592 2908 4676 privilegio
2941 4607 3218 4663 fulciretur
3250 4650 3262 4673 ,
3314 4615 3372 4662 ut
3437 4607 3504 4662 de
3559 4607 3800 4661 secunda

2207 4699 2613 4772 (Alexandrina)
2639 4700 2765 4755 sede
2793 4709 2975 4769 posset
3001 4699 3141 4756 ferre
3164 4699 3443 4769 judicium,
3484 4699 3522 4729 “
3555 4713 3662 4751 non
3693 4712 3801 4766 po-

2205 4793 2310 4846 tuit
2332 4793 2452 4861 jure
2482 4807 2804 4862 quemquam
2837 4792 3113 4847 damnare.
3145 4791 3315 4847 Simili
3347 4791 3529 4870 modo,
3561 4789 3662 4843 nisi
3690 4795 3801 4859 pri-’-

2207 4901 2313 4940 ma:
2341 4885 2641 4954 (Romanae)
2674 4873 2816 4940 sedis
2858 4886 3179 4940 auctoritate
3208 4877 3481 4954 percepta,
3521 4898 3626 4937 nec
3667 4884 3804 4938 exn;

2210 4977 2446 5033 minandi
2481 4976 2626 5031 Petri
2650 4979 2738 5045 jus
2761 4975 2967 5040 habuit,
3002 4979 3100 5033 nec
3137 4977 3428 5046 recipiendi
3449 4976 3662 5046 penitus
3701 4989 3803 5041 po-

2215 5069 2618 5134 testatem.Quo
2645 5069 2968 5135 regulariter
3002 5070 3317 5134 conStituto,
3361 5085 3460 5122 nec
3507 5069 3643 5136 apud
3701 5083 3802 5121 nos

2213 5160 2375 5216 Petro
2407 5163 2675 5215 ullatenus
2703 5161 2968 5223 absoluto,
3002 5176 3156 5230 quem
3185 5162 3470 5216 damnasse
3499 5174 3597 5212 nos
3645 5160 3802 5212 novi-

2295 5318 2314 5348 ⁸
2357 5317 2433 5371 Id.
2457 5318 2606 5380 cod.,
2637 5317 3062 5387 subregabeutur.

2296 5388 2314 5417 °
2354 5388 2429 5442 ld.
2460 5388 2607 5453 cod.,
2637 5389 2897 5441 vilitatem.

2290 5455 2311 5487 "
2354 5458 2428 5510 ld.
2472 5456 2618 5522 cod.,
2647 5458 2748 5511 Cur
2775 5473 2915 5523 ergo.

2293 5527 2314 5557 ⁸
2461 5527 2609 5601 cod.,
2635 5543 2748 5601 cum
2780 5528 2884 5580 suis
2925 5531 3214 5584 auctoribus
3244 5533 3493 5601 generalis

2292 5601 2312 5629 ⁹
2352 5597 2433 5652 μΙιΙ.
2459 5598 2602 5658 cod.,
2631 5599 2812 5652 celum.

2298 5669 2337 5697 ¹⁰
2378 5668 2452 5721 ld.
2483 5668 2601 5721 cod.
2628 5709 2641 5731 ,
2685 5668 2795 5732 Qua
2824 5673 3209 5724 criminatione.

2295 5739 2330 5768 ¹¹
2377 5739 2452 5794 Id.
2493 5739 2638 5804 cod.,
2664 5742 2955 5810 potnitjure
2978 5743 3238 5800 damnare.
