3948 6314
123 322 177 376 93

1274 312 1629 370 EPISTOLE
1672 314 1759 382 ET
1804 314 2136 372 DECRETA.

3267 320 3336 404 at

124 444 236 494 mus,
261 428 564 482 examinasse
588 427 673 480 vel
702 428 1021 510 abSolvisse,
1071 427 1336 500 nescimus
1361 445 1375 492 ;
1400 435 1563 480 restat
1593 436 1647 479 ttt
1677 427 1728 500 Α
1758 429 2068 510 constringi.
2099 429 2150 483 Si
2180 429 2522 497 catholicum,
2557 432 2728 504 palam
2775 433 2935 508 totius
2962 433 3224 508 dogmatis
3273 451 3330 508 es

124 521 228 575 illud
289 519 728 583 demonstremus,
787 505 1029 588 ettmdem
1085 519 1322 584 Petrum,
1386 535 1542 588 quem
1592 535 1650 574 se

122 625 355 686 purgatum
379 615 748 688 communione
794 614 1061 682 recepisse
1089 612 1373 683 praetendit
1399 613 1648 679 Aeacius,

125 719 349 774 nunquam
375 705 437 756 ab
457 701 724 758 hmreticze
755 704 1147 758 communionis
1171 703 1418 777 contagio
1445 717 1650 756 cessas-

122 816 168 854 se
205 816 217 850 :
247 813 298 849 ac
327 811 420 849 non
456 796 626 848 solum
659 797 777 866 ipso
808 807 1046 866 tempore
1067 811 1172 864 quo
1206 795 1220 825 ¹
1251 795 1298 849 ei
1353 791 1652 848 communi-

121 893 232 946 cavit
257 890 472 954 Aeacius,
507 890 599 944 sed
630 891 793 944 etiam
827 869 940 959 post
965 869 1420 944 communionem
1445 902 1652 956 praeva-

119 969 335 1056 ricatoris
362 983 549 1044 Acacii,
601 996 815 1051 semper
863 980 1276 1034 Alexandrinum
1333 979 1547 1042 Petrum
1599 977 1652 1029 itt

121 1076 441 1128 limrcticorum
468 1073 699 1142 collegio
749 1073 1083 1142 perdurasse.
1139 1074 1314 1142 Atque
1347 1073 1416 1123 ita
1463 1079 1514 1123 et
1563 1084 1654 1136 per

121 1166 236 1217 hunc
259 1165 482 1217 Acacium
509 1163 732 1227 perlidte
762 1162 1151 1216 communionis
1197 1161 1498 1228 suscepisse
1527 1173 1656 1212 cou-

121 1258 301 1324 tagium,
329 1265 376 1310 et
402 1272 497 1324 per
529 1256 772 1309 eamdem
801 1255 903 1308 illis
923 1254 1208 1320 luereticis,
1243 1255 1437 1324 quibus
1471 1233 1656 1305 Petrus

119 1349 516 1413 communicabat,
569 1347 760 1422 eadem
813 1358 962 1415 peste
1005 1345 1496 1416 conjunctum.Qui
1522 1358 1658 1412 DRU-

121 1440 301 1507 suntpsit
340 1455 439 1492 non
482 1447 702 1493 servato
750 1439 939 1492 ordine
968 1439 1182 1492 Petrum
1226 1438 1520 1504 suscipere,
1559 1448 1660 1488 nec

119 1534 428 1606 examinatum
460 1548 609 1595 eum,
639 1547 739 1587 nec
758 1533 1098 1601 cognoscitur
1152 1531 1421 1600 recepisse
1469 1510 1661 1600 purga;

120 1634 203 1676 tum
230 1643 239 1676 :
267 1635 314 1678 et
335 1625 449 1678 ideo
479 1613 682 1692 prteter
708 1624 849 1679 sedis
898 1623 1204 1692 apostolica:
1261 1622 1523 1684 notitiam,
1552 1625 1661 1676 non

118 1717 358 1783 legitimam
387 1717 483 1770 sibi
516 1716 639 1786 ejus
664 1714 1026 1783 receptionem
1078 1730 1341 1784 usurpare
1397 1714 1655 1780 voluisse,

118 1822 160 1859 ttt
186 1809 617 1863 exatuinationem
660 1809 776 1876 ejus
821 1817 874 1863 et
912 1809 1284 1878 purgationem
1336 1816 1520 1875 posset
1563 1821 1657 1874 pro

116 1904 453 1956 snavo‘untate
499 1900 719 1956 mentiri
766 1900 859 1968 lat.
908 1900 1139 1972 metiri],
1184 1910 1342 1970 atque
1393 1916 1515 1954 eum
1559 1915 1656 1954 nec

117 1998 444 2060 txatniuatum,
469 2012 573 2050 nec
603 1997 871 2064 reciperet
900 1996 1116 2049 omnino
1153 2005 1454 2070 purgatum.
1488 1995 1656 2061 Quem

118 2089 148 2139 si
173 2104 327 2150 revera
353 2089 507 2144 vellet
559 2085 927 2144 examinatum
969 2073 1352 2158 purgatumque
1392 2086 1652 2155 recipere,

123 2179 317 2232 ordinem
349 2181 397 2232 in
442 2181 563 2248 ejus
597 2179 994 2240 examinatione
1030 2189 1082 2235 et
1125 2179 1432 2250 receptione
1482 2178 1659 2248 potius

123 2271 414 2336 «ustodismt,
447 2276 466 2303 ²
501 2289 571 2336 ne
624 2273 892 2328 videretur
953 2273 1142 2342 magis,
1194 2289 1349 2342 quam
1400 2272 1660 2326 veraciter

120 2373 258 2426 [oseet
293 2364 451 2432 jure3
503 2381 762 2435 purgare.
814 2365 963 2422 Sicut
1007 2380 1137 2433 ergo
1191 2374 1314 2418 ante
1355 2379 1459 2416 non
1516 2362 1661 2431 prius

119 2453 335 2509 damnavit
365 2473 520 2526 quant
567 2467 626 2512 ct
652 2458 877 2512 referret
904 2466 956 2510 et
985 2465 1230 2526 posceret
1275 2455 1341 2510 ab
1369 2454 1660 2524 apostolica

121 2559 330 2610 [Ot'slalc
359 2548 728 2610 damnandum
761 2568 773 2601 :
805 2550 882 2602 sic
905 2560 958 2602 et
999 2550 1048 2601 in
1080 2547 1388 2617 recipiendo
1443 2547 1659 2606 modum

119 2655 297 2696 servare.
325 2643 621 2713 debuisset,
657 2654 712 2696 ut
736 2645 1050 2718 [priusquam
1095 2657 1153 2696 se
1185 2642 1232 2695 ei
1288 2641 1689 2700 communione

118 2734 337 2806 misceret,
371 2752 460 2806 per
480 2737 673 2791 sedem
703 2736 1050 2805 apostolicam
1071 2743 1325 2804 .poscet'et
1356 2733 1651 2788 examinari

118 2838 226 2897 eum.
254 2835 299 2879 et
329 2827 560 2898 legitima
600 2827 812 2884 ratione
865 2826 1075 2904 purgari
1106 2843 1118 2878 :
1155 2842 1276 2880 cum
1325 2840 1425 2880 nec
1454 2823 1663 2878 exami-

121 2918 242 2969 nandi
267 2929 346 2992 aut
376 2919 673 2986 recipiendi
707 2934 828 2973 cum
883 2919 1108 2974 haberet
1162 2919 1274 2988 ipse
1305 2917 1658 2987 pontiﬁcium,

120 3017 266 3060 etnon
301 3010 390 3062 nisi
415 3026 508 3088 per
541 3010 693 3064 illius
721 3009 864 3063 sedis
895 3011 1264 3063 auctoritatem
1309 3024 1660 3066 consensum-

118 3111 193 3163 que
217 3101 301 3152 hoc
324 3111 497 3169 posset
540 3102 795 3170 implere,
846 3103 962 3157 siue
984 3103 1136 3171 cujus
1187 3102 1503 3156 auctoritate
1534 3118 1656 3155 eum

120 3168 579 3263 nonpotzteratipse
631 3168 895 3252 damnare
943 3204 996 3248 et
1029 3168 1179 3263 cujus
1227 3193 1505 3264 principali
1538 3193 1658 3246 dili-

119 3287 274 3349 gentia,
301 3296 349 3339 et
373 3288 563 3352 discuti
627 3289 799 3354 potuit
825 3299 878 3340 et
931 3288 1165 3357 purgari,
1218 3296 1272 3340 ct
1303 3286 1368 3338 ad
1424 3300 1664 3340 commu-

121 3374 284 3431 nionem
322 3381 719 3438 convenienter
772 3379 1000 3434 admitti.
1080 3379 1211 3432 Cum
1263 3379 1404 3431 enim
1458 3387 1666 3432 constet

121 3461 287 3533 Semper
314 3481 397 3522 aut
425 3471 573 3524 sedis
624 3471 935 3539 apostolicre
990 3471 1313 3531 auctoritate
1358 3469 1662 3538 hujusmodi

122 3569 346 3628 personas,
378 3571 466 3613 aut
486 3562 771 3614 discussas
798 3561 880 3614 vel
905 3576 1024 3615 esse
1065 3569 1338 3630 purgatas,
1373 3572 1463 3614 aut
1491 3562 1569 3615 sic
1597 3563 1664 3615 ah

124 3650 214 3702 aliis
232 3655 396 3719 quibus
419 3655 770 3725 competebat
800 3654 1061 3726 episcopis
1087 3655 1380 3718 absolutas,
1400 3665 1454 3707 ul
1484 3664 1661 3708 tamen

127 3741 336 3800 absoluto
383 3763 566 3802 earum
631 3765 700 3802 ex
763 3747 907 3800 sedis
951 3749 1260 3816 apostolicae
1308 3748 1664 3806 consensione

130 3834 488 3895 penderetznbi
532 3849 832 3906 utrumque
879 3837 1065 3908 defuit,
1126 3857 1223 3894 nec
1273 3840 1662 3894 discussionem

131 3922 384 3994 legitimam,
419 3949 515 3986 nec
548 3933 935 4001 purgationem
965 3934 1195 3994 lirmam,
1234 3946 1297 3985 ac
1329 3949 1421 4000 per
1461 3933 1559 3985 hoc
1583 3948 1666 3985 rc-

131 4022 364 4084 captionem
391 4023 554 4078 fuisse
577 4032 797 4098 constat
826 4023 1138 4077 indebitam.
1163 4024 1218 4078 Si
1243 4033 1296 4076 tu
1321 4024 1521 4092 absque
1547 4038 1663 4077 mea

131 4115 443 4169 mmmnnione
472 4116 703 4170 Petrum
729 4114 976 4188 iudicasti
1011 4130 1132 4169 esse
1167 4115 1514 4181 catholicum,
1562 4131 1666 4169 tue-

131 4216 202 4267 que
220 4204 444 4278 despecto
469 4219 564 4263 tuo
588 4225 716 4262 eum
766 4208 888 4275 jure
918 4208 1202 4278 recepisti,
1232 4208 1360 4276 quid
1404 4209 1665 4270 causeris,

133 4295 301 4353 siillam
331 4316 420 4372 ego
449 4302 888 4357 acommunione
936 4311 1075 4365 mea,
1133 4317 1290 4372 quam
1343 4310 1398 4356 tu
1451 4301 1666 4355 voluisti

134 4400 453 4460 contemptam,
504 4405 766 4465 tanquam
811 4393 1012 4463 absque
1051 4404 1138 4448 tua
1188 4394 1376 4448 notitia
1424 4395 1507 4448 vel
1539 4410 1666 4449 con-

136 4480 357 4541 sultatione
405 4492 706 4559 repulerim
734 4489 760 4541 '.'
810 4489 900 4542 Vis
947 4490 1338 4558 acquiescere?
1383 4505 1532 4544 meus
1582 4505 1661 4544 es.

239 4579 304 4630 vis
324 4581 675 4650 acquiescere
709 4581 732 4634 τ
757 4597 860 4634 non
885 4596 1035 4635 mens
1065 4597 1143 4636 es.
1182 4582 1282 4648 Qui
1307 4583 1442 4644 enim
1471 4599 1665 4634 mecum

139 4675 208 4712 Ion
226 4676 298 4730 est,
319 4683 486 4725 contra
515 4689 597 4725 nae
620 4681 738 4735 est;
769 4681 815 4725 et
841 4674 926 4741 qui
946 4689 1138 4725 mecum
1156 4688 1255 4725 nou
1280 4673 1492 4742 colligit,
1516 4689 1665 4741 spar-

141 4752 385 4823 Quﬂlath.
431 4749 781 4833 iu).Qu:ero
827 4762 924 4815 abs
979 4772 1052 4825 ιο.
1105 4763 1319 4816 Petrum
1359 4763 1668 4818 luerent-um

143 4839 261 4897 tuisse
279 4861 434 4917 putas,
462 4869 528 4907 an
549 4853 906 4918 catholicum,
935 4870 1000 4907 an
1022 4853 1090 4908 ab
1117 4853 1307 4908 hmresi
1339 4863 1521 4923 postea
1548 4871 1669 4910 esse

142 4938 858 5012 correctum25i‘haereticum,
887 4945 1193 5007 nullatenus
1224 4947 1399 5020 eidem
1431 4964 1674 5001 commu-

144 5024 285 5079 ιῑωτε
303 5031 532 5101 debuisti,
556 5047 616 5093 et
646 5038 823 5092 cidem
851 5040 1320 5105 communicando,
1353 5039 1594 5094 ha-retiei
1623 5050 1673 5094 te

145 5120 420 5181 mandatum
439 5115 756 5185 estfactum
785 5130 956 5186 fuisse
983 5132 1319 5200 participem,
1344 5141 1398 5186 et
1414 5132 1528 5200 ejus
1553 5147 1673 5186 con-

147 5223 381 5280 se‘tlttentct'
425 5241 484 5282 ex
536 5227 742 5299 synodi
789 5237 976 5284 tenore
1019 5229 1266 5284 veniente
1335 5226 1676 5296 damnatione

200 5420 211 5498 ξ
243 5421 303 5498 id.
337 5429 466 5492 cod.,
496 5447 599 5498 quo
633 5439 684 5486 et
706 5429 778 5488 ita
801 5431 1216 5496 communicavit.

200 5492 214 5570 ἶ
245 5492 306 5570 Η·
508 5492 602 5570 ξεί
623 5511 681 5552 ιιι
706 5492 960 5566 videretur

199 5558 215 5639 ξ
342 5558 477 5633 cum;
505 5566 744 5639 purgari.

201 5631 214 5710 ξ
341 5631 477 5703 cod.,
505 5631 804 5710 purgatum.

203 5700 216 5776 ξ
244 5703 304 5776 Id.
340 5700 478 5774 eod.,
509 5700 804 5776 'recEptam.

202 5772 216 5797 ‘
246 5775 335 5844 AL,
357 5771 779 5848 meo-pontiﬁcio,
803 5771 1354 5847 ut'uteuugeutetm'nm
1375 5780 1676 5846 resoluens,

784 5946 840 5956 ..ι-
965 5950 1029 5958 ρ...

1758 521 2027 586 defensor,
2054 524 2192 592 quod
2224 522 2549 596 catholicum
2603 539 2722 578 esse
2783 525 3113 596 pronuntias.
3146 527 3223 582 Ac
3247 527 3335 586 Jti-

1761 614 2047 670 hilominus
2072 615 2211 668 illius
2262 632 2447 670 errore
2471 597 2700 680 censeri,
2744 607 2792 670 si
2820 596 3128 673 hzereticum
3172 617 3334 675 fuisse

1759 705 2004 769 deﬁnias,
2037 705 2126 759 sed
2159 717 2340 775 postea
2369 707 2676 764 correxisse
2711 708 3031 780 praetendas,
3077 687 3235 778 eique
3281 719 3334 764 te

1761 808 1983 866 purgato
2008 800 2428 874 communicasse
2463 800 2797 874 pronunties.
2829 781 3048 856 Interim
3092 802 3144 856 in
3179 803 3331 872 cujus

1760 902 1986 955 persona
2040 905 2125 942 me
2178 891 2550 968 negligendum
2598 907 2718 946 esse
2767 893 3078 958 credidisti,
3127 897 3342 966 causari.

1761 992 1866 1030 non
1900 989 2049 1044 potes
2074 980 2213 1047 quod
2267 981 2317 1036 in
2359 983 2464 1038 hac
2493 983 2677 1066 eadem
2712 993 2763 1038 te
2801 983 2917 1056 ejus
2965 999 3189 1053 persona
3239 1000 3334 1040 ne-

1759 1067 2038 1136 glexerint.
2067 1070 2266 1124 Deinde
2296 1088 2415 1125 cum
2448 1072 2562 1126 sine
2592 1089 2676 1128 me
2702 1074 2787 1146 jus
2819 1091 2926 1130 non
2963 1074 3216 1130 habueris
3246 1075 3331 1131 vel

1761 1161 2071 1216 absolvendi
2107 1162 2184 1222 vel
2210 1149 2498 1240 recipiendi
2536 1163 2841 1236 hujusmodi
2874 1167 2974 1220 rite
3019 1182 3330 1236 personam,

1764 1270 1862 1308 nec
1892 1254 1912 1284 ‘
1938 1265 2215 1330 purgatum
2243 1256 2500 1326 legaliter,
2530 1273 2627 1311 nec
2646 1258 2958 1327 regulariter
2978 1268 3333 1312 constatesse.

1762 1345 1930 1412 Quam
1963 1335 2404 1430 regulariternon
2433 1349 2453 1378 ⁸
2476 1360 2772 1428 acceptam,
2823 1358 2925 1403 tant
2963 1349 3205 1420 legaliter
3232 1366 3338 1403 non

1763 1448 2116 1516 constatesse
2144 1452 2418 1512 purgatam
2446 1460 2458 1506 ;
2491 1453 2544 1498 et
2574 1442 2692 1496 ideo
2725 1457 2827 1495 non
2869 1441 2990 1511 jure
3041 1452 3337 1510 purgatam,

1763 1534 1885 1602 quia
1913 1533 2153 1602 legaliter
2179 1550 2284 1589 non
2332 1541 2616 1605 receptam.
2653 1536 2765 1590 lllea
2797 1535 2937 1592 enim
2961 1534 3010 1588 in
3037 1533 3185 1588 illum
3232 1551 3340 1588 ma-

1765 1621 1922 1678 nente
1945 1628 2228 1689 sententia,
2263 1634 2312 1680 te
2359 1627 2472 1680 sine
2502 1626 2521 1655 θ
2551 1643 2634 1686 me
2666 1625 3020 1694 pontilicium,
3081 1633 3130 1676 ut
3167 1640 3340 1682 meam

1764 1717 2080 1771 sententiam
2125 1716 2446 1782 resolveres,
2497 1733 2599 1771 non
2648 1707 2896 1792 habente,
2945 1736 3046 1789 qua
3079 1696 3341 1792 potestate
3379 1715 3384 1720 ’

1764 1809 1845 1862 vel
1875 1809 2150 1863 discussus
2183 1819 2263 1864 est
2294 1810 2375 1863 vel
2401 1825 2501 1877 qua
2531 1811 2850 1884 auctoritate
2879 1821 3123 1882 receptus
3150 1809 3342 1865 asseri-

1764 1902 1881 1954 tur?
1907 1901 2048 1955 Ecce
2068 1901 2280 1954 interim
2302 1901 2353 1954 in
2371 1901 2623 1962 hiscausa
2644 1885 2815 1956 vestra
2839 1912 2989 1956 nutat
3008 1913 3059 1956 et
3077 1903 3337 1965 labitur";

1763 2003 1816 2047 et
1837 1995 1880 2047 si
1911 1994 2024 2048 htec
2054 1994 2166 2048 sola
2199 1995 2314 2060 luit,
2351 2008 2568 2062 prorsus
2620 1979 3050 2048 tota'subruitur.
3081 1995 3181 2052 Sed
3214 1996 3233 2027 '
3263 2004 3342 2062 est

1765 2088 1940 2142 adhuc
1961 2087 2129 2151 aliud,
2155 2086 2295 2155 quod
2351 2086 2418 2140 ad
2445 2087 2714 2139 cumulum
2757 2067 2949 2144 veStra:
2991 2087 3342 2146 convictionis

1766 2181 2008 2234 accedat.
2037 2179 2174 2246 Quid
2223 2179 2363 2232 enim
2399 2179 2439 2230 si
2470 2159 2725 2232 doceatur
2745 2193 2768 2242 _;
2794 2159 2920 2249 quon
2971 2177 3138 2232 solum
3171 2177 3343 2256 prius~

1763 2287 1918 2341 quam
1947 2273 1996 2324 in
2021 2269 2135 2337 ejus
2153 2270 2585 2324 communionem
2605 2269 2891 2333 veniretis,
2925 2284 3094 2344 neque
3118 2265 3344 2336 tantum-

1765 2362 1923 2416 modo
1956 2377 2074 2415 eum
2106 2362 2170 2415 ad
2201 2363 2316 2430 ejus
2338 2360 2772 2415 communionem
2803 2339 3160 2434 venistis,sed
3187 2361 3345 2424 etiam

1765 2465 1944 2522 postea
1977 2453 2030 2508 in
2060 2453 2429 2507 luereticorum
2463 2452 2807 2517 nihilominus
2823 2468 2942 2528 eum
2973 2451 3346 2526 communione

1767 2546 2028 2613 durasse:
2063 2559 2239 2598 nonne
2283 2552 2370 2596 aut
2401 2559 2496 2612 per
2526 2544 2672 2604 illum
2707 2543 2844 2618 apud
2896 2558 2989 2618 vos
3045 2533 3346 2614 communio

1766 2636 2112 2706 perveniebat
2140 2636 2410 2704 haeretica,
2447 2646 2538 2690 aut
2571 2636 2622 2688 in
2653 2614 2962 2690 ltteretieatn
3016 2635 3348 2700 communio-

1768 2743 1889 2781 uem
1924 2742 2016 2782 vos
2050 2725 2168 2794 ejus
2197 2728 2520 2781 commercio
2562 2727 2866 2780 transibatis
2892 2727 2915 2779 ?
2941 2726 3142 2785 Docete
3184 2727 3346 2800 igitur

1767 2824 1984 2878 Petrum
2014 2821 2436 2876 Alexandrinum
2475 2822 2543 2876 ab
2573 2819 2892 2874 Antiocheni
2941 2819 3085 2874 Petri
3114 2825 3343 2888 unquam

1766 2914 2144 2968 communione
2197 2911 2442 2974 desiisse,
2493 2921 2545 2964 et
2598 2925 2698 2964 non
2756 2910 3016 2980 usquead
3057 2911 3197 2964 diem
3229 2924 3350 2962 cum

1769 3006 2134 3062 Antiochenus
2168 3005 2356 3058 Petrus
2380 3005 2431 3057 in
2480 3005 2576 3058 hac
2607 3003 2726 3057 luce
2753 3011 2992 3060 versatus
3024 3001 3132 3068 est,
3163 3001 3350 3072 indivi-

1768 3103 1927 3156 duum
1961 3102 2202 3171 utrisque
2233 3100 2396 3154 fuisse
2426 3099 2777 3156 consortium.
2818 3095 3115 3170 Andicturi
3144 3095 3272 3159 estis
3302 3102 3373 3178 et,

1773 3196 2162 3250 Antiochenam
2196 3195 2409 3248 Petrum
2453 3192 2615 3247 fuisse
2644 3200 2965 3253 correctum,
3018 3192 3036 3221 θ
3065 3187 3149 3243 cui
3183 3201 3352 3256 usque

1774 3289 1826 3342 in
1859 3291 2014 3340 tinem
2045 3302 2101 3340 se
2125 3303 2230 3340 non
2257 3285 2680 3339 communicasse
2720 3282 3049 3352 gloriabatur
3094 3278 3352 3347 Aeacius?

1772 3381 1874 3434 Sed
1906 3381 1946 3410 ¹⁰
1972 3379 2110 3447 quod
2145 3377 2361 3448 profuit,
2389 3375 2531 3446 quod
2580 3376 2654 3430 illi
2704 3392 2798 3444 per
2825 3374 3071 3444 seipsum
3118 3368 3357 3430 commu~

1774 3473 1955 3526 nicare
1984 3487 2087 3524 non
2117 3470 2300 3535 voluit,
2321 3484 2440 3522 eum
2471 3469 2645 3527 eidem
2682 3482 2774 3536 per
2809 3464 3232 3534 Alexandrinum
3260 3463 3356 3527 Pe:

1776 3574 1913 3617 trtun
1967 3562 2084 3616 sine
2139 3563 2242 3614 ulla
2290 3577 2348 3614 se
2392 3559 2790 3615 communicare
2842 3566 3054 3626 putaret
3102 3555 3355 3620 invidia!

1773 3655 1907 3722 Quid
1942 3655 2164 3710 facimus
2195 3655 2261 3707 de
2291 3662 2366 3706 tot
2399 3654 2666 3723 tantisque
2703 3651 3032 3720 civitatibus,
3081 3665 3141 3703 ex
3166 3648 3358 3716 quibus

1771 3747 2022 3810 Catholici
2055 3747 2334 3813 pontiﬁces
2367 3743 2753 3813 suutrepulsi?
2791 3742 2846 3796 Si
2887 3740 3135 3794 catholici
3167 3738 3357 3804 subro-

1770 3842 1878 3910 gati
1909 3849 2057 3906 sunt,
2089 3853 2182 3891 cur
2206 3836 2452 3890 catholici
2479 3842 2604 3888 sunt
2657 3829 2880 3904 rejecli?
2930 3828 3034 3883 Sed
3083 3827 3359 3900 evidenter

1770 3944 2014 4007 apparet,
2034 3934 2156 4002 quia
2185 3947 2302 3984 eum
2319 3928 2564 3982 catholici
2592 3932 2716 3978 sunt
2741 3922 2950 3994 rejecti,
2983 3937 3088 3976 non
3103 3911 3359 3990 catholici

1772 4039 1895 4083 sunt
1925 4027 2219 4094 subrogati.
2255 4024 2442 4078 Restat
2464 4031 2518 4074 ut
2551 4017 2829 4082 catholicis
2871 4015 3114 4070 hrcretici
3141 4015 3359 4082 quicun-

1771 4137 1873 4191 que
1900 4116 2282 4175 successerint.
2313 4115 2420 4168 Cur
2442 4116 2520 4172 eis
2547 4121 2748 4170 temere
2773 4107 3237 4176 communicastis?
3265 4120 3360 4160 cur

1775 4231 1902 4276 non,
1935 4223 1985 4266 ut
2021 4211 2118 4264 ista
2153 4224 2287 4263 nova
2321 4207 2487 4260 iacies
2510 4220 2708 4267 rerum,
2757 4213 2810 4256 et
2846 4209 2986 4274 tanta
3015 4197 3271 4276 tragoedia
3293 4196 3360 4250 de

1772 4301 2453 4376 pontiﬁcumsuccessione
2487 4296 2774 4362 viventium
2819 4310 2847 4346 a
2877 4291 3082 4364 synodo
3128 4289 3360 4344 discute~

1772 4396 2179 4464 rczur'egistis?
2207 4394 2287 4446 An
2313 4391 2378 4444 de
2408 4404 2513 4448 uno
2541 4389 2682 4444 dolet
2710 4383 2924 4451 Acacio,
2971 4379 3110 4462 quod
3143 4379 3362 4450 speciali

1773 4488 1977 4559 synodo
2009 4500 2115 4540 non
2148 4481 2652 4541 fueritconlntatus,
2685 4493 2804 4532 eum
2853 4473 3128 4545 pr0prium
3155 4472 3366 4544 crimen

1774 4578 2098 4634 suislitteris
2127 4578 2241 4646 ipse
2274 4573 2538 4646 detexerit
2564 4615 2577 4637 ,
2615 4585 2713 4625 nec
2759 4567 2928 4622 audiri
2980 4563 3225 4634 debuerit
3250 4561 3361 4629 jam

1775 4681 1967 4741 sponte
1997 4669 2277 4722 confessus
2304 4683 2317 4729 ;
2347 4677 2395 4718 et
2425 4663 2491 4717 de
2522 4663 2682 4716 tantis
2715 4657 3064 4731 pontiﬁcibus
3086 4651 3361 4709 catholicis

1779 4779 1884 4818 non
1915 4762 2058 4815 dolet
2087 4760 2203 4814 sine
2236 4758 2338 4810 ulla
2364 4755 2697 4822 discussione
2721 4751 2944 4805 seclusis
2974 4750 2995 4800 ?
3020 4747 3119 4816 Qui
3141 4746 3324 4813 utique
3343 4786 3360 4812 ,

1781 4856 1823 4909 si
1857 4853 2150 4907 catholicos
2182 4856 2401 4903 nossent
2437 4861 2530 4901 eos
2551 4860 2777 4914 quorum
2821 4840 3255 4900 communionem
3286 4836 3361 4888 vi.

1781 4953 2042 5008 taverant,
2078 4944 2160 4996 his
2185 4943 2362 5012 potius
2409 4938 2806 4994 communicare
2839 4936 3168 4995 maluissent,
3205 4943 3363 4996 quam

1781 5056 1887 5096 non
1919 5035 2377 5096 communicantes
2422 5034 2500 5086 eis
2555 5032 2685 5084 dura
2733 5027 3102 5099 persecutione
3144 5019 3362 5092 depelli.

1784 5136 1921 5190 Ecce
1954 5131 2086 5187 tanti
2128 5126 2378 5183 catholici
2407 5123 2719 5179 sacerdotes
2745 5121 2844 5172 hoc
2867 5118 2981 5185 ipso
3019 5130 3078 5170 se
3109 5115 3364 5177 indicant,

1785 5226 1911 5298 quid
1936 5222 2234 5294 apostolica
2260 5219 2418 5289 sedes
2449 5213 2718 5272 censuerit
2745 5211 3090 5282 cognovisse,
3121 5217 3366 5264 eonstan.

1781 5429 1876 5498 jus
1897 5439 1995 5498 non
2028 5420 2272 5498 habente.
2299 5416 2568 5498 Lanaeus.
2759 5481 2772 5498 Ι
2862 5479 2899 5498 Δ

1859 5496 1876 5525 ⁷
1923 5493 2032 5554 AL,
2053 5489 2335 5544 auctoritas
2364 5494 2452 5540 :et
2477 5485 2520 5537 εἰ
2549 5483 2657 5536 haec
2693 5481 2804 5535 sola
2855 5481 2978 5540 sint,
3029 5489 3235 5540 prorsus
3266 5482 3368 5548 toto

1789 5565 2066 5620 subruitur.

1811 5681 1814 5685 .
1863 5637 1884 5666 ³
1921 5633 2054 5686 Cod.
2081 5630 2304 5693 Veron.,
2337 5628 2425 5681 sed
2443 5623 2738 5678 adducitur.

1861 5708 1880 5736 ⁹
1923 5705 1998 5755 ΙιΙ.
2039 5701 2298 5766 cod.,cur
2321 5713 2492 5763 usque.

1865 5774 1904 5803 '°
1945 5775 2020 5828 Id.
2064 5772 2209 5838 cod.,
2237 5770 2358 5840 quid
2411 5766 2625 5836 profuit.
