3948 6314
594 376 663 439 95
1912 372 2180 429 GELASII
2218 372 2419 427 PAP/E
2460 371 2477 424 l
3788 363 3853 425 96

596 506 779 566 terque
823 495 1078 565 probasse
1130 491 1489 559 retinendum,
1539 490 1679 561 quod
1728 487 2172 543 communionem
2202 488 2250 547 Α
2283 498 2378 552 pro
2410 483 2691 537 mundana
2721 482 2975 551 potentiae
2996 479 3290 546 voluntate,
3325 480 3492 536 sacris
3518 480 3853 550 dignitatibus

594 588 908 645 catholicam
940 598 1295 656 reservantes,
1339 597 1394 643 et
1438 602 1531 642 eos
1560 586 1649 656 qui
1688 583 2002 655 apostolicae
2049 581 2169 636 sedi

594 680 1070 748 communicarent,
1084 681 1291 749 elegere
1302 677 1797 743 consortes;etillos
1808 674 2000 747 quibus
2012 676 2169 730 sedes

594 770 886 839 apostolica
912 772 928 802 ⁸
958 772 1269 826 decreverat
1298 771 1517 825 minime
1542 770 1940 825 communicare
1959 811 1974 835 ,
2002 785 2169 839 usque

596 861 664 915 ad
698 862 1086 931 persecutionis
1107 862 1350 917 incursus
1380 864 1399 892 ²
1440 876 1666 917 renuere
1686 870 1985 916 consortes.
2010 861 2169 915 Certe

592 968 709 1023 quae
740 953 895 1008 sedes
925 953 1214 1023 apostolica
1258 954 1600 1019 decreverat,
1647 953 2008 1009 Orientalibus
2049 954 2167 1023 epi-

592 1046 767 1114 BCOpis
789 1060 895 1099 non
928 1046 1226 1100 innotuisse
1263 1046 1511 1113 iactatur.
1539 1044 1691 1101 Unde
1717 1060 1843 1113 ergo
1885 1053 1965 1099 tot
2008 1046 2169 1099 tanti-

593 1152 698 1206 que
747 1139 1027 1205 pontitices
1071 1152 1233 1191 unum
1286 1136 1533 1207 idemque
1556 1151 1676 1191 cum
1708 1136 1835 1192 sede
1877 1137 2169 1205 apostolica

592 1228 885 1282 sentientes
905 1272 919 1295 ,
972 1243 1199 1297 eamque
1225 1229 1514 1297 probantes
1543 1237 1663 1297 apta
1710 1227 1951 1297 religioni
1983 1243 2167 1283 sacro-

591 1329 789 1375 sancta:
835 1335 1067 1388 veraque
1104 1322 1379 1385 sanxisse,
1412 1336 1529 1391 qua:
1561 1337 1665 1374 non
1692 1321 1865 1375 solum
1891 1323 2163 1392 sequenda

591 1410 691 1465 sibi
735 1410 755 1441 ³
788 1411 1195 1479 judicaverunt,
1227 1411 1318 1467 sed
1348 1411 1507 1468 etiam
1536 1428 1703 1483 usque
1734 1414 1799 1468 ad
1833 1417 2165 1480 persecutio.

592 1516 714 1555 nem
771 1502 996 1557 viriliter
1044 1504 1309 1559 exerenda
1342 1503 1447 1575 [αι.
1480 1504 1875 1577 exsecranda]?
1905 1506 2045 1563 Ecce
2078 1508 2171 1562 ba-

592 1596 783 1650 buistis
811 1597 901 1666 qui
932 1598 1241 1667 apostolicae
1272 1600 1703 1667 constitutionis,
1738 1610 1793 1655 et
1818 1602 2055 1656 notitiam
2080 1618 2171 1658 vo-

593 1686 674 1741 bis
704 1687 1028 1757 ingererent,
1050 1699 1103 1744 et
1126 1692 1388 1747 retinendi
1407 1694 1759 1748 constantiam
1778 1694 2164 1763 ministrarent,

592 1778 637 1832 si
674 1779 963 1847 apostolica
1006 1780 1164 1837 sedes
1208 1783 1468 1851 misisset,
1504 1785 1589 1839 vix
1620 1786 1753 1839 duos
1780 1795 1872 1839 aut
1901 1797 2009 1841 tres
2036 1789 2167 1841 diri-

2280 575 2641 644 privarcntur.
2673 575 2750 629 Ex
2780 574 2922 629 nulla
2954 572 3122 628 veteri
3153 588 3335 639 causa,
3361 588 3425 628 ex
3459 574 3604 627 nullo
3634 574 3854 644 collegio

2278 678 2490 733 reatus,
2546 682 2644 721 nec
2693 667 2975 736 participio
3020 665 3308 733 cujuslibet
3348 667 3547 721 erroris
3583 667 3691 735 jam
3734 676 3854 722 ante

2278 756 2554 823 damnati,
2591 758 2763 813 teneri
2808 774 2901 813 eos
2940 754 3253 827 convicique
3286 767 3598 823 consortes,
3645 767 3700 811 ut
3744 767 3853 812 tan-

2276 864 2432 912 quam
2466 866 2527 905 ex
2565 851 2829 919 praeterita
2857 850 3167 905 definitione
3193 850 3565 920 iudicarentur
3592 850 3849 906 obstricti.

2277 943 2346 998 Et
2382 944 2531 1009 ideo,
2566 945 2687 1014 quia
2728 945 2891 998 nullis
2922 954 3043 999 ante
3076 943 3502 1013 praecedentibus
3531 945 3705 999 causis
3728 946 3749 973 ⁸
3774 960 3853 1000 re-

2276 1039 2403 1092 tenti
2437 1048 2642 1104 essent,
2674 1055 2769 1093 cur
2790 1040 3133 1108 ejicerentur,
3155 1038 3399 1093 incursus
3426 1040 3514 1108 qui
3547 1038 3621 1092 illi
3652 1050 3848 1105 essent,

2276 1130 2475 1187 debere
2504 1134 2824 1199 monstrari,
2852 1142 2906 1185 et
2946 1133 3325 1187 ecclesiasticis
3356 1133 3558 1202 legibus
3577 1177 3591 1201 ,
3620 1142 3679 1186 ut
3717 1149 3851 1187 sem-

2278 1240 2402 1293 per,
2448 1236 2701 1295 oportere
2745 1235 3016 1281 constare.
3052 1227 3252 1281 Saltem
3281 1227 3365 1281 vel
3390 1242 3487 1296 pro
3512 1237 3693 1281 vestro
3737 1228 3851 1282 loco

2275 1318 2486 1373 illorum
2517 1320 2785 1377 duceretis
2818 1319 3049 1374 miseriis
3072 1321 3479 1388 consulendum,
3511 1319 3852 1375 formidantes

2274 1411 2326 1465 in
2358 1412 2507 1477 vobis
2537 1412 2675 1483 quod
2706 1413 2756 1466 in
2786 1412 2905 1468 aliis
2932 1413 3227 1467 cerneretis
3246 1421 3441 1479 praeter
3461 1412 3623 1466 ullum
3649 1429 3851 1467 morem

2274 1505 2536 1560 violenter
2564 1506 2792 1559 admitti.
2826 1506 2880 1560 Si
2919 1506 3142 1560 crimine
3174 1507 3409 1575 respersi
3452 1516 3605 1560 erant
3652 1507 3851 1577 aliquo,

2275 1602 2635 1655 ecclesiastica
2664 1602 2846 1655 debuit
2873 1600 3263 1655 examinatione
3283 1600 3552 1670 cognosci.
3581 1603 3601 1633 ⁹
3628 1599 3854 1655 Taceam

2275 1701 2329 1745 et
2351 1692 2414 1744 ad
2442 1692 2625 1746 sedem
2659 1693 3005 1758 apostolicam
3036 1708 3101 1746 ex
3133 1707 3282 1747 more
3312 1691 3542 1757 deferri,
3577 1707 3645 1746 ne
3676 1702 3854 1749 nostra

2278 1784 2555 1854 privilegia
2602 1800 2792 1840 curare
2825 1787 3125 1840 videamur.
3152 1786 3293 1840 Satis
3320 1785 3391 1838 sit
3414 1783 3699 1839 ostendere
3728 1784 3852 1853 quid

592 1888 717 1943 gere
748 1886 1009 1943 potuerat.
1044 1876 1183 1932 Ecce
1210 1886 1287 1932 tot
1321 1878 1632 1948 pontiﬁces,
1674 1881 1980 1949 apostolicze
2025 1881 2169 1936 sedis
2202 1871 2247 1931 Β
2275 1875 2568 1930 secundum
2601 1878 2812 1945 regulas
2852 1886 2907 1931 et
2931 1878 3146 1931 Patrum
3179 1891 3413 1931 canones
3463 1878 3638 1931 facere
3685 1876 3851 1930 debe-

591 1966 721 2019 scita
743 1976 1041 2033 sectantes,
1081 1968 1329 2037 ingerunt
1362 1970 1516 2025 vobis
1543 1974 1816 2036 notitiam,
1850 1984 1900 2026 et
1927 1973 2167 2042 praebent

595 2056 871 2111 servanda:
899 2060 1139 2114 veritatis
1168 2062 1434 2131 exempla.
1467 2061 1566 2129 Qui
1606 2076 1790 2119 contra
1821 2074 1994 2121 tantos
2023 2067 2170 2121 clau-

592 2147 738 2203 sistis
763 2149 948 2204 oculos
988 2150 1183 2207 ibidem
1226 2155 1579 2218 constitutos,
1624 2157 1892 2225 quomodo
1920 2158 2053 2212 duos
2084 2160 2166 2213 vel

592 2244 701 2290 tres
724 2238 910 2294 audire
938 2242 1198 2308 possetis?
1227 2243 1340 2297 lloc
1370 2244 1484 2312 ipso
1506 2245 1625 2299 sine
1654 2247 1815 2300 dubio
1844 2249 2168 2318 cognoviStis

594 2325 713 2380 illos
759 2331 1069 2396 apostolicae
1112 2333 1227 2393 sedi
1258 2335 1501 2403 placere,
1552 2339 1694 2405 quod
1744 2355 1838 2393 vos
1882 2340 2169 2408 displicere

592 2417 871 2473 videbatis.
901 2420 1009 2475 Aut
1037 2420 1155 2477 illos
1178 2439 1305 2493 ergo
1333 2426 1647 2494 sectamini,
1682 2444 1775 2498 per
1803 2446 1937 2499 quos
1968 2432 2169 2487 intelli-

599 2508 805 2578 gebatis
856 2512 1003 2569 sedis
1047 2517 1353 2583 apostolica:
1395 2519 1720 2577 voluntatem
1755 2542 1767 2576 :
1802 2534 1894 2580 aut
1926 2526 2055 2581 nihil
2088 2537 2170 2583 est

595 2602 740 2671 quod
770 2604 838 2659 de
870 2606 1169 2675 ignorantia
1214 2610 1393 2665 velitis
1422 2613 1742 2679 obtendere,
1784 2633 1904 2672 cum
1956 2619 2169 2675 indiciis

596 2694 759 2749 tantis
786 2705 840 2751 et
878 2697 1072 2753 talibus
1101 2700 1383 2758 abutentes
1402 2745 1418 2769 ,
1448 2705 1592 2760 sedis
1631 2709 1939 2777 apostolicae
1965 2715 2165 2767 consti-

595 2793 734 2853 tuta,
768 2789 929 2844 tantis
961 2791 1280 2848 testimoniis
1317 2796 1759 2867 prmdicantibus,
1794 2817 2046 2871 respuere
2076 2819 2167 2873 po-

592 2878 699 2933 tius
738 2895 896 2949 quam
944 2884 1185 2953 recipere
1233 2889 1518 2945 maluistis.
1568 2892 1815 2963 Nunquid
1845 2909 2033 2950 omnes
2079 2898 2165 2952 isti

589 2984 721 3040 quos
789 2978 1205 3032 memoravimus
1268 2983 1505 3053 episcopi
1572 2986 1883 3056 imperatori
1955 2992 2166 3045 mentiti

587 3071 713 3118 sunt
736 3062 788 3118 ‘?
818 3070 1054 3153 nunquid
1082 3086 1270 3127 omnes
1303 3076 1640 3144 imperatoris
1667 3095 1861 3135 nomen
1893 3097 1957 3136 ex
1988 3082 2165 3153 dipty-

586 3155 702 3209 chis
747 3146 1085 3215 abstulerunt
1116 3164 1169 3216 δῖ’
1198 3163 1327 3218 Cum
1377 3168 1537 3235 igitur
1577 3171 1921 3238 pellerentur,
1950 3185 2003 3227 et
2034 3175 2164 3229 vivis

2275 1969 2424 2022 retis.
2457 1969 2727 2038 Praecipue
2773 1984 2892 2023 cum
2923 1969 3082 2023 etiam
3116 1970 3245 2040 ips-.e
3275 1970 3419 2037 leges
3447 1969 3671 2038 publicae
3703 1970 3744 2000 ¹⁶
3768 1986 3853 2025 ec-

2272 2059 2585 2113 clesiasticis
2631 2061 2829 2130 regulis
2856 2061 3237 2130 obsequentes,
3268 2062 3402 2117 tales
3448 2077 3702 2131 personas
3747 2077 3854 2117 non

2275 2149 2378 2202 nisi
2407 2149 2473 2203 ab
2501 2152 2767 2221 episcopis
2799 2152 3076 2207 sanxerint
3120 2153 3365 2223 judicari.
3399 2154 3453 2208 Si
3488 2169 3616 2209 vero
3640 2154 3707 2209 de
3726 2171 3856 2223 qua-

2274 2238 2402 2292 libet
2432 2240 2621 2295 haeresi
2655 2242 2864 2297 fuerant
2901 2243 3149 2312 impetiti,
3186 2253 3334 2298 tanto
3361 2244 3529 2315 magis
3556 2260 3648 2299 eos
3676 2244 3853 2299 decuit

2275 2327 2375 2382 ista
2411 2346 2761 2400 cognoscere,
2795 2334 2883 2403 qui
2914 2346 2966 2388 et
2991 2336 3285 2390 secundum
3319 2334 3589 2404 religionis
3615 2345 3855 2391 tenorem

2274 2432 2494 2488 possent
2537 2423 2633 2476 ista
2675 2424 2982 2495 discutere,
3026 2435 3081 2481 et
3128 2426 3385 2480 haberent
3429 2427 3741 2497 priStinum,
3790 2444 3857 2483 ex

2272 2527 2376 2580 quo
2429 2525 2512 2567 est
2556 2512 2861 2570 Christiana
2914 2517 3137 2586 religio,
3185 2517 3514 2587 pontificium
3557 2518 3853 2587 judicandi.

2271 2607 2375 2658 Aut
2405 2606 2649 2661 catholici
2681 2608 2824 2663 enim
2868 2619 3053 2677 erant,
3098 2621 3189 2663 aut
3234 2609 3502 2673 hzeretici,
3544 2610 3612 2665 de
3657 2611 3855 2679 quibus

2274 2699 2473 2766 passim
2524 2700 2611 2753 illa
2656 2701 2883 2756 ludibria
2917 2705 3260 2773 gerebantur,
3311 2712 3367 2759 et
3405 2704 3677 2758 latrocinia
3708 2705 3859 2759 dete-

2272 2787 2459 2839 standa
2493 2790 2805 2844 smviebant.
2838 2791 2893 2846 Si
2926 2792 3161 2847 haeretici
3185 2835 3197 2856 ,
3232 2793 3411 2861 prodi,
3446 2794 3669 2859 discuti,
3700 2804 3755 2849 et
3784 2794 3861 2849 le-

2270 2879 2454 2946 gitime
2486 2883 2733 2937 convinci
2764 2884 2936 2938 modis
2968 2886 3215 2939 omnibus
3253 2885 3580 2951 debuerant,
3620 2887 3701 2940 vel
3744 2888 3859 2943 suis

2272 2972 2708 3028 confessionibus
2751 2977 2833 3030 vel
2865 2976 3089 3031 aliorum
3119 2978 3340 3033 vocibus
3365 2978 3648 3033 confutari.
3681 2978 3860 3047 Taceo

2260 3065 2393 3132 .quia
2421 3066 2485 3118 ad
2514 3082 2612 3121 nos
2635 3080 2854 3137 paterna
2887 3071 3060 3142 fuerat
3087 3071 3474 3127 consuetudine
3496 3071 3861 3141 referendum,

2272 3164 2585 3227 tantumque
2636 3175 2955 3217 commoneo
3001 3164 3129 3232 quid
3176 3164 3291 3219 fieri
3342 3164 3707 3220 ecclesiastico
3731 3165 3862 3234 jure

587 3246 928 3312 pontificibus
958 3250 1235 3307 catholicis
1264 3269 1603 3313 successores
1651 3260 1886 3318 haeretici
1915 3280 2161 3321 crearen-

2270 3263 2614 3307 convenerat.
2658 3253 2713 3308 Si
2743 3270 2871 3309 vero
2910 3257 3158 3311 catholici
3190 3257 3576 3325 probabantur,
3607 3272 3735 3323 vos,
3768 3263 3862 3328 qul

589 3343 693 3403 Iur,
739 3346 792 3391 et
835 3354 943 3394 non
986 3342 1052 3397 de
1092 3343 1434 3403 inferioribus
1478 3352 1771 3422 quibusque
1814 3355 2158 3426 civitatibus,

586 3427 680 3480 sed
713 3429 873 3482 etiam
916 3435 1310 3503 metropolitani
1345 3440 1620 3508 pontifices
1653 3443 1702 3497 in
1735 3445 1995 3501 catholica
2019 3449 2161 3519 jugi-

587 3525 667 3571 ter
694 3523 1071 3579 communione
1110 3526 1366 3584 durantes
1386 3575 1399 3598 ,
1434 3531 1455 3561 ⁸
1482 3549 1578 3586 cur
1604 3539 1869 3604 compassi
1899 3554 2003 3593 non
2032 3543 2161 3596 estis

586 3610 747 3664 tantis
800 3612 1053 3669 fratribus
1084 3621 1311 3673 vestris?
1352 3637 1446 3677 cur
1483 3641 1585 3679 non
1629 3628 1816 3683 adistis
1869 3631 2161 3701 imperato-

586 3702 741 3757 rem?
791 3719 888 3759 cur
920 3722 1025 3762 non
1060 3710 1311 3767 Ecclesiae
1341 3730 1555 3770 causam
1598 3730 1650 3774 et
1685 3722 1965 3777 sacerdotii
2000 3725 2161 3781 mise-

581 3793 801 3850 rabilem
852 3797 1304 3859 decolorationcm
1337 3809 1659 3864 continuatis
1689 3813 1905 3868 vocibus
1937 3814 2159 3871 deflevi-

580 3888 709 3941 stis?
737 3890 1031 3960 allegantes
1062 3914 1332 3967 nunquam
1360 3903 1427 3957 de
1457 3907 1796 3973 pontificibus
1828 3908 1929 3962 nisi
1975 3912 2160 3966 Eccle-

579 3978 710 4031 siam
743 3979 1013 4047 judicasse
1059 4003 1074 4039 :
1122 4004 1228 4043 non
1285 4008 1404 4049 esse
1458 3996 1808 4055 humanarum
1861 4002 2035 4074 legum
2090 4005 2157 4060 de

581 4066 773 4167 talibus
823 4068 966 4126 ferre
1015 4080 1333 4135 sententiam
1366 4084 1567 4154 absque
1599 4090 1851 4147 Ecclesia:
1883 4066 2153 4167 principa-

578 4157 701 4259 liter
722 4163 1023 4220 constitutis
1048 4170 1416 4237 pontificibus;
1447 4178 1667 4248 obsequi
1690 4184 1864 4239 solere
1883 4157 2155 4259 principes

580 4247 909 4309 ChriSIianos
938 4257 1169 4314 decretis
1202 4260 1491 4331 Ecclesite,
1525 4247 1629 4322 non
1662 4287 1811 4325 suam
1845 4247 2154 4347 praeponere

580 4350 929 4413 potestatem,
959 4350 1223 4419 episeonis
1250 4366 1410 4422 caput
1437 4359 1669 4416 subdere
1698 4366 2149 4435 principemrsoli-

578 4440 719 4500 tum,
752 4453 855 4491 non
888 4440 955 4495 de
985 4456 1169 4498 eorum
1197 4448 1457 4515 capitibus
1503 4452 1765 4520 judicare.
1807 4458 2010 4523 Quibus
2053 4463 2151 4517 Ec-

486 4526 493 4529 ’
576 4523 752 4579 clesia:
774 4530 1044 4598 conciliis,
1079 4550 1180 4602 qua
1211 4539 1419 4607 synodo
1458 4543 1809 4611 pellerentur;
1841 4551 1965 4618 quid
1997 4554 2148 4607 deni-

2267 3359 2372 3398 non
2423 3346 2597 3413 solum,
2641 3346 2693 3401 in
2748 3363 2930 3402 eorum
2982 3349 3299 3419 depulsione
3352 3352 3391 3381 “
3442 3352 3711 3413 eessistis,
3762 3352 3863 3406 sed

2266 3436 2425 3489 etiam
2453 3439 2754 3508 subrogatis
2785 3446 3185 3498 communicare
3214 3442 3489 3513 delegistis
3508 3485 3521 3507 ,
3554 3444 3863 3498 indubitan-

2266 3538 2346 3583 ter
2380 3531 2420 3560 ¹²
2453 3529 2710 3586 Ιητθιὶοἰ.
2750 3533 2851 3599 Qui
2899 3536 3135 3605 depulsis
3177 3537 3455 3591 catholicis
3485 3538 3528 3568 ”
3559 3538 3863 3593 secedenti—

2264 3623 2398 3691 bus,
2450 3642 2553 3680 non
2606 3628 2891 3694 ignorastis
2934 3647 3151 3687 causam
3203 3633 3325 3687 ﬁdei
3358 3636 3862 3704 communionisquo

2265 3713 2546 3770 catholicae
2578 3731 2675 3786 per
2702 3728 2878 3773 tantos
2906 3724 3174 3777 antistites
3198 3732 3309 3777 toto
3335 3725 3465 3778 orbe
3496 3724 3819 3794 patefactam
3843 3743 3862 3791 ;

2262 3807 2356 3861 sed
2386 3807 2543 3877 plane
2571 3810 2804 3867 scientes
2834 3815 3205 3886 volentesque,
3238 3816 3354 3869 sine
3387 3816 3493 3871 ulla
3523 3817 3862 3873 discussione

2262 3919 2473 3969 rerum,
2527 3907 2642 3961 sine
2690 3908 2794 3961 ulla
2845 3909 3090 3979 synodali
3140 3911 3570 3975 examinatione,
3604 3911 3719 3963 sine
3750 3913 3864 3966 ulla

2261 4000 2406 4054 sedis
2446 4003 2755 4069 apostolicae
2809 4007 3142 4069 reverentia,
3196 4008 3505 4061 assensistis
3549 4008 3863 4073 haereticis;

2261 4089 2490 4146 libenter
2528 4093 2820 4159 habentes,
2852 4098 3220 4170 patienterque
3252 4101 3492 4155 sinentcs
3514 4142 3529 4167 ,
3560 4102 3865 4157 catholicos

2260 4181 2530 4235 antistites
2563 4183 2799 4237 inaudita
2834 4188 2979 4253 prius
3009 4197 3061 4242 et
3103 4191 3394 4245 miserabili
3437 4202 3582 4247 sorte
3612 4192 3860 4249 detrudi.

2259 4268 2404 4334 Quos
2437 4272 2480 4325 si
2513 4287 2541 4324 a
2573 4272 2674 4327 fide
2705 4276 2908 4344 integra
2934 4283 3427 4355 communioneque
3457 4287 3723 4341 catholica
3761 4306 3866 4358 pu-

2260 4364 2442 4417 taretis
2465 4380 2667 4430 errare.
2693 4369 2757 4423 ad
2778 4376 3130 4440 apostolicam
3158 4379 3363 4444 sedem,
3386 4383 3681 4437 secundum
3714 4388 3863 4441 scita

2260 4453 2521 4521 majorum
2544 4500 2556 4521 ,
2591 4468 2644 4514 et
2674 4461 2812 4516 sicut
2838 4479 3052 4535 semper
3069 4480 3151 4524 est
3181 4470 3400 4537 factum,
3434 4475 3635 4532 referre
3656 4477 3866 4534 debui—

2256 4550 2353 4603 stis
2388 4568 2401 4603 :
2435 4552 2571 4606 sicut
2601 4554 2669 4610 de
2702 4556 2859 4612 Petro
2915 4561 3176 4633 (Mongo)
3232 4566 3631 4631 Alexandrino,
3664 4572 3751 4625 vel
3788 4573 3866 4629 de

576 4629 677 4684 que
700 4621 1091 4679 commisissent
1122 4670 1135 4693 ,
1189 4639 1245 4691 ut
1285 4631 1401 4687 sine
1436 4635 1539 4688 ulla
1568 4636 1900 4695 discussione
1930 4659 2108 4701 rerum
2129 4692 2144 4716 ,

2270 4639 2596 4699 Antioclteno
2616 4646 2782 4703 Petro
2806 4621 3252 4722 (Gnaplted),'de
3278 4657 3585 4726 (Apameno
3601 4621 3868 4729 ),Joavniie

574 4716 648 4763 tot
675 4711 1033 4772 Ecclesiarum
1075 4723 1330 4790 praesules
1388 4742 1483 4796 pro
1524 4729 1757 4788 humano
1793 4734 1943 4791 libitu
1976 4749 2028 4793 et
2057 4711 2149 4796 scc-

573 4804 772 4860 cularis
821 4813 1099 4876 potestatis
1150 4817 1370 4872 arbitrio
1432 4822 1780 4889 pellerentur.
1842 4829 2145 4904 lnauditos,

576 4894 922 4968 indiscussos,
958 4905 976 4934 "
1004 4907 1279 4963 convictos
1303 4926 1406 4965 non
1430 4913 1626 4969 debere
1650 4920 1887 4985 percelli.
1918 4894 2146 4982 Maxime

574 5000 689 5043 cum
736 5007 884 5047 nevm
913 5010 1090 5051 causa:
1137 5010 1189 5054 et
1227 5016 1361 5059 nova
1407 5021 1584 5061 rerum
1616 5008 1776 5065 facies
1825 5028 2142 5083 appareret,

573 5085 624 5127 nt
676 5097 912 5141 rectores
964 5090 1046 5145 isti
1093 5092 1324 5162 plebium
1373 5101 1667 5168 repentinis
1710 5103 2141 5179 incursionibus,

638 5264 653 5337 ε
798 5266 941 5332 cod.,
974 5272 1181 5326 minime
1208 5282 1625 5337 communicaret.

638 5336 656 5365 '
686 5335 761 5389 Id.
794 5337 938 5398 cod.,
969 5348 1195 5396 tenuere.

796 5408 940 5471 cod.,
962 5412 1327 5480 judicaverint.

638 5477 657 5507 ⁵
688 5478 797 5533 Hoc
841 5477 1097 5546 prmtextu
1140 5482 1372 5539 Joannes

570 5547 691 5603 ιδι.
730 5552 981 5605 Lanaeus.

640 5619 668 5711 ἒ
700 5619 1101 5711 lincunt-fetum
1142 5624 1395 5684 Calandio
1452 5632 1727 5690 Antiochia
1786 5644 1987 5711 ejectus
2049 5661 2137 5701 an.

569 5687 691 5742 485.
724 5690 983 5748 Laenatis.

639 5758 814 5840 ξρριι.
854 5762 1069 5840 V_cr0_n.,
1100 5767 1204 5822 Cur
1224 5771 1377 5840 igitur

641 5828 661 5860 ⁷
686 5828 762 5885 Id.
798 5834 944 5899 cod.,
969 5828 1293 5895 ittconttictos.

1426 5492 1742 5552 Alexandria
1796 5502 2003 5571 ejectus
2050 5520 2139 5558 an.

2257 4738 2311 4783 et
2358 4732 2520 4786 Paulo
2553 4736 2741 4794 fecisse
2790 4754 3123 4799 monstratur
3151 4748 3397 4803 Aeacius.
3446 4752 3550 4808 Sed
3595 4756 3861 4825 quoniam

2258 4827 2529 4881 noveratis
2577 4844 2669 4883 eos
2719 4846 2840 4887 cum
2873 4838 3166 4905 apostolica
3197 4841 3324 4895 sede
3371 4844 3605 4911 sentire,
3640 4858 3694 4901 et
3725 4851 3863 4917 quid

2257 4915 2414 4970 sedes
2468 4922 2764 4987 apostolica
2808 4941 2902 4980 sua
2949 4928 3259 4987 definitione
3288 4948 3567 5001 censeret,
3601 4955 3699 5007 per
3728 4915 3865 4997 illos

2259 5015 2432 5061 tantos
2461 5023 2523 5065 ac
2554 5011 2685 5066 tales
2709 5017 2991 5088 episcopos
3020 5033 3230 5077 constat
3256 5024 3554 5081 Orientales
3580 5031 3864 5087 antistites

2257 5099 2568 5158 nullatenus
2600 5104 2897 5176 ignorasse,
2936 5110 2979 5141 ¹¹⁵
3004 5121 3061 5167 et
3089 5129 3186 5169 vos
3215 5116 3494 5173 catholica:
3523 5128 3684 5191 atque
3714 5138 3864 5193 apo-

2331 5302 2351 5332 ⁸
2379 5300 2453 5355 Id.
2488 5303 2638 5368 cod.,
2666 5318 2906 5364 recentes.

2328 5374 2345 5402 ³
2375 5372 2449 5425 ld.
2479 5374 2624 5438 cod.,
2656 5374 2837 5432 Taceo.

2330 5443 2369 5472 ³ο
2395 5442 2764 5530 (ξρώμτιιερεξ.
2797 5450 2864 5505 de
2897 5449 3178 5530 Episcopls
3206 5471 3324 5526 cap.
3353 5461 3415 5513 st
3436 5466 3505 5530 iet
3535 5460 3863 5530 appendieis

2253 5527 2371 5599 capi.
2395 5516 2502 5599 ,ε
2528 5516 2652 5599 Ιιιεξιιι
2686 5516 2775 5571 lib.
2813 5536 2923 5584 xw,
2944 5516 3038 5599 'tit.
3070 5516 3125 5593 ἱ,
3156 5516 3396 5599 οερίῖδ.
3431 5516 3693 5587 Lsse's'tts.

2326 5585 2365 5613 “
2393 5584 2527 5638 Cod.
2560 5585 2783 5653 Veron.,
2813 5596 3069 5649 cessastis.

2327 5654 2368 5683 ¹¹
2403 5654 2478 5707 Id.
2510 5655 2658 5721 cod.,
2695 5660 2963 5719 amnicis.

2326 5724 2367 5754 ¹³
2400 5725 2475 5777 Id.
2510 5726 2658 5789 cod.,
2689 5736 3089 5792 succedentibus.

2324 5794 2365 5824 "
2394 5794 2468 5849 Id.
2498 5796 2644 5866 cod.,
2676 5809 2723 5855 et
2744 5820 2833 5873 per
2855 5805 2993 5863 illos.

3152 5714 3161 5743 ε
