3948 6314
157 301 225 359 97
1112 302 1117 309 ’
1341 306 1698 363 ΕΡΙδΤΟΙηλΕ

1867 307 2207 365 DECRETA.
3362 322 3433 383 98

156 415 353 473 stolicte
384 416 757 472 communioni
786 417 1089 487 prodidisse
1120 419 1447 486 contrarios,
1480 430 1532 474 et
1556 422 1622 475 ab
1655 436 1745 474 ea-
1772 422 1825 484 Α
1852 422 2217 493 Eutyehianos
2240 426 2573 492 manifestos,
2597 438 2688 483 aut
2708 444 2891 485 eorum
2914 433 3264 491 sectatoribus
3287 452 3431 494 com-

154 509 268 564 dem
293 508 600 576 defecisse,
627 525 753 564 cum
788 525 900 565 non
945 511 1046 565 illis
1071 513 1200 566 estis
1245 515 1494 579 passione
1523 513 1747 581 conjun-

154 605 245 668 cti,
276 603 376 658 sed
423 602 605 671 potius
648 605 1092 671 persecutoribus
1117 621 1301 660 eorum
1333 608 1589 661 societate
1620 622 1747 661 con-

150 694 287 749 nexi.
324 694 427 748 Hic
454 693 612 748 vobis
637 695 881 765 synodus
908 713 1176 766 nunquam
1206 699 1360 752 venit
1385 699 1440 751 in
1471 705 1740 762 mentem;

150 794 200 841 et
225 797 379 841 certe
407 786 480 841 de
511 787 782 855 personis,
814 797 873 842 ut
901 788 1099 843 dictum
1132 800 1231 856 est,
1266 792 1406 844 nulla
1438 791 1604 845 veteri
1630 791 1744 859 lege

149 878 474 934 constrictis.
510 879 608 934 llic
636 881 787 934 nullo
808 882 1066 947 consilio,
1113 898 1219 937 non
1263 884 1421 938 unius
1466 885 1611 938 urbis
1656 885 1741 938 vel

148 971 309 1025 unius
340 970 617 1040 epise0pi,
650 972 749 1027 sed
778 974 938 1027 totius
967 973 1201 1027 Orientis
1239 974 1541 1042 Ecclesias,
1581 974 1744 1029 subiit

150 1060 389 1114 animum
422 1071 666 1116 vestrum
712 1062 855 1117 facto
902 1064 1220 1118 sacerdotali
1272 1066 1503 1119 concilio
1543 1064 1741 1120 debere

152 1154 348 1205 curari.
383 1152 497 1207 Sed
530 1152 805 1219 homines,
837 1155 925 1224 qui
956 1155 1006 1208 in
1038 1155 1360 1209 contrariam
1392 1167 1596 1225 partem
1630 1164 1740 1211 toto

152 1244 428 1311 proposito
447 1285 464 1308 ,
494 1253 550 1298 et
586 1254 699 1298 toto
727 1247 1069 1301 recesseratis
1098 1246 1204 1320 [αι.
1242 1246 1584 1319 recideratis]
1613 1248 1739 1303 affe-

145 1344 263 1398 ctu,
315 1336 549 1389 concilia
584 1337 761 1405 potius
793 1338 1094 1393 necessaria
1120 1338 1279 1393 etiam
1303 1340 1480 1393 studio
1504 1340 1739 1394 declina-

145 1424 259 1487 stis,
289 1438 358 1477 ue
378 1438 478 1492 per
506 1426 698 1479 eadem
728 1428 832 1481 tale
859 1428 1055 1497 aliquid
1073 1438 1399 1495 censeretur,
1431 1446 1536 1500 quo
1564 1432 1734 1495 vobis,

142 1516 300 1569 rebus
331 1516 627 1571 evidenter
655 1519 887 1573 ostensis
928 1528 983 1574 et
1031 1520 1269 1589 legitime
1313 1521 1628 1586 confutatis,
1681 1524 1734 1577 in

139 1609 525 1664 bareticorum
584 1627 689 1665 non
735 1612 921 1667 liceret
970 1615 1152 1668 venire
1195 1614 1543 1668 consortium.
1597 1614 1733 1680 Quid

136 1700 297 1770 igitur
349 1702 421 1755 de
484 1702 787 1769 ignorantia
838 1703 1194 1772 praetenditis,
1246 1719 1367 1758 cum
1419 1719 1513 1773 per
1564 1714 1731 1759 totum

1851 520 2226 575 municantes?
2259 522 2381 577 Haec
2414 526 2577 591 pestis
2598 528 2733 594 apud
2757 544 2849 584 eos
2873 531 3134 601 hodieque
3156 535 3425 602 perdurat.

1850 606 2121 677 Siquidem
2154 621 2207 666 et
2234 627 2353 666 cum
2386 612 2544 667 Petro
2574 617 2965 686 Alexandrino,
2998 632 3197 676 etcum
3240 627 3428 681 Antio-

1846 702 2018 755 cheno
2060 704 2244 771 Petro,
2293 704 2661 762 indifferenter
2692 709 2725 762 ii
2757 711 2843 778 qui
2875 712 3125 770 catholici
3156 732 3428 775 successe-

1847 801 1965 847 rant
2010 797 2386 852 communione
2436 802 2680 867 permixti
2728 812 2880 866 sunt,
2929 813 2983 859 et
3022 812 3423 871 successoribus

1847 886 2121 955 utriusque
2149 888 2295 943 Petri
2325 889 2586 961 hodieque
2619 895 2926 950 miscentur.
2967 899 3059 953 His
3087 900 3223 955 adde
3260 905 3421 961 etiam

1844 974 1967 1029 illos
2001 980 2111 1047 qui,
2147 979 2270 1033 licet
2297 982 2576 1037 catholicis
2611 1000 2714 1038 non
2747 990 3122 1057 successerint,
3159 995 3253 1048 sed
3295 995 3421 1052 dum

1842 1069 2087 1123 catholici
2122 1073 2396 1139 pontifices
2443 1075 2784 1143 haberentur,
2843 1073 3025 1135 talium
3077 1098 3137 1137 se
3183 1099 3423 1142 commu-

1842 1160 2002 1215 nione
2026 1162 2335 1229 junxerunt.
2372 1166 2495 1220 Haec
2525 1168 2612 1221 illa
2644 1170 2895 1239 mixtura,
2931 1173 3044 1229 haec
3073 1186 3155 1231 est
3182 1178 3268 1233 illa
3291 1195 3421 1234 con-

1840 1252 2009 1317 fusio,
2066 1270 2167 1323 qua
2225 1272 2318 1324 per
2369 1258 2639 1314 Orientem
2698 1271 2861 1318 totum
2914 1266 3055 1321 inter
3101 1269 3419 1327 catholicam

1842 1340 2253 1414 hmreticamque
2308 1352 2740 1405 communionem
2800 1354 2942 1409 nulla
2994 1357 3247 1415 discretio
3288 1370 3416 1421 est:

1839 1430 1948 1486 imo
1980 1434 2063 1500 qui
2097 1434 2329 1491 discerni
2371 1442 2684 1511 tentaverit,
2730 1447 2907 1513 potius
2950 1448 3177 1505 habetur
3207 1453 3422 1509 hacreti-‘

1840 1538 1934 1578 cus
1957 1569 1970 1591 ,
2023 1532 2394 1596 persecutione
2426 1537 2753 1601 percellitur,
2782 1541 2985 1595 exsiliis
3033 1552 3087 1597 et
3130 1544 3419 1603 afﬂictione

1838 1618 2109 1673 multatur.
2160 1620 2344 1675 Restat
2385 1640 2511 1693 ergo
2544 1636 2599 1678 ttt
2632 1628 2683 1680 in
2727 1629 2835 1684 hac
2862 1633 3163 1688 colluvione
3201 1646 3418 1692 cuncto-

1841 1725 1976 1774 rum,
2010 1713 2143 1766 sicut
2175 1715 2415 1784 quisquis
2445 1717 2513 1770 ab
2538 1720 2725 1775 eadem
2757 1733 3036 1791 separatus
3056 1734 3162 1795 est,
3188 1729 3415 1785 sincera:

134 1796 415 1849 Orientem
446 1796 775 1850 catholicam
807 1796 963 1850 tidem
999 1796 1532 1866 communionemque
1561 1798 1734 1853 since-
1764 1786 1810 1847 Β
1836 1803 2227 1857 communionis
2271 1815 2325 1860 et
2366 1807 2485 1862 ideo
2531 1811 2827 1867 catholicus
2883 1810 3262 1887 comprobatur
3293 1837 3307 1875 :
3342 1822 3414 1878 ita

130 1905 249 1942 ram
284 1889 400 1942 sedi
432 1890 746 1958 apostolicae
772 1900 1177 1960 congruentem,
1208 1907 1313 1944 non
1337 1892 1507 1945 solum
1530 1907 1730 1961 cogno-

130 1983 275 2036 visse
326 1992 407 2036 tot
452 1983 737 2052 pontiﬁces
769 1983 1055 2049 videbatis,
1106 1983 1203 2038 sed
1254 1984 1413 2038 etiam
1457 1998 1624 2052 usque
1664 1985 1731 2045 ad

138 2083 455 2125 extremum
511 2072 949 2126 constantissime
990 2072 1328 2127 defendisse?
1378 2073 1430 2128 Si
1480 2088 1576 2128 nos
1626 2088 1729 2129 non

130 2162 439 2215 audieratis
471 2162 597 2229 quid
625 2162 692 2217 de
724 2162 831 2217 fide
874 2172 927 2217 et
955 2164 1330 2219 communione
1360 2164 1619 2219 catholica
1651 2175 1730 2220 at-

129 2267 244 2321 que
271 2252 572 2321 apostolica
601 2267 973 2320 censeremus,
1020 2254 1141 2310 illos
1164 2256 1405 2323 aspicere
1433 2257 1725 2322 debuistis,

128 2356 190 2400 et
221 2354 315 2399 aut
348 2346 522 2414 sequi,
557 2347 599 2399 si
627 2346 929 2400 credebatis
959 2362 1076 2402 esse
1103 2348 1430 2417 catholicos,
1466 2358 1558 2403 aut
1587 2350 1725 2419 apud

128 2437 493 2505 apostolicam
542 2438 723 2491 sedent
772 2439 949 2507 potius
994 2454 1282 2508 accusare,
1334 2443 1377 2495 si
1429 2442 1727 2498 credebatis

130 2544 378 2583 errasse.
404 2528 541 2595 Quid
568 2530 688 2584 illos
708 2530 863 2599 juvat
901 2531 984 2585 vel
1026 2546 1123 2585 suo
1164 2535 1439 2602 proposito
1471 2535 1613 2589 illam
1648 2545 1724 2589 te-

124 2621 327 2675 nuisse
377 2623 729 2688 sententiam,
790 2627 806 2653 ι
854 2632 945 2677 aut
988 2627 1356 2693 cognoscendo
1405 2628 1528 2697 quid
1569 2629 1724 2684 sedes

124 2714 431 2783 apostolica
480 2715 764 2769 deﬁniret?
795 2719 900 2769 Aut
930 2716 1088 2786 igitur
1114 2714 1346 2787 collegas
1364 2728 1418 2773 et
1440 2718 1628 2775 fratres
1656 2723 1723 2777 de

122 2806 387 2876 proximo
432 2806 484 2859 in
530 2819 819 2876 conspectu
854 2820 1066 2876 vestro,
1100 2810 1188 2864 vel
1231 2811 1523 2868 catholicos
1571 2814 1723 2884 sequi

123 2895 417 2959 debuistis,
449 2898 529 2950 vel
555 2897 813 2967 impetere
835 2899 882 2954 si
905 2900 1207 2956 credebatis
1235 2918 1448 2968 etrare;
1483 2921 1581 2960 nec
1616 2906 1723 2961 illis

121 3005 156 3041 θ
192 2989 394 3057 quibus
434 2990 581 3043 nullo
609 2990 919 3047 discrimine
948 2994 1295 3062 vexabantur,
1329 3000 1569 3065 prmbere
1593 3014 1723 3054 con-

122 3094 389 3143 sensum,
431 3083 602 3136 donec
634 3086 831 3139 veritas
851 3101 915 3140 ex
944 3088 1190 3143 omnibus
1227 3089 1488 3158 patefacta
1513 3102 1722 3147 consta-

1836 1892 2076 1961 quisquis
2122 1894 2266 1950 illius
2298 1900 2597 1955 detestandi
2636 1908 2940 1961 commercii
2973 1910 3237 1981 particeps
3267 1913 3416 1970 inve-

1836 1984 2038 2052 nietur,
2087 1997 2340 2054 quantum
2373 2004 2401 2041 a
2433 1992 2639 2047 sincera
2693 2000 3102 2067 communione,
3136 2012 3338 2059 tantum
3379 2021 3411 2062 a

1835 2076 2096 2130 catholica
2146 2088 2304 2147 atque
2336 2084 2630 2150 apostolica
2661 2087 3015 2146 sit'remotus.
3046 2092 3155 2148 Nec
3180 2107 3413 2163 prieten-

1832 2167 1924 2220 dat
1950 2170 2268 2240 quisquam,
2319 2176 2460 2242 quod
2493 2176 2648 2231 alicui
2682 2178 2900 2235 forsitan
2942 2184 3253 2241 evidentiori
3305 2204 3411 2243 non

1832 2260 2287 2316 communicasset
2319 2265 2399 2318 vel
2440 2269 2835 2325 communicare
2862 2272 3105 2329 videatur
3136 2276 3407 2334 haeretico.

1830 2348 1967 2415 Quid
2003 2352 2144 2405 enim
2170 2353 2321 2422 juvat
2342 2400 2355 2423 ,
2390 2358 2433 2410 si
2466 2358 2540 2412 illi
2568 2375 2673 2414 non
2718 2365 3105 2434 communicet,
3132 2376 3187 2423 et
3217 2369 3299 2425 his
3329 2381 3406 2427 ta-

1829 2456 1953 2496 men
1982 2446 2354 2502 communione
2383 2448 2685 2519 ‘jungitur,
2715 2457 2803 2524 qui
2836 2456 2905 2511 ab
2946 2459 3088 2515 illius
3132 2478 3236 2516 non
3284 2474 3408 2520 sunt

1829 2538 2203 2592 communione
2251 2538 2485 2595 diversi?
2514 2544 2662 2609 Quod
2695 2546 2738 2599 si
2769 2561 2952 2602 eorum
2990 2552 3117 2605 nulli
3167 2566 3409 2610 (ommu-

1828 2626 2052 2692 nicavit,
2104 2631 2186 2684 vel
2228 2647 2329 2686 non
2386 2639 2604 2689 omnino
2652 2642 3047 2707 communicat,
3077 2628 3290 2700 lticerit
3318 2648 3408 2705 ille

1827 2718 2077 2782 sinceras,
2125 2722 2401 2777 catholicae
2421 2766 2436 2789 ,
2484 2729 2898 2800 apostolicteque
2924 2738 3318 2793 communionis
3343 2752 3400 2795 et

1827 2810 1986 2880 ﬁdei,
2032 2814 2226 2884 alioqui
2275 2817 2423 2872 nullo
2472 2818 2631 2873 modo
2675 2824 2870 2890 poterit
2912 2824 3219 2884 indiscrete
3264 2832 3406 2887 illius

1828 2905 2101 2961 mixtionis
2151 2908 2475 2963 insincerum
2508 2911 2678 2967 vitare
2721 2917 3046 2985 contagium.
3090 2919 3201 2973 Hoc
3246 2922 3405 2977 modo

1826 2997 1985 3050 etiam
2018 2996 2106 3052 ille
2136 2998 2216 3051 vir
2241 2998 2411 3054 bonus
2439 3001 2666 3056 Aeacius
2711 3004 3049 3061 Antiocheno
3094 3008 3285 3074 Petro,
3320 3011 3404 3066 cui

1826 3102 1885 3142 se
1914 3089 2091 3158 palam
2122 3104 2226 3144 non
2256 3092 2652 3149 communicare
2688 3094 2952 3165 jactabat,
3004 3113 3099 3193 per
3125 3101 3260 3156 alios
3288 3102 3405 3159 sine

127 3181 251 3232 ret,
284 3182 340 3225 et
368 3175 683 3242 regulariter
711 3177 779 3230 de
824 3178 903 3231 eis
946 3179 1286 3235 ecclesiastici
1322 3184 1507 3251 judicii
1553 3185 1724 3241 forma
1756 3161 1802 3225 ο
1831 3180 2079 3250 ambiguo
2107 3184 2532 3240 communicasse
2582 3185 2865 3255 detegitur.
2918 3162 3101 3260 Neque
3148 3192 3290 3246 enim
3336 3194 3405 3247 ab

125 3263 479 3335 procederet.
511 3265 604 3319 Sin
639 3282 767 3321 vero
804 3270 946 3324 sedis
983 3272 1293 3339 apostolicae
1324 3269 1567 3344 t’egulam
1595 3280 1724 3332 sub-

128 3359 415 3427 sequendo
447 3359 851 3429 perspiciebatis
900 3363 1021 3417 illos
1062 3363 1200 3419 hanc
1249 3374 1433 3421 tenere
1475 3380 1727 3425 constan-

130 3450 290 3515 tiam,
314 3460 708 3520 consequenter
736 3468 833 3521 per
862 3454 1003 3520 illos,
1035 3466 1088 3509 et
1118 3456 1243 3525 quid
1270 3466 1453 3513 nostra
1474 3460 1725 3517 ‘detinitio

132 3546 456 3611 contineret,
489 3561 596 3599 non
627 3547 885 3602 habuistis
937 3549 1236 3617 incertum;
1268 3562 1323 3607 et
1348 3553 1567 3609 illorum
1601 3572 1723 3625 per-

135 3635 476 3689 secutoribus
508 3637 826 3706 annuendo,
857 3653 884 3691 a
917 3639 1056 3694 sedis
1080 3643 1412 3713 apostolicae,
1437 3660 1543 3700 non
1574 3649 1723 3717 igno-

138 3740 322 3783 rantes
346 3729 463 3797 ejus
494 3730 814 3785 sententiam
838 3771 854 3798 ,
903 3735 1172 3789 consortio
1200 3740 1586 3793 retrocessistis
1618 3740 1720 3811 [αι.

139 3835 235 3875 vos
267 3820 642 3892 retraxistis].
665 3821 731 3876 Et
759 3822 935 3878 adhuc
961 3823 1137 3879 dicitis
1167 3826 1444 3894 ignorasse
1471 3845 1570 3883 vos
1595 3834 1721 3901 quid

140 3912 298 3967 sedes
315 3912 612 3981 apostolica
642 3914 956 3983 censuisset,
986 3930 1106 3969 cum
1136 3916 1204 3969 ab
1234 3918 1336 3972 illis
1357 3921 1724 3977 sacerdotibus

141 4005 400 4059 catholica
433 4004 541 4059 [ide
567 4016 622 4060 et
651 4006 1023 4061 communione
1046 4008 1391 4077 pollentibus,
1417 4026 1521 4065 non
1546 4014 1724 4069 verbis

140 4112 224 4152 aut
271 4098 503 4163 litteris,
556 4099 651 4154 sed
700 4102 943 4169 personis
994 4105 1383 4171 praesentibus,
1433 4106 1722 4164 didiceritis

138 4192 384 4245 universa
411 4230 429 4255 ,
456 4200 512 4245 et
541 4190 608 4245 ab
635 4190 820 4246 eadem
852 4207 947 4246 vos
981 4196 1196 4263 proprio
1217 4196 1418 4263 judicio
1444 4213 1723 4267 separasse

138 4285 447 4339 videamini.
473 4285 497 4315 ³
532 4284 719 4339 Dicitis
755 4287 914 4341 etiam
944 4288 965 4318 ³
986 4290 1247 4359 synodum
1286 4292 1337 4345 in
1367 4291 1524 4346 unius
1554 4293 1724 4347 homi-

139 4378 215 4431 nis
242 4392 477 4448 persona
530 4378 777 4432 debuisse
807 4383 1055 4446 tractari,
1104 4397 1261 4451 quam
1307 4382 1360 4437 in
1407 4384 1722 4440 damnandis

140 4470 294 4522 tantis
345 4466 692 4536 pontiﬁcibus
736 4470 1014 4524 catholicis
1052 4487 1156 4525 non
1188 4474 1471 4540 quaesistis.
1520 4475 1721 4540 Quibus

139 4568 307 4612 autem
342 4558 543 4621 vultis,
576 4567 634 4611 ut
661 4557 728 4612 de
759 4561 942 4614 talium
985 4576 1263 4617 causarum
1313 4565 1572 4621 relatione
1601 4582 1717 4623 cre-

138 4647 361 4703 damus?
413 4648 697 4703 catholicis
724 4664 788 4703 an
822 4651 1120 4707 haereticis?
1154 4655 1219 4708 ab
1246 4658 1388 4709 omni
1439 4657 1718 4714 haeretico-

135 4750 249 4795 rum
294 4742 623 4810 contagione
663 4742 937 4809 discretis,
969 4760 1037 4796 an
1069 4744 1436 4801 haereticorum
1479 4765 1718 4805 commu-

138 4832 295 4886 nione
321 4831 546 4901 pollutis
569 4832 593 4885 ‘f
622 4832 751 4899 Quis
781 4842 957 4887 autem
989 4849 1094 4889 non
1121 4836 1298 4891 videat
1326 4839 1446 4894 illos
1479 4856 1599 4896 esse
1623 4857 1715 4897 ca-

138 4922 364 4978 tholicos
405 4938 456 4978 et
500 4924 569 4978 ab
596 4925 743 4978 omni
774 4926 1021 4981 hazretica
1056 4937 1202 4997 peste
1227 4945 1446 4999 prorsus
1481 4935 1706 5001 alienos,

133 5016 226 5081 qui
258 5017 481 5084 propriis
537 5015 757 5070 urbibus
801 5016 1024 5085 detrusi,
1054 5027 1107 5073 et
1134 5020 1185 5073 in
1215 5022 1458 5077 exsilium
1490 5036 1612 5079 sunt
1633 5042 1717 5082 re-

134 5102 285 5156 dacti
312 5119 328 5154 :
353 5113 405 5157 et
429 5119 521 5159 eos
547 5106 637 5175 qui
664 5107 1044 5175 superstitibus
1070 5110 1348 5165 catholicis
1375 5128 1714 5171 successores

132 5194 253 5250 fieri
282 5195 396 5249 ausi
422 5208 537 5251 sunt
558 5242 572 5266 ,
622 5197 918 5254 catholicos
938 5201 1156 5256 omnino
1184 5216 1291 5257 non
1320 5218 1443 5261 esse
1461 5246 1476 5274 ,
1507 5209 1598 5263 sed
1625 5220 1714 5265 aut

198 5404 214 5433 ¹
243 5400 320 5457 Id.
351 5400 498 5467 cod.,
528 5418 597 5455 an
614 5404 979 5470 cognoscendo.

194 5475 215 5504 ³
243 5473 422 5548 Hicin
442 5473 576 5548 _co_d.
608 5471 901 5548 Yeroneusi
940 5473 1245 5548 inseruntur
1273 5491 1335 5531 ea
1367 5493 1485 5548 quae
1520 5491 1701 5547 protu-

130 5543 185 5618 lit
230 5545 298 5618 cl.
344 5541 592 5596 Maﬂeius
620 5543 803 5618 in__s_ua
834 5544 1141 5618 praefatione
1172 5546 1235 5599 ad
1266 5541 1696 5618 supplementum

131 5615 445 5667 Acacianum
468 5653 482 5675 ,
515 5620 646 5666 tom.
677 5612 797 5677 Vll,
826 5627 943 5682 pag.
990 5615 1142 5669 1069.
1196 5618 1300 5672 Sed
1334 5612 1463 5673 eum
1512 5624 1697 5677 eadem

132 5685 339 5738 omnino
395 5685 644 5752 legantur
702 5683 755 5735 iit
811 5684 1032 5751 epistola
1079 5686 1273 5740 Gelasii
1316 5691 1379 5743 ad
1426 5692 1700 5747 Dardaniae

132 5757 401 5822 episcopos
460 5768 570 5811 non
646 5754 821 5808 solum
888 5756 939 5808 in
984 5756 1218 5811 editione
1272 5758 1552 5817 Labbeana
1605 5764 1699 5818 sed

1828 3273 2097 3340 omnium,
2141 3277 2228 3343 qui
2289 3277 2626 3331 Antiocheno
2684 3278 2844 3334 Petro
2900 3284 3402 3353 communicabant,

1828 3377 2000 3420 semet
2030 3367 2256 3421 Aeacius
2283 3370 2662 3425 communioxie
2705 3374 3005 3442 suspendit.
3052 3378 3130 3431 Ac
3169 3392 3264 3447 per
3304 3378 3404 3434 hoc

1827 3457 1951 3527 quid
1995 3459 2220 3527 profuit,
2268 3461 2409 3530 quod
2452 3461 2616 3518 videri
2668 3464 2880 3519 volebat
2929 3464 3004 3519 illi
3064 3467 3240 3536 palam
3299 3484 3401 3525 non

1826 3552 2243 3617 communicare,
2277 3554 2362 3608 cui
2394 3570 2489 3622 per
2514 3571 2641 3611 suos
2671 3557 2964 3626 complices
2994 3558 3273 3614 subsicivm
3299 3560 3381 3631 [al

1826 3640 1926 3694 sub
1961 3641 2147 3712 signo]
2202 3645 2594 3699 communionis
2646 3646 2998 3701 nectebatur?
3043 3649 3404 3705 Alexandrino

1825 3730 1985 3786 Petro
2012 3735 2427 3789 communicavit
2447 3737 2693 3790 Aeacius.
2727 3737 2832 3791 Sed
2864 3739 3035 3795 donec
3058 3740 3268 3793 advixit
3298 3745 3405 3805 Au-

1826 3825 2104 3879 tiocltenus
2133 3826 2352 3891 Petrus,
2396 3829 2483 3896 qui
2516 3829 2697 3898 utique
2743 3838 2864 3897 post
2908 3832 3232 3886 Acacianum
3281 3848 3401 3889 cum

1825 3917 1986 3972 Petro
2016 3918 2378 3973 Alexandrino
2420 3917 2593 3972 foedus
2641 3919 2829 3975 initum
2858 3921 3140 3979 defunctus
3169 3926 3403 3981 ostendi-

1826 4016 1931 4074 tur,
1958 4024 2225 4078 nunquam
2257 4008 2593 4064 Antioclteno
2619 4009 2778 4065 Petro
2799 4013 3194 4069 Alexandrinus
3211 4016 3403 4073 Petrus

1825 4102 2221 4156 communicare
2250 4101 2429 4155 desiit.
2452 4100 2604 4168 Quod
2631 4104 3017 4161 catholicorum
3052 4107 3290 4162 continet
3319 4125 3403 4164 re-

1825 4194 1953 4248 latio
1981 4192 2339 4259 sacerdotum,
2366 4203 2790 4266 ezeterorumque
2808 4199 2828 4228 ⁸
2853 4197 2906 4251 iu
2922 4199 3181 4255 catholica
3205 4201 3403 4257 duran-

1826 4287 1979 4352 tium,
2012 4300 2111 4341 nec
2135 4286 2517 4340 conscientiam
2557 4288 2725 4343 latere
2759 4297 2934 4357 potest
2958 4291 3121 4345 totius
3143 4291 3398 4349 Orientis.

1825 4380 1889 4432 Et
1918 4387 1976 4431 ut
2003 4388 2241 4443 taceam,
2274 4377 2414 4446 quod
2447 4392 2538 4443 per
2580 4378 2754 4446 ipsum
2800 4380 3067 4436 Zenonem
3115 4382 3401 4451 imperato-

1824 4485 1959 4535 rem,
1989 4468 2078 4539 qui
2109 4470 2291 4537 utique
2325 4466 2656 4521 Anliocheno
2684 4468 2876 4537 Petro,
2908 4486 3065 4539 quem
3090 4471 3399 4528 introduxe-

1826 4571 1937 4629 rat,
1964 4572 2016 4615 et
2045 4561 2196 4629 cujus
2231 4559 2586 4614 sacerdotium
2612 4560 3074 4628 comprobaverat,
3102 4564 3216 4618 sine
3240 4565 3400 4621 dubio

1825 4652 2201 4708 communione
2260 4650 2585 4720 permixtus,
2654 4653 3083 4707 communicabat
3143 4655 3395 4724 Aeacius,

1824 4746 2082 4815 plurimos
2147 4742 2475 4796 diversarum
2542 4741 2749 4796 urbium
2802 4744 3059 4811 praesules
3118 4759 3398 4814 possumus

1823 4838 2211 4901 demonstrare,
2241 4834 2433 4905 quibus
2457 4848 2577 4887 cum
2610 4835 2943 4889 Antioclteno
2969 4836 3128 4890 Petro
3155 4851 3395 4891 commu-

1824 4930 2124 4985 nicantibus
2174 4926 2520 4982 nihilominus
2572 4926 2999 4980 communicabat
3046 4930 3295 4993 Aeacius,
3343 4938 3398 4985 et

1824 5040 1920 5094 per
1951 5023 2069 5076 illos
2110 5020 2447 5075 Antiocheno
2477 5018 2901 5073 communicabat
2926 5029 3315 5088 consequenter
3342 5029 3398 5076 et

1822 5116 1999 5171 Petro.
2031 5112 2135 5168 Sed
2174 5111 2287 5164 haec
2312 5108 2450 5176 apud
2482 5106 2696 5161 Graecos
2746 5107 2919 5162 facilis
2963 5118 3017 5163 et
3060 5110 3396 5181 inculpabilis

1823 5218 2038 5279 putatur
2067 5218 2185 5260 esse
2215 5200 2514 5273 permixtio,
2545 5199 2684 5269 apud
2714 5215 2847 5270 quos
2873 5200 3016 5257 nulla
3045 5213 3128 5258 est
3155 5205 3265 5259 veri
3296 5204 3397 5260 fal-

1813 5414 1970 5467 etiam
2020 5411 2073 5465 in
2114 5408 2511 5478 Quesnelliana,
2545 5422 2607 5462 ac
2662 5408 2712 5461 in
2769 5408 3390 5464 eodemmetVeronensi

1809 5484 2024 5545 codice,
2055 5481 2106 5533 in
2131 5495 2237 5550 quo
2265 5480 2382 5550 solo
2409 5478 2493 5532 hic
2522 5480 2798 5548 repetitur,
2828 5480 2915 5532 illa
2942 5480 3115 5548 potius
3146 5480 3383 5547 epistolae

1810 5555 1877 5608 ad
1912 5549 2185 5606 Dardanas
2208 5549 2589 5618 adjudicarem.

1884 5624 1903 5652 ³
1938 5622 2010 5675 ld.
2045 5623 2187 5684 cctl.,
2220 5620 2281 5671 fit
2304 5620 2473 5672 adhuc
2500 5620 2669 5671 dicitis
2690 5618 2961 5686 synodum.

1884 5692 1904 5722 ⁸
1934 5693 2006 5745 Id.
2039 5694 2179 5755 cod,
2211 5692 2475 5760 jungatur.

1885 5764 1903 5792 ι
1932 5764 2006 5815 Id.
2039 5763 2183 5826 cod.,
2212 5759 2261 5813 in
2283 5759 2535 5813 catholica
2568 5759 2687 5825 ﬁde.
