3958 6312
523 366 619 423 ΒΗ

700 479 813 532 1am
847 491 984 529 nunc
1017 474 1231 530 secandi
1261 475 1450 528 doctus
1480 472 1619 528 adsit
1650 476 1839 530 artifex
1868 494 1879 526 :

772 569 872 633 Qui
898 579 1087 623 cuncta
1116 568 1257 622 norit
1282 564 1542 623 viseerum
1567 551 1796 621 confinia

774 660 869 715 Vel
895 675 1029 715 nexa
1057 662 1239 715 nervis
1264 661 1537 730 disparare
1567 659 1791 715 vincula.

773 756 904 809 Date
927 755 1090 820 hunc,
1122 753 1346 809 revulsis
1372 755 1458 823 qui
1492 754 1736 809 medetur
1762 754 1994 819 ossibus,

781 849 824 916 ι
836 844 991 916 ιω
1006 847 1111 899 Aut
1131 845 1295 900 fracta
1320 843 1471 898 nodis
1490 845 1729 899 sarciens
1744 844 2099 914 compaginat.

705 936 960 1005 Linguam
985 938 1217 1005 priorem
1242 935 1489 990 detrahat
1513 935 1785 1015 radicitus,

776 1027 905 1095 Quae
932 1043 1156 1098 corpore
1186 1028 1326 1083 omni
1357 1028 1473 1083 sola
1511 1029 1642 1083 vivit
1669 1029 1914 1096 nequior.

781 1118 873 1172 Illa
904 1127 959 1173 et
980 1120 1193 1189 procaci
1224 1120 1453 1189 pessima
1484 1121 1535 1173 in
1564 1130 1777 1174 nostros
1800 1120 1931 1174 deos

777 1208 986 1264 Invecta
1018 1218 1188 1276 motu,
1216 1210 1297 1265 fas
1323 1210 1620 1280 profanavit
1644 1220 1818 1277 vetus,

781 1301 964 1355 Audax
996 1310 1049 1357 et
1078 1302 1175 1370 ipsi
1203 1316 1308 1356 non
1330 1304 1572 1372 pepercit
1595 1303 1845 1371 principi.

710 1393 889 1449 Aristo
915 1395 1128 1465 quidam
1160 1395 1398 1450 medicus
1429 1398 1631 1451 accitus
1664 1395 1827 1463 venit,

785 1486 1030 1543 Proferre
1070 1488 1301 1558 linguam
1348 1488 1633 1559 prtecipit:
1675 1486 1877 1557 profert
1928 1485 2105 1539 statim

789 1579 986 1651 Martyr
1014 1589 1290 1649 retectam,
1324 1581 1507 1651 pandit
1537 1582 1639 1638 ima
1669 1590 1723 1637 et
1751 1578 2001 1635 faucium.

528 848 632 903 890

534 1297 638 1353 895

1625 363 1897 419 AUR‘ELII
1936 362 2301 420 PRUDENTII
2341 362 2665 420 CARMINA.

2136 482 2183 539 Δ

3680 362 3784 416 512

2456 474 2553 529 Ille
2582 483 2632 527 et
2650 470 2889 541 palatum
2921 477 3136 534 tractat,
3170 476 3223 522 et
3249 468 3417 534 digito
3446 468 3655 523 exitum

2464 564 2619 620 Vocis
2647 576 2953 633 pererrans,
2985 559 3194 615 vulneri
3224 559 3469 629 explorat
3492 560 3687 615 locum.

2386 661 2641 728 Linguam
2669 656 2864 713 deinde
2890 656 3047 725 longe
3073 655 3140 709 ab
3164 669 3259 709 ore
3287 654 3627 723 prOtrahens,

2465 751 2670 825 1141
2697 750 3017 821 Scalpellum
3046 748 3099 804 in
3127 762 3295 819 usque
3322 758 3509 819 guttur
3533 749 3790 806 insertans

3564 842 3725 915 [agit.

2212 568 2317 625 900

2459 938 2554 993 lllo
2585 936 2905 999 secantelila
2932 934 3131 991 sensim
3159 934 3391 1005 singula,

2461 1031 2741 1102 Nunquam
2789 1027 3079 1085 momordit
3124 1038 3358 1100 martyr,
3416 1037 3512 1083 aut
3561 1043 3625 1083 os
3667 1029 3792 1083 den-

3564 1120 3730 1193 [tibus

2463 1215 2793 1286 Compressit
2814 1215 2999 1282 arctis,
3024 1230 3123 1271 nec
3147 1230 3396 1272 cruorem
3424 1214 3658 1271 sorbuit.

2395 1308 2650 1364 lmmotus
2675 1318 2729 1363 et
2758 1316 2973 1377 patente
2999 1308 3133 1362 rictu
3153 1307 3417 1374 constitit,

2464 1401 2597 1455 Dum
2631 1399 2849 1469 sanguis
2872 1409 3025 1454 extra
3053 1398 3239 1455 deﬂuit
3266 1400 3600 1455 scaturiens:

2464 1489 2685 1545 Perfusa
2708 1489 2933 1560 pulcher
2961 1499 3139 1547 menta
3168 1504 3325 1545 russo
3353 1500 3642 1546 stemmate

2464 1579 2614 1668 fert,
2642 1589 2699 1635 et
2726 1580 2936 1636 cruenti
2964 1581 3201 1650 pectoris
3239 1590 3449 1652 spectat
3471 1581 3659 1646 decus.

2214 1218 2319 1275 005

1852 1691 2138 1750 GLOSSE
2181 1693 2496 1750 VETERES

605 1803 728 1877 888.
759 1805 1062 1877 Disparare.
1088 1823 1343 1877 separare,
1369 1807 1488 1861 Vat.
1520 1808 1585 1861 A.

605 1874 729 1930 889.
764 1876 933 1944 Hunc,
968 1874 1150 1944 talem,
1171 1878 1285 1930 Vat.
1314 1879 1379 1930 A.

605 1944 753 2026 894._
782 1947 903 2015 Fas,
954 1947 1132 2019 legem,
1172 1946 1291 2002 Vat.
1336 1952 1399 2002 A.
1440 1978 1509 1988 —
1560 1947 1937 2017 Prophanav't,
1987 1963 2106 2001 cor-

532 2016 696 2080 rupit,
731 2016 769 2072 I.
1003 2016 1018 2019 ⁷

604 2086 730 2142 896.
760 2088 993 2150 Accitus,
1026 2100 1321 2155 advocatus,
1349 2089 1365 2143 l

604 2156 726 2211 902.
753 2158 1096 2224 Scalpellnm,
1128 2176 1283 2230 genus
1310 2162 1431 2227 ferri
1458 2175 1554 2225 quo
1581 2161 1760 2213 medici
1790 2169 2104 2230 utunturq—
2168 2202 2198 2209 -.

535 2226 826 2293 Insertans,
847 2226 1150 2284 immittens}
1181 2226 1427 2284 insertare
1454 2238 1524 2283 est
1554 2231 1823 2284 immittere
1861 2247 1976 2284 cum
2004 2228 2108 2283 ali-

2144 1810 2191 1870 B
2217 1824 2316 1880 qua
2348 1809 2609 1877 violentia,
2636 1808 2678 1863 1.

2288 1880 2412 1935 905.
2442 1879 2675 1946 Sensim,
2708 1880 2938 1943 tractim,
2968 1879 3008 1934 1.

2286 1951 2411 2007 906.
2440 1951 2613 2016 Rictu,
2644 1950 2803 2004 rictus
2824 1950 3018 2015 apertio
3032 1951 3155 2018 oris,
3186 1947 3225 2003 l.

2288 2021 2414 2078 907.
2445 2020 2777 2087 Scaturiens,
2810 2021 3076 2087 ebulliens,
3110 2020 3152 2074 l.

2287 2091 2413 2163 908.
2444 2091 2618 2163 Russo
2648 2100 2951 2163 stemmate,
2981 2092 3134 2146 rubeo
3168 2092 3443 2163 sanguine,
3477 2092 3519 2148 Ι.

2288 2162 2415 2220 909.
2439 2162 2589 2232 Fert,
2612 2162 2812 2230 suffert,
2846 2162 2888 2228 l,

1879 2340 2437 2400 COMMENTARIUS.

535 2449 647 2522 sius
684 2459 924 2522 usturire,
973 2451 1057 2505 vel
1088 2452 1329 2522 astulare.
1371 2450 1602 2522 llailsbr.
1646 2466 1827 2522 supra,
1877 2463 2104 2511 ustuare.

535 2518 803 2582 Lotterus,
837 2520 1091 2583 Latinius,
1125 2521 1238 2576 Gis.
1282 2522 1449 2590 prima
1481 2521 1595 2587 ed.,
1632 2518 1989 2590 ire'inustum;
2025 2540 2109 2580 se-

535 2590 708 2644 cunda
736 2590 849 2655 ed.,
883 2592 1125 2658 ustulure,
1153 2591 1217 2645 ad
1248 2606 1397 2645 oram
1427 2592 1498 2645 ire
1523 2594 1766 2646 inustum.
1790 2593 2028 2649 Gifanius
2056 2597 2107 2650 in

536 2660 710 2733 indice
742 2660 993 2723 Lucretii,
1041 2663 1127 2715 ubi
1165 2661 1231 2733 de
1271 2662 1548 2717 Ecmursx
1594 2663 1716 2732 agit,
1768 2664 1895 2733 legit
1938 2676 2107 2719 ustum

535 2732 610 2783 ire
635 2745 729 2800 pro
759 2747 924 2796 urere,
956 2748 1022 2785 ex
1054 2742 1158 2785 vet.
1192 2732 1309 2796 lib.,
1343 2742 1397 2786 et
1421 2748 1483 2786 ex
1517 2733 1621 2786 alio
1644 2742 1751 2788 vet.
1776 2732 1984 2802 ustuire,
2018 2752 2105 2790 re-

534 2802 694 2865 ctius,
727 2810 785 2855 ut
822 2802 872 2855 in
909 2802 1026 2871 jure
1068 2802 1209 2857 civili
1239 2802 1524 2867 credituiri,
1554 2805 1811 2869 debituiri,
1862 2816 1994 2871 etc.,
2043 2806 2108 2862 de

535 2872 726 2995 Euibus
756 2872 1016 2927 Antonius
1045 2873 1371 2943 Augustinus
1401 2874 1492 2928 lib.
1519 2890 1554 2929 ιι
1578 2874 1884 2942 Emendat.,
1908 2892 2026 2945 cap.
2049 2876 2103 2933 2.

587 2942 819 2995 xistimat
839 2942 1080 2995 Gil’anius
1103 2944 1327 2995 ustulare
1356 2945 1634 2995 irrepsisse
1656 2961 1724 2995 ex
1747 2947 1941 2995 alossa.
1969 2947 2103 2995 Heli.

587 2942 819 3017 xistimat
839 2942 1080 3017 ijanius
1103 2942 1327 3017 ustulare
1356 2945 1634 3017 irrepsisse
1656 2961 1724 3000 ex
1747 2947 1941 3017 glossa.
1969 2942 2108 3002 [len-

536 3014 838 3085 mannusin
873 3014 1093 3083 Pueci|.,
1124 3024 1254 3069 tom.
1287 3015 1348 3080 ll,
1379 3015 1471 3069 lib.
1507 3031 1585 3082 ιιι,
1628 3014 1907 3085 ρεᾳξῦϐι,
1939 3019 2107 3072 corri-

535 3082 693 3207 gebat
728 3082 965 3163 Hydrina
988 3095 1161 3166 suetus
1194 3086 1238 3138 is
1274 3087 1409 3169 coire
1432 3082 1660 3140 vulnera.
1695 3082 1940 3142 Galland.
1974 3103 2110 3157 prte-
2136 3115 2181 3178 ο

556 3164 636 3207 ert
670 3164 878 3207 ustuire.
907 3155 1155 3207 Hvdrtam
1186 3155 1255 3207 ab
1282 3156 1468 3207 Alcide
1501 3166 1674 3207 ustam
1717 3158 1929 3207 tradunt
1958 3169 2108 3207 Vale-

593 3164 636 3207 rt
670 3157 878 3226 ustuire.
907 3155 1155 3226 Hydriam
1186 3155 1255 3209 ab
1282 3156 1468 3212 Alcide
1501 3166 1674 3211 ustam
1717 3158 1929 3211 tradunt
1958 3155 2108 3214 vete-

536 3237 653 3296 res.
682 3224 811 3280 Vide
841 3224 1201 3280 Burmannum
1231 3226 1519 3296 Antholog.
1551 3243 1669 3296 pag.
1702 3227 1826 3281 569.
1867 3230 2109 3285 Albricus

536 3292 604 3363 de
636 3295 862 3349 Deorum
916 3296 1236 3363 Imaginibus
1274 3300 1345 3352 ita
1385 3292 1496 3353 rem
1531 3292 1709 3351 narrat
1745 3316 1759 3353 :
1788 3297 1914 3351 Fuit
1946 3310 2111 3353 autem

536 3362 701 3437 hydra
718 3370 873 3437 juxta
893 3362 1122 3437 fabulam
1144 3368 1197 3421 in
1221 3366 1387 3422 Lerna
1416 3368 1622 3435 palude,
1646 3370 1727 3421 cui
1754 3385 1854 3422 uno
1876 3385 2005 3424 casa
2026 3387 2114 3423 ca-

535 3435 660 3504 pite,
693 3435 797 3511 duo
834 3435 1215 3511 excrescebant;
1244 3440 1360 3511 igne
1389 3441 1526 3492 circa
1562 3456 1676 3492 eam
1708 3444 1939 3511 apposito
1968 3441 2112 3494 illam

538 3507 750 3559 exussit.
781 3508 1093 3562 Prudentius
1114 3507 1281 3563 innuit
1304 3509 1583 3565 llerculem
1606 3507 1873 3566 exussisse
1895 3512 2112 3566 vulnera

538 3576 768 3651 capitum
797 3593 913 3646 qua;
941 3579 1311 3651 abscindebat,
1342 3596 1410 3634 ne
1437 3597 1498 3636 ex
1528 3596 1593 3635 eo
1624 3582 1845 3637 vulnere
1869 3585 1969 3635 alia
2001 3584 2113 3651 pul-

539 3643 980 3771 lular_ent:'t’uod
1015 3643 1369 3718 Apollodorus
1396 3652 1489 3705 lib.
1523 3667 1581 3705 ιιι
1618 3662 1834 3706 narrat:
1868 3654 1970 3719 Qui
1998 3643 2113 3706 cum

539 3730 784 3771 proxima:
812 3736 850 3771 δι
881 3736 951 3771 va:
978 3731 1171 3771 partem
1197 3723 1551 3771 succendisset-
1586 3723 1757 3771 ianitis
1782 3725 2000 3771 turribus
2030 3742 2112 3771 re-

538 3718 784 3793 proximte
812 3718 951 3793 silva:
978 3731 1171 3790 partem
1197 3723 1551 3791 succendisset,
1586 3723 1757 3793 ignitis
1782 3718 2000 3778 torribus
2030 3742 2112 3777 re-

537 3790 798 3862 nascentia
828 3790 1006 3860 hydrte
1031 3794 1199 3862 capita
1235 3795 1464 3859 inurens,
1496 3790 1622 3849 eutn'
1637 3796 1690 3847 in
1724 3794 1930 3848 modum
1966 3811 2114 3849 rena-

540 3861 795 3935 scentiunt
811 3863 1034 3935 capitum
1066 3861 1205 3917 ortus
1227 3864 1448 3918 suboriri
1474 3864 1786 3935 prohibebat.

610 3929 733 3984 886.
757 3929 1023 4005 Giselinus
1040 3935 1207 4003 perite
1228 3929 1484 3990 observat
1501 3936 1954 4005 elegantissimam
1979 3936 2114 3993 hanc

541 4014 659 4079 esse
680 4003 791 4081 veri
820 4001 1051 4081 chirurgi
1084 4006 1439 4081 periphrasin,
1490 4001 1826 4081 desumptam
1868 4023 1897 4061 a
1935 4008 2115 4081 proxi-

539 4072 652 4142 mis
688 4072 971 4142 adjunctis,
1014 4072 1218 4142 peritia'
1248 4077 1451 4131 scilicet
1499 4072 1815 4132 anatomicac
1858 4072 2011 4142 artis,
2063 4088 2116 4132 et

541 4138 703 4207 proba
733 4138 1059 4196 luxationum
1074 4158 1136 4199 ac
1149 4145 1423 4199 vulnerum
1446 4148 1740 4202 curatione.
1759 4148 1917 4202 Dolet
1938 4138 2113 4203 autem

541 4219 719 4277 partes
742 4210 1085 4288 nobilissima:
1110 4216 1238 4288 artis
1256 4216 1491 4288 pessimo
1511 4219 1758 4285 exemplo
1779 4219 1846 4271 ab
1861 4234 1926 4271 eo
1950 4235 2116 4288 usque

544 4292 780 4359 tempore
803 4281 1052 4350 discerpi,
1085 4300 1152 4359 ac
1175 4281 1358 4359 laniari
1386 4288 1633 4356 coepisse.
1661 4281 1755 4343 Hic
1771 4288 1912 4343 enim
1940 4281 2116 4344 Aristo

542 4349 818 4421 chirurgus
847 4359 1048 4406 tantum
1083 4354 1244 4410 fuisse
1271 4349 1503 4412 videtur.

527 4430 533 4449 τ
567 4422 735 4499 “888,
767 4422 991 4499 Wid‘tll.)
1028 4424 1218 4499 Bgng.,
1250 4426 1369 4481 Vat.
1416 4429 1471 4492 Β,
1525 4428 1684 4493 Mar.,
1736 4429 1915 4499 Pragu

544 4469 1243 4570 segnities.:ssg.
1270 4469 1755 4567 usususus":
1780 4469 2115 4570 ιῑιῖάνηιῖιῖάιί
2142 4493 2193 4552 υ

546 4565 597 4619 in
617 4564 1056 4641 testtt_llailsbr,,
1085 4564 1411 4641 dissiparare.
1446 4569 1712 4639 Plerique,
1746 4564 2029 4641 disparare.

527 4646 535 4662 '
613 4635 738 4689 800.
759 4635 875 4689 Vat.
902 4636 961 4699 Β,
982 4636 1113 4710 Mar.
1146 4635 1242 4709 pro
1259 4640 1365 4694 div.
1396 4635 1788 4710 script.,'noivis,
1806 4635 1991 4696 contra
2013 4658 2123 4696 mc-

550 4715 710 4783 trum,
745 4722 839 4783 pr_o
868 4709 1034 4783 nodis.
1052 4710 1205 4774 Man,
1232 4712 1454 4783 VVidin.,
1482 4709 1817 4781 compagina:
1849 4712 1964 4783 lege
1986 4728 2121 4765 com-

546 4777 772 4852 paginat.
796 4778 849 4831 ln
870 4778 1078 4852 ffhuan.
1093 4791 1208 4835 crat
1221 4781 1488 4849 Sarcians,
1504 4798 1569 4838 ex
1584 4777 1690 4852 quo
1704 4777 1952 4839 Heinsius
1964 4784 2122 4851 conji-

545 4848 715 4923 ciebat
748 4850 1028 4923 sarcinam,
1052 4853 1190 4919 quod
1215 4848 1481 4908 Salmasio
1500 4848 1710 4923 quoque
1730 4855 1903 4908 visum
1934 4848 2118 4909 fuerat.

544 4918 646 4971 Sed
686 4935 788 4974 non
821 4920 976 4973 facile
1007 4918 1327 4977 mutaverim
1353 4918 1575 4978 sarciens
1602 4918 1723 4978 cum
1750 4926 2039 4979 sarcinam.-

528 5023 536 5034 ι
582 5058 591 5069 ⁸
618 4988 741 5069 89f.
775 4990 997 5069 Ovidius
1027 4991 1191 5069 lib.“
1220 4995 1597 5069 Metamorph.,
1627 4994 1987 5069 Comprensam
2018 4997 2123 5064 for-

546 5061 655 5126 cipe
682 5061 909 5134 linguam
936 5061 1150 5134 Abstulit
1172 5080 1287 5117 ense
1313 5065 1452 5134 fero;
1478 5061 1629 5120 radix
1649 5061 1800 5119 micat
1823 5067 2001 5119 ultima
2018 5061 2123 5118 lin-

546 5144 679 5208 guae.
715 5129 929 5208 Plautus
958 5133 1131 5208 _At_tlul.
1169 5150 1227 5198 ιι,
1257 5129 1322 5201 5,
1353 5135 1441 5208 72,
1489 5138 1548 5191 Si
1587 5136 1757 5190 hercle
1780 5154 1890 5208 _ego
1929 5146 1977 5190 te
2020 5154 2120 5190 non

547 5200 911 5266 elinguandam
935 5202 1120 5256 dedero
1151 5221 1305 5271 usque
1335 5206 1397 5258 ab
1429 5200 1719 5261 radicibus.
1765 5200 1961 5261 contra
2015 5208 2114 5261 im-

549 5284 704 5351 mane
750 5271 1403 5351 istiusmodinsupplicium
1446 5277 1762 5351 gravissime
1806 5278 2123 5351 declamavit

549 5338 738 5419 Cicero
786 5345 984 5419 prouA.
1034 5338 1278 5419 Cluentio
1334 5338 1477 5400 num".
1510 5348 1618 5403 66:
1667 5347 1805 5401 Nam
1834 5348 2122 5403 Stratonem

548 5410 771 5488 quidem,
796 5413 1018 5488 judices,
1046 5415 1096 5469 in
1131 5432 1329 5470 crucem
1371 5430 1540 5471 actum
1574 5435 1679 5473 esse
1713 5427 1910 5472 exsecta
1931 5420 2123 5488 scitote

552 5478 759 5562 (inqua:
790 5478 924 5553 quod
953 5502 1095 5539 nemo
1128 5497 1199 5540 est
1230 5488 1546 5543 Larinatium
1574 5491 1657 5559 qui
1684 5489 1889 5562 nesciat.
1925 5487 2121 5541 Timuit

549 5553 732 5625 mulier
760 5571 931 5609 amens
959 5574 1059 5611 non
1090 5575 1233 5613 suam
1264 5553 1639 5625 conscientiam,
1677 5577 1776 5612 non
1806 5560 1980 5611 odium
2011 5576 2122 5610 mu-

551 5622 799 5699 nicipum,
831 5643 928 5699 non
958 5633 1146 5697 famam
1182 5632 1446 5693 omnium;
1497 5632 1584 5683 sed
1626 5622 1768 5699 quas?
1813 5646 1910 5682 non
1951 5644 2122 5681 omnes

551 5694 663 5756 ejus
684 5694 881 5748 sceleris
913 5694 1057 5751 testes
1084 5709 1244 5751 essent
1278 5706 1458 5768 futuri,
1483 5704 1555 5752 s‘r
1578 5694 1770 5761 metuit,
1804 5717 1863 5750 ne
1887 5700 2121 5751 condem-

553 5768 760 5812 naretur
789 5775 1009 5834 eatrenta
1036 5772 1219 5822 servuli
1246 5788 1361 5823 race
1396 5772 1669 5823 morientis.
1700 5772 1847 5833 Quod
1884 5774 1976 5821 hoc
2006 5786 2123 5834 por-

552 5834 766 5897 lentum,
798 5832 868 5885 dii
893 5836 1230 5893 immortales?
1250 5841 1384 5913 quod
1407 5850 1601 5896 tantum
1627 5851 1905 5895 monstrum
1930 5842 1979 5895 in
2004 5832 2121 5892 ullis

2216 2456 2383 2510 locis?
2416 2455 2554 2526 quod
2566 2462 2685 2526 tam
2714 2456 2955 2523 infestum
2982 2454 3146 2509 scelus
3180 2463 3227 2507 et
3273 2453 3519 2521 immane,
3549 2464 3646 2507 aut
3682 2456 3802 2511 and:

2216 2534 2393 2581 natum
2413 2525 2519 2579 esse
2538 2525 2769 2579 dicamus
2791 2526 2815 2578 ἱ)

2287 2596 2412 2654 892.
2437 2595 2558 2651 Vat.
2585 2596 2645 2660 Β,
2670 2597 2894 2665 corpori,
2919 2595 3095 2651 minus
3116 2603 3283 2651 recte.
3310 2592 3447 2649 Vide
3470 2609 3596 2664 quae
3626 2608 3810 2654 contra

2217 2667 2473 2736 linguam,
2507 2682 2700 2735 nempe
2747 2667 2962 2730 malam,
3000 2666 3264 2722 habentur
3294 2664 3350 2736 in
3387 2664 3552 2734 epist.
3611 2669 3812 2723 cathol.

2216 2734 2398 2794 Jacobi
2426 2753 2544 2806 cap.
2579 2734 2657 2801 in,
2689 2736 2743 2792 et
2772 2753 2932 2806 supra
2963 2746 3251 2793 comment.
3289 2734 3354 2806 ad
3389 2750 3540 2793 vers.
3572 2737 3706 2792 768.

2292 2810 2422 2865 893.
2458 2804 2606 2873 A'ld.,
2648 2809 2779 2879 Mar.
2811 2804 2851 2861 a‘
2869 2811 3038 2877 prima
3081 2823 3261 2875 manu,
3294 2804 3410 2861 Vat.
3450 2806 3527 2879 ΔΒ,
3562 2808 3665 2860 illa
3694 2825 3801 2879 pra-

2216 2883 2346 2947 caci,
2370 2880 2511 2946 quod
2534 2879 2743 2934 videtur
2768 2875 3209 2943 Pruidentianum,
3244 2875 3733 2947 utproducatura
3763 2880 3814 2933 iu

2215 2951 2308 3004 illa
2335 2945 2416 3004 'ob
2445 2966 2505 3019 pr
2531 2950 2779 3005 dictionis
2817 2951 3091 3017 sequentis
3115 2991 3129 3013 ,
3160 2958 3219 3004 ut
3259 2945 3385 3000 alibi
3432 2961 3501 3003 ex
3542 2949 3815 3019 probabili

2218 3018 2451 3090 plurium
2480 3022 2744 3089 scriptura
2774 3037 2789 3073 :
2836 3019 2996 3075 Dente
3025 3018 3276 3091 frequenti
3316 3028 3616 3088 exasperat.
3658 3018 3815 3090 Prag.

2215 3102 2485 3160 corrupte,
2515 3092 2605 3146 illa
2628 3092 2845 3161 pessima
2867 3101 2914 3144 et
2943 3092 3165 3160 procaci.

2284 3163 2409 3218 894.
2442 3162 2593 3227 Pal.,
2618 3171 2803 3229 motus,
2838 3163 2997 3217 male.
3032 3161 3138 3215 Fas
3176 3162 3242 3217 ad
3282 3163 3447 3218 Deum
3494 3168 3553 3213 et
3592 3161 3816 3230 religio-

2215 3249 2335 3303 nem
2380 3234 2669 3301 pertinere,
2708 3236 2835 3303 jura
2882 3235 2947 3285 ad
2984 3233 3247 3295 homines,
3288 3230 3499 3287 notavit
3533 3230 3817 3286 Servius:

2220 3302 2493 3373 Georgic.,
2529 3304 2665 3371 Quin
2705 3304 2857 3355 etiam
2903 3304 3043 3371 festis
3088 3303 3319 3373 quardam
3347 3315 3587 3358 exercere
3638 3303 3818 3357 diebus

2220 3373 2322 3429 Fas
2349 3385 2397 3446 et
2413 3378 2542 3446 jura
2569 3375 2762 3428 sinunt.

2284 3442 2427 3501 896(
2457 3446 2667 3508 Ambr.,
2703 3444 2963 3513 quondam
3009 3444 3254 3498 medicus.
3296 3442 3569 3499 Weitzius
3625 3444 3820 3499 scribit

2213 3518 2419 3571 ascitus.
2471 3514 2715 3583 Chirurgi
2762 3514 2953 3569 medici
3003 3515 3285 3570 vulnerum
3322 3514 3683 3579 dicebantur,
3722 3525 3817 3569 aut

2215 3586 2408 3641 medici
2430 3586 2688 3654 chirurgi.

2286 3658 2411 3712 898.
2444 3657 2563 3710 Ald.
2592 3654 2870 3723 distinguit
2899 3654 3099 3726 Martyr
3126 3664 3361 3710 retectam
3390 3656 3596 3725 pandit,
3637 3656 3746 3707 ima
3768 3665 3820 3726 et

2216 3730 2467 3799 faucium.
2525 3727 2894 3799 Fabr.,iGis.,
2939 3736 3003 3799 et_
3041 3725 3363 3799 panditima
3404 3727 3658 3799 faucium.
3713 3725 3823 3799 Alii

2216 3796 2571 3869 panditimaet
2593 3796 3072 3869 faucium.'l‘eolius
3097 3798 3314 3869 omnino
3334 3798 3513 3869 omisu
3534 3804 3603 3860 et,
3634 3797 3823 3869 nescio

2216 3867 2283 3923 an
2312 3869 2576 3924 consulto.
2622 3868 2674 3921 In
2724 3867 2993 3922 nonnullis
3024 3869 3167 3936 vulg.
3195 3868 3356 3933 male,
3390 3868 3493 3919 ima
3533 3876 3579 3919 et
3634 3867 3824 3936 pandit

2218 3940 2459 4010 faucium.

2287 4034 2412 4090 901.
2448 4035 2628 4095 Alex.,
2652 4033 2713 4086 ab
2734 4049 2821 4086 ore
2848 4034 3133 4101 protrahat,
3162 4024 3322 4100 supra
3354 4030 3644 4101 protrahet.
3674 4030 3822 4099 Lege

2220 4106 2549 4175 protrahens;
2577 4105 2730 4174 Prag.
2756 4100 3179 4172 corruptissime,
3213 4102 3419 4156 trahens
3439 4100 3502 4153 ab
3526 4115 3643 4155 ore.

2289 4200 2412 4255 902.
2447 4198 2688 4267 lausque,
2730 4206 2821 4252 aut
2860 4198 2911 4249 in
2972 4212 3127 4267 usque
3156 4194 3363 4250 divisim
3409 4209 3503 4263 pro
3542 4210 3723 4262 usque
3770 4197 3821 4246 in

2221 4279 2506 4338 usurpatur
2525 4284 2555 4322 a
2587 4270 2755 4323 Statio
2776 4276 2830 4323 et
2857 4267 3084 4322 Avieno.
3111 4266 3301 4322 Simile
3327 4276 3408 4321 est
3434 4266 3635 4318 inante.

2290 4360 2415 4417 904.
2450 4362 2715 4417 Arnobius
2744 4362 2839 4415 lib.
2870 4376 2921 4415 Vl
2967 4360 3099 4414 dixit
3144 4358 3308 4414 simili
3361 4358 3559 4429 phrasi,
3602 4356 3821 4411 Malam

2220 4433 2453 4489 dentibus
2482 4436 2837 4503 comprimens.

2288 4526 2413 4581 905.
2457 4526 2690 4579 Hailsbr.
2732 4541 2762 4579 a
2808 4524 2977 4589 prima
3009 4538 3192 4587 manu,
3234 4522 3414 4593 Egm.,
3444 4521 3573 4593 ictis.
3639 4520 3827 4577 Weit-

2225 4596 2339 4651 zius
2379 4597 2566 4651 scribit
2603 4597 2751 4650 artis.
2785 4588 2957 4661 Sich.,
2999 4594 3113 4649 Gis.
3160 4594 3212 4648 in
3263 4588 3435 4657 textu,
3485 4588 3693 4658 Fabr.,
3744 4604 3829 4647 aut

2222 4684 2473 4722 cruorem.
2506 4667 2631 4732 Alii,
2660 4683 2769 4721 nec.
2848 4668 2851 4669 ⁷

2294 4758 2417 4813 907.
2443 4757 2662 4821 Weitz.,
2696 4758 2871 4826 Egm.,
2905 4755 3136 4819 Widm.,
3180 4755 3389 4826 Heins.,
3418 4751 3676 4826 scribunt
3708 4771 3831 4826 sca-

2224 4830 2462 4883 turriens.
2501 4827 2555 4881 ln
2599 4823 2836 4881 Rottfet
2877 4826 3205 4889 Cauchiano,
3248 4825 3436 4892 deﬂuat
3475 4836 3567 4891 pro
3600 4823 3829 4893 deﬂuit.

2222 4899 2486 4953 Cauchius
2520 4899 2831 4968 coniecerat
2871 4897 3101 4966 deﬂuens
3138 4895 3355 4964 ebulliit,
3386 4894 3570 4948 merito
3607 4892 3830 4963 impro-

2224 4971 2383 5026 bante
2414 4970 2652 5023 Heinsio.

2293 5061 2416 5118 908.
2442 5060 2691 5114 Lotterus
2717 5068 2769 5112 et
2799 5057 3131 5121 Parrhasius,
3164 5056 3317 5124 ruffo.
3346 5054 3454 5109 Gis.
3484 5051 3673 5124 printa
3709 5055 3829 5118 ed.,

2220 5137 2358 5202 rufo,
2401 5131 2585 5195 Fabr.,
2615 5130 2787 5204 rubro.
2819 5126 3082 5204 cellarius
3118 5122 3578 5204 rejicit.glossam_
3608 5122 3830 5204 )sqnis,

2222 5192 2493 5258 et'ccnset
2520 5192 2699 5257 verius
2739 5215 2808 5254 ex
2849 5198 3051 5254 Seneca
3092 5207 3146 5251 ct
3176 5192 3357 5251 Plinio
3392 5192 3625 5248 describi
3666 5196 3831 5264 signa

2222 5274 2437 5343 generis
2467 5283 2516 5327 et
2544 5270 2856 5334 nobilitatis,
2889 5268 3204 5343 imaginibus
3233 5282 3337 5343 per_
3358 5266 3547 5320 lineam
3585 5278 3830 5343 succes-

2222 5333 2388 5399 sionis
2419 5345 2665 5413 alligatae,
2707 5357 2827 5413 qua:
2859 5350 2913 5394 et
2939 5333 3073 5413 ipste
3109 5333 3286 5413 parva:
3325 5333 3729 5413 imagunculm._
3764 5339 3831 5389 At

2223 5414 2441 5469 dubium
2465 5406 2551 5467 vi}
2581 5422 2662 5467 est
2683 5406 2810 5482 quin
2829 5406 3020 5482 sermo
3060 5406 3161 5482 hoc
3190 5407 3311 5482 loco
3338 5408 3407 5461 sit
3433 5406 3496 5459 de
3521 5407 3829 5473 sanguine,

2222 5487 2311 5554 qui
2338 5501 2547 5540 russum
2561 5477 2789 5556 stamina
2810 5481 3021 5556 dicitur,
3046 5480 3165 5549 quia
3184 5494 3253 5556 eo
3265 5477 3383 5531 fuso
3399 5483 3675 5556 martyres
3700 5494 3830 5556 vere

2225 5545 2591 5611 nobilitantnr.
2620 5554 2912 5610 Salmasius
2937 5551 2989 5604 in
3008 5545 3119 5604 not.
3144 5548 3208 5602 ad
3235 5545 3591 5614 Lampridium
3626 5545 3692 5599 in
3717 5549 3829 5599 vita

2226 5626 2549 5696 lleliogahali
2572 5627 2819 5696 affirmat,
2840 5622 3118 5696 legendum
3143 5628 3408 5696 stemmate
3423 5630 3515 5684 pro
3529 5622 3826 5696 stagmate,

2226 5708 2281 5750 ut
2308 5684 2445 5767 apud
2476 5695 2838 5764 Lampridium
2867 5684 3048 5767 simum
3077 5705 3173 5761 pro
3200 5685 3545 5767 signauLaputl
3568 5684 3830 5767 Juvena-

2227 5758 2578 5823 lcm'stemma
2612 5758 2717 5834 ἰιι-ο
2754 5776 2973 5837 stegma.
3012 5758 3104 5815 Est
3144 5771 3321 5837 autem
3368 5758 3553 5837 Griece
3594 5765 3827 5837 stagnis

2223 5850 2391 5909 gutta,
2427 5840 2591 5907 stilla,
2619 5830 2707 5892 aut
2737 5830 2926 5907 liquor.
2950 5835 3116 5889 Acuta
3148 5839 3229 5886 est
3260 5830 3373 5887 htec
3400 5830 3750 5897 conjectura.
