3964 6296
626 258 652 283 \

588 380 658 468 ea
1491 368 1504 380 ’
1930 383 2193 465 escas"
2236 382 2435 463 eam:
2478 409 2495 460 ι

3751 398 3841 453 100

583 496 737 594 sique
761 522 1041 588 discretio;
1065 530 1264 576 etcum
1291 520 1537 575 omnibus
1568 520 1812 591 reprobis
1836 521 2024 577 volunt
2044 536 2166 578 esse
2271 539 2422 583 meus
2444 520 2811 576 Theodoricus
2840 534 2937 575 rex
2978 518 3046 573 ad
3094 526 3339 573 nostrum
3381 524 3718 571 contumaces
3742 515 3841 570 cle.

587 630 917 685 communes,
949 616 1000 668 in
1030 615 1168 668 nulla
1200 623 1565 669 monstrantur
1595 616 1862 684 probitate
1898 628 2167 673 constare.

586 709 683 765 llic
704 717 877 763 autem
905 709 996 762 ille
1020 718 1100 762 est
1124 708 1309 762 Petrus
1331 709 1722 775 Antiochenus,
1754 724 1913 780 quem
1946 725 2045 765 nec
2076 726 2170 779 per

587 802 948 885 paenitentiam
1004 800 1070 853 ad
1123 801 1552 854 communionem
1626 801 1945 856 catholicam
2004 803 2169 871 recipi

588 894 749 947 etiam
769 906 797 943 a
825 890 949 944 sede
976 890 1264 959 apostolica
1290 891 1531 959 poposcit
1558 891 1807 946 Aeacius.
1842 892 1919 946 Ac
1953 906 2045 960 per
2069 891 2171 946 hoc

588 966 607 1014 ί
636 994 932 1052 queruntur
956 997 985 1034 a
1009 966 1161 1036 nobis
1202 982 1457 1038 Acacium
1487 982 1649 1037 fuisse
1670 983 2012 1047 damnatum;
2048 998 2169 1037 cum

587 1058 686 1147 hac
718 1062 1044 1141 professione
1073 1072 1381 1141 praemissa,
1424 1082 1477 1127 et
1519 1075 1537 1102 ²
1583 1088 1676 1142 per
1718 1074 1944 1129 infectos
1974 1075 2167 1129 Antio-

587 1158 742 1241 clieni
774 1162 915 1217 Petri
948 1174 1161 1231 recepta
1200 1163 1608 1229 communione,
1658 1179 1717 1217 se
1761 1165 2015 1219 doceatur
2054 1166 2171 1235 ipse

587 1256 891 1324 damnasse.
940 1255 1041 1308 Ubi
1098 1264 1274 1309 tamen
1309 1271 1414 1310 non
1445 1257 1616 1309 solum
1648 1271 1772 1311 reus
1798 1266 2006 1311 tenetur
2035 1249 2171 1312 Aca-

584 1326 721 1414 eius,
758 1344 852 1399 sed
885 1330 1072 1398 Omnes
1096 1346 1377 1413 pontiﬁces
1407 1345 1727 1411 Orientales,
1757 1346 1845 1416 qui
1873 1348 1981 1415 pari
2012 1348 2171 1401 modo

586 1427 639 1489 in
693 1437 808 1489 haec
856 1435 1098 1489 cecidere
1128 1434 1372 1504 contagia
1392 1475 1407 1501 ,
1442 1437 1740 1505 meritoque
1767 1436 1925 1490 simili
1954 1437 2172 1490 damna—

586 1508 731 1599 tione
766 1524 785 1554 ³
819 1508 1066 1578 tenentur
1093 1524 1354 1589 obstricti,
1388 1540 1486 1579 nec
1520 1525 1641 1578 ittde
1670 1526 1874 1593 possint
1902 1525 2168 1582 ullatenus

588 1613 867 1684 expediri,
917 1606 1017 1669 nisi
1065 1614 1190 1669 dum
1238 1616 1525 1682 snpersunt
1552 1632 1579 1669 a
1612 1616 1805 1669 talibus
1832 1602 2165 1671 abstinendo.

590 1692 698 1760 Nec
745 1721 843 1760 nos
889 1716 1101 1775 Oportet
1133 1709 1182 1759 in
1230 1707 1425 1760 talibus
1452 1709 1626 1760 causis
1656 1707 1756 1760 nisi
1787 1694 1888 1762 illis
1913 1708 2130 1762 credere
2153 1749 2168 1772 ,

589 1796 676 1869 qui
720 1786 811 1851 aut
860 1796 1078 1851 omnino
1107 1812 1165 1851 se
1193 1797 1368 1850 sciunt
1396 1798 1462 1849 ab
1490 1792 1645 1868 hujus
1673 1799 1907 1866 perﬁdiae
1938 1800 2168 1853 nexibus

2276 614 2415 673 ricos
2448 613 2651 670 remisit
2678 626 2923 667 examen.

2662 750 2667 756 .
2690 701 2921 757 Gelasius
2952 686 3147 755 Victori
3184 685 3439 769 episcopo.

2793 794 2932 865 (Lib.
2968 811 3046 858 ιιι,
3087 808 3205 863 cap.
3234 791 3348 864 95.)

2354 910 2559 964 Dudum
2590 910 2657 964 de
2687 909 2894 965 Sanctae
2934 906 3157 976 Agatbte
3199 904 3447 973 basilica,
3486 919 3604 974 qum
3648 905 3699 957 in
3744 903 3841 957 Ca-

2268 1002 2434 1056 clano
2463 1001 2627 1055 fundo
2655 1000 2781 1055 olim
2824 1001 3061 1059 noscitur
3093 997 3409 1064 constituta,
3451 996 3840 1065 processionem

2244 1092 2374 1176 \sub
2400 1101 2583 1145 nostra
2611 1091 3005 1146 consultatione
3043 1089 3421 1157 suspenderas,
3455 1102 3704 1142 asserens
3728 1102 3841 1156 pos-

2270 1183 2530 1239 sessionis
2556 1182 2833 1236 domiuum
2861 1182 3039 1236 omnia
3071 1197 3188 1249 quae
3226 1181 3305 1234 illi
3333 1178 3738 1235 conferebantur
3760 1193 3841 1231 ac-

2273 1278 2472 1345 cipere,
2509 1286 2561 1330 et
2588 1278 2707 1330 suis
2730 1276 2926 1353 usibus:
2946 1275 3246 1345 applicare;
3290 1288 3387 1327 nec
3417 1273 3523 1326 illic
3554 1285 3708 1340 posse
3747 1270 3840 1323 mi.

2274 1368 2564 1423 nistrorum
2592 1368 2682 1421 Dei
2712 1368 2929 1436 aliquos
2946 1367 3011 1420 ad
3056 1366 3455 1434 ιιιεῡοθέεὶσιιθιη
3493 1363 3697 1429 venire,
3724 1376 3841 1414 cum

2272 1458 2415 1513 nulla
2444 1458 2549 1512 illic
2587 1458 2837 1512 alimenta
2886 1457 3237 1526 susciperent.
3290 1455 3397 1510 Sed
3424 1470 3593 1524 nuper
3619 1455 3699 1508 vir
3726 1469 3845 1522 spe-

2272 1548 2479 1605 etabilis
2510 1549 2700 1602 Petrus
2731 1557 2913 1602 uester
2954 1547 3107 1602 nobis
3140 1545 3528 1600 rationabiliter
3565 1545 3841 1606 intimavit,

2276 1641 2375 1699 hoc
2406 1640 2542 1707 quod
2569 1642 2619 1694 in
2651 1640 2871 1709 culpam
2896 1649 3112 1694 venerat
3140 1656 3201 1694 se
3243 1640 3417 1693 taliter
3455 1639 3746 1703 ordinasse,
3789 1647 3847 1691 ιιι

2273 1732 2523 1789 universa
2550 1748 2668 1800 quae
2696 1734 2749 1785 in
2785 1733 3021 1803 Ecclesia
3048 1734 3354 1799 supradicta
3378 1731 3716 1807 diversorum
3737 1731 3847 1783 fne-

2273 1825 2382 1877 rint
2434 1824 2711 1878 oblatione
2741 1824 2952 1887 wllata,
3002 1824 3067 1877 ad
3112 1824 3422 1892 episcopum
3472 1833 3565 1876 aut
3609 1825 3673 1875 ad
3725 1836 3843 1874 eum

589 1882 768 1975 quin"
799 1884 1057 1941 δθηθίίθίθ
1089 1904 1307 1943 servare
1331 1888 1614 1983 δίδθτθίθδξ
1648 1898 1738 1942 θυι
1767 1892 1847 1943 “is
1875 1892 1961 1959 qui
1986 1907 2018 1971 .3
2048 1907 2167 1959 per'
2200 1907 2249 1967 B
2275 1918 2357 1970 cui
2390 1917 2667 1970 basilicam
2697 1915 3030 1983 deputaverit
3055 1955 3069 1979 ,
3120 1916 3372 1968 universa
3404 1914 3700 1981 pertineant
3733 1927 3745 1964 :
3778 1914 3849 1966 ita

588 1970 827 2045 Iidorum'
856 1979 1127 2032 consortio
1181 1990 1541 2033 recesserunt.
1569 1979 1699 2033 Nam
1747 1983 1799 2035 in
1848 1970 2170 2051 perﬁdorum

588 2070 832 2140 Contagio
862 2064 1197 2138 cdnstitutis,
1241 2089 1397 2141 quam
1447 2073 1603 2127 tidem
1636 2090 1731 2143 pro
1761 2075 1985 2130 sincerm
2016 2092 2169 2130 com-

588 2154 852 2218 munionis
884 2164 1253 2219 tesdﬁcatione
1285 2182 1565 2234 possumus
1609 2168 1865 2222 adhibere
1889 2210 1903 2237 ,
1938 2170 2027 2237 qui
2060 2169 2078 2199 ’⁵
2114 2172 2169 2222 in

590 2254 797 2307 sincera
823 2254 1199 2309 communione
1236 2265 1361 2308 sunt
1392 2256 1412 2285 ⁸
1439 2258 1656 2321 polluti?
1684 2257 1791 2311 Nec
1811 2274 1995 2313 eorum
2025 2260 2172 2313 testi-

590 2339 785 2398 moniis
831 2344 926 2397 niti
977 2360 1071 2412 pro
1116 2347 1340 2398 veritate
1372 2332 1699 2415 poterimus,
1728 2349 1815 2416 qui
1861 2349 2174 2419 impugnare

591 2422 696 2489 non
746 2424 997 2490 verentur
1032 2436 1137 2507 [aL
1174 2422 1453 2507 nituntur]
1503 2428 1824 2493 l'alsitatibus
1872 2442 2172 2497 veritatem.

589 2526 785 2605 Restat,
824 2537 877 2582 ut
927 2528 1031 2582 non
1074 2528 1173 2583 nisi
1228 2520 1333 2584 illis
1382 2518 1603 2586 credere
1633 2532 1921 2589 debeamus
1987 2537 2075 2605 qui
2104 2516 2173 2607 ab,

592 2620 734 2699 omni
761 2620 1078 2690 contagione
1108 2631 1230 2676 sunt
1259 2610 1434 2677 liberi.

1056 2779 1061 2785 ,
1142 2706 1625 2773 EPISTOLARUM

905 2796 1107 2839 GELASII
1136 2800 1278 2840 pars
1306 2804 1478 2841 DECEM
1515 2796 1849 2846 Ριίλοιιειητιι.

777 2874 877 2944 (Ex
907 2874 1418 2955 Collect._canptttttii
1450 2884 1596 2936 card.
1634 2883 1974 2955 Deusdedit.)

978 2948 1211 3004 Galerius
1235 2951 1503 3006 Calatino
1532 2956 1791 3023 episcopo.

1018 3078 1021 3081 .
1122 3023 1265 3091 (Lib.
1296 3039 1335 3087 ι,
1369 3039 1489 3093 cap.
1524 3027 1673 3093 ιιι.)

659 3088 716 3144 ιιι
747 3091 975 3169 ecclesia
1007 3088 1145 3146 beati
1177 3088 1782 3162 martyris-'Elcutlterii,
1812 3113 1928 3166 qua}
1978 3098 2029 3152 in
2079 3098 2170 3152 lli-

589 3182 940 3238 stoniensium
984 3184 1213 3259 civitatis
1268 3188 1518 3253 parocltia
1570 3189 1825 3257 probatur
1873 3205 1993 3245 esse
2039 3206 2168 3245 eon-
2210 3246 2217 3249 κ

589 3281 812 3340 structa,
841 3271 1107 3328 Iulianum
1139 3276 1442 3342 diaconum,
1487 3277 1533 3331 si
1580 3279 1656 3332 nil
1710 3280 1761 3333 in
1792 3294 1857 3334 eo
1904 3291 1985 3353 est
2028 3282 2170 3352 quod
2197 3273 2245 3339 C

590 3372 778 3443 contra
810 3378 1075 3441 canonum
1115 3366 1292 3421 veniat
1334 3368 1593 3435 instituta,
1635 3372 1928 3441 presbyteri
1966 3373 2170 3429 honore

591 3442 864 3511 decerabis
901 3474 911 3508 :
952 3458 1181 3513 sciturus
1227 3474 1347 3514 eum
1392 3461 1689 3518 visitatoris
1714 3474 1763 3518 te
1792 3466 2027 3532 nomine,
2060 3483 2171 3523 non

591 3548 875 3603 cardinalis
903 3563 1118 3605 creasse
1149 3552 1442 3620 pontificis.

1048 3641 1195 3697 Idem
1231 3645 1425 3699 Sabino
1446 3648 1703 3717 episcopo.

1292 3737 1477 3810 (ιδιά.)

602 3902 605 3905 ν
656 3826 909 3892 Quartum
941 3827 1277 3885 defensorem
1300 3831 1581 3887 diaconum
1618 3832 1833 3907 sibimet
1863 3837 2167 3891 consecrari

589 3917 814 3985 populus
836 3917 1196 3974 Grumentinze
1217 3922 1447 3978 civitatis
1469 3927 1727 3993 exposcit.
1762 3926 1913 3981 llunc
1941 3943 2091 3997 ergo,
2123 3929 2168 3983 si

589 4008 666 4061 nil
700 4017 784 4062 est
830 4009 971 4077 quod
1015 4012 1132 4078 ejus
1182 4028 1422 4079 personae
1464 4018 1632 4084 possit
1673 4021 1888 4089 opponi,
1940 4022 2167 4077 diaconii

588 4098 929 4167 provectione
969 4097 1247 4155 decorabis
1304 4122 1316 4157 :
1368 4114 1426 4158 ut
1469 4110 1679 4162 noverit
1728 4121 1904 4166 tamen
1949 4114 2167 4167 dilectio

588 4200 672 4244 tua
711 4190 812 4245 hoc
847 4207 906 4247 se
935 4192 1305 4263 delegantibus
1341 4197 1497 4251 nubis
1524 4202 1744 4269 exsequi
1776 4204 2063 4260 visitatoris
2085 4204 2166 4259 of-

587 4281 727 4361 ficio,
760 4297 863 4363 non
896 4294 1160 4352 potestate
1186 4288 1386 4357 proprii
1418 4290 1733 4345 sacerdotis.

621 4371 852 4427 Celerius
888 4376 1193 4447 Quinigesio
1217 4390 1263 4431 et
1303 4378 1634 4434 Constantino
1678 4384 1964 4453 episcom's,
1997 4386 2128 4440 inter

1265 4461 1464 4503 cwtera.

1097 4538 1235 4606 (Lib.
1266 4557 1335 4605 tv,
1381 4526 1497 4610 cap.
1533 4543 1649 4613 56.)

2274 2018 2333 2079 ut
2361 2024 2424 2063 ex
2441 2008 2550 2070 hoc
2569 2008 2889 2077 compendio
2914 2016 3054 2060 sarta
3095 2016 3233 2061 tecta
3274 2007 3519 2059 ecclesia:
3559 2021 3849 2072 procuren-

2276 2108 2380 2153 tur.
2435 2100 2500 2153 Et
2532 2099 2650 2153 ideo
2699 2100 2859 2154 frater
2906 2099 3273 2153 saluberrimae
3319 2097 3683 2166 dispositionis
3726 2110 3849 2164 pro-

2277 2192 2507 2247 fessione
2533 2200 2798 2261 suscepta,
2832 2192 3227 2261 processionem
3258 2191 3577 2260 supradicta:
3614 2190 3855 2246 ecclesia)

2275 2292 2328 2337 te
2366 2284 2616 2339 convenit
2640 2283 2909 2339 ordinare.

2488 2373 2721 2428 Gelasius
2750 2374 2991 2442 liespecto
3034 2384 3079 2428 et
3114 2374 3341 2426 Leonino
3371 2374 3641 2443 episcOpis.

2771 2488 2911 2555 (Lib.
2945 2502 3022 2553 ιιι,
3056 2488 3175 2557 ‘cap.
3202 2487 3318 2557 99.)

2343 2601 2577 2657 Joannes
2622 2598 3031 2655 archidiaconus
3072 2594 3467 2655 Faleri‘onensis
3516 2598 3661 2653 urbis
3703 2614 3857 2654 ever-

2273 2695 2476 2748 sionem
2513 2694 2752 2749 ecclesize
2780 2693 2847 2755 ab
2868 2708 2932 2747 eo
2960 2696 3048 2763 qui
3085 2686 3330 2761 prmSul‘is
3361 2691 3576 2745 nomine
3606 2700 3861 2745 censetur

2273 2782 2517 2843 ctTectam‘
2543 2786 2727 2855 grandi
2756 2785 2907 2840 nobis
2952 2785 3345 2854 supplicatione
3389 2788 3710 2852 deliquestus
3735 2793 3861 2847 est;

2272 2880 2343 2933 ita
2379 2889 2433 2933 ut
2456 2895 2512 2933 se
2536 2878 2785 2933 videlicet
2813 2877 2877 2931 de
2909 2877 3007 2931 loci
3030 2876 3114 2931 Sui
3140 2874 3603 2931 administratione
3626 2876 3859 2945 deiecto,

2275 2972 2377 3025 iter
2405 2971 2503 3025 sibi
2528 2972 2754 3025 liberum
2784 2971 2849 3023 ad
2880 2967 3281 3038 depopulandas
3313 2967 3594 3022 facultates
3628 2968 3863 3035 aperiret

2273 3062 2531 3116 ccclesim.
2566 3061 2695 3115 Nam
2724 3061 3037 3115 ministeriis
3067 3069 3122 3114 et
3165 3067 3353 3114 ornatu
3394 3076 3490 3129 pro
3535 3068 3629 3113 sua
3671 3061 3864 3115 volun-

2274 3160 2381 3206 tate
2414 3152 2702 3215 distracto,
2751 3151 3010 3221 prtedium
3054 3154 3215 3207 etiam
3266 3153 3564 3221 paternum,
3612 3153 3755 3220 quod
3808 3142 3865 3207 iu

2275 3243 2582 3298 alimoniam
2616 3244 2932 3298 clericorum
2963 3242 3221 3298 deeessOr
3252 3243 3366 3311 ejus
3411 3244 3721 3312 reliquerat,
3768 3260 3865 3298 ve-

2272 3338 2351 3392 lut
2380 3337 2652 3405 proprium
2678 3336 2789 3392 suis
2818 3336 3138 3390 utilitatibus
3167 3336 3449 3391 vindicavit
3485 3354 3495 3388 :
3522 3337 3868 3391 obviantem«

2271 3436 2372 3499 que
2404 3429 2764 3497 supradictum
2816 3424 3284 3495 archidiac'onum,
3339 3434 3670 3498 crateresque
3707 3444 3867 3485 com-

2272 3521 2474 3589 plures,
2507 3520 2597 3589 qui
2627 3521 2827 3589 parit‘er
2874 3520 3274 3585 reclamabant,
3317 3518 3384 3574 ab
3429 3519 3702 3574 ordinibus
3749 3524 3868 3578 suis

2272 3612 2501 3666 credidit
2548 3612 2939 3667 excludendos.
3005 3608 3070 3666 Et
3118 3612 3278 3677 ideo,
3332 3612 3519 3666 fratres
3570 3614 3862 3684 carissimi,

2272 3702 2575 3757 Divinitatis
2598 3703 2789 3757 intuitu
2812 3701 3067 3758 Ecclesia:
3094 3717 3309 3758 causam
3333 3716 3539 3757 summa
3561 3705 3869 3762 attentione

2275 3795 2614 3858 trutinantes,
2645 3796 2791 3849 omni
2822 3795 3047 3849 veritate
3065 3794 3324 3861 discussa,
3345 3794 3412 3850 de
3440 3794 3728 3864 compertis
3751 3798 3869 3852 cita

2273 3887 2470 3940 nostris
2520 3886 2739 3941 auribus
2781 3887 3045 3943 relatione
3076 3888 3311 3958 signate;
3352 3897 3407 3941 ut
3452 3871 3731 3958 perSpecta
3774 3890 3867 3943 in-

2270 3980 2561 4035 structione
2588 3981 2876 4051 diligentia:
2928 3984 3121 4036 vcsn‘ai
3164 3982 3290 4052 quid
3338 3981 3451 4036 fieri
3496 3983 3689 4039 debeat
3730 3996 3869 4039 cen—

2269 4082 2501 4123 seamus.

2519 4158 2753 4216 Gelasius
2778 4162 2811 4215 J
2818 4176 2931 4216 usto
2958 4174 3005 4217 ct
3034 4164 3299 4234 Stephano
3332 4166 3604 4236 episcopis.

2795 4270 2933 4342 (Lib.
2971 4286 3045 4340 tu,
3078 4289 3196 4343 cap.
3227 4270 3341 4345 97.)

2342 4382 2528 4436 Frater
2557 4393 2610 4437 et
2657 4385 3008 4453 coepiscopus
3044 4396 3241 4441 noster
3291 4386 3567 4442 Proficuus
3617 4387 3874 4456 Salpiuae

2269 4474 2523 4528 sacerdos
2554 4474 2808 4529 Ecclesiae
2836 4477 3069 4544 pctitorii
3114 4476 3267 4530 nobis
3316 4476 3675 4549 insinuatione
3725 4494 3873 4548 sug-

2267 4566 2453 4636 gessit,
2492 4566 2823 4620 Brutuarium
2881 4566 3223 4636 spectabilem
3269 4569 3471 4633 virum,
3526 4583 3641 4621 cum
3694 4570 3875 4645 nullis

652 4625 800 4682 Felix
832 4639 886 4683 et
913 4628 1100 4684 Pelms
1130 4624 1382 4689 ECCICSifc
1412 4636 1627 4729 Νοὶίξηευ
1664 4638 1842 4693 Clerici
1880 4650 2159 4695 οοιιῑυιηει-
2185 4646 2241 4707 D
2266 4658 2600 4729 exstantibus
2628 4660 2804 4712 causis
2836 4673 3050 4712 servum
3085 4659 3329 4714 ecclesia:
3363 4660 3675 4728 gravissima
3706 4642 3877 4721 ρωαὸ

582 4720 714 4773 citet'
756 4730 809 4775 et
837 4732 1020 4776 eontra
1071 4726 1421 4779 constitutum
1465 4727 1689 4782 rebelles
1738 4732 1801 4783 ad
1849 4732 2158 4787 comitatum

582 4804 673 4887 ﬁlii
706 4813 807 4867 mei
837 4813 975 4883 regis
1008 4806 1321 4882 putaverunt
1352 4832 1469 4871 esse
1516 4806 1933 4888 properand‘t‘un,
1976 4824 2159 4878 diceti-

581 4890 661 4960 tes
698 4905 796 4960 sibi
846 4908 951 4961 vim
984 4906 1145 4962 fuisse
1174 4920 1501 4979 generatam,
1553 4912 1711 4965 tacito
1752 4914 2031 4970 clericatus
2079 4916 2161 4985 of—p

583 4994 701 5050 ficio
731 5014 743 5050 :
777 5007 830 5051 et
859 5002 1175 5055 auctoritate
1204 5006 1490 5069 promerita
1527 5012 1710 5056 contra
1734 5002 2041 5061 civilitatem
2074 5024 2158 5063 re-

579 5080 805 5153 demptis
827 5090 925 5143 sibi
950 5092 1189 5145 barbaris
1215 5076 1632 5164 suprascriptum
1668 5095 1977 5165 episcopum
2001 5112 2154 5153 suum

577 5174 826 5241 gravibus
874 5177 1077 5246 injuriis
1117 5193 1170 5235 et
1211 5182 1506 5253 diSpentIiis
1557 5184 1868 5240 affecerunt.
1919 5184 2149 5244 Proinde

2265 4756 2574 4815 mactasset,
2608 4759 2732 4805 tunc
2773 4751 2935 4804 etiam
2963 4750 3029 4804 ad
3078 4751 3372 4818 augendam
3420 4752 3689 4806 violentia:
3744 4767 3877 4809 sua:

2265 4840 2619 4907 pervicaciam
2650 4842 3010 4907 supradictum
3043 4842 3337 4895 antiSIitem
3362 4843 3697 4911 gravissimis
3726 4858 3876 4897 con-

2266 4929 2498 4982 tumeliis
2525 4920 2790 4984 affecisse.
2828 4931 2891 4985 Et
2918 4931 3061 4995 ideo,
3096 4931 3289 4987 fratres
3314 4933 3596 5001 carissimi,
3627 4935 3671 4987 si
3702 4950 3733 4985 a
3770 4952 3878 4989 vo-

2262 5019 2344 5072 bis
2369 5017 2674 5073 admonitus
2705 5020 2767 5073 ad
2810 5022 3063 5099 judicium
3088 5034 3322 5099 vestrum
3347 5025 3880 5094 inquisitionemque

2264 5102 2597 5191 convenerit,
2633 5114 2855 5167 veritate
2891 5113 3129 5193 discussa
3164 5116 3304 5168 ttnde
3353 5123 3532 5169 tantus
3585 5118 3881 5184 superbia:

2266 5201 2483 5269 spiritus
2507 5212 2596 5256 aut
2628 5203 2890 5257 violentia“:
2916 5207 3195 5273 conceptio
3228 5204 3464 5272 fluxerit,
3513 5207 3715 5278 quidve
3748 5208 3885 5262 fue-

2267 5293 2332 5345 rit
2366 5294 2505 5361 quod
2533 5282 2767 5363 pontifex
2802 5280 2947 5348 tanta
2971 5280 3299 5351 laceraretur
3321 5280 3625 5365 insulentia,
3653 5282 3884 5355 nOSIris

2268 5384 2486 5437 auribus
2516 5384 2776 5439 relatione
2814 5386 3041 5454 signate.
3101 5388 3207 5442 Aut
3252 5390 3295 5444 si
3344 5392 3476 5446 forte
3514 5392 3673 5445 simili
3719 5407 3883 5461 prae-

2265 5476 2568 5549 sumptione
2598 5477 3002 5545 contempserit,
3035 5486 3351 5547 potestatem
3380 5472 3480 5538 sibi
3507 5474 3877 5553 supradictus

2262 5566 2508 5632 pontifex
2543 5567 2755 5620 noverit
2782 5581 2903 5622 esse
2931 5583 3261 5639 concessam,
3291 5581 3552 5642 quatenus
3589 5574 3735 5645 apud
3781 5577 3885 5645 ju-

578 5266 941 5320 neCessarium
1001 5266 1098 5322 fuit
1144 5285 1201 5325 ut
1246 5270 1317 5328 ad
1365 5266 1613 5332 eumdem
1670 5279 1947 5334 dominum
1991 5278 2161 5336 lilium

580 5373 754 5411 meum
796 5358 1133 5427 suriradictus
1171 5362 1333 5417 frater
1373 5379 1554 5423 noster
1595 5370 1827 5425 Serenus
1873 5373 2156 5442 cpiscopus

590 5450 907 5516 tonvolaret,
936 5460 1255 5519 estensaqne
1301 5452 1485 5511 fraude
1528 5462 1818 5515 secundum
1866 5464 2153 5517 beatitudi-

602 5557 697 5594 cm
739 5542 1035 5611 temporum
1068 5558 1282 5597 suorum
1327 5547 1406 5598 vir
1445 5549 1965 5614 prmcellentissimus
2010 5546 2149 5610 filius

652 5678 667 5749 ξ
696 5678 767 5749 id.
792 5681 937 5743 cod.,
963 5682 1081 5744 quid
1100 5692 1400 5749 queruntur.

647 5748 670 5818 ξ
697 5746 772 5800 Id.
798 5751 940 5814 cod.,
968 5767 1054 5815 per
1081 5746 1362 5818 anfractus.

649 5816 669 5846 ³
695 5819 769 5874 Id.
796 5820 937 5883 cod.,
964 5816 1247 5875 teneantur.

2340 5696 2357 5725 "
2392 5697 2466 5751 Id.
2499 5698 2645 5765 cod.,
2680 5700 2731 5752 in
2757 5701 3028 5757 insincera.

2336 5768 2354 5793 ⁸
2386 5766 2458 5821 ιιι.
2487 5770 2631 5835 cod.,
2666 5774 2832 5841 positi.
