3958 6312
322 451 547 507 Plurima
593 450 846 505 litterulis
889 451 1096 520 signata
1142 450 1387 519 sepulcra
1424 452 1714 517 loquuntur
1742 453 1793 509 A

391 538 600 612 1165
621 540 873 611 Martyris
898 550 989 596 aut
1018 554 1234 607 nomen,
1269 550 1355 592 aut
1388 540 1716 607 epigramma

1212 628 1217 633 ”
1384 629 1644 701 [aliquod.

324 725 451 778 Sunt
475 732 528 775 et
559 729 701 774 muta
732 731 908 774 tamen
950 720 1139 774 tacitas
1170 718 1469 774 claudentia
1510 720 1719 774 tumbas

168 819 225 873 10
388 812 669 876 Marmora,
695 826 816 880 quae
842 810 1013 864 solum
1048 809 1348 878 signiﬁcant
1376 824 1680 863 numerurm.

328 908 527 974 Quanta
551 904 720 957 virum
735 905 944 970 jaceant
961 906 1228 971 congestis
1247 916 1470 969 corpora
1491 902 1717 963 acervis,

390 994 556 1051 Nosse
587 994 734 1057 licet,
756 1006 984 1061 quorum
1015 994 1228 1046 nomina
1258 992 1396 1046 nulli
1427 991 1613 1060 legas?

322 1088 601 1154 Sexaginta
627 1085 754 1148 illic,
784 1083 1026 1138 defossas
1052 1083 1191 1138 mole
1220 1084 1320 1136 sub
1342 1098 1467 1150 una,

392 1176 686 1245 Belliquias
725 1174 944 1228 memini
985 1188 1072 1228 me
1109 1172 1363 1228 didicisse
1399 1172 1673 1226 hominum
1710 1187 1722 1222 :

169 1272 228 1326 15
325 1269 558 1335 Quorum
590 1266 736 1321 solus
767 1264 937 1320 habet
966 1271 1238 1333 comperta
1271 1262 1526 1318 vocabula
1571 1261 1728 1314 Chri-

1499 1353 1653 1422 [ειυς.

1276 331 1847 391 PERISTEPIIANON
1895 332 2101 388 HVMN.
2144 330 2230 384 XI.

3291 328 3399 384 5⁸51

2069 450 2269 514 Utpote
2296 460 2435 514 quos
2464 444 2695 515 propriae
2712 444 2888 512 junxit
2912 443 3181 498 amtcttiaz.

2004 535 2127 591 llaec
2148 535 2276 590 dum
2304 536 2475 590 lustro
2502 535 2694 600 oculis,
2726 544 2779 589 et
2804 534 2976 589 sicubi
3005 534 3142 589 forte
3174 534 3399 588 latentes

2058 626 2255 681 Rerum
2274 627 2450 694 apices
2464 635 2701 680 veterum
2720 640 2813 693 per
2828 636 3166 679 monumenta
3185 640 3401 694 sequor,

2007 717 2216 786 1165
2241 717 2454 771 ίηνθηίο
2483 717 2843 787 Hippolytum,
2861 718 2949 785 qui
2974 717 3242 779 quondam
3264 716 3404 770 sclt'...

2984 807 3116 877 [Slva
3146 808 3331 863 Novati

1826 901 1896 955 20
2078 898 2379 969 Presbyteri
2402 899 2670 966 attigerat,
2697 908 2875 953 nostra
2897 901 3163 968 sequenda
3187 915 3399 969 negans.

2008 987 2190 1057 Usque
2216 988 2283 1042 ad
2317 989 2553 1059 martyrii
2598 1000 2904 1057 provectum
2937 990 3164 1057 insigne,
3193 992 3373 1045 tulisse

2083 1079 2279 1133 Lucida
2311 1080 2585 1148 sanguinei
2617 1081 2833 1149 praemia
2857 1080 3119 1149 supplicii.

2010 1170 2116 1225 Nec
2149 1171 2347 1225 mirere
2374 1185 2580 1236 senem,
2605 1172 2842 1239 perversi
2873 1170 3136 1239 dogmatis
3167 1172 3312 1229 olim,

2079 1262 2297 1318 Munere
2326 1263 2552 1317 ditatum
2579 1263 2859 1318 catholica:
2890 1261 3033 1316 ﬁdei.

1829 1353 1901 1406 25
2012 1352 2144 1407 Cum
2174 1354 2283 1424 jam
2311 1368 2508 1409 vesano
2532 1355 2703 1409 victor
2728 1368 3005 1423 raperetur
3035 1354 3102 1407 ab
3129 1355 3325 1416 hoste...

1568 1505 1854 1562 GLOSSE
1898 1506 2236 1563 VETERES.

229 1655 280 1706 7.
304 1649 540 1715 Signata,
572 1645 770 1705 clausa.
801 1644 842 1697 l.

227 1721 276 1773 8.
308 1712 663 1788 Epigramma,
693 1715 1077 1788 superscriptio,
1114 1712 1155 1768 I.

226 1793 276 1846 9.
306 1785 557 1852 Tumbas,
590 1786 848 1853 sepulcra,
876 1785 912 1838 1.

229 1862 307 1914 lt).
334 1858 669 1927 Signiﬁcant,
697 1856 949 1927 indicant,
982 1854 1021 1906 l.

230 1931 309 1984 11.
338 1924 542 1986 Virum.
568 1927 815 1987 virorum,
846 1924 885 1980 Ι.

227 2000 309 2054 15.
337 1995 641 2065 Comperta,
671 1996 904 2065 recitata,
930 1992 971 2046 1.

228 2070 307 2122 17.
332 2062 533 2130 Sicubi,
564 2066 767 2133 ubique,
801 2062 842 2117 Ι.

229 2138 311 2194 18.
340 2137 563 2202 Rerum,
595 2135 848 2204 martyrii,
883 2133 924 2187 l.

230 2209 308 2262 l9.
335 2198 601 2263 Schisma.
630 2198 837 2274 dogma,
861 2204 1132 2274 discussio,
1152 2202 1403 2274 Itwresim.
1428 2198 1725 2274 —_Novat_i.

168 2278 378 2332 Novatus
402 2279 496 2331 iste
525 2270 906 2339 schisniaticus,
937 2290 1056 2328 nam
1099 2272 1255 2327 distat
1284 2273 1413 2324 inter
1440 2270 1729 2323 scitismati-

167 2365 271 2401 cum
295 2359 339 2401 et
367 2347 684 2401 httreticum.
721 2345 957 2399 Schisma
977 2386 991 2407 ,
1025 2343 1077 2395 id
1106 2352 1179 2395 est
1208 2342 1420 2405 scissio;
1450 2340 1568 2392 inde
1598 2340 1734 2393 schi-

166 2419 410 2474 smaticus.
440 2418 532 2483 qui
561 2434 593 2469 a
621 2431 833 2480 corpore
864 2409 1105 2467 Ecclesia:
1128 2412 1304 2483 aliqua
1325 2412 1577 2483 novitate,
1608 2409 1736 2483 sicut

167 2488 269 2554 iste,
297 2489 380 2559 qui
408 2479 611 2541 dicebat
655 2479 911 2538 hominem
957 2483 1109 2537 seruet
1151 2479 1444 2550 prolapsum
1481 2479 1737 2532 criminati

1836 1652 2062 1714 peccato,
2107 1658 2365 1709 nunquam
2397 1660 2541 1709 posse
2582 1661 2760 1714 resurg
2791 1661 2863 1698 re.
2899 1645 3179 1700 ereticus
3208 1663 3412 1714 namun

1836 1711 1922 1777 qui
1948 1719 2136 1781 sectam
2154 1727 2298 1765 suam
2322 1714 2475 1779 colit;
2499 1714 2702 1767 Iurresis
2725 1711 2854 1768 enim
2876 1726 3009 1769 secta
3028 1758 3043 1781 ,
3068 1716 3296 1781 uidelicet
3318 1711 3413 1773 n‘ou

1834 1780 2044 1833 credens
2073 1798 2227 1834 unum
2258 1782 2421 1857 Deum
2450 1800 2555 1857 esse
2589 1784 2631 1837 P
2658 1794 2813 1857 trem,
2846 1795 2894 1838 et
2926 1780 3138 1852 Filium,
3171 1780 3218 1839 et
3249 1786 3415 1857 Spiri-

1755 1845 1803 1904 Β
1834 1857 1940 1903 tum
1987 1861 2239 1916 sanctum,
2287 1854 2414 1906 sicut
2455 1855 2627 1917 Arius,
2658 1854 2697 1908 Ι.
2734 1854 2964 1909 Novatus
3009 1845 3414 1909 iste'mona'chnt

1839 1920 1936 1987 fuit
1967 1932 2015 1994 et
2044 1923 2330 1991 episcopus,
2362 1924 2449 1992 qui
2483 1924 2678 1977 dicebat
2722 1925 2973 1978 hominem
3013 1926 3346 1994 baptizatum,
3376 1930 3414 1980 st

1837 1990 1992 2063 semel
2019 1990 2291 2063 peccasset,
2311 1990 2411 2045 non
2430 2011 2573 2060 posse
2594 2006 2765 2063 postea
2782 1997 2974 2047 neniam
2990 1990 3189 2048 mereri.
3216 1996 3333 2048 Vat.
3358 2001 3414 2049 Α.

1906 2061 2020 2132 2οἓ
2047 2062 2255 2127 Nostra,
2301 2064 2562 2132 dogmata,
2595 2061 2740 2119 Mar.
2784 2063 3165 2129 Ecclesiastica,
3211 2067 3415 2119 cat/toli-

1838 2146 1950 2182 cam
1975 2129 2277 2197 Ecclesiam,
2306 2132 2346 2185 Ι.

1908 2199 2000 2255 21.
2033 2202 2365 2274 Provectum,
2393 2203 2581 2274 scilicet
2603 2204 2787 2274 inueni.
2817 2232 2885 2243 —-
2908 2204 3136 2274 Insigne,
3158 2219 3417 2258 ornamen-

1842 2279 1966 2322 tum.
2000 2300 2068 2309 —
2097 2270 2329 2334 Tulissi-,
2354 2272 2628 2337 accepisse.
2660 2273 2697 2325 1.

1910 2338 1999 2412 ᾖ.
2033 2341 2244 2412 hlirere.
2280 2344 2496 2394 mireris.
2529 2361 2597 2382 -ι-
2622 2342 2840 2405 Senem,
2874 2341 3232 2412 Hippolytum,
3258 2342 3299 2399 Ι.

1916 2408 2004 2462 24.
2043 2411 2296 2463 llitatum.
2328 2412 2517 2463 scilicet
2549 2428 2675 2476 esse,
2706 2412 2744 2464 I.

1915 2478 2005 2533 9.5.
2042 2480 2242 2545 Victor,
2277 2481 2403 2548 ipse,
2438 2480 2476 2534 1.

1618 2610 2168 2670 COMMENTARIUS.

227 2753 276 2807 7.
306 2752 499 2809 Weilz.
535 2765 653 2806 cum
677 2749 877 2804 Widm.
906 2748 1089 2803 scribit
1116 2749 1366 2802 locuntur.

228 2824 276 2875 8.
308 2823 644 2885 Parrhasius,
675 2819 869 2889 aliquid
899 2818 1057 2889 .jlege
1084 2818 1311 2889 aliquod.

228 2894 277 2947 9.
303 2894 413 2949 Gis.
465 2895 524 2947 in
568 2886 839 2952 contex'tu,
888 2888 1022 2943 Sunt
1059 2898 1106 2941 et
1147 2886 1304 2939 multa
1346 2898 1510 2941 tamen
1554 2886 1733 2938 tacitas

169 2964 438 3017 claudentia
465 2963 663 3017 turbas.
688 2960 766 3014 Ad
794 2974 967 3022 oram,
1010 2971 1170 3020 mnta,
1202 2969 1253 3009 et
1286 2959 1502 3011 tumbas.
1537 2956 1734 3017 Seripti

170 3034 546 3102 castigatiores,
605 3042 779 3102 muta;
830 3030 1068 3102 plerique
1117 3029 1371 3102 t_ttntbas._
1400 3027 1730 3102 Parrhasius,

173 3096 382 3166 Vath,
420 3120 449 3157 a
489 3101 732 3157 secunda
772 3112 955 3164 manu,
994 3099 1071 3160 Β,
1114 3099 1296 3167 Egtn.,
1343 3096 1731 3167 Pal..Witttn.,

169 3188 332 3241 supra,
356 3170 917 3241 multa.Va|secchius,
944 3169 1034 3232 qui
1066 3165 1248 3231 iihftt,
1272 3183 1390 3241 cap.
1416 3169 1473 3230 2,
1501 3168 1569 3241 de
1600 3165 1739 3241 Fun-

169 3209 1476 3315 ιξιδῑπιέὲῑῑξῗ’ριξῖῐδῑξῑ...τίςςὴκιΐειςίξίῑηῑίειῖέ
1502 3209 1740 3315 aut..-
1766 3209 1816 3277 c

174 3314 221 3366 lii
246 3308 778 3381 pttgn.tt.'esistimat,
805 3309 1074 3381 veriorem
1089 3324 1209 3363 esse
1236 3309 1516 3381 lectionem
1546 3308 1738 3381 turbas.

175 3378 492 3446 Parrhasius,
525 3383 617 3451 qui
643 3381 769 3435 lenit
810 3378 1030 3441 tumbas,
1064 3379 1638 3451 itl_verhttmnum_erat
1665 3378 1744 3429 itt-

174 3463 245 3507 tcr
269 3445 569 3523 alienigena
611 3451 803 3516 quibus
841 3456 1089 3523 usus_est
1126 3448 1467 3523 Prudentius.
1498 3445 1741 3523 Gra-cum

172 3532 246 3577 est
282 3518 493 3594 τύμβᾶς,
550 3524 785 3594 bustum,
825 3519 1097 3594 tumulus;
1141 3519 1279 3571 unde
1303 3518 1497 3594 factum
1552 3520 1745 3583 opinor

173 3588 478 3647 catacumbas
511 3591 803 3658 euphonia:
856 3590 1022 3656 gratia
1066 3603 1162 3656 pro
1197 3588 1531 3649 catatumbas,
1564 3596 1622 3639 ut
1658 3602 1743 3658 re-

172 3676 286 3717 vera
306 3666 441 3731 apud
474 3657 768 3718 nonnullus
791 3669 999 3713 veteres
1040 3659 1269 3731 legitur.
1286 3659 1395 3731 Alii
1421 3657 1745 3731 catacumbas

173 3748 199 3783 a
219 3725 513 3795 cttntliis,vel
529 3732 745 3803 cymbis,
768 3731 1012 3803 navibus,
1035 3725 1207 3803 etalia
1231 3728 1615 3803 signiﬁcatione
1636 3725 1746 3780 cal-

177 3803 337 3857 variis.
356 3799 648 3859 deducunt.
669 3800 934 3854 Vocabulo
951 3799 1123 3853 tumba
1142 3814 1236 3865 pro
1253 3799 1498 3868 sepulcro
1527 3807 1746 3852 utuntur

176 3872 513 3943 llierouymus
540 3913 555 3937 ,
603 3869 896 3943 Alcuinus,
938 3868 1297 3943 Batltbcrtns,
1330 3868 1547 3943 aliique
1570 3868 1746 3943 plures

175 3937 442 3998 Christiani
476 3945 795 4010 scriptorcs.
849 3939 903 3991 In
952 3937 1746 4010 inscriptionibusgCltristiauis

176 4014 340 4067 eadem
368 4008 762 4083 s‘gnilicatiouc
782 4010 1218 4083 legiturtumbus.
1249 4008 1741 4083 VialoLDucangium.

241 4083 318 4136 ll.
362 4078 493 4148 Mir,
543 4082 707 4143 male,
750 4080 943 4133 acerbis
972 4094 1067 4145 pro
1105 4080 1315 4133 acervis.
1354 4078 1543 4142 Turn.,
1570 4081 1747 4132 minus

179 4150 318 4224 bene,
349 4155 593 4224 conjectis
625 4166 720 4224 pro
750 4151 1021 4218 congestis.

240 4222 318 4277 15.
345 4216 578 4286 Aliéubi,
612 4216 1180 4290 defossa,'pi-rperam.
1212 4216 1375 4270 Moles
1405 4216 1471 4271 de
1499 4219 1750 4286 sepulcro

179 4303 285 4359 apte
308 4294 501 4347 dicitur
529 4311 541 4345 :
574 4307 656 4344 s'c
680 4289 848 4343 moles
875 4289 1149 4343 Hadriani.

244 4362 322 4416 15.
356 4364 409 4417 In
432 4362 616 4416 ofﬁcio
638 4361 812 4415 eccles
835 4362 1003 4413 asticn
1027 4359 1256 4417 canitur,
1290 4360 1522 4423 Quorum
1543 4358 1751 4410 nomina

182 4443 286 4483 uota
308 4445 420 4486 sunt
442 4436 496 4485 in
517 4432 679 4487 cretis.
709 4429 839 4484 Vide
868 4444 1007 4483 vers.
1034 4432 1058 4483 1
1087 4427 1269 4498 hymni
1293 4430 1317 4482 1
1352 4429 1499 4493 Per.,
1529 4436 1585 4481 et
1605 4441 1747 4480 vers.

185 4501 306 4555 1119
331 4504 515 4557 Ιινιιιιι.
549 4502 641 4556 10.

1838 2760 1983 2801 cere.
2019 2748 2170 2817 Quod
2200 2749 2242 2802 si
2271 2750 2387 2815 ejus
2419 2751 2493 2805 rei
2518 2751 2712 2805 veritas
2743 2759 2867 2804 tunc
2895 2750 3182 2805 Prudentio
3205 2765 3310 2803 non
3335 2765 3421 2812 pa-

1841 2817 1959 2891 tuit,
1992 2836 2086 2873 cur
2124 2818 2407 2873 credemus
2433 2836 2549 2874 eam
2593 2821 3090 2891 martyrologiorum
3120 2820 3421 2873 auctoribus

1843 2890 2007 2959 multa
2037 2900 2158 2955 post
2183 2891 2376 2959 smcula
2406 2891 2641 2959 patuisse
2669 2890 2691 2942 ?

1916 2958 2001 3014 19.
2032 2959 2184 3023 Μετ’..
2232 2958 2377 3025 Rat.,
2412 2958 2618 3024 inveni;
2665 2961 2922 3028 plerique,
2951 2960 3169 3013 invenio.
3210 2959 3425 3012 Videtur

1844 3027 2067 3085 innuere
2109 3029 2426 3083 Prudentius
2460 3046 2518 3084 se
2558 3032 2608 3085 in
2642 3031 2795 3084 titqu
2823 3027 2948 3083 'sive
2986 3030 3258 3097 epitapltio
3304 3030 3426 3097 "lp-

1847 3099 2013 3171 polyti
2046 3100 2237 3168 legisse
2264 3101 2312 3153 id
2345 3101 2484 3170 quod
2521 3102 2590 3156 de
2622 3102 2809 3155 luercsi
2842 3101 3025 3154 Novati
3057 3100 3238 3153 refert.
3267 3100 3426 3154 Certe

1845 3185 1912 3224 ex
1946 3170 2063 3225 Sola
2093 3170 2321 3237 pictura,
2348 3181 2408 3225 ut
2442 3171 2575 3235 dixi,
2609 3172 2971 3226 narrationem
3013 3171 3276 3224 adornare
3320 3187 3441 3222 ttmt~

1847 3240 2037 3303 potuit.
2090 3240 2326 3295 Novatus
2371 3241 2651 3311 presbyter
2694 3241 2791 3294 fttit
2837 3241 3295 3309 Cartltaginensis,
3336 3242 3423 3309 qui

1845 3321 2160 3380 potestatem
2205 3312 2256 3364 in
2305 3312 2537 3365 Ecclesia
2577 3327 2697 3367 esse
2734 3311 2959 3379 negabat
2999 3312 3206 3365 veniam
3236 3326 3422 3364 conce-

1845 3382 2003 3436 dendi
2046 3380 2381 3450 graviOribus
2422 3382 2757 3439 criminibus.
2800 3381 3041 3447 quamvis
3079 3382 3211 3447 lapsi
3257 3383 3425 3450 pinni-

1846 3452 2064 3507 teutiam
2093 3451 2348 3519 egissent.
2373 3451 2603 3504 Novatus
2628 3451 2853 3505 Romam
2883 3452 3103 3506 veniens
3131 3451 3427 3506 Novatiano

1846 3525 2132 3588 antipapat,
2166 3524 2254 3585 qui
2302 3521 2534 3575 scltisma
2573 3523 2831 3576 adversus
2869 3522 3174 3576 Cornelium
3218 3522 3428 3589 pontiﬁ-

1846 3608 1964 3646 cem
1998 3592 2296 3644 Bomanum
2329 3591 2599 3657 conﬂavit,
2640 3607 2764 3646 sese
2810 3592 3079 3660 adjuuxit,
3110 3603 3163 3645 et
3194 3594 3246 3645 in
3278 3607 3426 3645 suam

1850 3663 2109 3731 luere-im,
2144 3661 2489 3731 Hippolytum
2534 3672 2626 3715 aut
2666 3663 2839 3715 solum
2891 3663 3289 3731 presbyterum,
3340 3670 3429 3713 aut

1848 3749 1879 3787 e
1906 3736 2009 3786 iam
2033 3730 2351 3800 episcopum
2380 3733 2657 3795 pertraxit,
2688 3742 2745 3785 ttt
2771 3747 2836 3787 ex
2879 3730 3167 3785 Prudentio
3195 3740 3424 3784 constat.

1850 3804 1905 3857 In
1936 3802 2318 3872 martyrologio
2365 3803 2606 3855 llomano
2637 3813 2754 3872 post
2798 3803 3010 3855 Batoni
3062 3803 3449 3872 recensioncnr

1850 3875 1914 3926 ad
1957 3889 2012 3925 ttt
2048 3870 2152 3924 cal.
2198 3870 2358 3926 Febr.
2404 3875 2629 3925 refertur
2671 3871 3010 3941 llippolytqu
3061 3871 3447 3940 presbyterum

1854 3943 2241 3997 Autiochcnttm
2264 3941 2451 3995 Novati
2483 3944 2740 3996 doetrinte
2768 3943 2914 4008 prius
2937 3941 3221 4005 faventem,
3249 3952 3429 4007 postea

1851 4013 1915 4066 ad
1948 4012 2104 4065 ﬁdem
2144 4010 2459 4065 catholicam
2488 4027 2786 4079 regressum
2821 4026 2916 4079 pro
2943 4011 3155 4066 Cbrism
3192 4012 3429 4079 jugulum

1854 4082 2165 4150 praebui-sc.
2200 4080 2304 4136 Sed
2337 4081 2579 4135 diversus
2602 4081 2811 4135 videtur
2848 4082 3010 4135 fuisse
3052 4082 3136 4135 hic
3181 4082 3433 4151 llippoly.

1854 4164 1959 4208 tus.
1994 4153 2082 4218 qui
2120 4166 2251 4205 vere
2286 4154 2445 4204 etiam
2490 4151 2694 4205 Novato
2736 4154 2943 4214 faverit,
2975 4162 3065 4203 aut
3090 4153 3171 4204 cui
3200 4152 3433 4205 atﬁctum

1854 4223 2016 4276 fuerit
2035 4222 2177 4287 quod
2209 4222 2276 4275 de
2306 4221 2589 4292 Hippolyto
2607 4237 2713 4292 suo
2742 4233 2921 4275 narrat
2950 4222 3286 4276 Prudentius.
3320 4222 3436 4278 Sol-

1856 4292 2039 4353 lerius,
2075 4293 2397 4363 Act_._sanct.
2431 4290 2562 4363 tom.
2598 4290 2659 4363 VI
2691 4291 2857 4363 Junii,
2894 4292 2944 4345 in
2988 4303 3098 4349 not.
3129 4294 3194 4345 ad
3233 4305 3435 4363 marty-

1859 4363 2116 4429 rologium
2170 4360 2395 4416 Usuardi
2444 4362 2531 4416 die
2578 4362 2646 4416 50
2690 4361 2835 4424 Jan.,
2881 4372 3063 4416 censet
3114 4379 3223 4415 rt-m
3265 4360 3433 4416 solum

1860 4432 2496 4502 implicuisseiAdonetu,
2540 4433 2627 4502 qui
2673 4432 2900 4502 elogium
2948 4432 3072 4485 illud
3120 4432 3433 4485 Autiocheni

1862 4502 2127 4572 llippolyti
2151 4501 2410 4569 adjunxit,
2434 4503 2575 4569 quod
2604 4501 2725 4555 inde
2751 4502 2929 4555 caeteri
2963 4503 3429 4567 transcripserunt.

246 4573 325 4627 16.
359 4567 490 4649 Gis._
514 4575 584 4626 ad
636 4586 827 4649 marg,
873 4586 1000 4634 quos
1040 4569 1247 4649 proprie
1282 4569 1458 4638 junxit
1498 4584 1563 4649 an
1584 4567 1747 4620 icitia.
1781 4579 1832 4638 ι)
1859 4567 2238 4649 Martyrologos
2267 4567 2484 4649 nostros,
2511 4571 2912 4649 addit,_ma_ximi
2931 4588 3053 4624 sane
3078 4572 3313 4649 facimus,
3334 4587 3434 4649 non

186 4638 348 4697 Justos
388 4644 597 4696 anticus
631 4643 829 4704 vocari,
857 4651 911 4695 et
946 4653 1065 4694 esse
1097 4638 1212 4706 Dei,
1254 4652 1435 4691 notunt
1463 4647 1545 4692 est
1572 4652 1636 4691 es
1666 4653 1751 4691 sa-

187 4711 280 4764 cris
303 4714 510 4767 litteris.

250 4782 329 4835 17.
361 4782 605 4836 Notanda
639 4781 907 4849 diligentia
935 4778 1231 4842 Prudentii,
1263 4777 1350 4846 qui
1380 4776 1755 4849 inscriptiones

188 4848 539 4921 investigahat.
588 4863 648 4905 ut
677 4846 900 4921 de'actis
943 4859 1235 4921 martyrum
1272 4860 1451 4901 certus
1493 4850 1660 4921 fieret.
1691 4846 1755 4921 Et

189 4922 314 4986 quod
341 4916 487 4976 addit
516 4921 619 4974 Inv
639 4924 759 4989 vtio,
803 4919 1168 4991 Hippolytum,
1194 4925 1322 4991 etc_.,
1363 4926 1549 4991 aperte
1584 4916 1754 4970 innuit

188 5002 243 5042 se
279 5005 308 5045 e
338 4992 497 5047 certis
534 4991 897 5045 monumentis
915 4988 1203 5057 inscriptis
1234 4988 1507 5041 historiam
1537 5001 1753 5054 compe-

190 5057 342 5123 tisse;
382 5076 559 5129 neque
587 5064 731 5114 enim
763 5077 830 5115 ex
858 5060 969 5114 sola
1004 5060 1207 5126 pictura
1240 5058 1393 5124 cujus
1428 5068 1610 5129 postea
1643 5072 1753 5109 tne-

191 5130 348 5194 minit,
376 5128 482 5185 tam
525 5142 830 5185 accuratam
879 5131 1240 5184 narrationem
1287 5128 1503 5182 haurire
1545 5129 1751 5195 poluil;

191 5212 347 5266 neqne
381 5200 645 5256 credibile
672 5212 754 5256 est
785 5199 1061 5254 historiam
1103 5213 1282 5253 veram
1321 5198 1380 5251 S.
1406 5197 1671 5267 Hippolyti
1702 5198 1753 5249 in

196 5276 288 5339 iatn
331 5271 616 5339 magniﬁco
644 5271 759 5338 ejus
788 5273 986 5336 templo
1028 5279 1117 5322 aut
1158 5270 1472 5333 ignoratant,
1500 5266 1755 5339 aut’falso

194 5336 341 5393 fuisse
366 5336 714 5408 descriptam.
746 5341 843 5406 Qui
870 5339 1138 5393 afﬁrmant
1160 5339 1526 5399 Prudentium,
1551 5337 1752 5408 vulgari

195 5409 482 5478 narratione
522 5407 833 5478 deceptum,
870 5426 900 5464 e
939 5410 1108 5462 tribus
1150 5408 1450 5476 llippolytis
1485 5424 1648 5478 unum
1681 5407 1755 5459 fe-

194 5476 339 5546 cisse.
383 5476 677 5534 advertere
715 5480 910 5534 debent
956 5494 1130 5546 neque
1184 5492 1305 5532 isse
1353 5477 1661 5546 verisimile,
1696 5485 1754 5528 ttt

196 5542 362 5619 Ruina:
392 5549 616 5603 historia
651 5548 705 5603 S.
756 5542 1123 5619 llippolyti'eo
1156 5557 1393 5619 tempore
1432 5547 1487 5600 in
1514 5545 1751 5619 ejusdem

196 5617 398 5671 ecclesia
428 5619 790 5689 ignoraretur,
814 5616 983 5689 neque
1005 5616 1349 5673 Prudentium
1375 5631 1498 5671 eum
1520 5629 1644 5689 esse
1666 5618 1752 5684 qui

196 5695 337 5757 attres
355 5685 509 5757 vulgo
534 5688 690 5743 facile
713 5685 997 5756 praeberet,
1022 5697 1141 5743 cu'm
1172 5689 1223 5741 in
1253 5698 1498 5755 promptu
1519 5685 1757 5757 illiesset

200 5753 467 5813 doctiorcs'
495 5753 850 5828 interrogare,
893 5769 945 5814 et
984 5753 1160 5815 vetera
1204 5753 1545 5811 monumenta
1598 5756 1759 5824 inSpi-

1857 4644 1985 4696 tanti
2003 4639 2184 4695 tamen
2228 4652 2283 4695 ut
2321 4642 2501 4706 ubique
2545 4639 2827 4694 Prudentia
2857 4650 2929 4691 tot
2964 4642 3161 4692 sreculis
3192 4643 3434 4693 anteriori

1856 4712 2196 4781 pra’ferendos
2242 4722 2489 4778 putemus.
2538 4710 2593 4763 ltt
2632 4711 2807 4778 glossa
2852 4710 3205 4778 supplendum
3237 4721 3322 4765 est
3350 4715 3459 4779 qui

1856 4783 2084 4835 discessit
2112 4799 2142 4832 a
2172 4796 2402 4849 corpore.

1928 4852 2016 4906 20.
2056 4852 2231 4920 Egm.,
2264 4850 2490 4904 llailsbr.
2524 4864 2704 4917 supra,
2749 4865 2974 4916 sequere,
3008 4864 3305 4920 perperam.
3339 4867 3435 4917 pro

1858 4918 2134 4990 sequendi.
2177 4923 2297 4975 Ald.
2326 4929 2379 4973 et
2404 4921 2492 4974 alii
2524 4920 2673 4983 cditi,
2707 4920 2984 4989 presbyter.
3014 4918 3283 4973 Widtuan.
3317 4936 3443 4974 ρον-ι

1860 5002 2035 5061 rupte,
2068 5001 2349 5061 prespyter.
2386 4991 2509 5044 Mihi
2552 4991 2738 5061 verius,
2766 4990 2978 5044 videtur
3018 4990 3293 5059 presbyteri
3314 5006 3432 5042 cttm

1860 5060 1977 5114 Vat.
2015 5059 2077 5122 Βζ
2107 5059 2259 5125 Prag.
2292 5070 2346 5113 et
2374 5061 2526 5123 Man,
2557 5059 2645 5114 ubi
2673 5060 2843 5130 aliena
2877 5075 3033 5113 manu
3074 5076 3137 5113 ex
3178 5062 3435 5130 presbyter

1860 5131 2052 5184 factum
2081 5131 2376 5199 presbyteri.
2409 5132 2473 5183 Et
2500 5131 2726 5184 fortasse
2750 5129 3066 5184 Prudentius
3089 5129 3434 5184 Novatiauum

1860 5202 2163 5267 antipapam
2212 5210 2366 5253 vocat
2407 5201 2664 5254 Novatum
2708 5217 2721 5251 :
2756 5200 2852 5253 fu't
2892 5210 3068 5255 autem
3114 5200 3437 5253 Novatiauus

1862 5272 2142 5339 presbyter
2183 5271 2477 5336 Romanus,
2512 5287 2541 5324 a
2582 5271 2749 5325 tribus
2778 5271 3042 5339 episcopis
3078 5280 3257 5337 postea
3286 5271 3435 5323 schi-

1860 5342 2083 5395 smatice
2128 5342 2411 5409 episcopus
2440 5350 2780 5395 consecratus
2814 5356 2827 5392 :
2857 5340 3088 5394 Novatus
3115 5349 3290 5394 autem
3323 5342 3435 5394 lue-

1862 5413 2058 5463 reticus
2094 5412 2373 5479 presbyter
2419 5409 2871 5479 Carthaginiensis.
2917 5411 3003 5479 qui
3056 5426 3083 5462 a
3126 5410 3353 5464 Baronio
3387 5422 3433 5465 et

1861 5479 2218 5534 Chamillardo
2248 5482 2387 5536 male
2414 5481 2654 5535 creditur
2680 5480 2959 5547 episcopus
2980 5479 3108 5534 Afer
3129 5480 3310 5534 fuisse.

1933 5552 2022 5605 '25.
2063 5551 2292 5612 Ald..ne
2336 5552 2533 5604 mirere.
2584 5551 2735 5616 Quod
2783 5548 2867 5603 hic
2910 5550 2983 5603 ait
3027 5549 3342 5604 Prudentius
3370 5550 3439 5602 de

1868 5621 2135 5689 llippolyti
2165 5628 2460 5683 senectute,
2496 5631 2549 5674 et
2589 5620 2809 5689 replicat
2845 5634 2982 5673 vers.
3026 5621 3117 5687 78,
3152 5621 3277 5680 109,
3312 5619 3435 5685 157,

1866 5694 2036 5757 arguit
2062 5692 2329 5744 diversum
2362 5691 2500 5743 hunc
2529 5704 2649 5744 esse
2693 5690 3028 5759 Hippolytum
3062 5691 3127 5747 ab
3156 5690 3440 5759 Hippolyto

1870 5761 2055 5824 milite,
2090 5772 2143 5815 ut
2175 5762 2366 5817 clarius
2398 5770 2577 5829 postea
2609 5761 2826 5828 patebit.
