3964 6296
160 383 265 440 101

1402 385 1754 446 ΕΡΙΞΪΟΙΛΕ
1794 389 1884 445 ET
1924 393 2267 451 DECRETA.

3370 413 3468 470 102

159 499 334 556 dicem
360 496 651 568 provincia:
673 500 950 553 atrocium
989 499 1309 568 injuriarunt
1343 509 1550 570 quaerat
1580 515 1778 572 propo-
1805 505 1858 564 Α
1884 505 2146 563 obeuntes
2169 510 2535 583 episcopos’in
2559 491 2744 572 eadem
2776 515 2994 584 regione
3029 524 3467 593 metropolitanus

156 595 353 650 sitione
380 589 681 646 undictam.

256 685 494 740 Gelasius
529 681 818 755 Majorico,
866 686 1058 740 Sereno
1100 697 1150 741 et
1176 686 1372 741 Joanni
1403 689 1671 757 eniswpis.

683 777 830 847 (Lib.
865 794 941 842 ιιι,
976 793 1096 848 cap.
1131 778 1247 848 98.)

224 872 332 938 Qui
357 880 413 925 et
435 870 694 923 humanis
727 870 944 938 legibus
976 869 1176 924 inciviti
1205 871 1508 927 temeritate
1529 875 1768 938 catcatis,

147 974 205 1018 et
236 962 540 1018 reverentia
563 961 850 1029 religionis
883 962 1113 1031 abjecta,
1152 965 1234 1018 vel
1267 966 1629 1021 ecclesiastica
1661 970 1771 1037 pri-

145 1058 361 1126 vilegia
389 1055 603 1110 calcare
631 1055 997 1121 contendunt,
1026 1056 1110 1109 vel
1141 1053 1366 1110 ubilibet
1399 1058 1449 1111 in
1473 1069 1766 1126 pauperum

145 1147 408 1216 prosilire
438 1144 814 1214 dispendium,
846 1141 944 1200 nec
969 1146 1272 1215 hujusmodi
1296 1150 1484 1201 saltem
1524 1162 1768 1205 commo-
1847 1204 1853 1208 .

148 1240 248 1293 niti
281 1235 636 1305 convictique
663 1235 964 1306 nequitiam
995 1241 1176 1304 sopire
1215 1238 1577 1304 consentiunt,
1606 1249 1767 1311 atque
1844 1247 1846 1250 '

147 1332 297 1384 illata
331 1329 509 1384 sacris
533 1329 705 1383 rebus
730 1327 1054 1382 detrimenta
1098 1330 1332 1394 sancire,
1364 1331 1561 1386 merito
1603 1333 1766 1406 divini

149 1424 392 1479 muneris
422 1429 556 1477 sunt
585 1423 999 1492 participatione
1039 1421 1282 1492 privandi
1317 1442 1331 1479 :
1363 1432 1418 1478 ut
1453 1424 1608 1495 hnjus
1641 1441 1764 1494 per-

153 1517 402 1584 ceptione
434 1523 508 1568 n‘e
529 1522 771 1578 careant,
802 1512 943 1582 quod
973 1513 1246 1582 sacrilegis
1277 1515 1494 1570 ausibus
1533 1517 1764 1571 habuere

158 1607 458 1676 despectui.
523 1606 864 1674 QuaprOpt'er
909 1604 1192 1675 Dionysii,
1244 1607 1334 1676 qui
1389 1608 1527 1662 sicut
1569 1619 1762 1662 vestrae

155 1707 332 1754 textus
380 1697 674 1754 relationis
723 1697 1000 1763 ostendit,
1066 1711 1173 1751 non
1219 1699 1390 1753 solum
1436 1697 1760 1756 Vibonensis

158 1791 418 1846 Ecclesiae
462 1791 587 1860 jura
622 1789 870 1855 turbare,
920 1787 1012 1843 sed
1054 1789 1212 1843 etiam
1265 1805 1571 1861 repensare,
1618 1794 1756 1862 quod

161 1884 406 1952 nequiter
431 1880 787 1946 admiserant,
815 1887 1152 1950 respuerunt,
1171 1896 1342 1936 sacra:
1363 1884 1753 1938 communionis
1785 1849 1832 1940 li

164 1983 446 2031 arceantur
477 1987 722 2037 accessu,
755 1973 926 2026 donec
964 1975 1080 2042 quae
1113 1972 1301 2027 honori
1326 1967 1506 2028 divino
1534 1981 1753 2045 compe-

165 2077 274 2125 tunt
302 2067 722 2122 dis'ca‘ntdevota
754 2075 932 2120 mente
961 2066 1190 2120 deferre.
1217 2065 1412 2120 Contra
1437 2083 1570 2137 quos
1595 2067 1753 2122 etiam

163 2149 417 2230 quidquid
449 2152 680 2227 publicis
707 2155 918 2226 legibus
951 2156 1032 2225 agi
1066 2156 1278 2224 poterit,
1324 2157 1542 2212 minime
1590 2159 1756 2228 negli-

160 2261 334 2324 gatur.
371 2251 437 2306 Ut
460 2251 551 2321 qui
574 2258 862 2317 utrumque
886 2253 1220 2318 tetnpserunt
1247 2252 1486 2320 utrisque
1508 2251 1751 2317 cohibiti,

159 2357 276 2398 tam
323 2343 431 2398 sibi
477 2345 637 2412 qu‘am
679 2342 891 2395 caneris
936 2343 1207 2410 praebcant
1262 2342 1407 2411 quod
1454 2345 1754 2399 necessaria

158 2443 448 2513 disciplina
483 2443 654 2511 poscit
675 2443 1007 2512 exemplum.
1030 2433 1351 2495 Ctelestinus
1384 2456 1510 2494 vero
1535 2440 1754 2511 presby-

157 2525 252 2592 ter
285 2535 466 2589 fratris
513 2541 568 2588 et
613 2535 914 2603 coepiscopi
966 2532 1136 2586 nostri
1189 2532 1376 2586 Sereni
1434 2531 1523 2600 qui
1567 2541 1752 2586 contra

157 2626 472 2699 pontificale
495 2626 774 2696 judicium,
798 2635 1086 2694 contraque
1114 2623 1421 2695 apostolicae
1445 2623 1589 2678 sedis
1611 2641 1754 2678 man-

153 2713 284 2776 d’jta
327 2734 682 2788 prorumpens
727 2715 1046 2787 supradictis
1077 2717 1508 2772 communionem
1546 2731 1752 2770 sacram

155 2799 472 2865 ministrare
522 2810 893 2878 praesumpsit;
943 2823 1060 2862 cum
1094 2824 1197 2862 non
1234 2809 1469 2877 potuerit
1507 2808 1754 2878 ignorare

156 2907 487 2960 sententiam
545 2904 742 2973 proprii
787 2902 1119 2971 sacerdbtis,
1169 2895 1235 2957 ab
1283 2901 1461 2957 ofﬁcio
1508 2905 1752 2973 protinus

159 2999 540 3056 'e'cﬂesiastico
573 2997 821 3066 pellatur.
856 2997 926 3053 Ut
965 2995 1141 3051 nullus
1171 2993 1430 3051 Ecclesia:
1483 2997 1753 3053 ministro-

160 3100 281 3147 rum
306 3102 495 3146 contra
526 3091 849 3158 pontiﬁcalia
879 3086 1118 3144 instituta
1149 3090 1329 3143 venire
1359 3089 1667 3146 contendat.

486 3183 720 3236 G'elasius
746 3181 937 3236 Joanni
966 3183 1202 3253 episcopo
1230 3179 1445 3237 Pisano.

682 3275 824 3346 (Lib.
857 3290 935 3341 ttt,
970 3289 1087 3342 cap.
1119 3271 1231 3341 99.)

237 3365 613 3425 Ettcle~iastica
653 3359 974 3433 ministeria,
1019 3385 1137 3438 qua:
1179 3368 1471 3440 unicuique
1519 3369 1754 3425 basilicae

170 3467 396 3525 fidelium
422 3465 643 3520 devotio
674 3457 968 3533 deputavit,
1006 3463 1070 3516 ad
1103 3463 1260 3517 aliam
1292 3464 1573 3519 ecclesiam
1605 3464 1754 3519 nullo

173 3555 360 3611 debent
386 3557 712 3624 surripiente
735 3549 1035 3609 transferri.
1068 3551 1133 3607 Et
1166 3555 1310 3621 ideo,
1342 3553 1387 3608 si
1420 3555 1578 3623 hujus
1615 3556 1752 3624 juris

173 3647 439 3716 portitoris
493 3648 680 3716 petitio
729 3646 956 3700 veritate
996 3646 1268 3716 subsistit,
1324 3645 1545 3702 calicem
1591 3637 1750 3716 quem
1841 3633 1848 3641 ’

175 3741 417 3794 decessor
468 3749 590 3793 tuus
631 3739 872 3810 abstulit,
915 3729 1154 3794 ecclesiae
1200 3739 1350 3808 cujus
1386 3737 1485 3794 fuit
1533 3741 1752 3796 restitue

177 3833 278 3889 sine
306 3829 733 3888 intermissione.

595 3923 826 3978 Gelasius
855 3923 1036 3977 Natali
1062 3924 1314 3995 episcopo.

501 4015 605 4088 (Ex
637 4011 878 4070 Ansel'm.
912 4015 1004 4069 l’tb.
1033 4032 1108 4084 vt,
1149 4031 1267 4086 cap.
1301 4016 1416 4086 59.)

229 4107 358 4176 Quia
390 4124 489 4179 per
519 4096 841 4163 ambitiones
881 4106 1094 4161 illicitas
1142 4122 1246 4161 non
1299 4109 1460 4177 pudet
1489 4109 1745 4178 quosdam

169 4203 508 4260 ecclesiarum
533 4201 655 4270 jura
683 4190 920 4266 turbare,
947 4215 1009 4255 ac
1036 4201 1305 4271 privilegia
1338 4218 1456 4270 qure
1480 4193 1748 4271 metropo-

166 4278 331 4349 liﬁnis
354 4280 448 4348 vel
475 4281 892 4362 provincialibus
936 4291 1199 4360 episcopis
1239 4292 1477 4346 decrevit
1521 4293 1749 4363 antiqui-

167 4397 238 4441 tas
268 4431 286 4454 ,
343 4375 637 4441 temeraria
685 4371 1098 4453 praesumptiOne
1152 4372 1476 4453 pervadere;
1529 4395 1748 4455 propter

165 4478 293 4547 quod
316 4479 486 4533 etiam
519 4475 914 4531 communionis
953 4461 1264 4544 apostolica:
1311 4475 1620 4531 desiderant
1671 4488 1750 4533 te-

165 4585 282 4624 nere
307 4570 628 4633 dissidium,
651 4584 756 4638 quo
781 4570 986 4625 scilicet
1030 4569 1098 4624 ab
1146 4569 1262 4639 ejus
1303 4571 1620 4626 auctoritate
1667 4573 1748 4627 di-

160 4647 252 4717 visi
282 4664 432 4718 velut
463 4663 685 4732 impune
712 4662 953 4731 proprias
994 4649 1365 4732 usurpationes
1407 4674 1695 4720 exerceant
1727 4685 1739 4718 :

153 4829 535 4900 decatbolicae
563 4831 884 4898 sinceritatis
933 4845 1147 4914 injuria,
1190 4861 1349 4915 quam
1393 4846 1460 4900 de
1505 4832 1746 4902 traditio-

152 4919 284 4991 num
311 4938 627 5007 praejudicio
655 4944 995 5007 paternarum
1021 4953 1128 5018 non
1170 4941 1288 4993 sine
1323 4951 1594 5009 perpetua:
1637 4943 1748 4996 sint

151 5028 518 5085 duunationis
563 5030 786 5085 interitu
826 5027 1104 5085 reddituri.
1153 5031 1206 5085 Si
1259 5033 1310 5085 in
1358 5031 1458 5087 hac
1506 5033 1744 5089 obstina-

151 5119 311 5173 tione
363 5122 788 5188 permanserint,
842 5122 1117 5176 caritatem
1172 5132 1315 5176 tuam
1371 5124 1616 5178 duximus
1667 5127 1745 5180 in-

147 5210 503 5277 struendam,
551 5226 652 5265 nos
689 5195 889 5280 pariter
940 5213 1005 5265 ad
1035 5213 1501 5288 .metropolitanos
1557 5226 1746 5273 vestrae

149 5303 474 5370 provinciae,
502 5302 616 5358 sive
657 5288 966 5374 cujusquam
1009 5305 1272 5375 contiguae
1297 5345 1313 5371 ,
1357 5321 1474 5374 quae
1523 5308 1747 5362 catholi-

148 5409 267 5450 ca
326 5405 558 5452 servant
607 5397 1269 5471 unitatem,jntagn0pere
1313 5399 1591 5470 delegasse
1623 5444 1640 5468 ,
1695 5410 1750 5456 ut

221 5558 236 5588 ‘
267 5558 322 5612 ln
350 5547 722 5611 vetustissimo
765 5545 950 5609 co'di’ce
981 5545 1307 5625 F'ri‘s'ing'en'si
1349 5557 1448 5611 iste
1491 5559 1748 5611 tractatus

150 5627 362 5697 legitur,
423 5637 479 5682 et
525 5627 576 5680 in
623 5641 691 5694 ep
727 5627 926 5694 pariter
959 5627 1145 5694 incipit
1170 5627 1247 5697 ab
1293 5628 1375 5680 his
1403 5629 1582 5697 verbis
1617 5647 1627 5680 :
1667 5628 1750 5681 Ne

154 5693 280 5766 forte
305 5693 445 5768 quod
477 5693 666 5752 solent.
690 5693 925 5768 Titulum
953 5693 1128 5751 autem
1154 5696 1305 5768 hunc
1354 5693 1568 5766 praefert
1595 5719 1606 5751 .
1649 5697 1749 5750 To-

155 5765 257 5824 tus
281 5765 343 5824 de
366 5768 714 5822 anathemati:
743 5765 944 5819 vinculo
970 5783 1114 5834 papa’
1146 5766 1337 5820 Pelas't'i
1367 5770 1511 5836 (sic).

221 5845 238 5873 ³
270 5843 374 5898 Ms.
396 5841 571 5896 codex
609 5837 932 5894 Veronensis
960 5836 1206 5907 capituli,
1244 5853 1361 5893 cum
1393 5855 1497 5907 quo
1519 5840 1746 5894 collatus

1774 4611 1830 4692 1)

159 4768 258 4808 non
289 4754 654 4824 respicientes
693 4754 832 4822 quod
874 4764 1075 4808 aeterno
1115 4745 1282 4824 judici
1332 4756 1592 4809 rationem
1638 4767 1743 4811 tam
1792 4792 1798 4798 -

1879 612 2008 653 suus
2039 598 2234 657 debeat
2254 603 2532 670 ordinare;
2566 607 2919 677 eumdemque
2947 611 3119 680 ipsum
3141 612 3465 687 'tnetrOpol't-

1877 697 2084 755 tanum,
2117 692 2161 746 si
2195 691 2424 747 humana
2455 703 2628 753 m‘orte
2672 700 2962 769 transierit”,
3012 718 3117 758 non
3166 707 3269 762 nisi
3318 724 3465 766 com-

1876 785 2231 852 provinciales
2260 787 2498 856 episcopi
2521 789 2672 858 juxta
2699 789 2923 847 fortnam
2946 802 3184 850 veterem
3215 800 3464 858 studeant

1875 875 2158 942 ordinare;
2191 889 2453 948 quatenus
2483 887 2600 952 qua:
2633 887 2934 941 veneranda
2965 888 3206 945 decrevit
3233 895 3464 965 antiqui-

1874 973 1954 1021 tas
1988 969 2160 1023 nullus
2184 969 2395 1026 sibimet
2425 983 2609 1028 contra
2635 975 2713 1030 fas
2743 993 3002 1048 usurpare
3032 983 3343 1041 contendat.
3399 979 3414 998 ”

2073 1059 2310 1119 Celerius
2337 1068 2493 1131 clero,
2528 1070 2698 1123 ordin.
2729 1078 2776 1124 et
2815 1071 2952 1139 plebi
2986 1071 3273 1130 Brendesii.

2198 1155 2296 1224 (Eii
2333 1147 2572 1211 A‘nsel'ni.
2602 1145 2695 1213 lib.
2737 1167 2810 1227 vi,
2852 1171 2970 1230 cap.
3001 1163 3120 1234 46.)
3149 1145 3160 1150 ’

1942 1237 2213 1296 Concesso
2245 1245 2397 1299 vobis
2428 1262 2585 1316 quem
2621 1251 2826 1318 petistis
2870 1254 3109 1311 antistite
3141 1257 3306 1313 fratre“
3347 1261 3457 1330 ja'm

1869 1337 1921 1383 et
1951 1334 2271 1404 coepiscopo
2303 1351 2422 1391 meo
2449 1337 2679 1404 Juliano,
2730 1344 3091 1398 necessarium
3136 1347 3231 1402 fuit
3267 1351 3455 1406 ende'm

1867 1421 1934 1475 a'd
1965 1425 2244 1480 ecclesiam
2272 1441 2421 1483 suam
2455 1435 2576 1485 mox‘
2627 1433 2853 1488 remisso
2884 1433 2951 1488 ad
2985 1451 3077 1491 vos
3109 1443 3289 1495 nostra
3322 1440 3456 1499 scri-

1847 1522 1955 1580 ‘pta
2006 1517 2203 1584 pariter
2265 1519 2578 1587 destinare;
2631 1524 2824 1590 quibus
2875 1531 3234 1597 agn‘osce’retis
3281 1525 3455 1591 eidein

1846 1603 2030 1661 fuisse
2063 1623 2410 1680 prmccptum,
2466 1619 2530 1668 ne
2582 1615 2814 1685 unquam
2847 1620 3213 1678 ordinationes
3246 1621 3454 1694 prtcsd-

1865 1709 1972 1750 ruat
1997 1699 2224 1754 illicitas.
2276 1701 2353 1756 Ne
2391 1705 2656 1772 bigatnutn
2691 1720 2739 1762 et
2773 1712 2863 1780 qui
2911 1712 3169 1782 virginem
3218 1734 3322 1773 non
3372 1709 3453 1776 est

1849 1790 2086 1844 'sor‘tittts
2134 1809 2377 1862 uxorem,
2432 1791 2590 1866 atque
2639 1793 2964 1858 illilteralurtt
3017 1805 3101 1861 vel
3141 1809 3450 1882 ClllIOXillm,

1862 1879 1914 1933 in
1937 1882 2109 1951 aliqua
2142 1897 2292 1954 parte
2337 1892 2580 1957 corporis
2612 1892 2864 1962 dehil‘ctn,
2901 1899 3244 1970 notatumque
3278 1879 3452 1961 mortis

1847 1975 2111 2029 "omnibus
2140 1979 2205 2030 ad
2241 1993 2422 2034 sacros
2453 1983 2668 2038 ordines
2697 1986 2964 2052 permittat
2997 1992 3278 2046 accedere.
3298 1993 3449 2060 Quod

1858 2064 2018 2119 etiam
2050 2068 2116 2120 de
2148 2071 2444 2141 peregrinis
2470 2083 2627 2143 atque
2660 2074 2941 2145 incognitis
2967 2081 3048 2134 vel
3076 2087 3448 2151 expetentibus

1859 2169 2052 2212 cavere
2097 2159 2354 2228 debebit;
2426 2165 2546 2232 quia
2607 2165 2910 2235 hujusmodi
2971 2179 3011 2222 a‘
3052 2173 3448 2234 ven‘erabililitis

1857 2247 2211 2315 prohibentur
2238 2251 2463 2319 officiis,
2515 2270 2577 2308 ac
2629 2257 2761 2310 nihil
2811 2274 2877 2312 ex
2930 2253 3242 2318 ministeriis
3286 2271 3448 2338 atqtle

1858 2350 2046 2394 ornatu
2081 2352 2351 2412 postremo
2378 2345 2444 2401 de
2474 2357 2790 2419 quacunque
2821 2357 2877 2405 re
2925 2368 3084 2422 quant
3131 2361 3340 2413 constat
3380 2347 3447 2417 a’d

1857 2431 2136 2486 ecclesiam
2173 2435 2458 2502 pertinere,
2487 2440 2680 2494 audeat
2724 2443 2772 2494 in
2806 2441 3031 2498 alterum
3082 2447 3315 2514 qualibet
3360 2455 3446 2508 ra-

1853 2523 2008 2579 tione
2039 2527 2346 2584 transferre.
2393 2529 2611 2585 Heditus
2665 2542 2719 2588 et
2762 2533 3064 2591 obla’tibnes
3115 2537 3346 2596 fidelium
3391 2543 3446 2600 in

1856 2625 2085 2686 quatuor
2113 2625 2289 2688 partes
2317 2623 2536 2688 dividat,
2565 2631 2785 2695 quarum
2814 2628 2917 2683 sibi
2959 2637 3116 2685 unam
3153 2633 3268 2702 ipse
3315 2623 3445 2691 reti-

1856 2719 2001 2776 neat,
2032 2711 2257 2766 alteram
2285 2713 2495 2770 clericis
2529 2727 2624 2785 pro
2648 2718 2950 2775 ofﬁciorum
3000 2727 3217 2779 su'orum
3244 2725 3445 2782 seduli-

1856 2799 1963 2857 t‘ate
1994 2804 2297 2874 distribuat,
2349 2803 2562 2864 fabricis
2616 2813 2850 2880 tertiam,
2905 2831 3132 2884 quarum
3183 2812 3444 2879 rationein

1854 2889 2036 2949 divino
2063 2903 2144 2950 est
2176 2899 2481 2955 redditurus
2516 2904 2771 2959 examini.
2823 2907 3005 2965 Sacris
3055 2927 3268 2983 quoque
3298 2917 3443 2971 ordi-

1852 2988 2011 3041 nibus
2035 2988 2380 3058 applicandos
2423 2989 2521 3047 hac
2569 2995 2951 3053 observatione
2999 3013 3330 3071 promoveat,
3388 3017 3444 3062 ut

1845 3077 2056 3150 jejunio
2106 3085 2303 3152 quarti,
2352 3087 2569 3157 septimi
2621 3099 2677 3143 et
2724 3088 2918 3146 decimi
2971 3097 3173 3149 mensis
3219 3112 3444 3167 vespere

1858 3171 2062 3227 Sabbati
2097 3175 2437 3246 presbyteros
2477 3188 2634 3248 atque
2677 3178 2930 3238 diaconos
2974 3184 3298 3242 ordinandus
3325 3205 3444 3246 esse

1783 3247 1829 3314 (ἶ
1860 3279 2170 3337 cognoscat.
2206 3267 2537 3327 Venerabilis
2568 3263 2728 3328 etiam
2769 3276 3016 3344 baptismi
3045 3291 3444 3341 sacramentum

1862 3359 1962 3413 nisi
2015 3361 2066 3414 in
2110 3359 2399 3418 festivitate
2453 3364 2692 3433 paschali
2740 3376 2793 3421 et
2838 3369 3184 3426 Pcntecostes
3230 3372 3444 3431 tradere

1861 3467 1965 3506 non
1999 3467 2307 3523 praesumat,
2339 3458 2584 3527 exceptis
2630 3459 2950 3528 a'gritudine
2984 3463 3368 3522 laborantibus.

2380 3597 2397 3626 ⁸
2425 3595 2700 3652 GELA‘Sﬂ'
2723 3597 2859 3653 ΤΟΜ
2868 3599 2952 3655 US

2291 3703 2357 3740 DE
2383 3701 2758 3744 ANATIlEIIATIS
2781 3701 3029 3746 VINCUILO.

1843 3777 1982 3830 .Acta
2010 3778 2443 3852 Chalcedonensis
2466 3782 2670 3833 concita?
2695 3799 2754 3835 ea
2780 3793 2980 3836 tantum
3010 3794 3128 3836 rata
3153 3801 3266 3852 qum
3290 3793 3434 3844 sedes

1927 3851 2208 3922 apostolica
2236 3851 2569 3919 approbavit;
2593 3854 2740 3922 justa
2785 3869 2900 3921 qua:
2948 3853 3002 3907 in
3044 3851 3284 3922 Aeaeiunt
3327 3871 3435 3913 sta-

1927 3927 2072 3994 tuta;
2102 3930 2156 3994 et_
2185 3921 2386 3994 Petrum
2417 3921 2819 3994 Alexandrinum
2845 3941 2877 3977 a
2898 3925 3015 3978 sede
3043 3921 3325 3994 apostolica
3349 3948 3437 3986 so-

1927 3989 2187 4042 lummodo
2212 3992 2436 4058 potuisse
2460 3991 2672 4044 absolvi.

1928 4105 1943 4123 ‘
1973 4102 2046 4156 Ne
2080 4104 2213 4158 forte
2240 4104 2378 4172 quod
2426 4093 2618 4171 Solent,
2671 4095 2872 4173 dicant,
2921 4111 3062 4179 quod
3111 4112 3153 4166 si
3202 4117 3438 4185 synodus

1853 4192 2303 4249 Chalcedonensis
2329 4196 2645 4260 admittitur,
2691 4199 2866 4253 omnia
2917 4210 3164 4257 constare
3211 4205 3437 4264 debeant

1853 4303 1970 4357 quae
2001 4288 2107 4341 illic
2135 4288 2385 4342 videntur
2413 4303 2533 4343 esse
2561 4289 2899 4360 deprompta.
2931 4277 3036 4348 Aut
3063 4279 3204 4348 enim
3233 4278 3297 4351 ex
3326 4275 3437 4354 toto

1853 4383 2061 4436 admitti
2106 4367 2376 4450 oportere,
2424 4392 2516 4436 aut
2546 4383 2590 4437 si
2617 4398 2698 4467 ‘ex‘
2745 4373 2894 4453 parte
2938 4371 3284 4467 repudiabilis
3333 4402 3436 4458 est,

1855 4474 2063 4552 firmam
2092 4489 2155 4529 ex
2191 4482 2300 4528 toto
2325 4484 2571 4530 constare
2603 4459 2710 4552 non
2748 4492 2926 4546 posse.
2980 4461 3318 4550 cognoscant
3341 4484 3438 4552 igi-

1856 4547 1941 4620 tur
1971 4550 2099 4619 illud
2132 4565 2421 4620 secundum
2455 4551 2758 4636 Scripturas
2809 4577 3020 4623 sanctas
3065 4547 3438 4628 iraditionem-

1853 4651 1957 4732 que
1987 4657 2272 4726 majorum,
2301 4643 2593 4712 secundum
2638 4645 2872 4714 eanones
2904 4658 3219 4729 regulasque
3251 4660 3438 4718 Eccle-

1855 4751 1971 4815 Slil),
2021 4735 2125 4820 pro
2175 4735 2279 4803 ﬁde
2313 4751 2332 4779 ¹
2362 4749 2655 4815 communi,
2702 4759 2754 4803 et
2805 4750 3028 4808 veritate
3070 4737 3329 4808 catholica
3386 4763 3439 4810 et

1856 4831 2168 4912 apostolica,
2200 4855 2294 4908 pro
2325 4855 2425 4910 qua
2471 4839 2608 4894 hanc
2647 4839 2761 4894 fieri
2792 4830 2947 4897 sedes
2972 4843 3262 4911 apostolica
3291 4844 3438 4899 dele-

1856 4938 2020 5007 gavit,
2053 4937 2352 5012 factamque
2382 4919 2629 5001 firmavit,
2661 4949 2689 4988 a
2721 4943 2830 4988 tota
2862 4935 3103 4990 Ecclesia
3125 4934 3430 5013 indubitano

1859 5013 1939 5084 ter
1993 5025 2242 5091 admitti;
2292 5009 2395 5080 alia
2448 5036 2625 5080 autem
2673 5042 2790 5095 quae
2843 5040 2938 5095 per
2989 5011 3450 5095 incompetentem'

1855 5121 2327 5198 prtesuntptionetn
2353 5117 2455 5170 illic
2482 5116 2690 5186 prolata
2715 5128 2868 5198 sunt,
2911 5115 2995 5170 vel
3037 5118 3216 5187 potius
3261 5113 3434 5175 venti-

1852 5210 1981 5278 lata,
2014 5225 2132 5279 quae
2161 5203 2318 5264 sedes
2348 5208 2636 5276 apostolica
2677 5207 2914 5276 gerenda
2945 5208 3254 5266 nullatenus
3281 5212 3432 5282 dele-

1852 5306 2014 5378 gavit,
2051 5304 2070 5334 ³
2115 5318 2236 5358 mox
2267 5317 2294 5355 a
2323 5285 2535 5354 vicariis
2572 5299 2714 5356 sedis
2741 5301 3051 5370 apostolicae
3071 5303 3426 5371 contradicta,

1854 5399 2194 5454 manifestum
2215 5404 2333 5460 est;
2362 5409 2480 5463 quae
2506 5392 2664 5449 sedes
2694 5393 3010 5463 apostolica,
3041 5395 3198 5449 etiam
3221 5403 3436 5466 petente

1854 5559 1936 5613 est
1965 5574 1992 5611 a
2025 5551 2312 5610 Francisco
2341 5543 2636 5606 Blanehino
2687 5549 2771 5605 hic
2819 5551 3113 5616 tractatus,
3171 5543 3262 5602 hic
3288 5547 3432 5622 legit,

1854 5646 1946 5698 pro
1976 5628 2078 5703 ﬁde
2097 5624 2468 5703 communione,
2493 5633 2598 5677 etc.
2635 5691 2646 5703 ο

1927 5699 1946 5728 ⁸
1976 5691 2052 5750 ld.
2077 5695 2222 5759 cod.,
2257 5708 2369 5762 quae
2398 5710 2514 5746 mox
2545 5710 2574 5744 a
2599 5691 2826 5762 vicariis;

1839 5771 1844 5776 '
1923 5751 2278 5839 l‘Abrupttini
2314 5763 2636 5839 pripcipium
2676 5761 2802 5814 torni
2871 5760 2977 5813 imo
3032 5761 3208 5829 potius
3250 5751 3438 5820 deesse

1853 5833 2172 5906 principium
2201 5833 2454 5890 credibile
2479 5843 2578 5887 est.
