3958 6312
105 393 208 458 855

1570 625 1653 661 um

524 614 546 628 ..
700 615 702 619 .
747 625 752 630 .
1570 625 1597 661 η

113 703 219 760 210
303 680 332 694 ί
364 699 680 770 Pignoribus
707 699 956 772 rapidum
981 713 1204 769 carpere
1229 700 1388 769 gestit
1414 608 1563 755 iter[.c
1605 625 1634 662 η

292 792 389 849 Vix
417 793 635 863 capiunt
663 794 834 860 patuli
863 792 1179 864 populorum
1208 793 1401 863 gaudia
1429 793 1624 862 campi,

365 887 544 942 Haeret
568 894 621 942 et
655 885 710 944 in
740 887 948 958 magnis
973 886 1140 944 densa
1170 887 1366 942 cohors
1391 889 1598 955 spatiis.

295 984 596 1052 Augustum
628 983 792 1038 tantis
818 981 948 1036 illud
977 995 1173 1049 specus
1197 995 1318 1036 esse
1347 981 1598 1043 catervis,

368 1075 524 1134 Haud
551 1077 770 1133 dubium
795 1085 902 1144 est,
928 1075 1103 1146 ampla
1131 1075 1285 1130 fauce
1314 1074 1438 1131 licet
1469 1083 1663 1145 pateat.

118 1165 222 1227 215
295 1168 416 1230 Stat
436 1171 533 1228 sed
549 1170 702 1242 juxta
724 1169 894 1237 aliud,
915 1169 1057 1240 quod
1084 1178 1228 1225 tanta
1251 1169 1551 1240 frequentia
1581 1179 1711 1225 tem-

1470 1261 1640 1334 [plum

372 1358 523 1415 Tunc
548 1358 726 1425 adeat,
755 1357 904 1414 cultu
936 1355 1112 1411 nobile
1145 1355 1386 1426 regiﬁco,

305 1451 605 1508 Parietibus
631 1449 831 1507 celsum
860 1448 1197 1515 sublimibus,
1231 1457 1389 1518 atque
1415 1448 1642 1518 superba

377 1546 654 1616 Maiestate
682 1558 892 1615 petens,
921 1543 1340 1612 muneribusque
1369 1542 1615 1612 opulens.

1255 383 1824 454 reutsruruasos
1866 376 2076 451 uim.
2126 395 2214 449 ιιι.

286 513 522 586 Quisque
568 525 660 566 sua
704 511 860 570 laetus
897 527 1016 569 eum
1061 513 1286 583 conjuge
1318 558 1331 581 ,
1361 514 1604 571 dulcibus
1646 525 1696 571 et
1731 520 1776 576 A

3292 391 3398 449 554

1984 495 2126 570 Ordo
2152 515 2522 569 columnarum
2553 510 2795 577 geminus
2825 509 3096 582 laquearia
3126 514 3255 568 tecti

2057 609 2313 674 Sustinet,
2346 608 2547 662 auratis
2574 607 2881 678 suppositus
2910 607 3188 680 trabibus:

1989 701 2272 757 Adduntur
2297 701 2524 772 graciles
2555 707 2695 754 lecto
2724 699 2971 755 breviore
2999 715 3268 768 recessus,

2064 795 2164 862 Qui
2191 797 2418 850 laterum
2446 794 2639 850 seriem
2665 793 2867 864 jugiter
2893 793 3198 850 exsinuent.

1999 889 2210 960 1186
2238 891 2302 942 At
2330 888 2536 943 medios
2563 889 2732 956 aperit
2760 897 2963 942 tracaus
2991 888 3071 941 via
3105 887 3263 942 latior
3289 889 3379 941 alti

2062 984 2321 1040 Culminis
2349 1000 2644 1052 exsurgens
2671 985 2901 1040 editiore
2930 987 3102 1053 apice.

1816 1077 1922 1132 225
2001 1077 2196 1131 Fronte
2223 1076 2324 1131 sub
2349 1077 2572 1132 adversa
2601 1076 2852 1145 gradibus
2882 1078 3108 1132 sublime
3141 1079 3371 1134 tribunal

2072 1169 2279 1240 1187
2294 1167 2542 1236 Tollitur,
2557 1168 2778 1243 antistes
2794 1169 3047 1239 praedicat
3061 1171 3199 1227 unde
3215 1171 3404 1226 Deum.

2000 1262 2162 1318 Plena
2196 1262 2502 1317 laborantes
2529 1278 2669 1331 aigre
2693 1262 2886 1317 domus
2913 1264 3104 1332 accipit
3133 1265 3320 1333 undas,

2070 1355 2338 1424 Arctaque
2365 1354 2625 1410 confertis
2651 1363 2842 1409 :estuat
2868 1356 2917 1408 in
2950 1354 3172 1419 furibus,

2002 1445 2295 1502 Maternum
2334 1448 2572 1517 pandens
2607 1449 2890 1519 gremium,
2925 1464 3031 1518 quo
3063 1450 3260 1506 condat
3292 1451 3410 1506 alu«

3142 1541 3337 1613 [mnos,

1807 609 1912 665 220

1411 1653 1700 1710 ϐιοδειλΕ
1746 1650 2086 1708 VETERES.

195 1755 324 1810 210.
351 1751 686 1825 Pignoribus,
703 1751 798 1803 hoc
815 1751 1055 1825 interest."
1066 1749 1282 1825 pignora
1299 1762 1486 1815 rerum,
1505 1748 1719 1817 pignera

195 1767 260 1810 21
271 1767 324 1810 υ.
351 1767 686 1825 ιἰςηοτιυιιξ,
703 1767 798 1803 noc
815 1767 1055 1830 intercus
1066 1767 1162 1871 ρὙι

126 1828 471 1898 ῇιὶοι·ιιηι.ῖτ
488 1823 684 1898 Gestit,
709 1823 912 1898 gaudet,
939 1830 1098 1891 cupit,
1150 1858 1162 1870 .

199 1897 334 1953 216.
365 1894 578 1966 Nobile,
603 1892 862 1966 regale,l.

199 1968 331 2024 217.
360 1965 622 2033 SUperba,
650 1962 831 2029 nobili,
859 1963 898 2016 l.

201 2040 329 2094 218.
363 2031 620 2106 Ορίιιειιε,
644 2036 804 2098 dives,
830 2049 923 2106 pro
947 2033 1262 2106 opulentum,
1289 2031 1330 2086 1.

201 2111 332 2165 220.
364 2104 600 2173 Aiiratis,
630 2122 757 2159 auro
783 2104 1019 2174 pictis,l.

199 2181 333 2235 221.
365 2178 637 2246 Breviore,
667 2173 940 2242 strictiore,
966 2173 1008 2230 Ι.

1905 1743 2030 1817 221.
2064 1742 2304 1817 Edjtiore
2330 1744 2502 1817 apice,
2531 1745 2716 1800 altiore
2741 1747 3062 1817 celsitudine,
3093 1753 3129 1806 Ι.

1903 1813 2029 1867 226.
2064 1811 2310 1878 Tollitur,
2337 1811 2581 1882 elevatur,
2610 1817 2646 1871 Ι.

1747 1863 1820 1950 Β,
2801 1902 3058 1960 catervas,
3104 1893 3419 1965 frequentius

1829 1959 2156 2028 populorum,
2188 1957 2226 2009 l.

1901 2023 2029 2084 228.
2062 2027 2348 2093 Conferlis,
2377 2033 2559 2098 plenis,
2591 2033 2629 2086 Ι.

1900 2098 2027 2153 229.
2061 2099 2338 2168 Alumuos,
2367 2102 2525 2170 ﬁlios,
2555 2103 2591 2156 Ι.

1472 2281 2030 2342 COMMENTARIUS.

127 2388 364 2446 confuso
386 2386 627 2442 locorum
650 2386 840 2441 ordine
867 2385 1106 2441 scribere
1123 2385 1455 2454 janicolanus
1479 2399 1575 2454 pro
1586 2385 1730 2454 jam-

128 2477 235 2532 que
257 2457 534 2532 Nolanus.
553 2458 790 2532 Cauchio
816 2456 1088 2532 arridebat
1103 2457 1318 2526 jamque
1345 2455 1592 2532 bol_a_nus_._
1655 2471 1664 2476 ·

203 2531 338 2585 212.
367 2530 634 2585 Przeclare
657 2528 855 2583 dictum
885 2528 949 2582 ad
981 2529 1296 2583 immensam
1327 2527 1723 2582 multitudinem

130 2603 417 2659 hominum
444 2599 869 2670 signiﬁcandam.

205 2671 342 2727 214.
375 2669 533 2742 Prag.
562 2684 777 2739 semper
806 2669 996 2725 scribit
1025 2670 1167 2742 haut.

209 2744 344 2799 2l5.
380 2738 529 2796 Multi
561 2757 658 2809 pro
689 2738 838 2796 certo
869 2750 1074 2810 ponunt
1117 2740 1217 2794 hoc
1259 2739 1518 2809 templum
1549 2738 1724 2794 eidem

132 2816 196 2872 S.
231 2812 522 2884 Hippolyto
551 2811 714 2884 fuisse
744 2821 1140 2884 consecratum,
1167 2811 1269 2884 Sed
1295 2811 1594 2884 Ruggerius
1619 2811 1721 2866 loc.

134 2889 232 2943 cit.
266 2882 508 2940 nume
529 2883 800 2938 existimat
829 2899 948 2938 cum
979 2882 1098 2937 aliis
1121 2883 1468 2937 Prudentium
1501 2883 1581 2937 his
1605 2897 1725 2936 ver-

133 2959 294 3014 sibus
322 2955 598 3010 basilicam
645 2957 701 3010 S.
732 2953 1004 3009 Laurentii
1046 2955 1096 3007 in
1138 2969 1264 3023 agro
1291 2952 1499 3007 Verano
1527 2953 1728 3007 deseri.

139 3029 352 3100 psisseg.
393 3041 514 3096 qua:
539 3041 666 3100 vere
685 3027 843 3095 juxta
874 3025 930 3080 S.
966 3024 1231 3100 Hippolyti
1276 3025 1658 3100 (δίειηιυιίιτίιιιιιΔ
1672 3033 1727 3079 et

136 3095 430 3155 aidiculaui
460 3097 700 3166 apposita
731 3107 879 3160 erat,
931 3105 985 3150 et
1032 3097 1082 3149 in
1125 3111 1282 3164 quam
1323 3095 1597 3166 Prudentii
1627 3095 1726 3149 de-

135 3170 370 3240 scriptio
396 3165 601 3240 optime
630 3168 793 3240 cadit.
845 3167 1157 3221 Anastasius
1188 3165 1728 3240 Bibliotheeariusde

1835 2382 2066 2436 tribunal
2099 2383 2213 2436 sive
2240 2382 2550 2437 cathedram
2582 2397 2679 2452 pro
2703 2385 2958 2454 gradibus
2986 2404 3093 2442 arae
3125 2389 3260 2446 intra
3292 2408 3424 2449 ean-

1834 2454 1998 2526 cellos
2025 2462 2356 2518 exstantem,
2409 2455 2477 2508 ab
2510 2456 2739 2511 amboue
2770 2457 2821 2511 in
2853 2474 3009 2526 quem
3043 2464 3424 2522 conscendisse

1833 2524 2275 2604 C_l_i_rysostomum
2296 2568 2309 2589 ,
2354 2535 2416 2604 ut
2446 2540 2474 2578 a
2516 2527 2760 2594 pluribus
2790 2524 3087 2604 audiretur,
3139 2535 3424 2604 Sor-rates,-

1832 2596 2055 2672 aliique,
2105 2603 2164 2650 ut
2193 2596 2483 2672 peculiare
2515 2601 3163 2672 uarrant._Sozomenus,
3199 2605 3286 2657 Iih.
3320 2596 3426 2672 VII;

1833 2681 1953 2733 cap.
1983 2666 2073 2734 19,
2123 2667 2288 2722 refert
2332 2676 2490 2722 aetate
2537 2685 2631 2722 sua
2681 2669 2881 2724 nullum
2933 2667 3117 2727 Roma:
3153 2666 3317 2729 verba
3373 2666 3428 2732 iri

1831 2738 2058 2816 ecclesia
2099 2736 2294 2793 fecisse
2329 2739 2733 2816 ad__po‘pulum_:
2781 2739 2851 2816 lu_
2887 2745 3062 2816 cadent
3098 2746 3223 2816 urbe
3261 2762 3428 2816 neque

1833 2809 2494 2885 episcOpus,_neque_alius
2523 2811 2788 2878 quisquam
2834 2812 2886 2885 in
2927 2814 3138 2866 ecclesia
3181 2809 3428 2885 populum

1834 2881 1998 2954 docet.
2045 2878 2292 2954 Valesius
2320 2879 2624 2954 sozomeno
2651 2882 2942 2954 assumitur
2972 2886 3022 2937 in
3065 2887 3204 2938 uotis
3225 2878 3255 2947 ,’
3287 2903 3428 2954 prie-

1834 2951 2020 3025 serum
2069 2951 2190 3025 quia
2237 2949 2612 3025 Cassiodorius
2657 2951 2817 3006 verba
2867 2952 3149 3008 Sozomcui
3204 2949 3430 3025 repetit.

1839 3021 1945 3076 Sed
1977 3035 2100 3075 cum
2133 3019 2510 3076 Cassiodorius
2551 3037 2617 3077 eo
2661 3032 2901 3092 tempore
2933 3026 3096 3079 verba
3139 3019 3430 3084 Sozomeui

1835 3091 2239 3161 trauscripserit
2285 3108 2392 3161 quo
2443 3094 2583 3162 apud
2636 3091 2825 3148 omnes
2874 3105 3082 3150 constat
3155 3097 3430 3155 Romanos

1838 3163 2394 3237 pontiﬁcesrbomilias
2423 3165 2491 3237 ad
2525 3165 2776 3234 populum
2816 3165 3014 3220 habere
3052 3170 3427 3237 consucvisse,

136 3227 479 3297 Had'riauo'l
521 3239 632 3293 ait:
682 3238 854 3294 Simul
895 3248 940 3292 et
979 3238 1317 3292 clymeterium
1361 3235 1422 3291 Β.
1455 3236 1730 3307 Hippolyti
1756 3227 1802 3290 C
1834 3227 2163 3308 Cassiodorii
2187 3235 2507 3308 testimonio
2525 3227 2715 3304 parum
2748 3247 2838 3292 aut
2865 3239 2990 3291 nihil
3019 3238 3237 3308 juvatur
3258 3227 3433 3295 Suae;

135 3313 388 3382 martyris
415 3326 583 3365 JUXTA
611 3310 671 3364 S.
697 3307 1214 3382 Lauretitiuni,_qttorl
1245 3325 1274 3382 (ι
1304 3309 1482 3382 priscis
1507 3324 1736 3382 ntarcue-

138 3394 224 3437 rat
280 3378 623 3451 imparibus,
676 3383 963 3451 renovavit._
1012 3378 1138 3433 Vide
1182 3378 1477 3451 Aringhum
1530 3378 1622 3432 lib.
1659 3395 1732 3447 tv,

137 3469 267 3525 cap.
295 3449 602 3525 16,;ubi_de
622 3452 833 3525 templo
861 3452 916 3525 S_.
945 3449 1218 3505 Laurentii
1247 3449 1374 3525 agit.

210 3521 348 3579 220.
383 3522 719 3584 Parrhasius,
739 3523 1014 3586 mendose,
1033 3521 1562 3590 suppositas.Veteres
1589 3521 1737 3574 inau-

137 3597 342 3651 rabant
391 3593 570 3650 trabes
617 3594 983 3649 aediﬁciorum.
1038 3592 1114 3647 De
1167 3592 1380 3661 templis
1418 3592 1739 3646 Christianis

140 3666 338 3722 confer
366 3665 626 3731 hymnum
658 3679 772 3733 seq.
803 3674 858 3735 et
882 3665 1065 3735 hymn.
1094 3663 1153 3735 S.
1180 3661 1479 3735 Fructuosi.

211 3737 348 3792 221.
375 3738 513 3791 'Haec
540 3735 712 3790 forma
739 3731 1091 3791 aediﬁciorum
1122 3733 1177 3789 in
1209 3733 1450 3790 ecclesiis
1481 3742 1738 3804 pervetu-

140 3810 248 3865 Stis
279 3808 458 3862 adhuc
485 3807 745 3862 cernitur.
1475 3821 1484 3829 ο

211 3879 350 3933 222.
382 3878 600 3934 Teolias
641 3878 780 3945 apud
810 3877 927 3933 Vat.
967 3892 1151 3941 unum,
1195 3885 1246 3930 et
1275 3876 1502 3930 alterum
1535 3876 1742 3931 invenit

141 3960 422 4005 extenuent
449 3963 546 4018 pro
574 3949 859 4004 exsinuent.
894 3949 1049 4002 Putat
1071 3946 1288 4003 Teolius
1314 3956 1586 4002 extenuant
1620 3961 1740 4002 esse

138 4023 424 4091 glossema
459 4019 606 4075 verbi
635 4021 917 4091 exsinuent.
951 4018 1056 4091 sed
1083 4018 1354 4091 Giselinus
1383 4019 1542 4074 aliter
1571 4019 1742 4087 expli«

143 4089 235 4147 cat
274 4093 558 4146 Exsinuent
581 4106 600 4145 :
631 4089 852 4146 Sinuum
877 4106 963 4144 seu
992 4089 1300 4143 laciniarum
1338 4092 1390 4142 in
1430 4105 1618 4143 morem
1653 4104 1743 4144 ea:-

147 4166 372 4232 pticmt,
405 4163 658 4230 latiusque
693 4159 1200 4232 extendantarAddit
1247 4159 1520 4232 Giseliuus
1561 4170 1743 4216 nosua

150 4229 360 4303 templa
387 4233 545 4287 hodie
565 4229 669 4286 non
693 4234 849 4286 aliter
869 4230 1226 4303 exaediﬁcari.
1244 4229 1300 4283 lu
1330 4231 1539 4285 duobus
1564 4242 1742 4286 autem

145 4301 287 4360 mss;
323 4305 526 4359 invenit
572 4318 724 4373 atque
772 4317 980 4373 novum,
1007 4301 1642 4373 vocabulumeximicnt,
1691 4311 1745 4355 et

147 4376 346 4433 lectori
377 4372 646 4444 optionem
678 4374 900 4443 praebet.
945 4372 1383 4444 Fabriciuslegit
1409 4374 1655 4438 exinient,
1689 4381 1745 4427 et

147 4445 202 4500 in
234 4443 534 4501 comment.
566 4445 639 4498 ait
669 4446 863 4499 exinire
886 4459 1007 4499 esse
1040 4443 1090 4496 in
1113 4443 1342 4511 spatium
1373 4443 1591 4499 brevius
1618 4458 1748 4499 con-

150 4518 395 4585 trahere,
418 4518 548 4571 utin
573 4516 850 4570 ordinibus
872 4515 930 4568 tit
953 4515 1345 4581 columnarum,
1369 4531 1490 4570 cum
1515 4516 1743 4585 primum

153 4589 292 4682 lataeL
331 4589 572 4682 plorticns
595 4627 622 4682 ,ι
664 4586 858 4669 deinde
899 4587 1292 4682 contractiores
1330 4586 1511 4682 .loiuut.‘l
1548 4586 1744 4669 Verum
1774 4619 1829 4682 Β

152 4657 342 4730 proba
361 4659 519 4730 lectio
547 4668 628 4730 est
646 4659 912 4730 exsinuent
934 4673 951 4710 :
974 4657 1269 4730 quogverbo
1290 4657 1458 4730 utitur
1479 4657 1748 4712 Ausonius

155 4726 238 4800 idy
251 4731 312 4785 ll.
336 4729 423 4794 14,
443 4726 1062 4800 vers.29,iCollectosque
1081 4728 1174 4782 illa
1193 4728 1494 4800 exsinuabat
1512 4730 1749 4794 amictus;

156 4798 494 4858 et'Pauliuus
515 4799 672 4869 epist.
693 4799 762 4854 56
787 4800 852 4853 ad
878 4801 1188 4862 Macarium,
1212 4798 1282 4852 al.
1307 4799 1398 4864 49,
1428 4798 1555 4853 Cum
1589 4800 1752 4853 velum

159 4876 354 4946 rideret
388 4875 504 4946 jam
542 4872 864 4946 exsinuatum
894 4914 907 4938 ,
960 4871 1144 4946 id__est
1191 4882 1489 4946 expansum
1512 4910 1548 4946 ,_
1571 4870 1683 4946 sive
1721 4885 1752 4925 e

159 4940 502 5070 ﬁiuulqu'asi'
528 4943 780 4998 emissum
823 4951 877 4995 et
913 4941 1256 5011 explicatum.
1313 4940 1424 4995 Hoc
1461 4940 1575 4995 vult
1613 4940 1750 4995 Pru-

199 5023 408 5070 cultus.

199 5016 408 5071 eutins.

151 5129 154 5134 .
235 5086 368 5142 225.
405 5085 551 5140 Hauc
573 5083 843 5142 cathedrae
860 5083 1275 5152 descriptionem
1299 5082 1753 5152 elegantissimam

162 5173 291 5214 esse
319 5157 575 5211 Barthius
603 5159 935 5226 pronuntiat.
989 5154 1165 5226 Idem,
1213 5154 1304 5226 lib.
1338 5169 1506 5218 xxx",
1545 5168 1665 5224 cap.
1697 5154 1750 5220 2,

161 5244 234 5284 ex
268 5229 352 5282 his
380 5225 620 5282 versibus
651 5227 882 5295 colligit,
928 5226 980 5280 in
1014 5225 1316 5280 meditullio
1354 5238 1628 5281 sacrarum
1659 5225 1757 5279 do-

161 5315 354 5354 muum
403 5298 567 5354 fuisse
613 5297 898 5352 cathedras
947 5296 1086 5350 unde
1136 5295 1391 5366 mysteria
1441 5296 1752 5351 sacerdotes

166 5369 903 5441 proﬁtebaritur.Dominicus
934 5368 1190 5441 Aulisius,
1212 5367 1314 5441 _lib.
1341 5381 1375 5420 ιι
1403 5366 1548 5441 delle
1568 5367 1758 5441 Scuole

165 5436 336 5510 sae-re,
365 5456 487 5511 cap.
511 5443 564 5503 6,
596 5440 868 5494 diversum
895 5454 1105 5511 morem,
1122 5438 1188 5492 ab
1210 5436 1312 5491 boc
1325 5453 1494 5511 quem
1520 5437 1760 5511 Pruden-

168 5513 280 5566 tius
323 5507 613 5575 dcsénbit,
665 5511 828 5565 luisse
880 5512 932 5564 in
975 5507 1139 5564 Gallia
1190 5508 1363 5578 arguit
1405 5523 1472 5562 ex
1515 5509 1758 5563 versibus

171 5583 382 5640 Sidonii
433 5583 498 5636 ad
549 5581 802 5637 Faustum
853 5581 1196 5650 episcopum:
1230 5578 1336 5634 Seu
1383 5588 1429 5632 te
1472 5580 1758 5645 conspicuis

167 5655 415 5723 gradibus
458 5652 754 5708 venerabilis
794 5668 901 5706 ara:
936 5649 1370 5723 concionaturum
1409 5650 1762 5723 pleb_s__sedula

169 5719 526 5779 circumsistit.
575 5723 889 5779 Sirmondus
929 5722 994 5777 ad
1033 5722 1310 5778 Sidonium
1352 5734 1475 5791 pag.
1510 5719 1604 5774 151
1639 5720 1761 5774 nul-

172 5796 288 5851 lum
317 5797 604 5851 discrimen
632 5795 909 5864 agnoscit:
955 5791 1088 5847 Inde
1121 5793 1274 5861 enim,
1313 5792 1405 5864 ait,
1445 5793 1672 5864 sedentes
1709 5793 1762 5845 in

172 5867 416 5921 cathedra
438 5863 682 5927 tribunali
706 5866 997 5919 concionari
1016 5864 1246 5919 solebant
1264 5879 1283 5928 ;
1301 5863 1622 5932 adducitque
1647 5863 1761 5918 lucc

175 5939 296 6008 ipsa
327 5937 604 6001 Prudentii
631 5939 818 5992 verba.
867 5935 1153 6007 Distinguit
1193 5932 1399 5990 scilicet
1437 5933 1758 5991 Sirmondus

419 6032 697 6094 Ρλτιιοι..
741 6029 875 6093 LX.

1843 3320 2050 3378 melius.
2100 3306 2364 3376 Quidquid
2396 3317 2575 3362 autem
2621 3308 2692 3361 sit
2736 3308 2803 3362 de
2831 3306 3070 3378 tempore
3107 3310 3389 3367 Sozonieni
3413 3357 3432 3376 ,

1843 3377 2136 3449 Bmdeutio
2165 3379 2285 3449 testi
2314 3379 2525 3432 oculato
2557 3378 2777 3433 omnino
2814 3377 2955 3433 lides’
2983 3392 3065 3435 est
3103 3385 3433 3449 prmstauda.

1842 3447 2103 3522 Gradibus
2131 3448 2346 3522 sublime
2373 3449 2598 3522 tribunal
2627 3463 2730 3503 non
2753 3460 2906 3505 erant
2938 3451 3036 3518 ipsi
3067 3447 3264 3522 gradus
3294 3455 3437 3508 alta~

1841 3519 1939 3584 ris,
1971 3530 2030 3574 ut
2059 3520 2300 3574 nonnulli
2332 3520 2682 3584 contendunt,
2713 3522 2806 3576 sed
2836 3519 3119 3590 pulpitum,
3148 3537 3238 3579 aut
3267 3528 3433 3580 etiam

1843 3590 2100 3646 cathedra
2141 3591 2256 3659 ipsa
2284 3591 2629 3660 episcopalis.
2681 3591 3152 3648 Concionahantur
3183 3598 3436 3654 similiter

1844 3661 2205 3736 Graeciuiutra
2253 3663 2523 3736 cancellos
2573 3662 2768 3736 quibus
2817 3667 3111 3736 sacrarium
3163 3682 3190 3719 a
3241 3684 3430 3736 capso,

1843 3732 1987 3802 quod
2020 3732 2096 3786 illi
2125 3734 2237 3788 ναόν
2263 3732 2622 3803 appellabant.
2652 3732 3020 3788 dirimebatnr.
3054 3737 3224 3790 Ambo
3253 3732 3435 3792 atitcn'r

1844 3818 1952 3858 non
1985 3805 2038 3858 iu
2066 3804 2321 3868 sacrario,
2355 3804 2448 3859 sed
2493 3806 2543 3858 in
2588 3806 2706 3858 navi
2739 3805 2985 3860 ecclesiae
3024 3819 3134 3860 erat
3166 3810 3432 3862 constitu-

1849 3883 1971 3938 tus,
2022 3875 2076 3928 in
2124 3889 2281 3944 quem
2331 3876 2565 3944 episcopi
2617 3877 2937 3940 aliquando.
2999 3889 3056 3931 ut
3107 3877 3313 3933 facilius
3365 3883 3437 3931 ab

1846 3945 2096 4000 omnibus
2121 3946 2462 4013 audirentur,
2493 3945 2872 4000 ascendebant.
2926 3948 2983 4000 lu
3025 3950 3305 4003 Sacratiori
3344 3951 3437 4005 hc-

1847 4017 2041 4080 matis,
2092 4016 2204 4071 sive
2232 4017 2555 4088 sanctuarii,
2610 4030 2699 4070 aut
2732 4019 3051 4087 presbyterii
3104 4030 3254 4088 parte
3297 4022 3437 4076 intra

1847 4087 2446 4155 cancellos-erigebatur
2470 4088 2745 4153 cathedra,
2777 4088 2889 4142 sive
2916 4087 3158 4155 thron'us,
3191 4105 3253 4145 ac
3280 4094 3440 4147 sedes

1849 4161 2123 4230 episcopi,
2163 4159 2320 4230 juxta
2350 4175 2506 4228 quem
2538 4159 2838 4230 presbyteri
2870 4163 3118 4229 utrinque
3148 4161 3440 4218 demissio-

1849 4229 2002 4284 ribus
2027 4229 2300 4284 subselliis
2329 4231 2608 4285 sedebant.
2646 4229 2759 4285 Etsi
2789 4241 2966 4284 autem
2998 4241 3164 4286 totum
3192 4245 3440 4288 sanctua-

1851 4302 2010 4366 rium,
2037 4301 2157 4365 quia
2190 4300 2443 4366 gradibus
2477 4303 2531 4356 in
2565 4301 2695 4354 illud
2729 4301 3139 4367 ascendebatur,
3168 4303 3324 4358 bema
3349 4315 3441 4360 aut

1853 4372 2084 4426 tribunal
2127 4371 2231 4425 dci
2275 4380 2485 4441 posset,
2531 4382 2584 4428 et
2625 4372 2888 4427 interdum
2923 4373 3209 4439 diceretur,
3260 4384 3440 4430 tamen

1849 4443 2104 4513 gradibus
2131 4442 2358 4497 sublime
2391 4442 2623 4498 tribunal
2654 4443 2722 4497 de
2752 4459 2857 4510 quo
2893 4444 3229 4511 Prudentius,
3251 4447 3438 4500 sedem

1851 4514 2210 4582 episcooalem
2249 4515 2470 4569 denotat
2517 4530 2580 4570 ex
2631 4515 2886 4582 peculiari
2927 4529 3182 4584 expresso
3213 4530 3440 4570 munere

1855 4584 2175 4654 praedicandi
2227 4585 2414 4638 Deum.
2488 4586 2553 4639 Et
2601 4585 2966 4655 sanctuarium‘
3012 4585 3228 4653 quidem
3278 4585 3439 4655 hujus

1854 4653 2099 4710 ecclesiae
2143 4670 2246 4710 nou
2291 4657 2342 4709 iu
2386 4657 2484 4709 hoc
2527 4656 2725 4724 templo
2760 4653 3062 4724 magniﬁco,
3095 4657 3186 4710 sed
3216 4655 3269 4710 in
3301 4653 3437 4712 ardi-

1855 4726 1971 4782 cula
2005 4741 2163 4795 supra
2197 4727 2463 4794 descripta
2496 4727 2814 4780 collocatum
2846 4725 3074 4796 videtur,
3107 4727 3195 4780 ubi
3227 4727 3436 4784 scilicet

1855 4808 1970 4851 erat
2016 4814 2188 4851 mensa
2235 4797 2536 4850 sacramenti
2584 4797 2845 4851 donatrix.
2894 4796 2998 4850 Sed
3046 4798 3436 4854 advertendum

1856 4868 1988 4923 illud
2029 4878 2141 4931 est,
2193 4882 2257 4921 ex
2303 4869 2459 4920 unius
2488 4869 2568 4923 vel
2611 4867 2834 4921 alterius
2871 4868 3118 4922 ecclesia:
3150 4884 3298 4925 more
3327 4886 3444 4926 non

1854 4941 2033 4994 statim
2064 4954 2181 4993 esse
2209 4939 2536 5007 urguendum
2564 4954 2680 4992 eam
2709 4939 3150 4994 consuetudinem
3179 4939 3234 4994 iu
3261 4942 3440 4995 omni-

1854 5011 1954 5066 bus
1981 5009 2223 5066 ecclesiis
2249 5010 2519 5079 viguisse;
2568 5024 2670 5078 qua
2720 5010 2772 5062 in
2820 5023 2879 5063 re
2925 5024 3070 5078 szepe
3099 5009 3446 5079 decipiuntur

1857 5091 1949 5136 aut
1992 5080 2268 5150 decipiunt
2296 5080 2384 5152 qui
2429 5080 2775 5148 antiquitates
2823 5081 3216 5152 ecclesiasticas
3258 5085 3447 5152 expla-

1857 5159 2024 5206 nant:
2072 5167 2193 5205 nam
2245 5151 2370 5222 olim
2403 5162 2716 5220 usurpatum
2767 5152 2818 5204 in
2869 5151 3096 5207 ecclesia
3123 5151 3446 5222 simpliciter

1858 5223 2146 5294 afﬁrmant,
2173 5222 2312 5294 quod
2346 5221 2574 5278 fortasse
2606 5222 2656 5275 in
2689 5237 2791 5277 una
2826 5231 3028 5278 tantum
3060 5235 3151 5276 aut
3182 5221 3241 5277 iu
3258 5227 3448 5294 paucis

1858 5293 2096 5348 ecclesiis
2129 5293 2457 5359 obtinuerit,
2504 5309 2680 5362 neque
2727 5300 2906 5348 tamen
2945 5303 3156 5349 constat
3195 5293 3271 5350 an
3292 5298 3442 5352 omni

1859 5373 2098 5432 tempore
2127 5365 2430 5432 hujusmodi
2460 5363 2794 5420 consuetudo
2821 5365 3067 5434 viguerit.

1929 5435 2056 5490 228.
2091 5435 2212 5491 Vat.
2246 5437 2310 5503 Β,
2343 5438 2629 5502 consertis;
2661 5435 2777 5504 lege
2804 5437 3062 5505 confertis.
3091 5435 3173 5491 Ex
3195 5436 3448 5496 Lucretio

1861 5505 1955 5562 lib.
1997 5523 2077 5581 vi,
2115 5506 2298 5581 Otnniu
2337 5507 2655 5581 complebant
2694 5508 2803 5559 loca
2842 5516 3095 5578 tectaque,
3126 5525 3240 5581 quo
3282 5513 3447 5581 magis

1861 5587 2013 5634 castus
2039 5578 2305 5649 Confertos
2336 5581 2405 5631 ira
2433 5579 2703 5649 acervatim
2734 5593 2868 5631 mors
2899 5579 3272 5634 accumulabat.
3316 5578 3447 5636 Bar-

1862 5650 2026 5713 thius,
2063 5649 2156 5722 lib.
2179 5663 2359 5722 1,7eap.
2379 5649 2433 5713 9,
2477 5659 2622 5703 recte
2643 5648 2973 5722 observatiu
2999 5649 3146 5722 libris
3171 5651 3446 5722 Iegiccstu,

1862 5735 1931 5776 ex
1961 5735 2066 5789 quo
2092 5721 2380 5774 Lambinus
2406 5736 2489 5773 eos
2519 5727 2625 5771 tum
2652 5720 2777 5774 fecit
2809 5719 2987 5774 invitis
3015 5720 3203 5776 musis.
3228 5719 3341 5779 λιιι
3370 5722 3449 5778 le-

1861 5801 1991 5863 guut
2024 5793 2075 5844 in
2093 5791 2291 5863 eodem
2323 5791 2585 5863 Lucretio
2605 5791 2859 5860 confectos
2886 5805 2982 5862 pro
3006 5792 3285 5862 confertos.

1932 5863 2056 5917 229.
2091 5862 2427 5929 Parrhasius,
2456 5860 2643 5916 condit.
2887 5860 2899 5862 “
3107 5860 3113 5862 ’
3415 5923 3442 5950 ,δ

3024 6027 3096 6088 18
