3958 6312
547 440 658 496 355

546 555 653 611 250
800 553 875 606 Ac
902 551 1078 607 foveat
1105 551 1245 606 fetos
1272 551 1611 607 accumulata
1642 553 1811 608 sinus.

464 627 473 634 ’
725 643 781 699 Si
824 642 961 697 bene
994 642 1379 709 commemini,
1420 642 1548 699 colit
1588 642 1729 697 hunc
1774 643 2131 712 pulcherrima

1868 735 2059 806 [Roma

802 825 978 879 ldibus
1006 825 1227 894 Augusti
1258 826 1477 892 mensis,
1515 836 1571 879 ut
1599 827 1711 895 ipsa
1738 836 1893 881 vocat

721 917 905 972 Prisco
931 931 1078 972 more
1103 916 1265 984 diem,
1290 932 1445 986 quem
1473 926 1527 971 te
1553 931 1786 987 quoque,
1814 926 1997 972 sancte
2020 932 2131 972 ma-

1844 1007 2053 1080 [gister,

796 1109 985 1159 Annua
1016 1105 1146 1161 festa
1179 1108 1316 1160 inter
1341 1104 1684 1159 dinumerare
1713 1103 1898 1158 velim.

540 1200 645 1255 255
718 1199 910 1264 Crede,
937 1198 1255 1270 salutigeros
1276 1198 1410 1253 feret
1432 1197 1517 1253 hic
1538 1197 1921 1253 venerantibus
1950 1203 2123 1263 ortus,

792 1291 950 1345 Lucis
977 1291 1251 1345 honorata:
1280 1291 1495 1359 praemia
1526 1289 1837 1343 restituens.

720 1385 859 1438 Inter
885 1384 1154 1439 solemnes
1180 1382 1449 1455 Cypriani,
1481 1381 1562 1437 vel
1592 1381 1868 1447 Celedoni,

795 1477 1008 1546 1188
1035 1474 1361 1544 Eulaliaeque
1390 1474 1506 1529 dies
1532 1484 1711 1529 currat
1739 1483 1793 1528 et
1819 1474 1918 1529 iste
1952 1474 2063 1528 tibi.

720 1566 807 1619 Sic
840 1578 891 1621 te
922 1582 1017 1635 pro
1049 1567 1244 1635 populo
1272 1566 1423 1635 cujus
1452 1566 1545 1619 tibi
1575 1564 1775 1619 credita
1804 1565 1906 1618 vita
1934 1574 2036 1631 est,

786 1658 1041 1712 Orantem
1067 1658 1316 1712 Christus
1347 1658 1529 1711 audiat
1557 1660 1915 1725 omnipotens.

718 1751 808 1807 Sic
836 1751 931 1805 tibi
961 1750 1029 1805 de
1060 1751 1216 1821 pleno
1247 1752 1401 1819 lupus
1430 1749 1743 1804 excludatur
1773 1748 1918 1813 ovili,

790 1844 942 1913 Agna
969 1858 1069 1898 nec
1098 1843 1203 1898 ulla
1238 1852 1385 1897 tuum
1417 1850 1570 1911 capta
1596 1854 1811 1912 gregem
1842 1839 2067 1894 minuat.

537 1659 641 1713 240

1604 438 1612 445 ’
1658 436 1933 491 AURELII
1973 430 2337 493 PRUDENTII
2375 428 2701 485 CARMINA.

2162 554 2213 613 A

3728 426 3829 482 556

2423 546 2514 601 Sic
2543 560 2629 599 me
2660 541 2937 613 gramineo
2977 547 3346 595 remanentem
3377 538 3608 607 denique
3639 551 3826 606 campo

2487 637 2725 695 Sedulus
2754 644 3012 706 aagrotam
3043 642 3225 705 pastor
3252 646 3408 687 ovem
3438 630 3664 686 referas.

2235 732 2340 787 245
2418 731 2528 796 Sic,
2557 744 2679 785 cum
2709 727 2952 784 lacteolis
2978 725 3161 782 caulas
3186 723 3545 795 compleveris
3569 723 3740 794 agnis,

2485 824 2691 893 Raptus
2716 832 2769 878 et
2798 822 2913 892 ipse
2939 835 3097 877 sacro
3123 820 3198 875 sis
3224 832 3407 874 comes
3434 816 3742 887 Hippolyto.

2815 957 2911 1011 Xll
2960 955 3257 1012 HYMNUS.

2362 1065 2550 1105 INCIPIT
2591 1062 2769 1104 PASSIO
2808 1060 3186 1103 Αροετοωκωι
3226 1060 3379 1099 PETRI
3416 1058 3487 1099 ET
3527 1057 3712 1099 PAULI.

2412 1183 2541 1240 Plus
2570 1184 2731 1239 solito
2762 1192 2956 1239 coeunt
2982 1183 3048 1237 ad
3077 1180 3272 1253 gaudia
3296 1198 3310 1235 :
3339 1180 3447 1248 dic,
3477 1180 3672 1245 amice,
3703 1180 3819 1249 quid

3644 1272 3757 1345 [sit.

2495 1372 2707 1443 1189
2731 1369 2952 1425 Romam
2985 1383 3081 1438 per
3108 1382 3321 1422 omnem
3346 1365 3818 1430 cursitant,ovant-

3602 1462 3751 1533 ique.

2405 1562 2594 1617 Festus
2626 1558 2899 1628 apostolici
2931 1557 3085 1611 nobis
3117 1555 3259 1611 redit
3288 1554 3374 1609 hic
3396 1553 3512 1609 dies
3543 1552 3820 1622 triumphi,

2485 1652 2631 1707 Pauli
2654 1659 2813 1720 atque
2846 1649 2985 1703 Petri
3013 1648 3207 1703 nobilis
3233 1661 3445 1702 cruore.

2232 1750 2264 1801 5
2416 1745 2566 1803 Unus.
2604 1753 2890 1827 utrumque
2928 1739 3077 1813 dies,
3121 1738 3279 1808 pleno
3316 1732 3494 1794 tamen
3547 1737 3821 1791 innovatus

3568 1828 3760 1900 [anno,

1839 1950 2127 2009 GLOSSIE
2167 1948 2509 2004 VETERES.

606 2071 729 2126 250.
763 2069 947 2133 Fetos,
974 2067 1226 2138 impletos,
1256 2066 1294 2138 lu.

604 2142 729 2197 255.
764 2140 953 2202 Crede,
981 2136 1171 2190 scilicet
1194 2136 1339 2202 mihi,
1373 2137 1411 2188 l.

605 2213 729 2267 256.
768 2210 945 2271 Lucis,
969 2209 1090 2271 dici,
1114 2206 1152 2259 l.
1178 2235 1246 2246 --
1272 2205 1412 2259 Festi
1438 2209 1539 2259 diei
1563 2206 1821 2270 celebrati,
1846 2205 1981 2258 Mar.

606 2280 728 2334 241.
764 2280 851 2333 Sic
875 2279 993 2341 tibi,
1016 2275 1266 2343 optando,
1296 2276 1333 2327 I.

605 2350 733 2406 244.
770 2348 1022 2411 Sedulus,
1048 2348 1327 2411 studiosus,
1353 2346 1395 2399 Ι.

602 2421 726 2474 245.
760 2418 1048 2483 Lacteolis,
1072 2415 1324 2470 candidis.
1350 2446 1418 2455 —
1440 2416 1833 2485 Compleveris,
1859 2432 1951 2483 pro
1983 2430 2124 2468 com-

535 2492 696 2563 pleas,
727 2489 767 2544 I.

2153 2063 2201 2123 B

2305 2062 2356 2113 1.
2386 2059 2617 2125 Coeunt,
2645 2060 2835 2112 scilicet
2858 2039 3005 2129 quid,
3032 2058 3072 2113 Ι.

2300 2131 2353 2184 2.
2379 2130 2680 2198 Ovantque,
2726 2130 3002 2195 laetantur;
3044 2145 3162 2183 nam
3202 2138 3421 2183 tractum
3462 2140 3536 2184 est
3578 2148 3613 2184 a
3645 2131 3823 2185 trium-

2231 2201 2530 2270 phantibus,
2560 2203 2647 2271 qui
2674 2200 2847 2253 albam
2876 2217 3016 2254 ovem
3045 2200 3398 2265 immolabant,
3425 2200 3464 2252 Ι.

2302 2273 2355 2326 5.
2388 2270 2601 2335 Festus,
2630 2274 2777 2341 quasi
2806 2272 3075 2338 respondet
3096 2273 3453 2339 interrogatus,
3480 2270 3518 2325 Ι.

2305 2344 2359 2399 5.
2394 2344 2706 2408 Innovatus,
2729 2342 2986 2396 veraciora
3014 2351 3155 2412 gesta
3176 2341 3379 2405 habent,
3403 2341 3549 2411 quod
3572 2360 3680 2396 non
3700 2358 3826 2396 me

2228 2413 2480 2481 revoluto,
2508 2416 2598 2466 sed
2625 2429 2832 2484 prorsus
2860 2429 2961 2465 uno
2987 2413 3263 2483 eodemque
3288 2412 3373 2467 die
3412 2422 3532 2467 sunt
3563 2415 3720 2468 ambo
3748 2416 3823 2467 isti

2232 2486 2485 2551 principes
2516 2485 2865 2552 apostolorum
2895 2484 3052 2550 passi,
3087 2484 3243 2553 Prag.

1879 2599 2445 2656 COMMENTARIUS.

603 2718 728 2771 250.
763 2715 873 2770 Gis.
925 2716 991 2768 ad
1038 2730 1185 2768 oram
1214 2754 1226 2777 ,
1284 2714 1414 2781 [etus
1463 2714 1785 2767 accumulata
1830 2732 1949 2769 suos
1996 2730 2118 2768 cum

534 2788 655 2842 Vat.
678 2787 724 2841 A
755 2802 782 2840 a
814 2784 1048 2841 secunda
1082 2800 1261 2839 manu.
1312 2785 1364 2838 In
1390 2784 1544 2851 Man,
1576 2785 1727 2853 Urb.,
1752 2786 1910 2855 Prag,
1938 2786 2054 2839 Vat.
2082 2787 2120 2839 Β

530 2875 558 2913 a
588 2860 757 2927 prima
786 2873 973 2924 manu,
999 2858 1150 2927 fetus.
1186 2856 1363 2919 Alex.,
1394 2860 1554 2926 fetas;
1589 2871 1771 2924 supra,
1800 2860 1949 2927 fetos.

600 2928 727 2983 251.
758 2928 913 2994 Quod
939 2929 1011 2981 ait
1036 2928 1379 2990 Prudentius,
1406 2928 1467 2981 Si
1494 2927 1615 2981 bene
1642 2930 1982 2990 commemini,
2012 2942 2117 2982 non

532 3000 774 3066 dubitat,
808 3002 903 3053 sed
932 2998 1270 3053 considerate
1301 2999 1554 3065 loquitur,
1596 3006 1651 3051 et
1675 3009 1829 3052 caute
1861 2998 2116 3051 afﬁrmat.

531 3072 620 3127 Sic
658 3086 801 3126 vers.
840 3072 864 3123 1
910 3069 1057 3139 praef.
1104 3069 1435 3139 carminum,
1487 3069 1587 3121 Per
1624 3071 1972 3138 quinquennia
2006 3071 2119 3137 jam

531 3143 732 3206 decem,
780 3140 853 3194 Ni
893 3138 1064 3209 fallor,
1113 3140 1322 3206 fuimus.
1371 3138 1559 3193 Cicero
1599 3155 1696 3208 pro
1742 3142 1810 3195 Μ.
1850 3140 2115 3196 Fonteio:

536 3214 638 3279 Qui
682 3213 903 3281 primum
943 3211 1071 3264 illud
1115 3211 1314 3263 verbum
1362 3211 1883 3264 consideratissimum
1930 3221 2119 3264 nostrae

531 3283 907 3336 consuetudinis
934 3284 1233 3345 Anacreon,
1278 3298 1378 3350 quo
1416 3298 1506 3334 no;
1551 3289 1703 3335 etiam
1744 3292 1864 3335 tunc
1901 3283 2112 3348 utimur,

533 3370 644 3405 cum
674 3371 732 3407 ea
763 3354 979 3405 dicimus
1012 3352 1209 3422 jurati,
1249 3368 1363 3417 quce
1401 3363 1659 3423 comperta
1698 3354 1965 3417 habemus,
2004 3369 2121 3422 quae

2231 2730 2402 2771 sacra:
2428 2714 2652 2784 paginae,
2678 2722 2739 2767 ut
2758 2714 3046 2769 denotetur
3067 2715 3302 2777 aliquem
3330 2726 3361 2768 e
3385 2714 3651 2784 periculis
3674 2716 3824 2783 hujus

2232 2787 2415 2840 mundi
2444 2786 2498 2839 in
2525 2785 2723 2841 coelum
2747 2785 2901 2854 eripi.
2928 2784 3064 2857 Post
3094 2785 3236 2840 hunc
3267 2786 3526 2857 hymnum
3560 2788 3620 2841 in
3645 2787 3765 2841 Vat.
3790 2788 3823 2839 Β

2230 2868 2283 2913 et
2316 2858 2445 2911 Mar.
2476 2858 2692 2923 ponitur
2716 2852 2896 2924 passio
2922 2852 2980 2913 S.
3008 2857 3281 2927 Cypriani.

2306 2928 2577 2994 Exscripsi
2625 2928 2833 2982 titulum
2879 2943 2944 2981 ex
2994 2926 3123 2981 Mar.
3168 2937 3222 2982 et
3259 2927 3381 2982 Rat.
3432 2926 3491 2980 In
3526 2928 3653 2984 Vat.
3698 2932 3737 2983 A
3778 2939 3825 2983 et

2232 2998 2487 3063 Weitzio,
2540 2998 2717 3051 Passio
2748 2998 3095 3069 apostolorum
3124 2997 3268 3053 Petri
3302 3008 3348 3052 et
3378 2997 3555 3052 Pauli.
3617 3002 3747 3055 Ald.
3777 3012 3825 3053 et

2231 3070 2417 3123 Heins.
2450 3070 2650 3123 addunt
2679 3072 2939 3123 beatorum
2969 3071 3338 3135 apostolorum.
3392 3069 3519 3125 Hec
3556 3073 3747 3137 passio
3778 3072 3821 3122 in

2222 3142 2356 3195 Mar.
2387 3151 2441 3196 et
2463 3140 2583 3195 Vat.
2615 3141 2655 3193 Β
2685 3142 2923 3210 sequitur
2954 3143 3076 3211 pos't
3114 3140 3419 3210 passionem
3450 3141 3511 3196 S.
3540 3139 3820 3213 Cypriani,

2230 3222 2287 3266 ut
2320 3214 2371 3266 in
2398 3212 2647 3266 Weitzio.

2230 3222 2287 3266 ut
2320 3214 2371 3266 in
2398 3212 2647 3266 Weitzio.

2293 3283 2342 3338 1.
2372 3283 2620 3337 Heinsius
2643 3284 2998 3351 coniectabat,
3022 3284 3146 3346 quid
3170 3285 3242 3337 sic
3267 3284 3486 3337 Romam
3508 3300 3608 3350 per
3627 3301 3822 3338 omnem

2224 3357 2495 3417 cursitant,
2526 3364 2775 3415 ovantque
2796 3355 2821 3407 ?
2864 3354 3130 3407 Cellarius
3162 3364 3380 3410 secutus
3410 3362 3497 3409 est
3524 3354 3671 3409 hanc
3700 3372 3823 3410 con-

532 3425 629 3493 ipsi
674 3424 892 3477 vidimus
924 3463 939 3487 ,
1096 3398 1209 3475 toto,
1244 3398 1544 3476 iestimoniri
1576 3440 1669 3477 suo
1716 3424 1926 3477 sustulit
1950 3398 2191 3492 ,aiquec
2220 3398 2521 3494 iccturam.:
2567 3398 2703 3493 qua;
2727 3424 2856 3477 mihi
2907 3426 3067 3478 etiam
3114 3425 3323 3492 placet,
3354 3398 3623 3493 “quamvis
3668 3398 3823 3482 lectio

533 3492 705 3546 omnia
748 3511 799 3564 se
840 3494 969 3546 scire
1010 3492 1157 3564 dixit.
1209 3494 1459 3548 Nonnulli
1504 3504 1693 3563 putant
1738 3496 2115 3564 Hippolytum,

532 3579 691 3633 quem
726 3563 899 3618 idibus
926 3562 1153 3630 Augusti
1189 3565 1449 3619 celebrati
1494 3562 1567 3618 ait
1596 3562 1952 3629 Prudentius,
1998 3580 2120 3620 esse

534 3635 704 3706 splum
738 3634 1078 3704 Hippolytum
1110 3634 1356 3706 militem.
1407 3635 1515 3689 Sed
1544 3652 1663 3690 cum
1699 3636 2021 3690 Prudentius
2053 3635 2119 3691 de

533 3705 639 3760 alio
673 3706 963 3777 Hippolyto
988 3705 1288 3777 certissime
1316 3706 1583 3775 loquatur,
1625 3707 1781 3777 hujus
1810 3707 2117 3776 Hippolyti,

571 3792 691 3835 uem
732 3777 911 3831 laudat
943 3776 1293 3840 Prudentius,
1337 3776 1476 3832 diem
1510 3776 1705 3833 festum
1737 3779 1866 3832 olim
1910 3779 1962 3831 in
2002 3778 2120 3832 idus

584 3849 759 3917 ugusti
791 3848 1041 3902 incidisse
1066 3847 1413 3914 iudicandum
1443 3859 1544 3903 est.

604 3919 730 3973 252.
755 3919 875 3972 Rat.
895 3934 958 3971 ex
982 3919 1252 3991 ipserecte
1298 3919 1431 3987 ipsa.
1463 3920 1609 3983 Ald.,
1649 3936 1752 3975 non
1796 3922 1948 3985 bene,
1988 3936 2119 3991 pun-

536 3999 676 4045 ctum
708 4000 826 4057 post
852 3996 995 4041 vocat
1020 3988 1259 4042 adhibet.

604 4059 729 4112 255.
767 4058 877 4112 Gis.
904 4058 969 4111 ad
999 4073 1191 4128 marg.,
1216 4076 1378 4113 annos
1404 4076 1499 4128 pro
1522 4069 1685 4114 ortus.

603 4128 729 4184 256.
764 4128 985 4181 Prtemia
1016 4127 1123 4181 dici
1160 4130 1277 4182 festi
1306 4127 1561 4185 celebrati
1592 4132 1843 4184 videntur
1872 4147 1993 4187 esse
2030 4150 2115 4187 sa-

537 4198 747 4271 lutigeri
788 4206 959 4264 ortus,
1004 4198 1117 4252 sive
1136 4200 1304 4252 'anni.
1358 4200 1604 4254 Barthius
1635 4200 1782 4254 addit
1814 4205 2023 4271 prremia
2059 4206 2122 4255 de

537 4270 694 4331 cmlo;
726 4282 824 4323 nec
847 4282 1105 4335 repugno.

608 4340 736 4395 257.
763 4338 937 4397 Alex.,
962 4337 1411 4408 Ald.,iChelidoni.
1446 4340 1561 4393 Vat.
1594 4342 1651 4405 Β,
1678 4342 1831 4406 Man,
1859 4343 2116 4397 Celedoni.

537 4409 875 4474 Parrhasius,
891 4417 1160 4476 corrupte,
1175 4408 1428 4463 Celrboni.
1449 4409 1745 4464 Notandum
1768 4413 1957 4466 festum
1980 4414 2121 4468 dicm

537 4480 596 4538 S.
619 4478 872 4553 Cypriani
894 4480 1002 4549 jam
1033 4489 1139 4553 tum
1168 4481 1219 4553 in
1248 4481 1499 4553 Hispania
1526 4482 1877 4536 celebratum.

608 4551 739 4608 259.
770 4551 916 4616 Ald.,
945 4551 1133 4604 tradita
1171 4552 1270 4604 vita
1311 4561 1401 4604 est.
1448 4552 1660 4605 Teolius
1690 4553 1921 4620 glossam
1961 4556 2118 4611 unius

539 4623 659 4677 Vat.
693 4622 953 4678 ascribit:
987 4622 1288 4687 Adiuvantis
1320 4633 1420 4687 et,
1466 4624 1518 4675 id
1548 4634 1646 4687 est,
1692 4624 1734 4675 si
1773 4626 1869 4676 hoc
1910 4625 2119 4692 feceris,

540 4703 659 4765 tunc
686 4704 733 4747 te
754 4694 982 4747 Christus
1010 4692 1200 4747 audiet.
1232 4693 1445 4749 Minime
1472 4694 1661 4748 dubito
1688 4694 1813 4763 quin
1840 4696 1907 4749 sit
1939 4697 2120 4765 legen-

540 4763 666 4819 dum
694 4766 985 4829 adjurantis
1012 4773 1104 4816 est.

608 4835 734 4890 242.
768 4833 1017 4888 Barthius
1056 4833 1395 4888 scribendum
1439 4846 1583 4901 putat
1613 4847 1762 4901 rapta
1809 4854 1905 4905 pro
1944 4846 2113 4904 capta.

540 4906 647 4961 Sed
694 4906 1020 4959 membranm
1061 4915 1370 4977 constanter
1411 4908 1605 4960 habent
1642 4920 1820 4977 capta,
1863 4918 1916 4961 et
1960 4910 2117 4974 paulo

538 4987 662 5048 post
688 4977 921 5048 occurrit
950 4984 1152 5044 raptus.
1205 4976 1385 5044 Neque
1414 4978 1552 5030 male
1585 4988 1665 5031 est
1695 4989 1864 5045 capta,
1901 4989 1957 5031 ut
1987 4980 2118 5033 bello

540 5045 742 5116 captus,
783 5045 913 5119 dolis
960 5054 1155 5114 captus,
1210 5048 1367 5113 pisces
1402 5052 1583 5117 jaculo
1628 5060 1713 5101 aut
1760 5051 1911 5101 hamo
1961 5051 2118 5119 capti.

542 5118 732 5184 Torn.,
756 5116 1035 5179 mendose,
1064 5124 1286 5185 captum.

608 5188 736 5242 9.45.
772 5185 965 5258 Psych.
998 5200 1137 5258 vers.
1166 5187 1301 5249 792,
1341 5186 1639 5258 Lacteolam
1680 5192 1916 5242 mentitus
1956 5207 2116 5243 orem.

540 5258 675 5328 Vide
703 5256 991 5313 comment.
1022 5256 1087 5308 ad
1117 5272 1255 5309 vers.
1296 5256 1390 5310 165
1418 5258 1595 5328 hymni
1629 5258 1686 5313 S.
1716 5259 1953 5314 Eulaliae.
1998 5264 2116 5315 Sla-

540 5327 661 5380 bula
694 5331 870 5382 ovium
921 5336 1183 5381 vocantur
1212 5327 1375 5379 caula:
1409 5344 1471 5381 ex
1498 5328 1685 5382 Graeco
1714 5334 1952 5393 nomine,
1977 5349 2001 5383 c
2034 5332 2120 5385 de-

541 5407 713 5452 tracto
746 5418 758 5450 :
786 5414 909 5453 nam
956 5398 1125 5452 Graeci
1159 5395 1317 5457 αὔλας
1355 5397 1558 5451 dicunt.
1594 5399 1842 5453 Fortasse
1867 5401 2119 5453 Paulinus

544 5468 644 5523 hoc
680 5478 899 5539 etymon
938 5468 1172 5535 respexit
1210 5468 1277 5539 de
1316 5469 1507 5521 Reditu
1545 5468 1775 5539 Nicetm:
1811 5469 1967 5522 Nunc
2004 5487 2116 5524 oves

542 5542 663 5611 facti
692 5538 818 5594 duce
844 5550 889 5592 te
918 5548 1188 5611 gregantur
1210 5538 1363 5611 Pacis
1392 5540 1442 5590 in
1473 5538 1665 5592 aulam.

611 5611 734 5665 246.
772 5611 894 5665 Haec
919 5610 1091 5663 valida
1123 5610 1249 5664 mihi
1276 5610 1481 5664 videtur
1508 5611 1810 5677 cnnjectura
1845 5620 1900 5664 ut
1929 5610 2118 5664 creda-

546 5697 664 5734 mus
713 5680 1051 5750 Hippolytum
1102 5680 1263 5735 fuissc
1309 5683 1658 5749 episcomtm,
1717 5684 1858 5749 quod
1915 5682 2118 5735 scilicet

549 5749 882 5814 Valerianus,
928 5749 1125 5823 Christi
1155 5766 1325 5817 sacer,
1362 5767 1516 5823 sacro
1546 5752 1828 5823 Hippolyto
1856 5763 2000 5807 esset
2032 5752 2117 5806 fu-

548 5829 698 5871 turus
729 5832 910 5871 comes
941 5819 993 5890 in
1021 5819 1180 5890 cmlo,
1211 5822 1493 5874 sacerdotii
1526 5821 1637 5874 sive
1668 5819 2027 5890 episcopatus,
2060 5831 2116 5876 ut

546 5903 644 5956 ego
675 5895 819 5956 puto,
858 5886 1079 5939 ratiooe.
1126 5888 1321 5956 Raptus
1352 5905 1448 5958 pro
1480 5886 1758 5946 defunctus
1789 5886 2006 5948 verbum
2035 5904 2115 5949 est

2224 3497 2469 3550 codicum
2502 3504 2648 3550 recte
2676 3494 2950 3565 procedat,
2984 3510 3159 3564 neque
3188 3504 3370 3551 careat
3397 3495 3699 3567 elegantia.
3750 3498 3817 3550 Ad

2225 3567 2419 3621 festum
2462 3568 2604 3620 diem
2665 3567 3028 3631 apostolorum
3073 3567 3452 3621 celebrandum
3499 3569 3659 3622 multi
3701 3569 3817 3621 olim

2224 3638 2458 3706 undique
2485 3637 2896 3709 conveniebant,
2921 3640 3082 3709 etiam
3109 3639 3367 3705 episcnpi.
3404 3638 3542 3693 Vide
3568 3655 3660 3709 ep.
3691 3639 3819 3691 Pau-

2224 3709 2317 3762 lini
2344 3712 2410 3763 15
2436 3708 2503 3761 ad
2533 3708 2810 3774 Severum,
2845 3718 2900 3763 et
2926 3709 2993 3762 16
3020 3708 3088 3761 ad
3120 3709 3465 3775 Delphinum.
3578 3712 3583 3717 ’

2296 3778 2351 3833 2.
2387 3779 2775 3848 Etymologiam
2822 3779 2969 3834 verbi
3015 3794 3186 3841 ovare,
3215 3795 3242 3833 a
3286 3779 3463 3848 glossa
3507 3780 3819 3840 indicatam,

2223 3851 2577 3917 comprobant
2617 3850 2837 3904 Servius
2875 3859 2930 3904 et
2970 3849 3304 3904 Plutarchus.
3357 3851 3458 3905 Alii
3505 3867 3630 3905 cum
3668 3852 3819 3907 Festo

2225 3936 2374 3975 ovare
2415 3920 2686 3974 deducunt
2725 3934 2754 3972 a
2791 3921 3031 3975 clamore
3056 3936 3214 3989 quem
3248 3921 3410 3975 edere
3438 3922 3625 3976 solent
3659 3925 3819 3977 victo-

2226 4007 2331 4053 res,
2356 3992 2624 4061 geminata
2646 3991 2823 4061 littera
2841 4007 2869 4043 ο
2884 4008 2903 4056 ;
2920 3991 3007 4045 alii
3028 3992 3097 4046 ab
3110 4007 3250 4059 eoae,
3268 3990 3649 4046 bacchantium
3676 4009 3817 4047 Voce.

2225 4062 2402 4116 Adisis
2432 4063 2754 4115 Becmanum
2782 4060 2849 4116 de
2877 4062 3086 4131 Origin.

2297 4134 2348 4186 5.
2396 4134 2518 4187 Haec
2545 4132 2817 4187 Prudentii
2856 4132 3190 4200 aliorumque
3217 4135 3398 4202 Opinio
3433 4135 3552 4197 fuit,
3589 4136 3690 4190 SS.
3725 4135 3818 4189 Pe-

2227 4213 2367 4257 trum
2391 4212 2445 4258 et
2468 4203 2688 4257 Paulum
2717 4203 2905 4259 eodem
2929 4205 3051 4256 anni
3071 4204 3181 4267 die,
3207 4205 3299 4258 sed
3328 4220 3432 4258 non
3460 4209 3657 4263 eodem
3682 4218 3816 4259 anno

2226 4275 2543 4343 martyrium
2586 4274 2833 4328 subiisse
2875 4274 3197 4328 Prudentius
3238 4277 3372 4329 hanc
3406 4292 3561 4330 suam
3610 4277 3816 4344 opinio-

2225 4359 2347 4399 nem
2370 4344 2567 4399 clarius
2591 4346 2819 4411 explicat
2847 4359 2987 4398 vers.
3022 4345 3111 4410 21,
3150 4345 3217 4400 Ut
3242 4356 3367 4399 teres
3400 4350 3539 4400 orbis
3567 4349 3690 4409 iter,
3722 4359 3816 4400 ctc.

2224 4414 2460 4470 Joannes
2501 4416 2567 4469 Μ.
2605 4415 3077 4469 Brassichellensis
3115 4418 3167 4469 in
3210 4415 3389 4471 lodice
3434 4419 3697 4472 librorum
3730 4433 3819 4471 ex-

2224 4485 2650 4558 purgandorum,
2691 4501 2849 4558 quem
2895 4500 3046 4540 num.
3090 4488 3190 4541 181
3224 4488 3274 4540 in
3307 4498 3421 4540 not.
3455 4491 3667 4558 proleg.
3714 4490 3817 4541 lau-

2225 4556 2369 4621 davi,
2398 4558 2535 4611 hanc
2561 4556 2883 4628 sententiam
2912 4572 3137 4611 censura
3161 4558 3493 4628 perstringit,
3527 4556 3671 4628 quod
3697 4575 3817 4613 con-

2228 4630 2392 4681 traria
2447 4629 2515 4681 sit
2560 4627 2913 4681 communiori
2961 4630 3241 4694 opinioni,
3298 4627 3557 4697 quamvis
3597 4630 3817 4684 fateatur

2227 4698 2369 4751 illam
2397 4698 2610 4752 defendi
2637 4697 2703 4750 ab
2736 4698 3031 4765 Augustino
3057 4707 3111 4752 et
3140 4702 3382 4754 Aratore.
3408 4701 3546 4753 Vide
3572 4716 3693 4767 pag.
3719 4698 3817 4752 9.57

2144 4775 2199 4836 ί)
2225 4779 2280 4823 et
2304 4768 2408 4823 262
2431 4770 2548 4836 ejus
2574 4768 2790 4822 Indicis.
2831 4769 3299 4823 Eminentissimns
3331 4770 3480 4823 card.
3517 4770 3817 4839 Stephnms

2226 4840 2415 4907 Borgia
2451 4842 2500 4893 in
2529 4839 2885 4894 celeberrimo
2914 4854 3012 4894 suo
3034 4854 3217 4905 opere,
3250 4839 3506 4893 Vaticana
3532 4839 3816 4894 Confessio

2224 4909 2365 4964 beati
2394 4908 2562 4971 Petri,
2597 4911 2759 4963 multa
2791 4910 2945 4964 affert
2962 4910 3157 4979 quibus
3184 4922 3292 4963 tum
3321 4911 3444 4964 alia:
3473 4912 3817 4979 antiquitates

2224 4981 2606 5035 ecclesiastica:
2650 4981 2904 5033 illustrari
2957 4982 3183 5049 possint,
3228 4992 3338 5033 tttm
3389 4979 3500 5035 fere
3544 4993 3690 5036 totus
3739 4980 3817 5035 hic

2228 5051 2523 5117 Prudentii‘
2538 5051 2770 5121 hymnus
2800 5051 3005 5104 facilius
3038 5051 3278 5119 intelligi.
3306 5052 3453 5105 Hanc
3481 5054 3656 5119 ipsam
3680 5069 3816 5122 qua:-

2222 5122 2452 5193 stionem
2480 5124 2544 5175 ad
2566 5131 3125 5193 examenirevocat,et
3146 5122 3342 5176 fatetur
3362 5124 3417 5177 S.
3450 5125 3812 5193 Augustinum,
3852 5122 3855 5163 έ

2226 5191 2366 5245 idem
2409 5195 2644 5246 sensisse
2688 5208 2751 5244 ac
2793 5192 3162 5255 Prudentium,
3200 5208 3367 5247 serm.
3415 5193 3524 5247 295
3549 5191 3622 5246 Vin
3659 5191 3815 5247 natali

2225 5262 2594 5329 apostolorum
2642 5263 2782 5315 Petri
2824 5272 2879 5315 et
2928 5263 3099 5329 Pauli,
3139 5273 3194 5316 et
3235 5279 3401 5317 serm.
3441 5266 3541 5317 581
3583 5266 3653 5319 de
3700 5263 3813 5319 eod.

2225 5334 2412 5397 natal.,
2438 5332 2526 5385 ubi
2555 5334 2666 5386 ait:
2696 5333 2950 5387 Natalitio
2971 5350 3089 5402 ergo
3116 5331 3259 5386 Petri
3286 5349 3469 5403 passus
3494 5345 3570 5387 est
3596 5333 3811 5388 Paulus.

2224 5403 2500 5473 Neminem
2528 5404 2689 5457 alium
2715 5418 2780 5457 ex
2802 5406 3038 5472 antiquis
3068 5405 3271 5459 Latinis
3296 5404 3655 5473 scriptoribus
3678 5407 3811 5473 ejus-

2223 5472 2343 5526 dem
2376 5473 2655 5527 seotentize
2687 5485 3013 5529 assertorem
3046 5476 3275 5541 reperit,
3309 5472 3546 5544 excepto
3592 5472 3810 5531 Aratore

2224 5544 2574 5617 subdiacono,
2589 5545 2677 5617 qui
2700 5548 2899 5600 saaculo
2917 5562 2966 5599 vt
2990 5545 3186 5606 floruit,
3199 5554 3270 5617 iet
3290 5546 3384 5600 lib.
3413 5562 3447 5599 ιι
3472 5546 3611 5617 Hist.
3630 5551 3811 5617 Apost.

2228 5615 2297 5666 ita
2327 5616 2522 5669 cecinit
2548 5612 2853 5687 :Ceminos,
2900 5633 3028 5687 quos
3069 5616 3228 5687 edidit
3257 5618 3434 5680 astris,
3468 5616 3593 5670 Non
3623 5612 3811 5679 eadem,

2220 5694 2385 5759 tamen
2414 5702 2520 5759 una
2548 5685 2680 5759 dies,
2705 5685 2928 5759 annique
2956 5687 3141 5759 voluto
3158 5685 3404 5759 Tempore
3428 5690 3653 5759 sacravit
3687 5702 3811 5759 repe-

2222 5757 2364 5808 titam
2385 5758 2554 5823 passio
2585 5755 2769 5807 lucem.
2796 5758 2835 5810 E
2860 5757 3060 5812 Graecis
3086 5755 3311 5811 Photius
3336 5758 3389 5812 in
3415 5758 3670 5813 Biblioth.
3698 5755 3812 5815 cod.

2219 5825 2752 5900 276‘locum_S.‘Nili
2781 5829 3027 5900 discipuli
3073 5828 3130 5882 S.
3174 5830 3407 5900 Joannis
3440 5829 3812 5900 Chrysostomi

2222 5894 2419 5962 profert
2464 5896 2553 5951 ubi
2600 5894 3163 5953 affirmatur—Petrum
3208 5909 3332 5954 ante
3384 5894 3613 5954 Paulum
3662 5917 3812 5959 occu-

3854 5098 3861 5143 l
