3958 6312
533 398 637 467 559

532 521 596 575 l0

706 611 880 665 Pruna
904 603 1117 665 Petrum
1144 613 1320 681 rapuit
1340 615 1624 683 sententia,
1650 616 1852 685 legibus
1876 616 2099 671 Neronis

777 702 1015 758 Pendere
1037 702 1246 772 jussum
1278 707 1627 773 praeminente
1654 708 1818 777 ligno.

699 794 794 851 Ille
865 804 1039 850 tamen
1102 796 1304 851 veritus
1360 796 1520 853 celsa:
1581 799 1743 855 decus
1798 798 2097 855 aemulando

1818 888 2025 960 [mortis

769 980 985 1038 Ambire
1016 982 1143 1037 tanti
1169 982 1390 1052 gleriam
1418 980 1676 1051 magistri,

699 1073 881 1145 Exigit
903 1084 956 1129 ut
984 1074 1206 1145 pedibus
1231 1089 1464 1131 mersum
1492 1084 1653 1145 caput
1672 1073 1977 1142 imprimant
2002 1087 2089 1129 su-

1834 1165 2016 1237 [Dinis

760 1264 877 1331 Quo
908 1272 1108 1333 spectet
1132 1263 1296 1318 imum
1327 1263 1559 1334 stipitem
1586 1260 1832 1317 cerebro.

690 1353 892 1423 Figitur
921 1370 1047 1424 ergo
1088 1369 1275 1410 manus
1303 1354 1508 1418 subter,
1541 1351 1654 1408 sola
1688 1362 1873 1405 versus
1903 1347 1955 1403 in
1994 1360 2085 1401 ca—

1757 1444 1968 1513 icumen
2000 1460 2010 1492 :

522 1074 584 1131 15

1532 466 1535 469 ,
1587 410 1861 466 AURELll
1902 400 2264 467 PltUDbNTII
2303 402 2625 461 (IAR‘MINA.

783 517 989 593 1192
1014 518 1099 572 Bis
1118 518 1263 573 ﬁnxit
1284 518 1453 575 imber
1476 523 1747 593 sanguinis
1771 538 1863 593 per
1886 523 2096 578 herbas.
2129 528 2173 589 Α

3684 402 3805 461 560

2463 518 2669 589 1193
2699 518 2807 572 lloc
2832 526 3011 573 mente
3031 516 3221 587 major,
3238 518 3381 587 quod
3401 517 3577 572 minor
3596 516 3793 586 ﬁgura,

2385 610 2616 665 Noverat
2642 626 2704 665 ex
2740 610 2925 664 humili
2952 612 3142 665 coelum
3177 611 3331 666 citius
3361 610 3537 667 solere
3559 609 3732 665 adiri:

2456 702 2656 771 Dejecit
2684 718 2796 768 ora,
2829 702 3072 773 spiritum
3104 702 3343 757 daturus.

2383 795 2449 849 Ut
2477 805 2617 849 teres
2642 794 2785 849 orbis
2818 795 2918 849 iter
2947 794 3067 849 ﬂexi
3097 805 3210 849 rota
3243 793 3579 864 percucurrit
3609 793 3756 857 anni,

2461 885 2982 965 Diemqueeumdem
3015 885 3092 939 sol
3122 884 3333 939 reduxit
3358 893 3531 949 ortus,

2379 962 2953 1046 Bromii-iningulum
2976 974 3123 1030 Pauli
3154 974 3295 1031 Nero
3333 974 3601 1030 fervidum
3646 973 3788 1028 luro-

3550 1065 3711 1137 trem.

2206 702 2275 757 20

2443 1160 2601 1215 lubet
2626 1159 2774 1216 feriri
2807 1159 3039 1231 gentium
3069 1160 3402 1230 magistrum.

2378 1253 2494 1323 Ipse
2522 1253 2668 1323 prius
2692 1252 2906 1307 sibimet
2932 1253 3085 1308 ﬁnem
3118 1252 3224 1307 cito
3248 1251 3459 1307 dixerat
3482 1249 3745 1313 futurum.

2452 1346 2533 1402 Ad
2577 1345 2848 1403 Christum
2897 1345 3131 1401 eundum
3175 1354 3299 1411 est,
3347 1345 3459 1415 jam
3512 1343 3781 1406 resolvor.

3490 1434 3708 1503 ‘inquit.

2196 1252 2266 1307 25

1821 1552 2107 1612 GLOSSE
2152 1551 2484 1608 VETERES.

578 1675 660 1728 12.
695 1674 1065 1735 Prteminente,
1094 1680 1359 1738 emmente,
1384 1681 1489 1725 atto
1515 1669 1761 1739 patibulo,
1795 1668 1833 1721 l.

577 1748 662 1799 15.
696 1745 923 1809 Veritus,
970 1743 1462 1807 linteum—Celsae,
1502 1738 1614 1805 qua?
1649 1750 1721 1793 est
1763 1740 1856 1792 illa
1892 1738 2082 1809 gloria.

508 1815 931 1879 ~‘1Etnulando,
956 1814 1227 1873 imitando,
1259 1812 1298 1866 Ι.

576 1887 657 1940 11.
698 1886 935 1947 Ambire,
968 1884 1277 1947 desiderare,
1310 1884 1345 1937 l.

572 1956 656 2010 lii.
692 1955 901 2023 Exigit,
934 1968 1104 2026 rogat,
1134 1955 1326 2023 exegit,
1364 1950 1874 2023 petiit.—Sttpinis,
1908 1951 2073 2004 eleua-

505 2030 581 2091 tis,
616 2027 651 2080 Ι.

574 2100 655 2152 Hi.
690 2097 827 2162 Quo,
861 2106 936 2160 ut,
962 2096 999 2149 Ι.

2260 1666 2345 1718 ‘7.
2376 1665 2590 1731 Subter,
2618 1682 2684 1718 aa
2713 1664 3157 1729 terram—Sola,
3188 1663 3412 1733 plantas,
3440 1662 3482 1717 l.

2296 1737 2347 1790 8.
2380 1735 2553 1789 Mente
2594 1736 2786 1805 major.
2839 1736 3097 1789 humilior.
3126 1762 3196 1774 -—
3231 1734 3422 1799 Minor,
3466 1734 3777 1802 despectior.

2188 1834 2256 1846 -——
2283 1806 2496 1875 Figura.
2529 1809 2736 1870 honore,
2769 1805 2809 1858 1.

2110 1876 2153 1937 Β
2252 1874 2438 1931 91(οι
2465 1887 2627 1944 teres,
2659 1878 2793 1929 sicut
2817 1877 3071 1941 rotunda;
3104 1876 3347 1939 circulus,
3375 1874 3417 1929 1.

2257 1948 2347 2001 2'5.
2379 1948 2609 2011 Evomit,
2640 1948 2841 2004 emittit.
2872 1949 2907 1999 l.

2254 2018 2346 2072 24.
2382 2018 2573 2082 Feriri,
2605 2019 2800 2086 puniri,
2828 2018 2866 2070 l.

2255 2087 2345 2142 26.
2378 2088 3102 2156 Eundumscontendendum,
3134 2089 3172 2144 1.

1852 2218 2389 2278 COMMENTARIUS

501 2343 560 2397 ad
588 2342 795 2394 imbrem
836 2340 1098 2409 sanguinis
1132 2339 1392 2394 referatur
1425 2346 1591 2391 testes.
1628 2335 1765 2409 Vera
1799 2335 1955 2390 lectio
1984 2345 2067 2409 est

499 2414 652 2477 testis,
704 2421 755 2465 et
804 2405 1029 2464 refertur
1078 2410 1141 2461 ad
1191 2408 1496 2463 Tiberinam
1540 2408 1805 2476 paludem,
1845 2422 1949 2459 non
1998 2405 2067 2459 ad

498 2476 718 2536 imbrem
753 2480 1045 2548 sanguinis.
1079 2479 1351 2533 Sententia
1383 2488 1464 2533 est
1504 2494 1519 2532 :
1556 2479 1667 2531 Scit
1697 2476 1945 2531 Tiberina
1976 2491 2065 2545 pa-

497 2554 577 2606 lus
606 2552 756 2605 testis
783 2552 956 2603 crucis
996 2560 1048 2603 et
1078 2550 1260 2617 gladii,
1306 2550 1525 2617 quibus,
1576 2548 1781 2602 scilicet
1810 2552 1979 2617 fcruce
2013 2555 2068 2601 et

495 2624 667 2691 glatio
696 2622 865 2674 imber
894 2616 1122 2691 irrigans
1144 2616 1413 2687 sanguinis
1441 2619 1524 2672 bis
1552 2618 1703 2691 fluxit
1730 2632 1825 2691 per
1847 2616 2062 2691 easdem

496 2687 707 2745 herbas.
747 2690 961 2743 Tcolins
998 2687 1063 2744 ex
1104 2690 1203 2744 hoc
1245 2705 1401 2743 versu
1446 2690 1618 2757 arguit
1646 2689 1832 2742 eodem
1864 2687 1915 2740 in
1948 2688 2065 2742 loco

498 2762 709 2817 Petrum
741 2772 793 2815 et
828 2761 1043 2814 Paulum
1072 2774 1275 2828 passos.
1310 2761 1379 2814 At
1404 2759 1675 2813 Prudentii
1706 2773 1857 2813 mens
1887 2768 1969 2812 est
2010 2758 2062 2812 in

497 2833 695 2887 eisdem
719 2832 921 2898 eampis
950 2831 1217 2885 Tiberinis
1244 2838 1527 2897 utrumque
1555 2830 1865 2900 martyrium
1893 2829 2064 2881 conti-

497 2906 658 2969 gisse,
692 2919 794 2956 non
829 2904 878 2955 in
912 2903 1097 2955 eodem
1130 2902 1346 2955 omnino
1374 2900 1490 2955 loco
1518 2900 1722 2968 paludis
1752 2900 2020 2952 Tiberina:
2047 2916 2061 2953 :

498 2974 736 3041 designat
762 2974 902 3025 enim
948 2971 1426 3042 locummartyrii.
1466 2972 1556 3025 sed
1592 2970 1903 3042 nonlocnm
1935 2970 2057 3036 loci,

496 3055 553 3096 ut
582 3040 700 3095 cinn
727 3042 1107 3111 jureconsullis
1140 3040 1343 3108 loquar.
1384 3042 1475 3096 Sic
1504 3042 1605 3101 ait,
1638 3040 1939 3095 'l'iberinam
1972 3055 2063 3107 pa-

497 3114 671 3166 ludem
720 3115 879 3177 scire,
925 3114 1180 3179 cespitem
1221 3113 1455 3166 dicatum
1502 3112 1640 3164 binis
1669 3112 1961 3177 sepulcris;
2010 3118 2063 3164 et

497 3194 675 3251 pnslea
708 3184 847 3236 clare
875 3183 1149 3248 distinguit
1176 3192 1229 3235 et
1260 3192 1471 3250 separat
1500 3182 1614 3235 haec
1641 3182 1751 3247 ipsa
1779 3180 2058 3246 sepulcra:

498 3230 686 3305 ἳιὶῦὲᾶἷι
713 3230 845 3306 bis};
870 3230 1245 3305 nummaria
1260 3230 1576 3307 "sit";th
1590 3230 1714 3315 aii,
1725 3230 2065 3319 θεαὶἑᾶέῆιῇἷά
2090 3230 2137 3295 C

497 3324 694 3387 herbas,
728 3338 847 3376 cum
881 3338 984 3376 non
1012 3323 1199 3377 eodem
1229 3338 1373 3376 anno
1403 3321 1715 3392 martyrium
1742 3331 1945 3374 astruat
1972 3337 1984 3371 :
2011 3331 2067 3392 et

496 3396 567 3445 bis
613 3396 821 3461 [luxisse
862 3394 1179 3461 sanguinem,
1230 3408 1349 3447 cum
1392 3391 1605 3447 Petrum
1649 3392 1880 3444 afﬁrmet
1918 3391 2065 3445 cruci

495 3460 727 3516 atlix’nm.
762 3464 885 3516 ll:rc
912 3460 1052 3517 enim
1086 3464 1262 3516 omnia
1293 3463 1434 3517 aliud
1466 3470 1695 3525 sonant,
1724 3460 1868 3514 aliud
1900 3462 2063 3528 signi-

495 3535 652 3585 ficant
678 3550 689 3583 :
716 3548 1013 3600 quanquam
1038 3534 1262 3587 fortasse
1290 3534 1451 3587 etiam
1481 3532 1697 3601 sanguis
1728 3532 1868 3585 Petri
1892 3531 2060 3584 ﬂuxit.

494 3603 847 3670 Hieronymus
867 3604 1023 3669 epist.
1050 3604 1121 3656 9.3
1149 3603 1212 3656 ad
1234 3601 1555 3657 Castrutium
1582 3604 1700 3670 plus
1724 3603 1857 3655 dixit
1882 3616 1895 3653 ε
1926 3602 2063 3665 Quid

496 3670 668 3735 Petro,
699 3669 833 3740 quid
881 3671 1048 3726 Paulo
1099 3673 1405 3726 sublimius?
1449 3669 1800 3726 Neronianum
1834 3669 2062 3740 gladiunt

492 3752 843 3795 cruentat-unt.
888 3744 1201 3813 Sagittarius
1248 3758 1366 3812 cap.
1415 3746 1447 3797 6
1490 3744 1555 3797 de
1596 3743 1830 3796 Cruciat.
1886 3743 2063 3813 plures

492 3814 675 3867 Patres
721 3814 916 3883 allegat
954 3811 1043 3883 qui
1087 3811 1357 3883 geminum
1402 3814 1503 3867 hoc
1548 3813 1735 3867 mortis
1780 3826 1947 3881 genus
1994 3811 2062 3867 de

490 3884 649 3936 Petro
676 3894 727 3937 et
752 3884 916 3938 Paulo
939 3887 1036 3938 sub
1064 3884 1273 3939 Nerone
1299 3885 1638 3939 conﬁrmant.

560 3956 645 4007 11.
680 3953 937 4007 Weitzius
969 3954 1041 4008 ait
1078 3970 1107 4008 a
1140 3954 1411 4009 nonnullis
1442 3953 1674 4008 dubitari
1704 3953 1961 4006 Romane
1989 3956 2057 4005 ’an

488 4024 621 4089 apud
657 4024 1077 4093 Hierosolymam
1116 4025 1305 4079 Petrus
1348 4027 1491 4079 cruci
1532 4026 1601 4078 sit
1630 4023 1839 4077 afﬁxus.
1876 4022 1999 4093 Scio
2028 4038 2059 4077 a

488 4093 735 4145 nonnnlis
756 4092 1008 4157 dubitari,
1043 4093 1136 4147 sed
1167 4096 1450 4148 haereticis.
1482 4094 1550 4147 At
1577 4094 1702 4162 quid
1735 4092 2061 4159 respondent

487 4163 579 4230 tori
610 4164 930 4226 antiquitati,
961 4164 1013 4215 in
1035 4178 1136 4230 qua
1167 4173 1244 4216 tot
1273 4173 1398 4216 sunt
1424 4166 1512 4230 qui
1545 4164 1811 4215 afﬁrmant
1843 4163 2058 4215 Petrum

487 4229 668 4283 Roma:
698 4231 1005 4300 martyrium
1032 4229 1278 4295 subiisse,
1323 4229 1502 4286 nullus
1529 4233 1618 4301 qui
1651 4233 1836 4301 neget?
1881 4231 2057 4286 Videri

484 4312 708 4364 possunt
729 4302 1026 4353 testimonia
1045 4303 1184 4369 apud
1206 4318 1311 4356 em.
1330 4300 1655 4356 cardinalem
1679 4300 1923 4370 Borgiam
1946 4302 2054 4355 col-

484 4373 636 4424 lecta.

555 4440 638 4495 15.
684 4442 857 4510 Egm.,
890 4442 1109 4508 \Vidm.,
1138 4442 1440 4507 supra,Vat.
1476 4441 1536 4506 P,
1565 4442 1909 4496 wmulandw:
1939 4457 2054 4497 me-

481 4519 618 4564 trum
649 4514 936 4583 tumulando
969 4516 1156 4580 poscit.
1189 4512 1296 4567 Cur
1328 4513 1515 4568 Petrus
1557 4514 1785 4583 inversis
1818 4513 2055 4583 vestigiis

480 4583 623 4657 cruci
644 4582 788 4657 afﬁgi
820 4583 1182 4657 postulaverit,
1214 4584 1350 4638 hane
1370 4584 1613 4657 eamdem
1639 4582 1898 4639 rationem
1926 4583 2053 4637 red-
2077 4592 2134 4657 ι)

478 4654 608 4724 dunt
641 4654 965 4722 Egesippus,
999 4654 1374 4724 Hieronymus,
1408 4655 1842 4724 Chrysostomus,
1877 4658 2051 4724 Augu-

476 4722 667 4786 stinus,
701 4725 989 4793 l-Zntyehius
1018 4723 1319 4793 IEgyptius,
1346 4722 1601 4778 Maximus
1627 4734 1681 4779 et
1701 4725 1812 4779 alii.
1846 4725 1919 4779 De
1949 4722 2050 4780 liae

479 4793 685 4847 inversa
732 4794 874 4847 Petri
917 4796 1263 4849 crucitixione
1311 4797 1629 4849 concinnum
1678 4806 1851 4848 exstat
1903 4796 2046 4851 Petri

476 4861 668 4944 Labbei
704 4865 952 4944 elogium,
984 4865 1124 4933 quod
1156 4865 1471 4935 Sagittarius
1501 4880 1618 4935 cap.
1653 4866 1685 4919 8
1712 4865 1778 4920 de
1806 4862 2042 4923 Cruciat.

474 4945 773 5001 exscrtpsn.

543 5002 629 5055 it.
664 5004 917 5075 ljailslir.,
938 5014 1152 5057 tantum.
1186 5005 1361 5072 Egm.,
1392 5006 1551 5075 tangi,
1584 5006 1739 5070 male,
1764 5021 1858 5073 pro
1892 5008 2043 5061 tanti.

543 5075 631 5127 15.
663 5072 774 5127 Gis.
807 5074 871 5127 ad
905 5091 1075 5139 oram,
1103 5075 1313 5145 pedibus
1339 5072 1555 5129 versum.
1589 5076 1710 5134 Ald.
1742 5072 1997 5145 imprimat
2023 5092 2041 5129 .'

470 5145 661 5198 melius
691 5146 1004 5212 intprimaut.

543 5214 626 5267 17.
671 5215 983 5287 Parrhasius
1023 5214 1181 5287 male,
1228 5214 1338 5287 solo
1381 5232 1475 5284 pro
1516 5218 1624 5270 sola
1656 5233 1672 5269 :
1706 5216 1847 5287 quod
1889 5226 1972 5272 est
2010 5232 2040 5272 a

468 5285 632 5336 solum
660 5286 774 5347 soli,
808 5300 912 5339 non
952 5300 981 5337 a
1016 5286 1177 5350 solea,
1224 5284 1432 5339 sublato
1464 5304 1508 5348 e,
1540 5296 1595 5339 ut
1623 5288 1697 5339 ait
1721 5284 1918 5355 glossa.
1951 5287 2040 5342 Di-

466 5368 620 5407 versa
644 5356 981 5423 erucitigendi
1008 5370 1200 5422 genera
1222 5359 1440 5423 exponit
1462 5360 1661 5410 Seneca
1686 5358 1736 5411 in
1762 5358 2033 5412 Consolat.

465 5424 528 5477 ad
564 5425 809 5479 Marciam
842 5441 957 5493 cap.
1000 5428 1069 5481 20
1110 5443 1121 5476 :
1167 5425 1327 5478 Video
1354 5427 1502 5478 isthic
1531 5442 1721 5493 cruces,
1756 5445 1853 5480 non
1888 5429 2035 5480 unius

464 5495 665 5561 quidem
688 5497 901 5565 generis,
926 5497 1014 5549 sed
1040 5497 1186 5549 aliter
1207 5498 1269 5549 ab
1290 5497 1404 5548 aliis
1427 5498 1719 5567 fabricatas.
1744 5499 1845 5550 Alii
1871 5498 2032 5567 capite

462 5580 723 5619 conrersos
750 5567 802 5619 in
829 5577 1011 5619 terram
1050 5568 1385 5637 suspendere;
1416 5569 1506 5619 alii
1534 5585 1621 5637 per
1645 5569 1855 5622 obscena
1879 5568 2026 5632 stipi-

460 5644 559 5687 tem
586 5647 825 5705 egerunt;
848 5637 939 5689 alii
971 5639 1194 5700 patibulo
1216 5638 1421 5690 brachia
1451 5637 1821 5708 explicuerunt.
1847 5638 1903 5692 S.
1929 5637 2028 5691 Pe-

462 5714 598 5757 trntn
630 5708 803 5774 capite
859 5708 1108 5761 deorsum
1148 5709 1382 5762 demisso
1422 5708 1585 5762 fuisse
1622 5708 1837 5763 afﬁxum
1880 5708 2023 5763 cruci

460 5774 715 5841 Origenes
743 5786 923 5827 narrat
961 5778 1099 5842 apud
1127 5777 1409 5831 Eusebium
1442 5779 1535 5832 lib.
1560 5794 1613 5830 Ill
1646 5779 1779 5832 Hist.
1809 5778 2021 5839 eccles.,

459 5854 577 5911 cap.
613 5844 637 5894 1
670 5860 679 5894 :
717 5844 814 5907 Qui
845 5846 910 5894 ad
944 5854 1217 5898 extremum
1253 5848 1461 5900 Romam
1490 5851 1707 5904 veniens.
1742 5850 1877 5901 cruci
1907 5849 2020 5915 suf-

2177 2334 2309 2400 ﬁxus
2338 2342 2411 2388 est
2444 2335 2609 2402 capite
2634 2333 2873 2388 deorsum
2899 2331 3113 2386 demisso
3137 2346 3155 2384 :
3184 2332 3256 2385 sic
3283 2331 3417 2385 enim
3447 2343 3499 2386 ut
3527 2334 3575 2387 in
3609 2351 3777 2393 cruce

2177 2405 2509 2457 collocaretur
2531 2415 2783 2459 oraverat.
2810 2402 3165 2457 Consentium
3195 2403 3481 2471 Egesippus
3506 2406 3570 2459 de
3596 2405 3775 2462 Exci-

2176 2472 2265 2528 dio
2294 2475 2647 2545 llierosolym.
2675 2490 2794 2547 cap.
2815 2473 2990 2547 2,_lib.
3025 2488 3111 2535 tn;
3135 2472 3333 2547 Abdias
3358 2474 3621 2543 (quisquis
3646 2480 3768 2547 est)

2175 2555 2360 2598 auctor
2392 2543 2637 2600 Historiae
2667 2543 3067 2615 Apostolorum,
3106 2543 3370 2615 quamvis
3398 2543 3764 2615 apocrypbae';

2177 2616 2442 2669 Palladius
2472 2616 2521 2669 in
2544 2616 2756 2685 dialogo
2777 2616 2842 2669 de
2865 2613 2983 2667 Vita
3006 2613 3409 2685 Chrysostomi;
3428 2613 3768 2685 Augustinus

2176 2702 2337 2740 serm.
2370 2686 2437 2741 28
2468 2697 2519 2740 et
2547 2688 2615 2741 29
2644 2684 2709 2741 de
2743 2684 3627 2757 Sanctis;;Eutyehius_.£gyptius
3660 2705 3767 2757 pa-

2172 2757 2400 2810 triarcha
2444 2757 2833 2811 Alexandrinus
2876 2756 2927 2809 in
2969 2735 3273 2823 uriginibus
3315 2735 3561 2809 Eceiesim
3596 2735 3763 2824 suae;

2170 2826 2226 2897 ει.
2245 2825 2502 2882 Maximus
2527 2831 2727 2882 serm.l
2753 2826 2921 2897 Natat.
2940 2825 3301 2897 apostolorum
3320 2826 3459 2880 Petri
3479 2835 3533 2881 et
3555 2827 3715 2884 Palui
3740 2850 3759 2897 ;

2171 2895 2526 2967 Hieronymus
2554 2912 2672 2967 cap.
2704 2900 2726 2951 1
2765 2898 2831 2951 de
2856 2895 3053 2967 Script.
3086 2896 3310 2961 eccles.;
3342 2897 3398 2951 S.
3426 2895 3759 2967 Ambrosius

2168 2966 2259 3019 lib.
2296 2968 2321 3022 1
2353 2965 2418 3023 de
2450 2965 2779 3035 Interpellat.
2812 2967 2911 3021 Job
2944 2975 2998 3020 et
3024 2965 3235 3030 David..
3265 2982 3383 3033 cap.
3418 2966 3438 3017 1
3468 2983 3481 3030 ;
3514 2968 3571 3023 S.
3598 2969 3759 3026 Cati-

2166 3035 2375 3092 dentius
2401 3040 2684 3106 episcopus
2716 3038 3001 3092 Brixiensis
3032 3038 3084 3106 in
3110 3052 3274 3091 serm.
3309 3037 3377 3092 de
3420 3037 3513 3093 SS.
3560 3054 3757 3103 apost.

2170 3107 2329 3162 Petro
2358 3119 2410 3162 et
2439 3105 2632 3174 Paulo;
2669 3108 2725 3164 S.
2767 3108 2999 3163 Joannes
3029 3105 3439 3177 Chrysostomus
3466 3109 3654 3164 bomil.
3698 3114 3756 3167 in

2172 3179 2395 3260 princip.
2428 3189 2599 3260 apost.
2626 3182 2724 3260 ,S.
2752 3178 3043 3260 Gregorius
3058 3177 3337 3260 ‘Nyssenus
3369 3179 3420 3232 in
3452 3190 3585 3260 orat.
3612 3182 3651 3234 8
3680 3185 3757 3260 de

2169 3248 2377 3313 beatit.,
2411 3248 2602 3318 aliique
2633 3249 2897 3303 innumeri
2926 3266 2939 3301 :
2969 3255 3025 3302 ut
3052 3258 3254 3303 temere
3281 3250 3517 3303 nonnulli
3553 3254 3657 3305 hac
3683 3256 3757 3310 de

2169 3333 2227 3371 re
2279 3319 2521 3381 dubitare
2567 3322 2663 3375 visi
2708 3320 2835 3374 sint.
2888 3320 2942 3373 ln
2987 3319 3223 3373 Breviar.
3267 3319 3527 3374 Mozarab.
3563 3334 3756 3377 exstat

2169 3390 2399 3456 hymnus
2427 3391 2514 3456 qui
2545 3392 2601 3446 S.
2633 3390 2915 3445 Ambrosio
2942 3389 3210 3456 tribuitur,
3235 3390 3321 3443 nbi
3355 3389 3404 3442 id
3426 3390 3567 3445 clare
3593 3393 3754 3447 afﬁr-

2167 3468 2377 3529 matur:
2420 3460 2578 3514 Verso
2614 3463 2778 3513 crucis
2814 3461 3041 3529 vestigio.
3082 3469 3209 3523 etc.,
3243 3469 3296 3513 et
3327 3460 3376 3512 in
3404 3463 3752 3521 orationibus

2165 3528 2229 3581 ad
2262 3536 2579 3584 matutinum
2604 3548 2615 3582 :
2647 3530 2779 3602 Cum
2801 3541 2845 3584 et
2876 3528 3075 3602 Paulus
3103 3530 3306 3602 dissolui
3332 3531 3537 3598 cupiens
3565 3534 3752 3602 gladio

2166 3608 2369 3672 necatus
2392 3602 2622 3672 interiit,
2657 3611 2703 3653 et
2746 3599 2932 3672 Petrus
2974 3600 3185 3672 inuersis
3221 3616 3274 3653 se
3305 3604 3477 3672 poscit
3518 3599 3749 3672 vestigiis

2166 3670 2419 3739 cruciﬁgi.
2450 3670 2718 3738 Rupertus
2743 3670 3053 3735 Tuitiensis,
3083 3669 3176 3723 lib.
3211 3686 3261 3722 vt
3285 3670 3352 3724 de
3378 3672 3598 3738 Operib.
3622 3669 3750 3739 Spi-

2165 3739 2303 3793 ritus
2324 3742 2515 3810 sancti,
2543 3756 2663 3810 cap.
2683 3742 2771 3801 10.
2793 3743 2888 3794 hos
2912 3742 3056 3807 ipsos
3087 3740 3360 3794 Prudentii
3394 3757 3587 3797 Versus
3608 3748 3749 3800 alle-

2163 3798 2624 3892 gat_:.Super'hoc'
2657 3798 3098 3892 quidarn_[idelis,
3134 3819 3180 3863 et
3222 3810 3273 3863 in
3313 3811 3416 3875 ﬁde
3461 3798 3747 3871 laudabilis

2163 3880 2363 3934 matrice
2386 3878 2567 3936 canens
2588 3878 2845 3935 itadixit:
2872 3878 3077 3947 Figitur
3104 3896 3221 3949 ergo
3246 3897 3447 3943 manus,
3481 3894 3585 3937 etc.

2232 3949 2410 4021 20.7ln
2440 3953 2707 4007 nonnullis
2731 3953 2895 4020 vulg.,
2932 3950 3144 4021 defecit;
3176 3952 3225 4003 in
3259 3953 3398 4013 aliis,
3426 3953 3575 4007 hora.
3607 3955 3745 4010 Coro

2163 4020 2276 4089 rige
2305 4020 2487 4089 dejecit
2518 4038 2629 4076 ora.

2231 4090 2320 4143 21.
2356 4090 2471 4163 Vat.
2504 4092 2562 4157 Β,
2591 4094 2654 4159 ρ,
2679 4092 2830 4163 Marx,
2859 4091 3204 4163 Prag.,Rat..
3233 4092 3427 4147 Weitz.
3456 4110 3576 4148 cum
3601 4099 3739 4163 suis,

2162 4158 2394 4233 Ῑιιυθρη
2418 4162 2523 4216 0x.
2556 4158 2653 4229 pro
2677 4162 2783 4217 div.
2809 4158 3019 4229 scripti,
3050 4162 3377 4229 Parrhasius,
3403 4178 3559 4218 retro.
3589 4158 3740 4233 Ald.;

2164 4228 2376 4303 Vat._P.
2420 4242 2472 4286 et
2499 4228 2605 4299 alii,
2640 4241 2773 4285 rota.
2804 4233 2859 4285 In
2894 4228 3047 4286 Alex.
3083 4234 3168 4288 hie
3198 4244 3249 4288 et
3290 4228 3521 4303 sequens
3552 4228 3741 4293 versus

2163 4299 2551 4356 desiderantur.

2230 4370 2317 4445 ἓξ.
2354 4370 2570 4445 ΥειῑηΑ,
2604 4388 2863 4445 cruorem;
2889 4388 3070 4445 supra,
3100 4375 3323 4445 furorem

2229 4438 2322 4495 24.
2354 4442 2593 4515 intellige
2623 4443 2764 4512 feriri
2790 4438 2979 4512 gladio,
3011 4438 3149 4515 quod
3178 4462 3332 4513 supra
3368 4445 3640 4503 indicavit.
3671 4451 3733 4505 S.

2161 4512 2486 4588 Augustinus
2530 4528 2672 4588 saepe
2712 4512 3207 4588 feririsimplieiter
3247 4512 3409 4581 dixit,
3463 4528 3521 4572 ut
3566 4522 3735 4588 epist.

2159 4580 2263 4656 260
2301 4599 2313 4632 :
2350 4582 2410 4656 Si
2440 4599 2541 4656 non
2586 4580 2750 4656 solum
2797 4585 2960 4639 subito
3000 4580 3149 4654 feriri
3181 4588 3499 4656 jubercntnr,
3558 4580 3734 4656 verum

2156 4652 2414 4727 etiam_in_
2448 4654 2556 4727 loco
2603 4655 2833 4727 proximo
2878 4652 3195 4726 ferirentur.'
3224 4658 3351 4712 Vide
3383 4652 3731 4727 Sagittarium

2155 4736 2271 4791 cap.
2305 4722 2336 4775 7
2383 4723 2451 4799 de
2502 4724 2599 4778 hac
2643 4722 3081 4799 form‘ula'gladio
3128 4727 3287 4799 feriri.
3346 4722 3483 4782 Cani
3520 4731 3731 4799 gladius

2153 4794 2450 4869 communis
2472 4795 2788 4869 essetomui
2834 4794 3047 4864 populo,
3100 4798 3303 4869 securis
3349 4813 3479 4853 vero
3512 4794 3732 4869 propria

2153 4863 2534 4939 llomanorum,
2587 4865 2769 4939 gladio
2812 4863 2968 4934 quam
3007 4869 3179 4939 securi
3208 4868 3361 4939 feriri
3407 4863 3581 4939 magis
3611 4863 3731 4926 erat

2152 4930 2613 5001 ignominiosum:
2635 4930 2878 4990 Victima:
2938 4937 3273 4991 immolanda:
3321 4930 3731 4997 securivcaede-
3765 4930 3796 4973 ¹¹

2149 5002 2361 5075 bantur.
2392 5005 2524 5060 Vide
2555 5006 2835 5060 Baronium
2861 5008 2925 5060 ad
2956 5022 3152 5061 annum
3177 5007 3302 5075 226,
3334 5024 3483 5063 nunt.
3508 5011 3559 5066 ’5.
3590 5014 3731 5067 Cita-
3766 5004 3776 5028 ‘

2150 5074 2427 5130 millardus
2450 5076 2551 5130 hoc
2580 5076 2863 5131 discrimen
2900 5093 3003 5131 non
3037 5074 3295 5141 advertit,
3330 5093 3451 5133 cum
3486 5096 3591 5135 non
3638 5100 3731 5137 se-

2145 5143 2251 5219 mel
2279 5144 2511 5200 afﬁrmet
2539 5146 2959 5219 Paulumsecuri
2988 5162 3319 5215 percussum,
3348 5151 3491 5219 quod
3521 5155 3731 5209 nemini

2146 5214 2382 5292 ignotum
2425 5217 2720 5292 esse__dicit.
2757 5217 3096 5292 Prudentius,
3149 5228 3205 5273 ut
3252 5214 3570 5292 potestatem
3623 5225 3730 5292 pri-

2145 5299 2284 5358 mam
2332 5285 2495 5358 Petro
2523 5288 2693 5342 libens
2722 5288 2985 5351 concedit,
3034 5289 3104 5341 ita
3152 5290 3475 5358 praecipuam
3510 5285 3727 5348 laudem

2142 5356 2364 5409 docendi
2393 5366 2579 5425 gentes
2610 5358 2792 5411 Paulo.
2843 5358 2987 5412 lianc
3014 5356 3411 5415 distinctionem
3441 5374 3592 5419 recte
3628 5382 3725 5417 ex-

2142 5426 2325 5499 primit
2346 5427 2671 5499 Breviarium
2702 5428 3084 5499 Mosarttbicum
3117 5430 3167 5483 in
3191 5430 3435 5499 capitulis
3456 5434 3524 5487 ad
3552 5436 3727 5490 liene-

2137 5494 2321 5575 die_tus_
2355 5499 2406 5551 in
2452 5498 2717 5575 hoc_fes_t_o
2739 5516 2756 5575 ,ε
2783 5497 2913 5575 Cum
2936 5502 3104 5575 potius
3154 5494 3415 5575 tendentes
3448 5503 3517 5575 ad
3564 5522 3724 5575 regna

2132 5568 2377 5641 caelestia,
2403 5586 2503 5638 quo
2533 5568 2693 5622 Pauli
2715 5568 2943 5624 docentis
2961 5569 3236 5625 adduxerit
3255 5572 3439 5641 pietas,
3460 5568 3721 5631 intromit-

2133 5644 2219 5707 tati
2234 5636 2375 5691 Petri
2404 5636 2639 5707 potestas.
3255 5636 3265 5641 ’
3318 5662 3319 5665 ‘

2132 5706 2287 5828 Legi.
2316 5709 2492 5828 liragu
2526 5713 2722 5779 inepte,
2756 5708 2901 5777 Cato,
2934 5721 2988 5767 et
3034 5726 3197 5782 supra
3240 5712 3443 5784 glossa,
3489 5717 3717 5786 sapiens.

2290 5796 2332 5828 ει
2360 5797 2409 5828 0.
3059 5792 3072 5798 ’

2175 5791 2269 5846 ego
2290 5790 2409 5833 etto.
3059 5792 3072 5798 '

2200 5849 2285 5901 26.
2319 5849 2629 5906 Parrhasius
2659 5852 2934 5923 distinguit
2968 5854 3043 5907 Ad
3073 5852 3332 5909 Christum
3373 5857 3603 5912 eundum
3644 5869 3718 5915 est
