  <div class='ocr_page' id='page_1' title='image "/cluster/home/n/w/nwhite01/storage/ocr_20150623/59/hvd.32044073505257/1028.png"; bbox 0 0 3958 6312; ppageno 0'>
   <div class='ocr_carea' id='block_1_1' title="bbox 158 435 246 493">
    <p class='ocr_par' dir='ltr' id='par_1_1' title="bbox 158 435 246 493">
     <span class='ocr_line' id='line_1_1' title="bbox 158 435 246 493; baseline -0.011 0"><span class='ocrx_word' id='word_1_1' title='bbox 158 435 246 493; x_wconf 74' lang='grc'><strong>561</strong></span> 
     </span>
    </p>
   </div>
   <div class='ocr_carea' id='block_1_2' title="bbox 1363 632 1647 703">
    <p class='ocr_par' dir='ltr' id='par_1_2' title="bbox 1363 632 1647 703">
     <span class='ocr_line' id='line_1_2' title="bbox 1363 632 1647 703; baseline 0 -17"><span class='ocrx_word' id='word_1_2' title='bbox 1363 632 1472 703; x_wconf 85' lang='lat' dir='ltr'><strong>[tur</strong></span> <span class='ocrx_word' id='word_1_3' title='bbox 1501 646 1647 698; x_wconf 86' lang='lat' dir='ltr'><strong>ense,</strong></span> 
     </span>
    </p>
   </div>
   <div class='ocr_carea' id='block_1_3' title="bbox 394 722 1415 791">
    <p class='ocr_par' dir='ltr' id='par_1_3' title="bbox 394 722 1415 791">
     <span class='ocr_line' id='line_1_3' title="bbox 394 722 1415 791; baseline -0.009 -6"><span class='ocrx_word' id='word_1_4' title='bbox 394 732 507 786; x_wconf 83' lang='lat' dir='ltr'><strong>Non</strong></span> <span class='ocrx_word' id='word_1_5' title='bbox 545 730 673 783; x_wconf 90' lang='lat' dir='ltr'><strong>hora</strong></span> <span class='ocrx_word' id='word_1_6' title='bbox 707 736 905 791; x_wconf 87' lang='lat' dir='ltr'><strong>vatem,</strong></span> <span class='ocrx_word' id='word_1_7' title='bbox 932 740 1035 780; x_wconf 91' lang='lat' dir='ltr'><strong>non</strong></span> <span class='ocrx_word' id='word_1_8' title='bbox 1066 724 1180 779; x_wconf 89' lang='lat' dir='ltr'><strong>dies</strong></span> <span class='ocrx_word' id='word_1_9' title='bbox 1212 722 1415 779; x_wconf 77' lang='lat' dir='ltr'><strong>fefellit.</strong></span> 
     </span>
    </p>
   </div>
   <div class='ocr_carea' id='block_1_4' title="bbox 328 814 1723 899">
    <p class='ocr_par' dir='ltr' id='par_1_4' title="bbox 328 814 1723 899">
     <span class='ocr_line' id='line_1_4' title="bbox 328 814 1723 899; baseline -0.01 -20"><span class='ocrx_word' id='word_1_10' title='bbox 328 819 539 899; x_wconf 56' lang='lat'><strong>1195</strong></span> <span class='ocrx_word' id='word_1_11' title='bbox 568 818 900 873; x_wconf 87' lang='lat' dir='ltr'><strong>Dividitossa</strong></span> <span class='ocrx_word' id='word_1_12' title='bbox 920 816 1082 871; x_wconf 90' lang='lat' dir='ltr'><strong>duum</strong></span> <span class='ocrx_word' id='word_1_13' title='bbox 1100 814 1298 878; x_wconf 87' lang='lat' dir='ltr'><strong>Tibris,</strong></span> <span class='ocrx_word' id='word_1_14' title='bbox 1328 828 1479 869; x_wconf 89' lang='lat' dir='ltr'><strong>sacer</strong></span> <span class='ocrx_word' id='word_1_15' title='bbox 1491 828 1555 868; x_wconf 78' lang='lat' dir='ltr'><strong>cx</strong></span> <span class='ocrx_word' id='word_1_16' title='bbox 1581 820 1723 897; x_wconf 71' lang='lat' dir='ltr'><strong>utra-</strong></span> 
     </span>
    </p>
   </div>
   <div class='ocr_carea' id='block_1_5' title="bbox 1365 905 1649 978">
    <p class='ocr_par' dir='ltr' id='par_1_5' title="bbox 1365 905 1649 978">
     <span class='ocr_line' id='line_1_5' title="bbox 1365 905 1649 978; baseline -0.007 -18"><span class='ocrx_word' id='word_1_17' title='bbox 1365 906 1488 978; x_wconf 85' lang='lat' dir='ltr'><strong>[que</strong></span> <span class='ocrx_word' id='word_1_18' title='bbox 1518 905 1649 975; x_wconf 84' lang='lat' dir='ltr'><strong>ripa,</strong></span> 
     </span>
    </p>
   </div>
   <div class='ocr_carea' id='block_1_6' title="bbox 158 1000 1355 1073">
    <p class='ocr_par' dir='ltr' id='par_1_6' title="bbox 158 1000 1355 1073">
     <span class='ocr_line' id='line_1_6' title="bbox 158 1000 1355 1073; baseline -0.013 -6"><span class='ocrx_word' id='word_1_19' title='bbox 158 1009 221 1067; x_wconf 75' lang='lat'><strong>30</strong></span> <span class='ocrx_word' id='word_1_20' title='bbox 399 1006 537 1060; x_wconf 90' lang='lat' dir='ltr'><strong>Inter</strong></span> <span class='ocrx_word' id='word_1_21' title='bbox 564 1012 771 1059; x_wconf 86' lang='lat' dir='ltr'><strong>sacrata</strong></span> <span class='ocrx_word' id='word_1_22' title='bbox 794 1001 919 1058; x_wconf 89' lang='lat' dir='ltr'><strong>dum</strong></span> <span class='ocrx_word' id='word_1_23' title='bbox 949 1000 1063 1057; x_wconf 86' lang='lat' dir='ltr'><strong>ltuit</strong></span> <span class='ocrx_word' id='word_1_24' title='bbox 1090 1000 1355 1073; x_wconf 82' lang='lat' dir='ltr'><strong>sepulcra.</strong></span> 
     </span>
    </p>
   </div>
   <div class='ocr_carea' id='block_1_7' title="bbox 1328 424 2289 483">
    <p class='ocr_par' dir='ltr' id='par_1_7' title="bbox 1328 424 2289 483">
     <span class='ocr_line' id='line_1_7' title="bbox 1328 424 2289 483; baseline -0.002 -2"><span class='ocrx_word' id='word_1_25' title='bbox 1328 424 1885 483; x_wconf 81' lang='lat' dir='ltr'><strong>PEBISTEPHANON</strong></span> <span class='ocrx_word' id='word_1_26' title='bbox 1928 425 2134 483; x_wconf 76' lang='lat' dir='ltr'><strong>llYMN.</strong></span> <span class='ocrx_word' id='word_1_27' title='bbox 2183 426 2289 481; x_wconf 79' lang='grc' dir='ltr'><strong>ΧΗ.</strong></span> 
     </span>
    </p>
   </div>
   <div class='ocr_carea' id='block_1_8' title="bbox 323 539 1800 613">
    <p class='ocr_par' dir='ltr' id='par_1_8' title="bbox 323 539 1800 613">
     <span class='ocr_line' id='line_1_8' title="bbox 323 539 1800 613; baseline -0.007 -11"><span class='ocrx_word' id='word_1_28' title='bbox 323 547 431 602; x_wconf 74' lang='lat' dir='ltr'><strong>Nec.</strong></span> <span class='ocrx_word' id='word_1_29' title='bbox 461 558 607 600; x_wconf 88' lang='lat' dir='ltr'><strong>mora</strong></span> <span class='ocrx_word' id='word_1_30' title='bbox 637 563 645 596; x_wconf 91' lang='lat'>:</span> <span class='ocrx_word' id='word_1_31' title='bbox 677 541 1019 613; x_wconf 66' lang='lat' dir='ltr'><strong>protrahitur,</strong></span> <span class='ocrx_word' id='word_1_32' title='bbox 1066 554 1237 610; x_wconf 63' lang='lat' dir='ltr'><strong>poenio</strong></span> <span class='ocrx_word' id='word_1_33' title='bbox 1268 539 1444 603; x_wconf 87' lang='lat' dir='ltr'><strong>datur,</strong></span> <span class='ocrx_word' id='word_1_34' title='bbox 1478 539 1721 594; x_wconf 89' lang='lat' dir='ltr'><strong>immola-</strong></span> <span class='ocrx_word' id='word_1_35' title='bbox 1750 545 1800 603; x_wconf 81' lang='grc' dir='ltr'><strong>Α</strong></span> 
     </span>
    </p>
   </div>
   <div class='ocr_carea' id='block_1_9' title="bbox 3296 419 3400 480">
    <p class='ocr_par' dir='ltr' id='par_1_9' title="bbox 3296 419 3400 480">
     <span class='ocr_line' id='line_1_9' title="bbox 3296 419 3400 480; baseline 0 -1"><span class='ocrx_word' id='word_1_36' title='bbox 3296 419 3400 480; x_wconf 66' lang='lat'><strong>562</strong></span> 
     </span>
    </p>
   </div>
   <div class='ocr_carea' id='block_1_10' title="bbox 2004 536 3399 609">
    <p class='ocr_par' dir='ltr' id='par_1_10' title="bbox 2004 536 3399 609">
     <span class='ocr_line' id='line_1_10' title="bbox 2004 536 3399 609; baseline 0.001 -16"><span class='ocrx_word' id='word_1_37' title='bbox 2004 539 2196 593; x_wconf 82' lang='lat' dir='ltr'><strong>Dextra</strong></span> <span class='ocrx_word' id='word_1_38' title='bbox 2232 539 2445 594; x_wconf 91' lang='lat' dir='ltr'><strong>Petrum</strong></span> <span class='ocrx_word' id='word_1_39' title='bbox 2486 537 2629 609; x_wconf 73' lang='lat' dir='ltr'><strong>regio</strong></span> <span class='ocrx_word' id='word_1_40' title='bbox 2677 536 2829 591; x_wconf 76' lang='lat' dir='ltr'><strong>tectis</strong></span> <span class='ocrx_word' id='word_1_41' title='bbox 2871 546 3011 593; x_wconf 79' lang='lat' dir='ltr'><strong>tenet</strong></span> <span class='ocrx_word' id='word_1_42' title='bbox 3048 538 3222 593; x_wconf 84' lang='lat' dir='ltr'><strong>aureis</strong></span> <span class='ocrx_word' id='word_1_43' title='bbox 3254 554 3399 595; x_wconf 85' lang='lat' dir='ltr'><strong>rece-</strong></span> 
     </span>
    </p>
   </div>
   <div class='ocr_carea' id='block_1_11' title="bbox 3136 632 3325 703">
    <p class='ocr_par' dir='ltr' id='par_1_11' title="bbox 3136 632 3325 703">
     <span class='ocr_line' id='line_1_11' title="bbox 3136 632 3325 703; baseline -0.011 -16"><span class='ocrx_word' id='word_1_44' title='bbox 3136 632 3325 703; x_wconf 86' lang='lat' dir='ltr'><strong>[plutn,</strong></span> 
     </span>
    </p>
   </div>
   <div class='ocr_carea' id='block_1_12' title="bbox 2074 724 3087 790">
    <p class='ocr_par' dir='ltr' id='par_1_12' title="bbox 2074 724 3087 790">
     <span class='ocr_line' id='line_1_12' title="bbox 2074 724 3087 790; baseline -0.001 -11"><span class='ocrx_word' id='word_1_45' title='bbox 2074 726 2285 780; x_wconf 83' lang='lat' dir='ltr'><strong>Canens</strong></span> <span class='ocrx_word' id='word_1_46' title='bbox 2313 725 2474 790; x_wconf 89' lang='lat' dir='ltr'><strong>oliva,</strong></span> <span class='ocrx_word' id='word_1_47' title='bbox 2504 739 2839 779; x_wconf 81' lang='lat' dir='ltr'><strong>murmurans</strong></span> <span class='ocrx_word' id='word_1_48' title='bbox 2868 724 3087 778; x_wconf 77' lang='lat' dir='ltr'><strong>fluento.</strong></span> 
     </span>
    </p>
   </div>
   <div class='ocr_carea' id='block_1_13' title="bbox 2007 815 3429 885">
    <p class='ocr_par' dir='ltr' id='par_1_13' title="bbox 2007 815 3429 885">
     <span class='ocr_line' id='line_1_13' title="bbox 2007 815 3429 885; baseline 0.001 -16"><span class='ocrx_word' id='word_1_49' title='bbox 2007 815 2242 885; x_wconf 80' lang='lat' dir='ltr'><strong>Namque</strong></span> <span class='ocrx_word' id='word_1_50' title='bbox 2270 816 2554 885; x_wconf 88' lang='lat' dir='ltr'><strong>supercilio</strong></span> <span class='ocrx_word' id='word_1_51' title='bbox 2575 816 2686 870; x_wconf 81' lang='lat' dir='ltr'><strong>saxi</strong></span> <span class='ocrx_word' id='word_1_52' title='bbox 2715 816 2887 885; x_wconf 90' lang='lat' dir='ltr'><strong>liquor</strong></span> <span class='ocrx_word' id='word_1_53' title='bbox 2910 826 3057 870; x_wconf 90' lang='lat' dir='ltr'><strong>ortus</strong></span> <span class='ocrx_word' id='word_1_54' title='bbox 3079 816 3329 870; x_wconf 70' lang='lat' dir='ltr'><strong>excitavit</strong></span> <span class='ocrx_word' id='word_1_55' title='bbox 3426 815 3429 821; x_wconf 82' lang='grc'><em>’</em></span> 
     </span>
    </p>
   </div>
   <div class='ocr_carea' id='block_1_14' title="bbox 2087 906 3397 983">
    <p class='ocr_par' dir='ltr' id='par_1_14' title="bbox 2087 906 3397 983">
     <span class='ocr_line' id='line_1_14' title="bbox 2087 906 3397 983; baseline -0.005 -17"><span class='ocrx_word' id='word_1_56' title='bbox 2087 907 2295 983; x_wconf 78' lang='lat'><strong>1195</strong></span> <span class='ocrx_word' id='word_1_57' title='bbox 2325 907 2587 962; x_wconf 88' lang='lat' dir='ltr'><strong>Frondem</strong></span> <span class='ocrx_word' id='word_1_58' title='bbox 2620 922 2903 979; x_wconf 87' lang='lat' dir='ltr'><strong>perennem</strong></span> <span class='ocrx_word' id='word_1_59' title='bbox 2930 906 3232 962; x_wconf 73' lang='lat' dir='ltr'><strong>chrismatis</strong></span> <span class='ocrx_word' id='word_1_60' title='bbox 3258 906 3397 962; x_wconf 84' lang='lat' dir='ltr'><strong>fera-</strong></span> 
     </span>
    </p>
   </div>
   <div class='ocr_carea' id='block_1_15' title="bbox 3167 999 3329 1072">
    <p class='ocr_par' dir='ltr' id='par_1_15' title="bbox 3167 999 3329 1072">
     <span class='ocr_line' id='line_1_15' title="bbox 3167 999 3329 1072; baseline -0.006 -17"><span class='ocrx_word' id='word_1_61' title='bbox 3167 999 3329 1072; x_wconf 88' lang='lat' dir='ltr'><strong>[cem,</strong></span> 
     </span>
    </p>
   </div>
   <div class='ocr_carea' id='block_1_16' title="bbox 1451 1112 2128 1175">
    <p class='ocr_par' dir='ltr' id='par_1_16' title="bbox 1451 1112 2128 1175">
     <span class='ocr_line' id='line_1_16' title="bbox 1451 1112 2128 1175; baseline 0.001 -4"><span class='ocrx_word' id='word_1_62' title='bbox 1451 1112 1745 1173; x_wconf 69' lang='grc' dir='ltr'><strong>αιοδδιΕ</strong></span> <span class='ocrx_word' id='word_1_63' title='bbox 1786 1116 2128 1175; x_wconf 78' lang='lat' dir='ltr'><strong>VETERES.</strong></span> 
     </span>
    </p>
   </div>
   <div class='ocr_carea' id='block_1_17' title="bbox 115 1229 1724 1323">
    <p class='ocr_par' dir='ltr' id='par_1_17' title="bbox 115 1229 1724 1323">
     <span class='ocr_line' id='line_1_17' title="bbox 115 1229 1724 1323; baseline -0.017 -25"><span class='ocrx_word' id='word_1_64' title='bbox 115 1232 122 1241; x_wconf 58' lang='grc'><em>“</em></span> <span class='ocrx_word' id='word_1_65' title='bbox 334 1237 529 1323; x_wconf 71' lang='lat' dir='ltr'><strong>Dextra</strong></span> <span class='ocrx_word' id='word_1_66' title='bbox 559 1233 726 1300; x_wconf 77' lang='lat' dir='ltr'><strong>regio,</strong></span> <span class='ocrx_word' id='word_1_67' title='bbox 761 1230 1074 1301; x_wconf 89' lang='lat' dir='ltr'><strong>aquilonaris</strong></span> <span class='ocrx_word' id='word_1_68' title='bbox 1101 1230 1274 1302; x_wconf 88' lang='lat' dir='ltr'><strong>plaga.</strong></span> <span class='ocrx_word' id='word_1_69' title='bbox 1298 1257 1367 1270; x_wconf 71' lang='grc' dir='ltr'><strong>-ι</strong></span> <span class='ocrx_word' id='word_1_70' title='bbox 1390 1229 1602 1298; x_wconf 63' lang='lat' dir='ltr'><strong>Ani-eis,</strong></span> <span class='ocrx_word' id='word_1_71' title='bbox 1633 1245 1724 1284; x_wconf 73' lang='lat' dir='ltr'><strong>no.</strong></span> 
     </span>
    </p>
   </div>
   <div class='ocr_carea' id='block_1_18' title="bbox 154 1307 1722 1446">
    <p class='ocr_par' dir='ltr' id='par_1_18' title="bbox 154 1307 1722 1446">
     <span class='ocr_line' id='line_1_18' title="bbox 154 1307 1722 1446; baseline -0.009 -10"><span class='ocrx_word' id='word_1_72' title='bbox 154 1307 563 1446; x_wconf 48' lang='grc' dir='ltr'><strong>Μξὲἶεδέιῖιεηε,</strong></span> <span class='ocrx_word' id='word_1_73' title='bbox 595 1378 876 1442; x_wconf 75' lang='lat' dir='ltr'><strong>albescens,</strong></span> <span class='ocrx_word' id='word_1_74' title='bbox 901 1375 1143 1446; x_wconf 80' lang='lat' dir='ltr'><strong>candens,</strong></span> <span class='ocrx_word' id='word_1_75' title='bbox 1175 1389 1205 1424; x_wconf 91' lang='lat' dir='ltr'><strong>a</strong></span> <span class='ocrx_word' id='word_1_76' title='bbox 1227 1373 1412 1426; x_wconf 80' lang='lat' dir='ltr'><strong>canitie</strong></span> <span class='ocrx_word' id='word_1_77' title='bbox 1449 1372 1610 1437; x_wconf 85' lang='lat' dir='ltr'><strong>dicta,</strong></span> <span class='ocrx_word' id='word_1_78' title='bbox 1641 1371 1722 1446; x_wconf 88' lang='lat' dir='ltr'><strong>al_-</strong></span> 
     </span>
    </p>
   </div>
   <div class='ocr_carea' id='block_1_19' title="bbox 152 1441 1720 1512">
    <p class='ocr_par' dir='ltr' id='par_1_19' title="bbox 152 1441 1720 1512">
     <span class='ocr_line' id='line_1_19' title="bbox 152 1441 1720 1512; baseline -0.006 -5"><span class='ocrx_word' id='word_1_79' title='bbox 152 1452 262 1507; x_wconf 83' lang='lat' dir='ltr'><strong>bens</strong></span> <span class='ocrx_word' id='word_1_80' title='bbox 281 1460 327 1505; x_wconf 85' lang='lat' dir='ltr'><strong>et</strong></span> <span class='ocrx_word' id='word_1_81' title='bbox 350 1450 485 1506; x_wconf 75' lang='lat' dir='ltr'><strong>venit</strong></span> <span class='ocrx_word' id='word_1_82' title='bbox 511 1441 727 1504; x_wconf 39' lang='lat' dir='ltr'><strong>a&#39;caneo</strong></span> <span class='ocrx_word' id='word_1_83' title='bbox 756 1441 927 1502; x_wconf 88' lang='lat' dir='ltr'><strong>canes.</strong></span> <span class='ocrx_word' id='word_1_84' title='bbox 955 1476 1023 1488; x_wconf 95' lang='lat'><strong>—</strong></span> <span class='ocrx_word' id='word_1_85' title='bbox 1055 1445 1300 1508; x_wconf 85' lang='lat' dir='ltr'><strong>Fluento,</strong></span> <span class='ocrx_word' id='word_1_86' title='bbox 1345 1451 1458 1497; x_wconf 90' lang='lat' dir='ltr'><strong>orta</strong></span> <span class='ocrx_word' id='word_1_87' title='bbox 1491 1459 1644 1512; x_wconf 88' lang='lat' dir='ltr'><strong>aqua,</strong></span> <span class='ocrx_word' id='word_1_88' title='bbox 1680 1441 1720 1497; x_wconf 92' lang='lat' dir='ltr'><strong>l.</strong></span> 
     </span>
    </p>
   </div>
   <div class='ocr_carea' id='block_1_20' title="bbox 1906 1228 3401 1300">
    <p class='ocr_par' dir='ltr' id='par_1_20' title="bbox 1906 1228 3401 1300">
     <span class='ocr_line' id='line_1_20' title="bbox 1906 1228 3401 1300; baseline 0.002 -14"><span class='ocrx_word' id='word_1_89' title='bbox 1906 1232 1993 1286; x_wconf 70' lang='grc'><strong>54.</strong></span> <span class='ocrx_word' id='word_1_90' title='bbox 2024 1232 2273 1297; x_wconf 85' lang='lat' dir='ltr'><strong>Fontem.</strong></span> <span class='ocrx_word' id='word_1_91' title='bbox 2305 1232 2677 1300; x_wconf 78' lang='lat' dir='ltr'><strong>baptisterium.</strong></span> <span class='ocrx_word' id='word_1_92' title='bbox 2701 1263 2767 1274; x_wconf 82' lang='lat'><strong>—-</strong></span> <span class='ocrx_word' id='word_1_93' title='bbox 2787 1228 3401 1300; x_wconf 77' lang='lat' dir='ltr'><strong>Chrismatis,unctionis</strong></span> 
     </span>
    </p>
   </div>
   <div class='ocr_carea' id='block_1_21' title="bbox 1833 1302 3403 1376">
    <p class='ocr_par' dir='ltr' id='par_1_21' title="bbox 1833 1302 3403 1376">
     <span class='ocr_line' id='line_1_21' title="bbox 1833 1302 3403 1376; baseline 0.004 -21"><span class='ocrx_word' id='word_1_94' title='bbox 1833 1302 1943 1376; x_wconf 82' lang='lat' dir='ltr'><strong>oleo</strong></span> <span class='ocrx_word' id='word_1_95' title='bbox 1966 1302 2206 1374; x_wconf 79' lang='lat' dir='ltr'><strong>baptizali</strong></span> <span class='ocrx_word' id='word_1_96' title='bbox 2228 1314 2508 1376; x_wconf 75' lang='lat' dir='ltr'><strong>unguntur,</strong></span> <span class='ocrx_word' id='word_1_97' title='bbox 2536 1304 2654 1358; x_wconf 74' lang='lat' dir='ltr'><strong>Vat.</strong></span> <span class='ocrx_word' id='word_1_98' title='bbox 2686 1305 2850 1376; x_wconf 15' lang='lat' dir='ltr'><strong>A.r——-</strong></span> <span class='ocrx_word' id='word_1_99' title='bbox 2881 1305 3125 1376; x_wconf 75' lang='lat' dir='ltr'><strong>Fontem,</strong></span> <span class='ocrx_word' id='word_1_100' title='bbox 3160 1306 3403 1376; x_wconf 84' lang='lat' dir='ltr'><strong>baptiste-</strong></span> 
     </span>
    </p>
   </div>
   <div class='ocr_carea' id='block_1_22' title="bbox 1831 1374 3047 1445">
    <p class='ocr_par' dir='ltr' id='par_1_22' title="bbox 1831 1374 3047 1445">
     <span class='ocr_line' id='line_1_22' title="bbox 1831 1374 3047 1445; baseline 0.005 -21"><span class='ocrx_word' id='word_1_101' title='bbox 1831 1374 1962 1426; x_wconf 88' lang='lat' dir='ltr'><strong>rium</strong></span> <span class='ocrx_word' id='word_1_102' title='bbox 1988 1374 2310 1445; x_wconf 86' lang='lat' dir='ltr'><strong>perpetuum.</strong></span> <span class='ocrx_word' id='word_1_103' title='bbox 2337 1404 2406 1415; x_wconf 89' lang='lat'><strong>-</strong></span> <span class='ocrx_word' id='word_1_104' title='bbox 2439 1374 2709 1443; x_wconf 85' lang='lat' dir='ltr'><strong>Feracem,</strong></span> <span class='ocrx_word' id='word_1_105' title='bbox 2740 1375 2975 1445; x_wconf 78' lang='lat' dir='ltr'><strong>fertilem,</strong></span> <span class='ocrx_word' id='word_1_106' title='bbox 3009 1374 3047 1430; x_wconf 93' lang='lat' dir='ltr'><strong>l.</strong></span> 
     </span>
    </p>
   </div>
   <div class='ocr_carea' id='block_1_23' title="bbox 1489 1556 2038 1618">
    <p class='ocr_par' dir='ltr' id='par_1_23' title="bbox 1489 1556 2038 1618">
     <span class='ocr_line' id='line_1_23' title="bbox 1489 1556 2038 1618; baseline 0.004 -4"><span class='ocrx_word' id='word_1_107' title='bbox 1489 1556 2038 1618; x_wconf 76' lang='lat' dir='ltr'><strong>COMMENTARIUS.</strong></span> 
     </span>
    </p>
   </div>
   <div class='ocr_carea' id='block_1_24' title="bbox 152 1671 1728 1753">
    <p class='ocr_par' dir='ltr' id='par_1_24' title="bbox 152 1671 1728 1753">
     <span class='ocr_line' id='line_1_24' title="bbox 152 1671 1728 1753; baseline -0.004 -22"><span class='ocrx_word' id='word_1_108' title='bbox 152 1681 265 1753; x_wconf 70' lang='lat' dir='ltr'><strong>iam,</strong></span> <span class='ocrx_word' id='word_1_109' title='bbox 308 1677 560 1753; x_wconf 60' lang='lat' dir='ltr'><strong>resolvor,</strong></span> <span class='ocrx_word' id='word_1_110' title='bbox 597 1676 786 1746; x_wconf 79' lang='lat' dir='ltr'><strong>inquit.</strong></span> <span class='ocrx_word' id='word_1_111' title='bbox 833 1674 1004 1745; x_wconf 86' lang='lat' dir='ltr'><strong>Epist.</strong></span> <span class='ocrx_word' id='word_1_112' title='bbox 1029 1674 1074 1729; x_wconf 89' lang='lat' dir='ltr'><strong>ll</strong></span> <span class='ocrx_word' id='word_1_113' title='bbox 1120 1674 1186 1753; x_wconf 71' lang='lat' dir='ltr'><strong>ad</strong></span> <span class='ocrx_word' id='word_1_114' title='bbox 1222 1674 1360 1753; x_wconf 62' lang='lat' dir='ltr'><strong>Tim.</strong></span> <span class='ocrx_word' id='word_1_115' title='bbox 1408 1688 1466 1735; x_wconf 84' lang='lat' dir='ltr'><strong>tt,</strong></span> <span class='ocrx_word' id='word_1_116' title='bbox 1514 1672 1587 1753; x_wconf 41' lang='lat'><strong>6-:</strong></span> <span class='ocrx_word' id='word_1_117' title='bbox 1618 1671 1728 1753; x_wconf 87' lang='lat' dir='ltr'><strong>Ego</strong></span> 
     </span>
    </p>
   </div>
   <div class='ocr_carea' id='block_1_25' title="bbox 150 1744 1722 1816">
    <p class='ocr_par' dir='ltr' id='par_1_25' title="bbox 150 1744 1722 1816">
     <span class='ocr_line' id='line_1_25' title="bbox 150 1744 1722 1816; baseline -0.007 -11"><span class='ocrx_word' id='word_1_118' title='bbox 150 1744 274 1805; x_wconf 75' lang='lat' dir='ltr'><strong>enim</strong></span> <span class='ocrx_word' id='word_1_119' title='bbox 303 1750 410 1816; x_wconf 85' lang='lat' dir='ltr'><strong>iam</strong></span> <span class='ocrx_word' id='word_1_120' title='bbox 436 1744 674 1813; x_wconf 74' lang='lat' dir='ltr'><strong>delibor,</strong></span> <span class='ocrx_word' id='word_1_121' title='bbox 704 1754 751 1801; x_wconf 90' lang='lat' dir='ltr'><strong>et</strong></span> <span class='ocrx_word' id='word_1_122' title='bbox 794 1744 991 1813; x_wconf 85' lang='lat' dir='ltr'><strong>tempus</strong></span> <span class='ocrx_word' id='word_1_123' title='bbox 1028 1746 1352 1816; x_wconf 79' lang='lat' dir='ltr'><strong>resolutionis</strong></span> <span class='ocrx_word' id='word_1_124' title='bbox 1396 1760 1521 1816; x_wconf 80' lang='lat' dir='ltr'><strong>mew</strong></span> <span class='ocrx_word' id='word_1_125' title='bbox 1546 1744 1722 1797; x_wconf 82' lang='lat' dir='ltr'><strong>instat.</strong></span> 
     </span>
    </p>
   </div>
   <div class='ocr_carea' id='block_1_26' title="bbox 154 1815 1728 1943">
    <p class='ocr_par' dir='ltr' id='par_1_26' title="bbox 154 1815 1728 1943">
     <span class='ocr_line' id='line_1_26' title="bbox 154 1815 1728 1888; baseline -0.006 -12"><span class='ocrx_word' id='word_1_126' title='bbox 154 1818 346 1876; x_wconf 87' lang='lat' dir='ltr'><strong>Confer</strong></span> <span class='ocrx_word' id='word_1_127' title='bbox 376 1820 538 1875; x_wconf 89' lang='lat' dir='ltr'><strong>etiam</strong></span> <span class='ocrx_word' id='word_1_128' title='bbox 560 1819 720 1888; x_wconf 82' lang='lat' dir='ltr'><strong>epist.</strong></span> <span class='ocrx_word' id='word_1_129' title='bbox 751 1816 817 1872; x_wconf 88' lang='lat' dir='ltr'><strong>ad</strong></span> <span class='ocrx_word' id='word_1_130' title='bbox 838 1817 1067 1887; x_wconf 88' lang='lat' dir='ltr'><strong>Philipp.</strong></span> <span class='ocrx_word' id='word_1_131' title='bbox 1097 1833 1136 1883; x_wconf 80' lang='grc' dir='ltr'><strong>ι,</strong></span> <span class='ocrx_word' id='word_1_132' title='bbox 1161 1816 1253 1884; x_wconf 75' lang='grc'><strong>25,</strong></span> <span class='ocrx_word' id='word_1_133' title='bbox 1294 1815 1606 1869; x_wconf 84' lang='lat' dir='ltr'><strong>Desiderium</strong></span> <span class='ocrx_word' id='word_1_134' title='bbox 1636 1816 1728 1867; x_wconf 87' lang='lat' dir='ltr'><strong>ha-</strong></span> 
     </span>
     <span class='ocr_line' id='line_1_27' title="bbox 156 1890 527 1943; baseline 0 0"><span class='ocrx_word' id='word_1_135' title='bbox 156 1890 265 1943; x_wconf 82' lang='lat' dir='ltr'><strong>bens</strong></span> <span class='ocrx_word' id='word_1_136' title='bbox 294 1890 527 1943; x_wconf 83' lang='lat' dir='ltr'><strong>dissolvi.</strong></span> 
     </span>
    </p>
   </div>
   <div class='ocr_carea' id='block_1_27' title="bbox 184 1905 527 1945">
    <p class='ocr_par' dir='ltr' id='par_1_27' title="bbox 184 1905 527 1945">
     <span class='ocr_line' id='line_1_28' title="bbox 184 1905 527 1945; baseline -0.006 0"><span class='ocrx_word' id='word_1_137' title='bbox 184 1906 265 1945; x_wconf 82' lang='lat' dir='ltr'><strong>ens</strong></span> <span class='ocrx_word' id='word_1_138' title='bbox 294 1905 527 1944; x_wconf 68' lang='grc' dir='ltr'><strong>αιδεοιυι.</strong></span> 
     </span>
    </p>
   </div>
   <div class='ocr_carea' id='block_1_28' title="bbox 217 1955 1721 2028">
    <p class='ocr_par' dir='ltr' id='par_1_28' title="bbox 217 1955 1721 2028">
     <span class='ocr_line' id='line_1_29' title="bbox 217 1955 1721 2028; baseline -0.004 -16"><span class='ocrx_word' id='word_1_139' title='bbox 217 1959 303 2017; x_wconf 80' lang='lat'><strong>27.</strong></span> <span class='ocrx_word' id='word_1_140' title='bbox 336 1960 672 2026; x_wconf 86' lang='lat' dir='ltr'><strong>Parrhasius,</strong></span> <span class='ocrx_word' id='word_1_141' title='bbox 695 1960 1009 2028; x_wconf 87' lang='lat' dir='ltr'><strong>depravate,</strong></span> <span class='ocrx_word' id='word_1_142' title='bbox 1026 1957 1151 2013; x_wconf 72' lang='lat' dir='ltr'><strong>Han:</strong></span> <span class='ocrx_word' id='word_1_143' title='bbox 1176 1974 1316 2011; x_wconf 89' lang='lat' dir='ltr'><strong>mora</strong></span> <span class='ocrx_word' id='word_1_144' title='bbox 1344 1973 1457 2025; x_wconf 69' lang='lat' dir='ltr'><strong>qua:</strong></span> <span class='ocrx_word' id='word_1_145' title='bbox 1483 1955 1721 2028; x_wconf 78' lang='lat' dir='ltr'><strong>trahitur,</strong></span> 
     </span>
    </p>
   </div>
   <div class='ocr_carea' id='block_1_29' title="bbox 152 2026 1723 2101">
    <p class='ocr_par' dir='ltr' id='par_1_29' title="bbox 152 2026 1723 2101">
     <span class='ocr_line' id='line_1_30' title="bbox 152 2026 1723 2101; baseline -0.004 -14"><span class='ocrx_word' id='word_1_146' title='bbox 152 2046 302 2101; x_wconf 70' lang='lat' dir='ltr'><strong>pcata</strong></span> <span class='ocrx_word' id='word_1_147' title='bbox 331 2030 510 2085; x_wconf 86' lang='lat' dir='ltr'><strong>datur.</strong></span> <span class='ocrx_word' id='word_1_148' title='bbox 544 2026 856 2084; x_wconf 79' lang='lat' dir='ltr'><strong>Immolatur</strong></span> <span class='ocrx_word' id='word_1_149' title='bbox 891 2046 1027 2085; x_wconf 90' lang='lat' dir='ltr'><strong>ense.</strong></span> <span class='ocrx_word' id='word_1_150' title='bbox 1078 2028 1204 2101; x_wconf 70' lang='lat' dir='ltr'><strong>Ald.</strong></span> <span class='ocrx_word' id='word_1_151' title='bbox 1233 2036 1288 2084; x_wconf 91' lang='lat' dir='ltr'><strong>et</strong></span> <span class='ocrx_word' id='word_1_152' title='bbox 1311 2026 1554 2082; x_wconf 89' lang='lat' dir='ltr'><strong>nonnulli</strong></span> <span class='ocrx_word' id='word_1_153' title='bbox 1583 2028 1723 2097; x_wconf 82' lang='lat' dir='ltr'><strong>vulg.</strong></span> 
     </span>
    </p>
   </div>
   <div class='ocr_carea' id='block_1_30' title="bbox 154 2100 1304 2172">
    <p class='ocr_par' dir='ltr' id='par_1_30' title="bbox 154 2100 1304 2172">
     <span class='ocr_line' id='line_1_31' title="bbox 154 2100 1304 2172; baseline -0.005 -15"><span class='ocrx_word' id='word_1_154' title='bbox 154 2100 283 2157; x_wconf 85' lang='lat' dir='ltr'><strong>male</strong></span> <span class='ocrx_word' id='word_1_155' title='bbox 310 2102 645 2172; x_wconf 83' lang='lat' dir='ltr'><strong>distinguunt</strong></span> <span class='ocrx_word' id='word_1_156' title='bbox 672 2117 766 2154; x_wconf 87' lang='lat' dir='ltr'><strong>nec</strong></span> <span class='ocrx_word' id='word_1_157' title='bbox 795 2116 936 2172; x_wconf 83' lang='lat' dir='ltr'><strong>mora</strong></span> <span class='ocrx_word' id='word_1_158' title='bbox 967 2100 1304 2172; x_wconf 68' lang='lat' dir='ltr'><strong>protrahitur.</strong></span> 
     </span>
    </p>
   </div>
   <div class='ocr_carea' id='block_1_31' title="bbox 219 2170 1248 2236">
    <p class='ocr_par' dir='ltr' id='par_1_31' title="bbox 219 2170 1248 2236">
     <span class='ocr_line' id='line_1_32' title="bbox 219 2170 1248 2236; baseline -0.003 -11"><span class='ocrx_word' id='word_1_159' title='bbox 219 2172 307 2227; x_wconf 75' lang='lat'><strong>28.</strong></span> <span class='ocrx_word' id='word_1_160' title='bbox 346 2172 465 2227; x_wconf 83' lang='lat' dir='ltr'><strong>Vat.</strong></span> <span class='ocrx_word' id='word_1_161' title='bbox 486 2170 556 2236; x_wconf 66' lang='grc' dir='ltr'><strong>Ἀ,</strong></span> <span class='ocrx_word' id='word_1_162' title='bbox 581 2181 768 2225; x_wconf 87' lang='lat' dir='ltr'><strong>autem.</strong></span> <span class='ocrx_word' id='word_1_163' title='bbox 800 2170 1036 2225; x_wconf 80' lang='lat' dir='ltr'><strong>Eruenda</strong></span> <span class='ocrx_word' id='word_1_164' title='bbox 1066 2179 1248 2224; x_wconf 78' lang='lat' dir='ltr'><strong>vatem.</strong></span> 
     </span>
    </p>
   </div>
   <div class='ocr_carea' id='block_1_32' title="bbox 224 2239 1725 2310">
    <p class='ocr_par' dir='ltr' id='par_1_32' title="bbox 224 2239 1725 2310">
     <span class='ocr_line' id='line_1_33' title="bbox 224 2239 1725 2310; baseline -0.004 -14"><span class='ocrx_word' id='word_1_165' title='bbox 224 2243 312 2298; x_wconf 70' lang='lat'><strong>29.</strong></span> <span class='ocrx_word' id='word_1_166' title='bbox 342 2241 407 2296; x_wconf 92' lang='lat' dir='ltr'><strong>S.</strong></span> <span class='ocrx_word' id='word_1_167' title='bbox 433 2241 648 2297; x_wconf 91' lang='lat' dir='ltr'><strong>Petrum</strong></span> <span class='ocrx_word' id='word_1_168' title='bbox 675 2241 941 2310; x_wconf 88' lang='lat' dir='ltr'><strong>sepultum</strong></span> <span class='ocrx_word' id='word_1_169' title='bbox 972 2242 1135 2295; x_wconf 87' lang='lat' dir='ltr'><strong>fuisse</strong></span> <span class='ocrx_word' id='word_1_170' title='bbox 1176 2242 1226 2294; x_wconf 93' lang='lat' dir='ltr'><strong>in</strong></span> <span class='ocrx_word' id='word_1_171' title='bbox 1260 2239 1536 2303; x_wconf 83' lang='lat' dir='ltr'><strong>Vaticano,</strong></span> <span class='ocrx_word' id='word_1_172' title='bbox 1574 2250 1624 2293; x_wconf 90' lang='lat' dir='ltr'><strong>et</strong></span> <span class='ocrx_word' id='word_1_173' title='bbox 1666 2239 1725 2293; x_wconf 92' lang='lat' dir='ltr'><strong>S.</strong></span> 
     </span>
    </p>
   </div>
   <div class='ocr_carea' id='block_1_33' title="bbox 153 2310 1730 2368">
    <p class='ocr_par' dir='ltr' id='par_1_33' title="bbox 153 2310 1730 2368">
     <span class='ocr_line' id='line_1_34' title="bbox 153 2310 1730 2368; baseline -0.003 0"><span class='ocrx_word' id='word_1_174' title='bbox 153 2314 366 2368; x_wconf 90' lang='lat' dir='ltr'><strong>Paulum</strong></span> <span class='ocrx_word' id='word_1_175' title='bbox 400 2313 452 2367; x_wconf 89' lang='lat' dir='ltr'><strong>in</strong></span> <span class='ocrx_word' id='word_1_176' title='bbox 485 2314 572 2366; x_wconf 86' lang='lat' dir='ltr'><strong>via</strong></span> <span class='ocrx_word' id='word_1_177' title='bbox 607 2313 842 2367; x_wconf 84' lang='lat' dir='ltr'><strong>Ostiensi</strong></span> <span class='ocrx_word' id='word_1_178' title='bbox 884 2312 1081 2367; x_wconf 88' lang='lat' dir='ltr'><strong>certior</strong></span> <span class='ocrx_word' id='word_1_179' title='bbox 1121 2320 1204 2366; x_wconf 90' lang='lat' dir='ltr'><strong>est</strong></span> <span class='ocrx_word' id='word_1_180' title='bbox 1248 2310 1536 2365; x_wconf 83' lang='lat' dir='ltr'><strong>sententia.</strong></span> <span class='ocrx_word' id='word_1_181' title='bbox 1590 2310 1730 2364; x_wconf 82' lang='lat' dir='ltr'><strong>Non-</strong></span> 
     </span>
    </p>
   </div>
   <div class='ocr_carea' id='block_1_34' title="bbox 152 2379 1729 2448">
    <p class='ocr_par' dir='ltr' id='par_1_34' title="bbox 152 2379 1729 2448">
     <span class='ocr_line' id='line_1_35' title="bbox 152 2379 1729 2448; baseline -0.004 -9"><span class='ocrx_word' id='word_1_182' title='bbox 152 2384 278 2439; x_wconf 91' lang='lat' dir='ltr'><strong>nulli</strong></span> <span class='ocrx_word' id='word_1_183' title='bbox 303 2383 694 2440; x_wconf 88' lang='lat' dir='ltr'><strong>ecatacumbis</strong></span> <span class='ocrx_word' id='word_1_184' title='bbox 736 2397 924 2437; x_wconf 90' lang='lat' dir='ltr'><strong>eorum</strong></span> <span class='ocrx_word' id='word_1_185' title='bbox 952 2397 1176 2448; x_wconf 89' lang='lat' dir='ltr'><strong>corpora</strong></span> <span class='ocrx_word' id='word_1_186' title='bbox 1225 2384 1276 2435; x_wconf 91' lang='lat' dir='ltr'><strong>in</strong></span> <span class='ocrx_word' id='word_1_187' title='bbox 1328 2382 1441 2435; x_wconf 72' lang='lat' dir='ltr'><strong>hzcc</strong></span> <span class='ocrx_word' id='word_1_188' title='bbox 1488 2381 1597 2434; x_wconf 85' lang='lat' dir='ltr'><strong>loca</strong></span> <span class='ocrx_word' id='word_1_189' title='bbox 1638 2379 1729 2434; x_wconf 89' lang='lat' dir='ltr'><strong>ubi</strong></span> 
     </span>
    </p>
   </div>
   <div class='ocr_carea' id='block_1_35' title="bbox 152 2451 1728 2523">
    <p class='ocr_par' dir='ltr' id='par_1_35' title="bbox 152 2451 1728 2523">
     <span class='ocr_line' id='line_1_36' title="bbox 152 2451 1728 2523; baseline -0.003 -15"><span class='ocrx_word' id='word_1_190' title='bbox 152 2469 285 2509; x_wconf 90' lang='lat' dir='ltr'><strong>nunc</strong></span> <span class='ocrx_word' id='word_1_191' title='bbox 330 2463 486 2519; x_wconf 85' lang='lat' dir='ltr'><strong>sunt,</strong></span> <span class='ocrx_word' id='word_1_192' title='bbox 534 2451 841 2508; x_wconf 84' lang='lat' dir='ltr'><strong>aCornelio</strong></span> <span class='ocrx_word' id='word_1_193' title='bbox 890 2453 1141 2523; x_wconf 81' lang='lat' dir='ltr'><strong>pontifice</strong></span> <span class='ocrx_word' id='word_1_194' title='bbox 1187 2453 1425 2506; x_wconf 81' lang='lat' dir='ltr'><strong>Romano</strong></span> <span class='ocrx_word' id='word_1_195' title='bbox 1473 2451 1728 2523; x_wconf 78' lang='lat' dir='ltr'><strong>translata</strong></span> 
     </span>
    </p>
   </div>
   <div class='ocr_carea' id='block_1_36' title="bbox 154 2520 1731 2580">
    <p class='ocr_par' dir='ltr' id='par_1_36' title="bbox 154 2520 1731 2580">
     <span class='ocr_line' id='line_1_37' title="bbox 154 2520 1731 2580; baseline -0.003 -1"><span class='ocrx_word' id='word_1_196' title='bbox 154 2526 312 2580; x_wconf 90' lang='lat' dir='ltr'><strong>fuisse</strong></span> <span class='ocrx_word' id='word_1_197' title='bbox 342 2540 450 2579; x_wconf 92' lang='lat' dir='ltr'><strong>non</strong></span> <span class='ocrx_word' id='word_1_198' title='bbox 499 2525 627 2579; x_wconf 81' lang='lat' dir='ltr'><strong>satis</strong></span> <span class='ocrx_word' id='word_1_199' title='bbox 680 2520 905 2579; x_wconf 43' lang='lat' dir='ltr'><strong>idoneis&#39;</strong></span> <span class='ocrx_word' id='word_1_200' title='bbox 929 2524 1236 2578; x_wconf 86' lang='lat' dir='ltr'><strong>auctoribus</strong></span> <span class='ocrx_word' id='word_1_201' title='bbox 1273 2523 1561 2576; x_wconf 82' lang='lat' dir='ltr'><strong>afﬁrmant.</strong></span> <span class='ocrx_word' id='word_1_202' title='bbox 1595 2520 1731 2576; x_wconf 78' lang='lat' dir='ltr'><strong>Vide</strong></span> 
     </span>
    </p>
   </div>
   <div class='ocr_carea' id='block_1_37' title="bbox 156 2591 1733 2661">
    <p class='ocr_par' dir='ltr' id='par_1_37' title="bbox 156 2591 1733 2661">
     <span class='ocr_line' id='line_1_38' title="bbox 156 2591 1733 2661; baseline -0.003 -9"><span class='ocrx_word' id='word_1_203' title='bbox 156 2597 211 2652; x_wconf 87' lang='lat' dir='ltr'><strong>S.</strong></span> <span class='ocrx_word' id='word_1_204' title='bbox 239 2596 503 2651; x_wconf 85' lang='lat' dir='ltr'><strong>lsidorum</strong></span> <span class='ocrx_word' id='word_1_205' title='bbox 533 2594 600 2651; x_wconf 89' lang='lat' dir='ltr'><strong>de</strong></span> <span class='ocrx_word' id='word_1_206' title='bbox 642 2593 757 2649; x_wconf 79' lang='lat' dir='ltr'><strong>Vita</strong></span> <span class='ocrx_word' id='word_1_207' title='bbox 803 2603 858 2649; x_wconf 91' lang='lat' dir='ltr'><strong>et</strong></span> <span class='ocrx_word' id='word_1_208' title='bbox 883 2594 1052 2648; x_wconf 83' lang='lat' dir='ltr'><strong>Morte</strong></span> <span class='ocrx_word' id='word_1_209' title='bbox 1093 2602 1396 2648; x_wconf 89' lang='lat' dir='ltr'><strong>sanctorum</strong></span> <span class='ocrx_word' id='word_1_210' title='bbox 1437 2607 1554 2661; x_wconf 86' lang='lat' dir='ltr'><strong>cap.</strong></span> <span class='ocrx_word' id='word_1_211' title='bbox 1583 2591 1650 2646; x_wconf 86' lang='lat'><strong>68</strong></span> <span class='ocrx_word' id='word_1_212' title='bbox 1679 2600 1733 2647; x_wconf 91' lang='lat' dir='ltr'><strong>et</strong></span> 
     </span>
    </p>
   </div>
   <div class='ocr_carea' id='block_1_38' title="bbox 158 2664 1730 2737">
    <p class='ocr_par' dir='ltr' id='par_1_38' title="bbox 158 2664 1730 2737">
     <span class='ocr_line' id='line_1_39' title="bbox 158 2664 1730 2737; baseline -0.004 -16"><span class='ocrx_word' id='word_1_213' title='bbox 158 2668 243 2721; x_wconf 86' lang='lat'><strong>69.</strong></span> <span class='ocrx_word' id='word_1_214' title='bbox 273 2665 470 2737; x_wconf 84' lang='lat' dir='ltr'><strong>Negari</strong></span> <span class='ocrx_word' id='word_1_215' title='bbox 503 2674 678 2737; x_wconf 86' lang='lat' dir='ltr'><strong>tamen</strong></span> <span class='ocrx_word' id='word_1_216' title='bbox 704 2665 889 2737; x_wconf 78' lang='lat' dir='ltr'><strong>nequit</strong></span> <span class='ocrx_word' id='word_1_217' title='bbox 914 2664 1220 2733; x_wconf 88' lang='lat' dir='ltr'><strong>aliquandiu</strong></span> <span class='ocrx_word' id='word_1_218' title='bbox 1270 2678 1496 2737; x_wconf 80' lang='lat' dir='ltr'><strong>corpora</strong></span> <span class='ocrx_word' id='word_1_219' title='bbox 1536 2664 1730 2737; x_wconf 78' lang='lat' dir='ltr'><strong>beato-</strong></span> 
     </span>
    </p>
   </div>
   <div class='ocr_carea' id='block_1_39' title="bbox 153 2732 1728 2805">
    <p class='ocr_par' dir='ltr' id='par_1_39' title="bbox 153 2732 1728 2805">
     <span class='ocr_line' id='line_1_40' title="bbox 153 2732 1728 2805; baseline -0.003 -13"><span class='ocrx_word' id='word_1_220' title='bbox 153 2752 263 2792; x_wconf 90' lang='lat' dir='ltr'><strong>rum</strong></span> <span class='ocrx_word' id='word_1_221' title='bbox 302 2732 676 2805; x_wconf 72' lang='lat' dir='ltr'><strong>apostolorum</strong></span> <span class='ocrx_word' id='word_1_222' title='bbox 727 2732 1153 2805; x_wconf 32' lang='lat' dir='ltr'><strong>in&#39;catacu’mbis</strong></span> <span class='ocrx_word' id='word_1_223' title='bbox 1215 2734 1479 2789; x_wconf 77' lang='lat' dir='ltr'><strong>occultata</strong></span> <span class='ocrx_word' id='word_1_224' title='bbox 1530 2732 1728 2787; x_wconf 90' lang='lat' dir='ltr'><strong>fuisse:</strong></span> 
     </span>
    </p>
   </div>
   <div class='ocr_carea' id='block_1_40' title="bbox 155 2804 1731 2877">
    <p class='ocr_par' dir='ltr' id='par_1_40' title="bbox 155 2804 1731 2877">
     <span class='ocr_line' id='line_1_41' title="bbox 155 2804 1731 2877; baseline -0.003 -15"><span class='ocrx_word' id='word_1_225' title='bbox 155 2810 285 2877; x_wconf 91' lang='lat' dir='ltr'><strong>quod</strong></span> <span class='ocrx_word' id='word_1_226' title='bbox 313 2804 371 2864; x_wconf 88' lang='lat' dir='ltr'><strong>S.</strong></span> <span class='ocrx_word' id='word_1_227' title='bbox 412 2806 624 2862; x_wconf 87' lang='lat' dir='ltr'><strong>Damasi</strong></span> <span class='ocrx_word' id='word_1_228' title='bbox 649 2806 782 2862; x_wconf 89' lang='lat' dir='ltr'><strong>etS.</strong></span> <span class='ocrx_word' id='word_1_229' title='bbox 816 2804 1057 2876; x_wconf 83' lang='lat' dir='ltr'><strong>Gregorii</strong></span> <span class='ocrx_word' id='word_1_230' title='bbox 1082 2806 1254 2876; x_wconf 81' lang='lat' dir='ltr'><strong>Magni</strong></span> <span class='ocrx_word' id='word_1_231' title='bbox 1287 2804 1605 2860; x_wconf 77' lang='lat' dir='ltr'><strong>testimoniis</strong></span> <span class='ocrx_word' id='word_1_232' title='bbox 1638 2806 1731 2858; x_wconf 89' lang='lat' dir='ltr'><strong>de-</strong></span> 
     </span>
    </p>
   </div>
   <div class='ocr_carea' id='block_1_41' title="bbox 154 2888 505 2934">
    <p class='ocr_par' dir='ltr' id='par_1_41' title="bbox 154 2888 505 2934">
     <span class='ocr_line' id='line_1_42' title="bbox 154 2888 505 2934; baseline -0.006 -1"><span class='ocrx_word' id='word_1_233' title='bbox 154 2888 505 2934; x_wconf 85' lang='lat' dir='ltr'><strong>monstratur.</strong></span> 
     </span>
    </p>
   </div>
   <div class='ocr_carea' id='block_1_42' title="bbox 217 2945 1733 3020">
    <p class='ocr_par' dir='ltr' id='par_1_42' title="bbox 217 2945 1733 3020">
     <span class='ocr_line' id='line_1_43' title="bbox 217 2945 1733 3020; baseline -0.001 -18"><span class='ocrx_word' id='word_1_234' title='bbox 217 2950 302 3005; x_wconf 75' lang='lat'><strong>51.</strong></span> <span class='ocrx_word' id='word_1_235' title='bbox 334 2951 521 3020; x_wconf 83' lang='lat' dir='ltr'><strong>Prag.,</strong></span> <span class='ocrx_word' id='word_1_236' title='bbox 548 2957 841 3017; x_wconf 84' lang='lat' dir='ltr'><strong>perceptum</strong></span> <span class='ocrx_word' id='word_1_237' title='bbox 867 2963 882 2999; x_wconf 94' lang='lat'><strong><em>:</em></strong></span> <span class='ocrx_word' id='word_1_238' title='bbox 905 2946 1279 3020; x_wconf 66' lang='lat' dir='ltr'><strong>corrigendum</strong></span> <span class='ocrx_word' id='word_1_239' title='bbox 1335 2956 1607 3015; x_wconf 78' lang='lat' dir='ltr'><strong>receptum.</strong></span> <span class='ocrx_word' id='word_1_240' title='bbox 1634 2945 1733 3001; x_wconf 85' lang='lat' dir='ltr'><strong>llic</strong></span> 
     </span>
    </p>
   </div>
   <div class='ocr_carea' id='block_1_43' title="bbox 156 3016 1734 3087">
    <p class='ocr_par' dir='ltr' id='par_1_43' title="bbox 156 3016 1734 3087">
     <span class='ocr_line' id='line_1_44' title="bbox 156 3016 1734 3087; baseline -0.004 -12"><span class='ocrx_word' id='word_1_241' title='bbox 156 3020 306 3075; x_wconf 84' lang='lat' dir='ltr'><strong>etiam</strong></span> <span class='ocrx_word' id='word_1_242' title='bbox 342 3016 488 3075; x_wconf 62' lang='lat' dir='ltr'><strong>tecta</strong></span> <span class='ocrx_word' id='word_1_243' title='bbox 536 3016 707 3073; x_wconf 85' lang='lat' dir='ltr'><strong>aurea</strong></span> <span class='ocrx_word' id='word_1_244' title='bbox 745 3019 927 3087; x_wconf 91' lang='lat' dir='ltr'><strong>templi</strong></span> <span class='ocrx_word' id='word_1_245' title='bbox 958 3016 1196 3072; x_wconf 80' lang='lat' dir='ltr'><strong>Vaticani</strong></span> <span class='ocrx_word' id='word_1_246' title='bbox 1246 3030 1630 3079; x_wconf 82' lang='lat' dir='ltr'><strong>memorantur,</strong></span> <span class='ocrx_word' id='word_1_247' title='bbox 1678 3025 1734 3069; x_wconf 89' lang='lat' dir='ltr'><strong>ut</strong></span> 
     </span>
    </p>
   </div>
   <div class='ocr_carea' id='block_1_44' title="bbox 154 3088 1730 3146">
    <p class='ocr_par' dir='ltr' id='par_1_44' title="bbox 154 3088 1730 3146">
     <span class='ocr_line' id='line_1_45' title="bbox 154 3088 1730 3146; baseline -0.003 -2"><span class='ocrx_word' id='word_1_248' title='bbox 154 3092 283 3145; x_wconf 89' lang='lat' dir='ltr'><strong>infra</strong></span> <span class='ocrx_word' id='word_1_249' title='bbox 316 3090 387 3146; x_wconf 92' lang='lat' dir='ltr'><strong>de</strong></span> <span class='ocrx_word' id='word_1_250' title='bbox 426 3089 643 3144; x_wconf 89' lang='lat' dir='ltr'><strong>basilica</strong></span> <span class='ocrx_word' id='word_1_251' title='bbox 664 3089 723 3144; x_wconf 88' lang='lat' dir='ltr'><strong>S.</strong></span> <span class='ocrx_word' id='word_1_252' title='bbox 758 3089 923 3143; x_wconf 84' lang='lat' dir='ltr'><strong>Pauli.</strong></span> <span class='ocrx_word' id='word_1_253' title='bbox 953 3088 1239 3142; x_wconf 81' lang='lat' dir='ltr'><strong>Peverutus</strong></span> <span class='ocrx_word' id='word_1_254' title='bbox 1265 3088 1328 3140; x_wconf 86' lang='lat' dir='ltr'><strong>ad</strong></span> <span class='ocrx_word' id='word_1_255' title='bbox 1355 3088 1495 3141; x_wconf 92' lang='lat' dir='ltr'><strong>hunc</strong></span> <span class='ocrx_word' id='word_1_256' title='bbox 1520 3101 1730 3141; x_wconf 82' lang='lat' dir='ltr'><strong>versum</strong></span> 
     </span>
    </p>
   </div>
   <div class='ocr_carea' id='block_1_45' title="bbox 156 3158 1730 3225">
    <p class='ocr_par' dir='ltr' id='par_1_45' title="bbox 156 3158 1730 3225">
     <span class='ocr_line' id='line_1_46' title="bbox 156 3158 1730 3225; baseline -0.004 -9"><span class='ocrx_word' id='word_1_257' title='bbox 156 3162 412 3217; x_wconf 84' lang='lat' dir='ltr'><strong>exscribit</strong></span> <span class='ocrx_word' id='word_1_258' title='bbox 466 3161 581 3215; x_wconf 66' lang='lat' dir='ltr'><strong>haec</strong></span> <span class='ocrx_word' id='word_1_259' title='bbox 610 3161 770 3215; x_wconf 89' lang='lat' dir='ltr'><strong>verba</strong></span> <span class='ocrx_word' id='word_1_260' title='bbox 820 3159 1003 3225; x_wconf 85' lang='lat' dir='ltr'><strong>Pomp.</strong></span> <span class='ocrx_word' id='word_1_261' title='bbox 1040 3158 1227 3218; x_wconf 69' lang='lat' dir='ltr'><strong>Ugonii</strong></span> <span class='ocrx_word' id='word_1_262' title='bbox 1276 3174 1339 3212; x_wconf 71' lang='lat' dir='ltr'><strong>es</strong></span> <span class='ocrx_word' id='word_1_263' title='bbox 1391 3158 1582 3210; x_wconf 75' lang='lat' dir='ltr'><strong>schcda</strong></span> <span class='ocrx_word' id='word_1_264' title='bbox 1630 3173 1730 3210; x_wconf 89' lang='lat' dir='ltr'><strong>ms.</strong></span> 
     </span>
    </p>
   </div>
   <div class='ocr_carea' id='block_1_46' title="bbox 1833 1678 3406 1759">
    <p class='ocr_par' dir='ltr' id='par_1_46' title="bbox 1833 1678 3406 1759">
     <span class='ocr_line' id='line_1_47' title="bbox 1833 1678 3406 1759; baseline 0.01 -33"><span class='ocrx_word' id='word_1_265' title='bbox 1833 1678 1993 1759; x_wconf 74' lang='lat' dir='ltr'><strong>specie</strong></span> <span class='ocrx_word' id='word_1_266' title='bbox 2013 1688 2227 1759; x_wconf 73' lang='lat' dir='ltr'><strong>quatuor</strong></span> <span class='ocrx_word' id='word_1_267' title='bbox 2258 1682 2507 1759; x_wconf 77' lang='lat' dir='ltr'><strong>columnis</strong></span> <span class='ocrx_word' id='word_1_268' title='bbox 2534 1683 2771 1759; x_wconf 72' lang='lat' dir='ltr'><strong>salientes</strong></span> <span class='ocrx_word' id='word_1_269' title='bbox 2800 1700 2958 1751; x_wconf 89' lang='lat' dir='ltr'><strong>aquas</strong></span> <span class='ocrx_word' id='word_1_270' title='bbox 2980 1686 3220 1740; x_wconf 83' lang='lat' dir='ltr'><strong>ambiens.</strong></span> <span class='ocrx_word' id='word_1_271' title='bbox 3260 1685 3406 1741; x_wconf 89' lang='lat' dir='ltr'><strong>Decet</strong></span> 
     </span>
    </p>
   </div>
   <div class='ocr_carea' id='block_1_47' title="bbox 1830 1751 3406 1826">
    <p class='ocr_par' dir='ltr' id='par_1_47' title="bbox 1830 1751 3406 1826">
     <span class='ocr_line' id='line_1_48' title="bbox 1830 1751 3406 1826; baseline 0.007 -26"><span class='ocrx_word' id='word_1_272' title='bbox 1830 1751 1964 1800; x_wconf 88' lang='lat' dir='ltr'><strong>enim</strong></span> <span class='ocrx_word' id='word_1_273' title='bbox 2009 1751 2546 1826; x_wconf 71' lang='lat' dir='ltr'><strong>ingressumecclesiw</strong></span> <span class='ocrx_word' id='word_1_274' title='bbox 2590 1754 2707 1807; x_wconf 86' lang='lat' dir='ltr'><strong>talis</strong></span> <span class='ocrx_word' id='word_1_275' title='bbox 2748 1765 2979 1821; x_wconf 86' lang='lat' dir='ltr'><strong>ornatus,</strong></span> <span class='ocrx_word' id='word_1_276' title='bbox 3023 1766 3076 1809; x_wconf 91' lang='lat' dir='ltr'><strong>ut</strong></span> <span class='ocrx_word' id='word_1_277' title='bbox 3104 1758 3241 1826; x_wconf 84' lang='lat' dir='ltr'><strong>quod</strong></span> <span class='ocrx_word' id='word_1_278' title='bbox 3270 1758 3406 1811; x_wconf 89' lang='lat' dir='ltr'><strong>intus</strong></span> 
     </span>
    </p>
   </div>
   <div class='ocr_carea' id='block_1_48' title="bbox 1833 1821 3409 1894">
    <p class='ocr_par' dir='ltr' id='par_1_48' title="bbox 1833 1821 3409 1894">
     <span class='ocr_line' id='line_1_49' title="bbox 1833 1821 3409 1894; baseline 0.007 -24"><span class='ocrx_word' id='word_1_279' title='bbox 1833 1821 2071 1894; x_wconf 82' lang='lat' dir='ltr'><strong>mysterio</strong></span> <span class='ocrx_word' id='word_1_280' title='bbox 2096 1822 2314 1894; x_wconf 85' lang='lat' dir='ltr'><strong>salutari</strong></span> <span class='ocrx_word' id='word_1_281' title='bbox 2352 1825 2563 1894; x_wconf 78' lang='lat' dir='ltr'><strong>geritur,</strong></span> <span class='ocrx_word' id='word_1_282' title='bbox 2616 1827 2878 1892; x_wconf 74' lang='lat' dir='ltr'><strong>spectabili</strong></span> <span class='ocrx_word' id='word_1_283' title='bbox 2910 1843 3001 1893; x_wconf 89' lang='lat' dir='ltr'><strong>pro</strong></span> <span class='ocrx_word' id='word_1_284' title='bbox 3040 1821 3231 1894; x_wconf 78' lang='lat' dir='ltr'><strong>foribus</strong></span> <span class='ocrx_word' id='word_1_285' title='bbox 3261 1844 3409 1894; x_wconf 81' lang='lat' dir='ltr'><strong>opere</strong></span> 
     </span>
    </p>
   </div>
   <div class='ocr_carea' id='block_1_49' title="bbox 1760 1877 3408 1967">
    <p class='ocr_par' dir='ltr' id='par_1_49' title="bbox 1760 1877 3408 1967">
     <span class='ocr_line' id='line_1_50' title="bbox 1760 1877 3408 1967; baseline 0.01 -30"><span class='ocrx_word' id='word_1_286' title='bbox 1760 1877 1805 1937; x_wconf 82' lang='grc' dir='ltr'><strong><em>Β</em></strong></span> <span class='ocrx_word' id='word_1_287' title='bbox 1834 1877 2080 1967; x_wconf 65' lang='lat' dir='ltr'><strong>signetur.</strong></span> <span class='ocrx_word' id='word_1_288' title='bbox 2127 1877 2389 1967; x_wconf 36' lang='lat' dir='ltr'><strong>Similem:</strong></span> <span class='ocrx_word' id='word_1_289' title='bbox 2415 1877 2606 1967; x_wconf 58' lang='lat' dir='ltr'><strong>fontem</strong></span> <span class='ocrx_word' id='word_1_290' title='bbox 2645 1877 2835 1965; x_wconf 65' lang='lat' dir='ltr'><strong>postea</strong></span> <span class='ocrx_word' id='word_1_291' title='bbox 2866 1877 2991 1951; x_wconf 7' lang='lat' dir='ltr'><strong>ilicei</strong></span> 
     </span>
    </p>
   </div>
   <div class='ocr_carea' id='block_1_50' title="bbox 1829 1960 3408 2039">
    <p class='ocr_par' dir='ltr' id='par_1_50' title="bbox 1829 1960 3408 2039">
     <span class='ocr_line' id='line_1_51' title="bbox 1829 1960 3408 2039; baseline 0.006 -26"><span class='ocrx_word' id='word_1_292' title='bbox 1829 1960 2129 2039; x_wconf 74' lang='lat' dir='ltr'><strong>(_)_Stiens_em</strong></span> <span class='ocrx_word' id='word_1_293' title='bbox 2159 1965 2216 2018; x_wconf 90' lang='lat' dir='ltr'><strong>S.</strong></span> <span class='ocrx_word' id='word_1_294' title='bbox 2249 1964 2393 2039; x_wconf 66' lang='lat' dir='ltr'><strong>Pauli</strong></span> <span class='ocrx_word' id='word_1_295' title='bbox 2431 1960 2702 2039; x_wconf 80' lang='lat' dir='ltr'><strong>basilicam</strong></span> <span class='ocrx_word' id='word_1_296' title='bbox 2735 1967 2992 2033; x_wconf 83' lang='lat' dir='ltr'><strong>condidit,</strong></span> <span class='ocrx_word' id='word_1_297' title='bbox 3037 1960 3194 2039; x_wconf 69' lang='lat' dir='ltr'><strong>quém</strong></span> <span class='ocrx_word' id='word_1_298' title='bbox 3224 1968 3408 2023; x_wconf 71' lang='lat' dir='ltr'><strong>Enno-</strong></span> 
     </span>
    </p>
   </div>
   <div class='ocr_carea' id='block_1_51' title="bbox 1831 2031 3407 2103">
    <p class='ocr_par' dir='ltr' id='par_1_51' title="bbox 1831 2031 3407 2103">
     <span class='ocr_line' id='line_1_52' title="bbox 1831 2031 3407 2103; baseline 0.003 -17"><span class='ocrx_word' id='word_1_299' title='bbox 1831 2031 1950 2086; x_wconf 86' lang='lat' dir='ltr'><strong>dius</strong></span> <span class='ocrx_word' id='word_1_300' title='bbox 1975 2033 2242 2088; x_wconf 83' lang='lat' dir='ltr'><strong>celebrat:</strong></span> <span class='ocrx_word' id='word_1_301' title='bbox 2276 2033 2426 2088; x_wconf 87' lang='lat' dir='ltr'><strong>Unda</strong></span> <span class='ocrx_word' id='word_1_302' title='bbox 2450 2036 2580 2088; x_wconf 76' lang='lat' dir='ltr'><strong>lavat</strong></span> <span class='ocrx_word' id='word_1_303' title='bbox 2606 2040 2772 2091; x_wconf 89' lang='lat' dir='ltr'><strong>carnis</strong></span> <span class='ocrx_word' id='word_1_304' title='bbox 2801 2031 3169 2103; x_wconf 42' lang='lat' dir='ltr'><strong>maculam-scd</strong></span> <span class='ocrx_word' id='word_1_305' title='bbox 3191 2039 3407 2092; x_wconf 87' lang='lat' dir='ltr'><strong>crimina</strong></span> 
     </span>
    </p>
   </div>
   <div class='ocr_carea' id='block_1_52' title="bbox 1830 2103 3407 2177">
    <p class='ocr_par' dir='ltr' id='par_1_52' title="bbox 1830 2103 3407 2177">
     <span class='ocr_line' id='line_1_53' title="bbox 1830 2103 3407 2177; baseline 0.005 -23"><span class='ocrx_word' id='word_1_306' title='bbox 1830 2110 2024 2177; x_wconf 83' lang='lat' dir='ltr'><strong>purgat</strong></span> <span class='ocrx_word' id='word_1_307' title='bbox 2044 2103 2399 2174; x_wconf 80' lang='lat' dir='ltr'><strong>Puriﬁcatque</strong></span> <span class='ocrx_word' id='word_1_308' title='bbox 2426 2108 2622 2161; x_wconf 86' lang='lat' dir='ltr'><strong>animas</strong></span> <span class='ocrx_word' id='word_1_309' title='bbox 2643 2109 2883 2161; x_wconf 84' lang='lat' dir='ltr'><strong>mundior</strong></span> <span class='ocrx_word' id='word_1_310' title='bbox 2911 2126 3057 2163; x_wconf 88' lang='lat' dir='ltr'><strong>amne</strong></span> <span class='ocrx_word' id='word_1_311' title='bbox 3080 2110 3224 2177; x_wconf 78' lang='lat' dir='ltr'><strong>ﬁdes.</strong></span> <span class='ocrx_word' id='word_1_312' title='bbox 3255 2109 3407 2170; x_wconf 81' lang='lat' dir='ltr'><strong>Quis-</strong></span> 
     </span>
    </p>
   </div>
   <div class='ocr_carea' id='block_1_53' title="bbox 1828 2174 3407 2250">
    <p class='ocr_par' dir='ltr' id='par_1_53' title="bbox 1828 2174 3407 2250">
     <span class='ocr_line' id='line_1_54' title="bbox 1828 2174 3407 2250; baseline 0.004 -26"><span class='ocrx_word' id='word_1_313' title='bbox 1828 2188 1924 2239; x_wconf 87' lang='lat' dir='ltr'><strong>que</strong></span> <span class='ocrx_word' id='word_1_314' title='bbox 1948 2174 2051 2250; x_wconf 68' lang='lat' dir='ltr'><strong>sttis</strong></span> <span class='ocrx_word' id='word_1_315' title='bbox 2091 2177 2283 2250; x_wconf 78' lang='lat' dir='ltr'><strong>meritis</strong></span> <span class='ocrx_word' id='word_1_316' title='bbox 2299 2178 2592 2250; x_wconf 60' lang='lat' dir='ltr'><strong>ueneranda</strong></span> <span class='ocrx_word' id='word_1_317' title='bbox 2633 2179 2855 2250; x_wconf 65' lang='lat' dir='ltr'><strong>sacraria</strong></span> <span class='ocrx_word' id='word_1_318' title='bbox 2899 2179 3050 2233; x_wconf 84' lang='lat' dir='ltr'><strong>Pauli</strong></span> <span class='ocrx_word' id='word_1_319' title='bbox 3081 2174 3407 2250; x_wconf 67' lang='lat' dir='ltr'><strong>ingrederis,</strong></span> 
     </span>
    </p>
   </div>
   <div class='ocr_carea' id='block_1_54' title="bbox 1831 2244 3409 2315">
    <p class='ocr_par' dir='ltr' id='par_1_54' title="bbox 1831 2244 3409 2315">
     <span class='ocr_line' id='line_1_55' title="bbox 1831 2244 3409 2315; baseline 0.004 -20"><span class='ocrx_word' id='word_1_320' title='bbox 1831 2244 2047 2313; x_wconf 74' lang='lat' dir='ltr'><strong>supplex</strong></span> <span class='ocrx_word' id='word_1_321' title='bbox 2080 2247 2230 2299; x_wconf 91' lang='lat' dir='ltr'><strong>ablue</strong></span> <span class='ocrx_word' id='word_1_322' title='bbox 2281 2249 2420 2315; x_wconf 73' lang='lat' dir='ltr'><strong>fonte</strong></span> <span class='ocrx_word' id='word_1_323' title='bbox 2465 2264 2669 2300; x_wconf 88' lang='lat' dir='ltr'><strong>manus.</strong></span> <span class='ocrx_word' id='word_1_324' title='bbox 2713 2248 3017 2303; x_wconf 83' lang='lat' dir='ltr'><strong>Perdiderat</strong></span> <span class='ocrx_word' id='word_1_325' title='bbox 3058 2244 3266 2303; x_wconf 75' lang='lat' dir='ltr'><strong>laticum</strong></span> <span class='ocrx_word' id='word_1_326' title='bbox 3296 2249 3409 2302; x_wconf 85' lang='lat' dir='ltr'><strong>lon-</strong></span> 
     </span>
    </p>
   </div>
   <div class='ocr_carea' id='block_1_55' title="bbox 1831 2315 3411 2389">
    <p class='ocr_par' dir='ltr' id='par_1_55' title="bbox 1831 2315 3411 2389">
     <span class='ocr_line' id='line_1_56' title="bbox 1831 2315 3411 2389; baseline 0.006 -24"><span class='ocrx_word' id='word_1_327' title='bbox 1831 2329 1970 2383; x_wconf 76' lang='lat' dir='ltr'><strong>gazra</strong></span> <span class='ocrx_word' id='word_1_328' title='bbox 1998 2315 2210 2389; x_wconf 60' lang='lat' dir='ltr'><strong>incuria</strong></span> <span class='ocrx_word' id='word_1_329' title='bbox 2240 2332 2438 2389; x_wconf 78' lang='lat' dir='ltr'><strong>cursus,</strong></span> <span class='ocrx_word' id='word_1_330' title='bbox 2487 2318 2626 2381; x_wconf 82' lang='lat' dir='ltr'><strong>Quos</strong></span> <span class='ocrx_word' id='word_1_331' title='bbox 2671 2320 2757 2371; x_wconf 85' lang='lat' dir='ltr'><strong>tibi</strong></span> <span class='ocrx_word' id='word_1_332' title='bbox 2800 2336 2934 2372; x_wconf 85' lang='lat' dir='ltr'><strong>nunc</strong></span> <span class='ocrx_word' id='word_1_333' title='bbox 2962 2321 3109 2389; x_wconf 85' lang='lat' dir='ltr'><strong>pleno</strong></span> <span class='ocrx_word' id='word_1_334' title='bbox 3132 2322 3411 2374; x_wconf 80' lang='lat' dir='ltr'><strong>cantharus</strong></span> 
     </span>
    </p>
   </div>
   <div class='ocr_carea' id='block_1_56' title="bbox 1833 2385 3405 2455">
    <p class='ocr_par' dir='ltr' id='par_1_56' title="bbox 1833 2385 3405 2455">
     <span class='ocr_line' id='line_1_57' title="bbox 1833 2385 3405 2455; baseline 0.004 -19"><span class='ocrx_word' id='word_1_335' title='bbox 1833 2400 1918 2455; x_wconf 77' lang='lat' dir='ltr'><strong>ore</strong></span> <span class='ocrx_word' id='word_1_336' title='bbox 1946 2389 2118 2438; x_wconf 74' lang='lat' dir='ltr'><strong>vomit.</strong></span> <span class='ocrx_word' id='word_1_337' title='bbox 2175 2385 2399 2440; x_wconf 83' lang='lat' dir='ltr'><strong>Provida</strong></span> <span class='ocrx_word' id='word_1_338' title='bbox 2452 2391 2672 2453; x_wconf 48' lang='lat' dir='ltr'><strong>pastoris</strong></span> <span class='ocrx_word' id='word_1_339' title='bbox 2717 2408 2803 2455; x_wconf 77' lang='lat' dir='ltr'><strong>per</strong></span> <span class='ocrx_word' id='word_1_340' title='bbox 2844 2385 3003 2442; x_wconf 85' lang='lat' dir='ltr'><strong>totum</strong></span> <span class='ocrx_word' id='word_1_341' title='bbox 3034 2407 3156 2443; x_wconf 88' lang='lat' dir='ltr'><strong>cura</strong></span> <span class='ocrx_word' id='word_1_342' title='bbox 3202 2390 3405 2445; x_wconf 85' lang='lat' dir='ltr'><strong>Leonis.</strong></span> 
     </span>
    </p>
   </div>
   <div class='ocr_carea' id='block_1_57' title="bbox 1834 2453 3407 2529">
    <p class='ocr_par' dir='ltr' id='par_1_57' title="bbox 1834 2453 3407 2529">
     <span class='ocr_line' id='line_1_58' title="bbox 1834 2453 3407 2529; baseline 0.004 -23"><span class='ocrx_word' id='word_1_343' title='bbox 1834 2453 1961 2507; x_wconf 74' lang='lat' dir='ltr'><strong>Haec</strong></span> <span class='ocrx_word' id='word_1_344' title='bbox 1994 2456 2164 2529; x_wconf 60' lang='lat' dir='ltr'><strong>ovibus</strong></span> <span class='ocrx_word' id='word_1_345' title='bbox 2195 2454 2382 2510; x_wconf 77' lang='lat' dir='ltr'><strong>Christi</strong></span> <span class='ocrx_word' id='word_1_346' title='bbox 2428 2459 2572 2527; x_wconf 86' lang='lat' dir='ltr'><strong>larga</strong></span> <span class='ocrx_word' id='word_1_347' title='bbox 2607 2453 2795 2529; x_wconf 81' lang='lat' dir='ltr'><strong>ﬂuenta</strong></span> <span class='ocrx_word' id='word_1_348' title='bbox 2840 2460 2998 2514; x_wconf 80' lang='lat' dir='ltr'><strong>dedit.</strong></span> <span class='ocrx_word' id='word_1_349' title='bbox 3030 2460 3179 2514; x_wconf 90' lang='lat' dir='ltr'><strong>Hunc</strong></span> <span class='ocrx_word' id='word_1_350' title='bbox 3208 2475 3407 2513; x_wconf 84' lang='lat' dir='ltr'><strong>morem</strong></span> 
     </span>
    </p>
   </div>
   <div class='ocr_carea' id='block_1_58' title="bbox 1838 2525 3412 2585">
    <p class='ocr_par' dir='ltr' id='par_1_58' title="bbox 1838 2525 3412 2585">
     <span class='ocr_line' id='line_1_59' title="bbox 1838 2525 3412 2585; baseline 0.004 -8"><span class='ocrx_word' id='word_1_351' title='bbox 1838 2534 2083 2579; x_wconf 88' lang='lat' dir='ltr'><strong>veterum</strong></span> <span class='ocrx_word' id='word_1_352' title='bbox 2110 2525 2535 2582; x_wconf 87' lang='lat' dir='ltr'><strong>Christianorum</strong></span> <span class='ocrx_word' id='word_1_353' title='bbox 2587 2525 2793 2584; x_wconf 82' lang='lat' dir='ltr'><strong>lavandi</strong></span> <span class='ocrx_word' id='word_1_354' title='bbox 2840 2545 3027 2585; x_wconf 89' lang='lat' dir='ltr'><strong>manus</strong></span> <span class='ocrx_word' id='word_1_355' title='bbox 3073 2540 3125 2585; x_wconf 87' lang='lat' dir='ltr'><strong>et</strong></span> <span class='ocrx_word' id='word_1_356' title='bbox 3169 2546 3259 2584; x_wconf 89' lang='lat' dir='ltr'><strong>ora</strong></span> <span class='ocrx_word' id='word_1_357' title='bbox 3287 2540 3412 2584; x_wconf 89' lang='lat' dir='ltr'><strong>ante</strong></span> 
     </span>
    </p>
   </div>
   <div class='ocr_carea' id='block_1_59' title="bbox 1834 2595 3409 2665">
    <p class='ocr_par' dir='ltr' id='par_1_59' title="bbox 1834 2595 3409 2665">
     <span class='ocr_line' id='line_1_60' title="bbox 1834 2595 3409 2665; baseline 0.003 -16"><span class='ocrx_word' id='word_1_358' title='bbox 1834 2595 1976 2650; x_wconf 90' lang='lat' dir='ltr'><strong>fores</strong></span> <span class='ocrx_word' id='word_1_359' title='bbox 2023 2598 2303 2663; x_wconf 75' lang='lat' dir='ltr'><strong>ecclesiae,</strong></span> <span class='ocrx_word' id='word_1_360' title='bbox 2353 2608 2443 2653; x_wconf 90' lang='lat' dir='ltr'><strong>aut</strong></span> <span class='ocrx_word' id='word_1_361' title='bbox 2491 2598 2716 2654; x_wconf 90' lang='lat' dir='ltr'><strong>interius</strong></span> <span class='ocrx_word' id='word_1_362' title='bbox 2762 2604 3085 2665; x_wconf 74' lang='lat' dir='ltr'><strong>sacrarium,</strong></span> <span class='ocrx_word' id='word_1_363' title='bbox 3125 2602 3409 2656; x_wconf 84' lang='lat' dir='ltr'><strong>confirmat</strong></span> 
     </span>
    </p>
   </div>
   <div class='ocr_carea' id='block_1_60' title="bbox 1836 2665 3407 2735">
    <p class='ocr_par' dir='ltr' id='par_1_60' title="bbox 1836 2665 3407 2735">
     <span class='ocr_line' id='line_1_61' title="bbox 1836 2665 3407 2735; baseline 0.004 -16"><span class='ocrx_word' id='word_1_364' title='bbox 1836 2665 2096 2721; x_wconf 88' lang='lat' dir='ltr'><strong>Eusebius</strong></span> <span class='ocrx_word' id='word_1_365' title='bbox 2124 2668 2217 2723; x_wconf 90' lang='lat' dir='ltr'><strong>lib.</strong></span> <span class='ocrx_word' id='word_1_366' title='bbox 2248 2686 2303 2735; x_wconf 73' lang='grc' dir='ltr'><strong>κ,</strong></span> <span class='ocrx_word' id='word_1_367' title='bbox 2350 2683 2471 2732; x_wconf 87' lang='lat' dir='ltr'><strong>cap.</strong></span> <span class='ocrx_word' id='word_1_368' title='bbox 2504 2669 2556 2735; x_wconf 65' lang='lat' dir='ltr'><strong>1s,</strong></span> <span class='ocrx_word' id='word_1_369' title='bbox 2608 2681 2660 2724; x_wconf 91' lang='lat' dir='ltr'><strong>et</strong></span> <span class='ocrx_word' id='word_1_370' title='bbox 2688 2672 2883 2725; x_wconf 82' lang='lat' dir='ltr'><strong>indicat</strong></span> <span class='ocrx_word' id='word_1_371' title='bbox 2923 2672 3278 2725; x_wconf 86' lang='lat' dir='ltr'><strong>&#39;l‘ertullianus</strong></span> <span class='ocrx_word' id='word_1_372' title='bbox 3312 2671 3407 2725; x_wconf 85' lang='lat' dir='ltr'><strong>lib.</strong></span> 
     </span>
    </p>
   </div>
   <div class='ocr_carea' id='block_1_61' title="bbox 1835 2738 3411 2805">
    <p class='ocr_par' dir='ltr' id='par_1_61' title="bbox 1835 2738 3411 2805">
     <span class='ocr_line' id='line_1_62' title="bbox 1835 2738 3411 2805; baseline 0.001 -14"><span class='ocrx_word' id='word_1_373' title='bbox 1835 2738 1903 2792; x_wconf 89' lang='lat' dir='ltr'><strong>de</strong></span> <span class='ocrx_word' id='word_1_374' title='bbox 1931 2738 2208 2803; x_wconf 86' lang='lat' dir='ltr'><strong>Oratione,</strong></span> <span class='ocrx_word' id='word_1_375' title='bbox 2255 2754 2374 2805; x_wconf 88' lang='lat' dir='ltr'><strong>cap.</strong></span> <span class='ocrx_word' id='word_1_376' title='bbox 2410 2739 2469 2792; x_wconf 80' lang='grc' dir='ltr'>Η</span> <span class='ocrx_word' id='word_1_377' title='bbox 2513 2757 2526 2792; x_wconf 92' lang='lat'><strong>:</strong></span> <span class='ocrx_word' id='word_1_378' title='bbox 2558 2740 2687 2805; x_wconf 69' lang='lat' dir='ltr'><strong>Quae</strong></span> <span class='ocrx_word' id='word_1_379' title='bbox 2723 2743 2854 2794; x_wconf 88' lang='lat' dir='ltr'><strong>ratio</strong></span> <span class='ocrx_word' id='word_1_380' title='bbox 2894 2752 2984 2802; x_wconf 77' lang='lat' dir='ltr'><strong>cst,</strong></span> <span class='ocrx_word' id='word_1_381' title='bbox 3037 2743 3267 2794; x_wconf 86' lang='lat' dir='ltr'><strong>manibus</strong></span> <span class='ocrx_word' id='word_1_382' title='bbox 3305 2742 3411 2805; x_wconf 86' lang='lat' dir='ltr'><strong>qui-</strong></span> 
     </span>
    </p>
   </div>
   <div class='ocr_carea' id='block_1_62' title="bbox 1836 2808 3413 2879">
    <p class='ocr_par' dir='ltr' id='par_1_62' title="bbox 1836 2808 3413 2879">
     <span class='ocr_line' id='line_1_63' title="bbox 1836 2808 3413 2879; baseline 0.001 -18"><span class='ocrx_word' id='word_1_383' title='bbox 1836 2810 1949 2861; x_wconf 87' lang='lat' dir='ltr'><strong>dem</strong></span> <span class='ocrx_word' id='word_1_384' title='bbox 1978 2808 2199 2879; x_wconf 13' lang='lat' dir='ltr'><strong>rablutis,</strong></span> <span class='ocrx_word' id='word_1_385' title='bbox 2244 2810 2431 2879; x_wconf 79' lang='lat' dir='ltr'><strong>spiritu</strong></span> <span class='ocrx_word' id='word_1_386' title='bbox 2479 2826 2595 2863; x_wconf 85' lang='lat' dir='ltr'><strong>vero</strong></span> <span class='ocrx_word' id='word_1_387' title='bbox 2642 2813 2872 2863; x_wconf 85' lang='lat' dir='ltr'><strong>sordente</strong></span> <span class='ocrx_word' id='word_1_388' title='bbox 2916 2813 3192 2864; x_wconf 82' lang='lat' dir='ltr'><strong>orationem</strong></span> <span class='ocrx_word' id='word_1_389' title='bbox 3241 2811 3413 2863; x_wconf 85' lang='lat' dir='ltr'><strong>obire?</strong></span> 
     </span>
    </p>
   </div>
   <div class='ocr_carea' id='block_1_63' title="bbox 1837 2878 3408 2946">
    <p class='ocr_par' dir='ltr' id='par_1_63' title="bbox 1837 2878 3408 2946">
     <span class='ocr_line' id='line_1_64' title="bbox 1837 2878 3408 2946; baseline 0 -13"><span class='ocrx_word' id='word_1_390' title='bbox 1837 2878 1991 2946; x_wconf 86' lang='lat' dir='ltr'><strong>Apud</strong></span> <span class='ocrx_word' id='word_1_391' title='bbox 2020 2878 2477 2935; x_wconf 31' lang='lat' dir='ltr'><strong>ethnicos’eadem</strong></span> <span class='ocrx_word' id='word_1_392' title='bbox 2527 2881 2623 2934; x_wconf 89' lang='lat' dir='ltr'><strong>fuit</strong></span> <span class='ocrx_word' id='word_1_393' title='bbox 2669 2882 3014 2935; x_wconf 87' lang='lat' dir='ltr'><strong>consuetudo.</strong></span> <span class='ocrx_word' id='word_1_394' title='bbox 3064 2882 3117 2935; x_wconf 92' lang='lat' dir='ltr'><strong>In</strong></span> <span class='ocrx_word' id='word_1_395' title='bbox 3147 2881 3408 2935; x_wconf 56' lang='lat' dir='ltr'><strong>Christiae</strong></span> 
     </span>
    </p>
   </div>
   <div class='ocr_carea' id='block_1_64' title="bbox 1838 2950 3410 3019">
    <p class='ocr_par' dir='ltr' id='par_1_64' title="bbox 1838 2950 3410 3019">
     <span class='ocr_line' id='line_1_65' title="bbox 1838 2950 3410 3019; baseline 0.001 -18"><span class='ocrx_word' id='word_1_396' title='bbox 1838 2964 2027 3002; x_wconf 92' lang='lat' dir='ltr'><strong>norum</strong></span> <span class='ocrx_word' id='word_1_397' title='bbox 2055 2950 2299 3005; x_wconf 86' lang='lat' dir='ltr'><strong>ecclesiis</strong></span> <span class='ocrx_word' id='word_1_398' title='bbox 2330 2964 2423 3005; x_wconf 89' lang='lat' dir='ltr'><strong>vas</strong></span> <span class='ocrx_word' id='word_1_399' title='bbox 2452 2955 2603 3019; x_wconf 83' lang='lat' dir='ltr'><strong>aquae</strong></span> <span class='ocrx_word' id='word_1_400' title='bbox 2635 2951 2871 3006; x_wconf 87' lang='lat' dir='ltr'><strong>lustralis</strong></span> <span class='ocrx_word' id='word_1_401' title='bbox 2900 2953 2962 3005; x_wconf 89' lang='lat' dir='ltr'><strong>ad</strong></span> <span class='ocrx_word' id='word_1_402' title='bbox 2995 2952 3253 3017; x_wconf 80' lang='lat' dir='ltr'><strong>expianda</strong></span> <span class='ocrx_word' id='word_1_403' title='bbox 3286 2966 3410 3017; x_wconf 81' lang='lat' dir='ltr'><strong>pce-</strong></span> 
     </span>
    </p>
   </div>
   <div class='ocr_carea' id='block_1_65' title="bbox 1837 3019 3411 3091">
    <p class='ocr_par' dir='ltr' id='par_1_65' title="bbox 1837 3019 3411 3091">
     <span class='ocr_line' id='line_1_66' title="bbox 1837 3019 3411 3091; baseline 0 -18"><span class='ocrx_word' id='word_1_404' title='bbox 1837 3028 1954 3091; x_wconf 87' lang='lat' dir='ltr'><strong>cata</strong></span> <span class='ocrx_word' id='word_1_405' title='bbox 1982 3019 2233 3083; x_wconf 88' lang='lat' dir='ltr'><strong>venialia,</strong></span> <span class='ocrx_word' id='word_1_406' title='bbox 2261 3020 2575 3091; x_wconf 23' lang='lat' dir='ltr'><strong>quodinunc</strong></span> <span class='ocrx_word' id='word_1_407' title='bbox 2594 3022 2849 3087; x_wconf 89' lang='lat' dir='ltr'><strong>cernitur,</strong></span> <span class='ocrx_word' id='word_1_408' title='bbox 2886 3022 2965 3074; x_wconf 68' lang='lat' dir='ltr'><strong>his</strong></span> <span class='ocrx_word' id='word_1_409' title='bbox 2998 3037 3130 3091; x_wconf 83' lang='lat' dir='ltr'><strong>quos</strong></span> <span class='ocrx_word' id='word_1_410' title='bbox 3154 3022 3259 3075; x_wconf 74' lang='lat' dir='ltr'><strong>d&#39;xi</strong></span> <span class='ocrx_word' id='word_1_411' title='bbox 3295 3024 3411 3074; x_wconf 87' lang='lat' dir='ltr'><strong>fon-</strong></span> 
     </span>
    </p>
   </div>
   <div class='ocr_carea' id='block_1_66' title="bbox 1839 3090 3413 3148">
    <p class='ocr_par' dir='ltr' id='par_1_66' title="bbox 1839 3090 3413 3148">
     <span class='ocr_line' id='line_1_67' title="bbox 1839 3090 3413 3148; baseline 0.001 -6"><span class='ocrx_word' id='word_1_412' title='bbox 1839 3090 1982 3144; x_wconf 92' lang='lat' dir='ltr'><strong>tibus</strong></span> <span class='ocrx_word' id='word_1_413' title='bbox 2032 3091 2309 3146; x_wconf 87' lang='lat' dir='ltr'><strong>successit.</strong></span> <span class='ocrx_word' id='word_1_414' title='bbox 2384 3090 2451 3144; x_wconf 85' lang='lat' dir='ltr'><strong>Et</strong></span> <span class='ocrx_word' id='word_1_415' title='bbox 2513 3092 2739 3147; x_wconf 85' lang='lat' dir='ltr'><strong>fortasse</strong></span> <span class='ocrx_word' id='word_1_416' title='bbox 2789 3093 3169 3148; x_wconf 84' lang='lat' dir='ltr'><strong>sacratioribus</strong></span> <span class='ocrx_word' id='word_1_417' title='bbox 3226 3091 3413 3145; x_wconf 85' lang='lat' dir='ltr'><strong>diebus</strong></span> 
     </span>
    </p>
   </div>
   <div class='ocr_carea' id='block_1_67' title="bbox 1842 3160 3413 3229">
    <p class='ocr_par' dir='ltr' id='par_1_67' title="bbox 1842 3160 3413 3229">
     <span class='ocr_line' id='line_1_68' title="bbox 1842 3160 3413 3229; baseline 0.001 -15"><span class='ocrx_word' id='word_1_418' title='bbox 1842 3161 2063 3229; x_wconf 89' lang='lat' dir='ltr'><strong>majoris</strong></span> <span class='ocrx_word' id='word_1_419' title='bbox 2094 3161 2444 3217; x_wconf 64' lang='lat' dir='ltr'><strong>hebdomadas</strong></span> <span class='ocrx_word' id='word_1_420' title='bbox 2466 3160 2751 3217; x_wconf 86' lang='lat' dir='ltr'><strong>Christiani</strong></span> <span class='ocrx_word' id='word_1_421' title='bbox 2783 3174 2989 3220; x_wconf 86' lang='lat' dir='ltr'><strong>veteres</strong></span> <span class='ocrx_word' id='word_1_422' title='bbox 3021 3163 3300 3219; x_wconf 76' lang='lat' dir='ltr'><strong>ecclesiam</strong></span> <span class='ocrx_word' id='word_1_423' title='bbox 3332 3162 3413 3215; x_wconf 83' lang='lat' dir='ltr'><strong>in-</strong></span> 
     </span>
    </p>
   </div>
   <div class='ocr_carea' id='block_1_68' title="bbox 154 3228 3409 3353">
    <p class='ocr_par' dir='ltr' id='par_1_68' title="bbox 154 3228 3409 3353">
     <span class='ocr_line' id='line_1_69' title="bbox 154 3228 3409 3353; baseline 0 -70"><span class='ocrx_word' id='word_1_424' title='bbox 154 3243 305 3353; x_wconf 44' lang='lat' dir='ltr'><strong>Eram</strong></span> <span class='ocrx_word' id='word_1_425' title='bbox 336 3231 485 3300; x_wconf 89' lang='lat' dir='ltr'><strong>apud</strong></span> <span class='ocrx_word' id='word_1_426' title='bbox 515 3246 572 3285; x_wconf 89' lang='lat' dir='ltr'><strong>se</strong></span> <span class='ocrx_word' id='word_1_427' title='bbox 603 3230 830 3285; x_wconf 88' lang='lat' dir='ltr'><strong>habebat</strong></span> <span class='ocrx_word' id='word_1_428' title='bbox 869 3246 883 3282; x_wconf 91' lang='lat'><strong>:</strong></span> <span class='ocrx_word' id='word_1_429' title='bbox 916 3231 1047 3309; x_wconf 83' lang='lat' dir='ltr'><strong>Aug.</strong></span> <span class='ocrx_word' id='word_1_430' title='bbox 1074 3228 1443 3309; x_wconf 75' lang='lat' dir='ltr'><strong>Constantinus</strong></span> <span class='ocrx_word' id='word_1_431' title='bbox 1478 3228 1733 3308; x_wconf 76' lang='lat' dir='ltr'><strong>basilicam</strong></span> <span class='ocrx_word' id='word_1_432' title='bbox 1764 3247 1810 3311; x_wconf 69' lang='grc' dir='ltr'>ο</span> <span class='ocrx_word' id='word_1_433' title='bbox 1839 3228 2085 3301; x_wconf 79' lang='lat' dir='ltr'><strong>gressuri</strong></span> <span class='ocrx_word' id='word_1_434' title='bbox 2106 3247 2296 3287; x_wconf 89' lang='lat' dir='ltr'><strong>manus</strong></span> <span class='ocrx_word' id='word_1_435' title='bbox 2321 3240 2376 3288; x_wconf 90' lang='lat' dir='ltr'><strong>et</strong></span> <span class='ocrx_word' id='word_1_436' title='bbox 2403 3246 2494 3287; x_wconf 88' lang='lat' dir='ltr'><strong>ora</strong></span> <span class='ocrx_word' id='word_1_437' title='bbox 2526 3247 2630 3287; x_wconf 92' lang='lat' dir='ltr'><strong>non</strong></span> <span class='ocrx_word' id='word_1_438' title='bbox 2671 3234 2934 3299; x_wconf 80' lang='lat' dir='ltr'><strong>lavabant,</strong></span> <span class='ocrx_word' id='word_1_439' title='bbox 2961 3234 3026 3288; x_wconf 89' lang='lat' dir='ltr'><strong>ad</strong></span> <span class='ocrx_word' id='word_1_440' title='bbox 3057 3234 3254 3288; x_wconf 90' lang='lat' dir='ltr'><strong>doloris</strong></span> <span class='ocrx_word' id='word_1_441' title='bbox 3284 3248 3409 3287; x_wconf 82' lang='lat' dir='ltr'><strong>scn-</strong></span> 
     </span>
     <span class='ocr_line' id='line_1_70' title="bbox 202 3299 3409 3353; baseline 0 0"><span class='ocrx_word' id='word_1_442' title='bbox 202 3345 215 3353; x_wconf 91' lang='lat'><strong>.</strong></span> <span class='ocrx_word' id='word_1_443' title='bbox 239 3302 401 3353; x_wconf 86' lang='lat' dir='ltr'><strong>Petro</strong></span> <span class='ocrx_word' id='word_1_444' title='bbox 426 3300 659 3353; x_wconf 79' lang='lat' dir='ltr'><strong>apostolo</strong></span> <span class='ocrx_word' id='word_1_445' title='bbox 685 3318 747 3353; x_wconf 85' lang='lat' dir='ltr'><strong>ea:</strong></span> <span class='ocrx_word' id='word_1_446' title='bbox 765 3310 947 3353; x_wconf 88' lang='lat' dir='ltr'><strong>roaatu</strong></span> <span class='ocrx_word' id='word_1_447' title='bbox 968 3300 1198 3353; x_wconf 75' lang='lat' dir='ltr'><strong>Silvestri</strong></span> <span class='ocrx_word' id='word_1_448' title='bbox 1221 3300 1442 3353; x_wconf 76' lang='lat' dir='ltr'><strong>eniscom</strong></span> <span class='ocrx_word' id='word_1_449' title='bbox 1473 3316 1521 3349; x_wconf 80' lang='lat' dir='ltr'><strong>ill</strong></span> <span class='ocrx_word' id='word_1_450' title='bbox 1548 3299 1734 3353; x_wconf 80' lang='lat' dir='ltr'><strong>templo</strong></span> <span class='ocrx_word' id='word_1_451' title='bbox 1842 3318 1958 3353; x_wconf 90' lang='lat' dir='ltr'><strong>sum</strong></span> <span class='ocrx_word' id='word_1_452' title='bbox 1981 3302 2049 3353; x_wconf 91' lang='lat' dir='ltr'><strong>de</strong></span> <span class='ocrx_word' id='word_1_453' title='bbox 2076 3303 2323 3353; x_wconf 82' lang='lat' dir='ltr'><strong>passione</strong></span> <span class='ocrx_word' id='word_1_454' title='bbox 2350 3303 2559 3353; x_wconf 90' lang='lat' dir='ltr'><strong>Domini</strong></span> <span class='ocrx_word' id='word_1_455' title='bbox 2584 3303 2921 3353; x_wconf 86' lang='lat' dir='ltr'><strong>indicandum</strong></span> <span class='ocrx_word' id='word_1_456' title='bbox 2950 3324 2962 3353; x_wconf 87' lang='lat'>:</span> <span class='ocrx_word' id='word_1_457' title='bbox 2987 3305 3127 3353; x_wconf 85' lang='lat' dir='ltr'><strong>unde</strong></span> <span class='ocrx_word' id='word_1_458' title='bbox 3152 3302 3409 3353; x_wconf 74' lang='lat' dir='ltr'><strong>nriainom</strong></span> 
     </span>
    </p>
   </div>
   <div class='ocr_carea' id='block_1_69' title="bbox 202 3299 1734 3370">
    <p class='ocr_par' dir='ltr' id='par_1_69' title="bbox 202 3299 1734 3370">
     <span class='ocr_line' id='line_1_71' title="bbox 202 3299 1734 3370; baseline -0.005 -12"><span class='ocrx_word' id='word_1_459' title='bbox 202 3345 215 3358; x_wconf 94' lang='lat'><strong>.</strong></span> <span class='ocrx_word' id='word_1_460' title='bbox 239 3299 401 3357; x_wconf 87' lang='lat' dir='ltr'><strong>Petro</strong></span> <span class='ocrx_word' id='word_1_461' title='bbox 426 3300 659 3370; x_wconf 85' lang='lat' dir='ltr'><strong>apostolo</strong></span> <span class='ocrx_word' id='word_1_462' title='bbox 685 3318 747 3355; x_wconf 82' lang='lat' dir='ltr'><strong>ea:</strong></span> <span class='ocrx_word' id='word_1_463' title='bbox 765 3310 947 3370; x_wconf 88' lang='lat' dir='ltr'><strong>rogatu</strong></span> <span class='ocrx_word' id='word_1_464' title='bbox 968 3300 1443 3370; x_wconf 67' lang='lat' dir='ltr'><strong>Silvestriepiscopi</strong></span> <span class='ocrx_word' id='word_1_465' title='bbox 1473 3299 1521 3370; x_wconf 77' lang='lat' dir='ltr'><strong>in</strong></span> <span class='ocrx_word' id='word_1_466' title='bbox 1548 3299 1734 3363; x_wconf 86' lang='lat' dir='ltr'><strong>templo</strong></span> 
     </span>
    </p>
   </div>
   <div class='ocr_carea' id='block_1_70' title="bbox 156 3367 1739 3440">
    <p class='ocr_par' dir='ltr' id='par_1_70' title="bbox 156 3367 1739 3440">
     <span class='ocr_line' id='line_1_72' title="bbox 156 3367 1739 3440; baseline -0.003 -15"><span class='ocrx_word' id='word_1_467' title='bbox 156 3375 411 3440; x_wconf 80' lang='lat' dir='ltr'><strong>Apollinis</strong></span> <span class='ocrx_word' id='word_1_468' title='bbox 443 3367 650 3425; x_wconf 79' lang='lat' dir='ltr'><strong>inclusit</strong></span> <span class='ocrx_word' id='word_1_469' title='bbox 689 3372 742 3423; x_wconf 89' lang='lat' dir='ltr'><strong>in</strong></span> <span class='ocrx_word' id='word_1_470' title='bbox 772 3367 937 3423; x_wconf 81' lang='lat' dir='ltr'><strong>loculo</strong></span> <span class='ocrx_word' id='word_1_471' title='bbox 968 3386 1151 3437; x_wconf 86' lang='lat' dir='ltr'><strong>corpus</strong></span> <span class='ocrx_word' id='word_1_472' title='bbox 1184 3367 1437 3423; x_wconf 30' lang='lat' dir='ltr'><strong>S.&#39;Petri.</strong></span> <span class='ocrx_word' id='word_1_473' title='bbox 1470 3368 1642 3437; x_wconf 82' lang='lat' dir='ltr'><strong>Ipsum</strong></span> <span class='ocrx_word' id='word_1_474' title='bbox 1664 3370 1739 3421; x_wconf 89' lang='grc' dir='ltr'><strong>Ιο-</strong></span> 
     </span>
    </p>
   </div>
   <div class='ocr_carea' id='block_1_71' title="bbox 156 3440 1741 3513">
    <p class='ocr_par' dir='ltr' id='par_1_71' title="bbox 156 3440 1741 3513">
     <span class='ocr_line' id='line_1_73' title="bbox 156 3440 1741 3513; baseline -0.004 -17"><span class='ocrx_word' id='word_1_475' title='bbox 156 3446 319 3497; x_wconf 83' lang='lat' dir='ltr'><strong>culum</strong></span> <span class='ocrx_word' id='word_1_476' title='bbox 369 3443 605 3513; x_wconf 81' lang='lat' dir='ltr'><strong>undique</strong></span> <span class='ocrx_word' id='word_1_477' title='bbox 632 3457 730 3495; x_wconf 68' lang='lat' dir='ltr'><strong>tere</strong></span> <span class='ocrx_word' id='word_1_478' title='bbox 760 3440 946 3513; x_wconf 80' lang='lat' dir='ltr'><strong>Cyprio</strong></span> <span class='ocrx_word' id='word_1_479' title='bbox 976 3442 1247 3513; x_wconf 77' lang='lat' dir='ltr'><strong>conclusit,</strong></span> <span class='ocrx_word' id='word_1_480' title='bbox 1279 3442 1516 3513; x_wconf 77' lang='lat' dir='ltr'><strong>quodest</strong></span> <span class='ocrx_word' id='word_1_481' title='bbox 1536 3441 1741 3513; x_wconf 45' lang='lat' dir='ltr'><strong>immo-</strong></span> 
     </span>
    </p>
   </div>
   <div class='ocr_carea' id='block_1_72' title="bbox 155 3508 1738 3581">
    <p class='ocr_par' dir='ltr' id='par_1_72' title="bbox 155 3508 1738 3581">
     <span class='ocr_line' id='line_1_74' title="bbox 155 3508 1738 3581; baseline -0.002 -16"><span class='ocrx_word' id='word_1_482' title='bbox 155 3514 265 3569; x_wconf 83' lang='lat' dir='ltr'><strong>bile.</strong></span> <span class='ocrx_word' id='word_1_483' title='bbox 300 3508 529 3567; x_wconf 78' lang='lat' dir='ltr'><strong>Ornavit</strong></span> <span class='ocrx_word' id='word_1_484' title='bbox 545 3528 698 3577; x_wconf 83' lang='lat' dir='ltr'><strong>supra</strong></span> <span class='ocrx_word' id='word_1_485' title='bbox 727 3508 1058 3565; x_wconf 40' lang='lat' dir='ltr'><strong>ex&#39;c&#39;olnmnis</strong></span> <span class='ocrx_word' id='word_1_486' title='bbox 1088 3510 1475 3581; x_wconf 82' lang='lat' dir='ltr'><strong>porphyreticis.</strong></span> <span class='ocrx_word' id='word_1_487' title='bbox 1526 3508 1625 3562; x_wconf 75' lang='lat' dir='ltr'><strong>Ha:</strong></span> <span class='ocrx_word' id='word_1_488' title='bbox 1649 3526 1738 3562; x_wconf 91' lang='lat' dir='ltr'><strong>co-</strong></span> 
     </span>
    </p>
   </div>
   <div class='ocr_carea' id='block_1_73' title="bbox 156 3580 1738 3651">
    <p class='ocr_par' dir='ltr' id='par_1_73' title="bbox 156 3580 1738 3651">
     <span class='ocr_line' id='line_1_75' title="bbox 156 3580 1738 3651; baseline -0.003 -14"><span class='ocrx_word' id='word_1_489' title='bbox 156 3585 339 3639; x_wconf 76' lang='lat' dir='ltr'><strong>lumna:</strong></span> <span class='ocrx_word' id='word_1_490' title='bbox 368 3590 625 3638; x_wconf 84' lang='lat' dir='ltr'><strong>steterunt</strong></span> <span class='ocrx_word' id='word_1_491' title='bbox 654 3582 746 3636; x_wconf 90' lang='lat' dir='ltr'><strong>sub</strong></span> <span class='ocrx_word' id='word_1_492' title='bbox 781 3581 968 3635; x_wconf 87' lang='lat' dir='ltr'><strong>cibario</strong></span> <span class='ocrx_word' id='word_1_493' title='bbox 994 3580 1149 3651; x_wconf 82' lang='lat' dir='ltr'><strong>usque</strong></span> <span class='ocrx_word' id='word_1_494' title='bbox 1179 3580 1246 3632; x_wconf 87' lang='lat' dir='ltr'><strong>ad</strong></span> <span class='ocrx_word' id='word_1_495' title='bbox 1289 3588 1515 3647; x_wconf 91' lang='lat' dir='ltr'><strong>tempora</strong></span> <span class='ocrx_word' id='word_1_496' title='bbox 1545 3589 1738 3643; x_wconf 87' lang='lat' dir='ltr'><strong>nostra,</strong></span> 
     </span>
    </p>
   </div>
   <div class='ocr_carea' id='block_1_74' title="bbox 156 3651 1739 3710">
    <p class='ocr_par' dir='ltr' id='par_1_74' title="bbox 156 3651 1739 3710">
     <span class='ocr_line' id='line_1_76' title="bbox 156 3651 1739 3710; baseline -0.003 -2"><span class='ocrx_word' id='word_1_497' title='bbox 156 3670 286 3709; x_wconf 83' lang='lat' dir='ltr'><strong>nunc</strong></span> <span class='ocrx_word' id='word_1_498' title='bbox 313 3663 445 3710; x_wconf 85' lang='lat' dir='ltr'><strong>sunt</strong></span> <span class='ocrx_word' id='word_1_499' title='bbox 470 3655 521 3707; x_wconf 86' lang='lat' dir='ltr'><strong>in</strong></span> <span class='ocrx_word' id='word_1_500' title='bbox 559 3652 806 3707; x_wconf 83' lang='lat' dir='ltr'><strong>altaribus</strong></span> <span class='ocrx_word' id='word_1_501' title='bbox 1073 3660 1119 3704; x_wconf 89' lang='lat' dir='ltr'><strong>et</strong></span> <span class='ocrx_word' id='word_1_502' title='bbox 1160 3651 1287 3704; x_wconf 85' lang='lat' dir='ltr'><strong>alias</strong></span> <span class='ocrx_word' id='word_1_503' title='bbox 1330 3653 1591 3703; x_wconf 88' lang='lat' dir='ltr'><strong>columnas</strong></span> <span class='ocrx_word' id='word_1_504' title='bbox 1624 3651 1739 3703; x_wconf 80' lang='lat' dir='ltr'><strong>viti-</strong></span> 
     </span>
    </p>
   </div>
   <div class='ocr_carea' id='block_1_75' title="bbox 156 3720 1738 3797">
    <p class='ocr_par' dir='ltr' id='par_1_75' title="bbox 156 3720 1738 3797">
     <span class='ocr_line' id='line_1_77' title="bbox 156 3720 1738 3797; baseline -0.003 -19"><span class='ocrx_word' id='word_1_505' title='bbox 156 3742 295 3797; x_wconf 84' lang='lat' dir='ltr'><strong>a_eas,</strong></span> <span class='ocrx_word' id='word_1_506' title='bbox 345 3741 485 3797; x_wconf 82' lang='lat' dir='ltr'><strong>quas</strong></span> <span class='ocrx_word' id='word_1_507' title='bbox 531 3725 593 3779; x_wconf 90' lang='lat' dir='ltr'><strong>de</strong></span> <span class='ocrx_word' id='word_1_508' title='bbox 621 3722 1188 3797; x_wconf 57' lang='lat' dir='ltr'><strong>Grteciqpqduxqat,</strong></span> <span class='ocrx_word' id='word_1_509' title='bbox 1241 3730 1285 3773; x_wconf 89' lang='lat' dir='ltr'><strong>et</strong></span> <span class='ocrx_word' id='word_1_510' title='bbox 1326 3731 1526 3797; x_wconf 72' lang='lat' dir='ltr'><strong>exstant</strong></span> <span class='ocrx_word' id='word_1_511' title='bbox 1568 3720 1738 3797; x_wconf 68' lang='lat' dir='ltr'><strong>hodie.</strong></span> 
     </span>
    </p>
   </div>
   <div class='ocr_carea' id='block_1_76' title="bbox 159 3791 1740 3859">
    <p class='ocr_par' dir='ltr' id='par_1_76' title="bbox 159 3791 1740 3859">
     <span class='ocr_line' id='line_1_78' title="bbox 159 3791 1740 3859; baseline -0.001 -13"><span class='ocrx_word' id='word_1_512' title='bbox 159 3791 299 3849; x_wconf 81' lang='lat' dir='ltr'><strong>Fecit</strong></span> <span class='ocrx_word' id='word_1_513' title='bbox 326 3791 549 3851; x_wconf 76' lang='lat' dir='ltr'><strong>auream</strong></span> <span class='ocrx_word' id='word_1_514' title='bbox 571 3811 767 3847; x_wconf 86' lang='lat' dir='ltr'><strong>crucem</strong></span> <span class='ocrx_word' id='word_1_515' title='bbox 794 3793 883 3847; x_wconf 88' lang='lat' dir='ltr'><strong>lib.</strong></span> <span class='ocrx_word' id='word_1_516' title='bbox 916 3792 1041 3847; x_wconf 77' lang='lat'><strong>150.</strong></span> <span class='ocrx_word' id='word_1_517' title='bbox 1084 3792 1211 3859; x_wconf 63' lang='lat' dir='ltr'><strong>Quae</strong></span> <span class='ocrx_word' id='word_1_518' title='bbox 1240 3792 1400 3846; x_wconf 86' lang='lat' dir='ltr'><strong>verba</strong></span> <span class='ocrx_word' id='word_1_519' title='bbox 1430 3791 1635 3845; x_wconf 88' lang='lat' dir='ltr'><strong>mendis</strong></span> <span class='ocrx_word' id='word_1_520' title='bbox 1665 3794 1740 3845; x_wconf 86' lang='lat' dir='ltr'><strong>in-</strong></span> 
     </span>
    </p>
   </div>
   <div class='ocr_carea' id='block_1_77' title="bbox 156 3861 1742 3936">
    <p class='ocr_par' dir='ltr' id='par_1_77' title="bbox 156 3861 1742 3936">
     <span class='ocr_line' id='line_1_79' title="bbox 156 3861 1742 3936; baseline -0.004 -15"><span class='ocrx_word' id='word_1_521' title='bbox 156 3868 375 3936; x_wconf 86' lang='lat' dir='ltr'><strong>quinata</strong></span> <span class='ocrx_word' id='word_1_522' title='bbox 423 3880 553 3921; x_wconf 81' lang='lat' dir='ltr'><strong>esse</strong></span> <span class='ocrx_word' id='word_1_523' title='bbox 600 3864 754 3919; x_wconf 80' lang='lat' dir='ltr'><strong>facile</strong></span> <span class='ocrx_word' id='word_1_524' title='bbox 800 3861 1220 3933; x_wconf 83' lang='lat' dir='ltr'><strong>intelligeszsed</strong></span> <span class='ocrx_word' id='word_1_525' title='bbox 1254 3861 1381 3917; x_wconf 90' lang='lat' dir='ltr'><strong>tanti</strong></span> <span class='ocrx_word' id='word_1_526' title='bbox 1426 3877 1530 3916; x_wconf 92' lang='lat' dir='ltr'><strong>non</strong></span> <span class='ocrx_word' id='word_1_527' title='bbox 1575 3873 1653 3916; x_wconf 89' lang='lat' dir='ltr'><strong>est</strong></span> <span class='ocrx_word' id='word_1_528' title='bbox 1681 3876 1742 3917; x_wconf 89' lang='lat' dir='ltr'><strong>ea</strong></span> 
     </span>
    </p>
   </div>
   <div class='ocr_carea' id='block_1_78' title="bbox 159 3941 962 3992">
    <p class='ocr_par' dir='ltr' id='par_1_78' title="bbox 159 3941 962 3992">
     <span class='ocr_line' id='line_1_80' title="bbox 159 3941 962 3992; baseline 0.002 -3"><span class='ocrx_word' id='word_1_529' title='bbox 159 3941 470 3992; x_wconf 84' lang='lat' dir='ltr'><strong>emendare.</strong></span> <span class='ocrx_word' id='word_1_530' title='bbox 958 3959 962 3962; x_wconf 90' lang='grc'><strong>·</strong></span> 
     </span>
    </p>
   </div>
   <div class='ocr_carea' id='block_1_79' title="bbox 227 4003 1740 4074">
    <p class='ocr_par' dir='ltr' id='par_1_79' title="bbox 227 4003 1740 4074">
     <span class='ocr_line' id='line_1_81' title="bbox 227 4003 1740 4074; baseline -0.003 -11"><span class='ocrx_word' id='word_1_531' title='bbox 227 4009 319 4065; x_wconf 72' lang='grc'><strong>52.</strong></span> <span class='ocrx_word' id='word_1_532' title='bbox 378 4008 545 4072; x_wconf 65' lang='lat' dir='ltr'><strong>Man,</strong></span> <span class='ocrx_word' id='word_1_533' title='bbox 603 4022 825 4071; x_wconf 84' lang='lat' dir='ltr'><strong>canans;</strong></span> <span class='ocrx_word' id='word_1_534' title='bbox 876 4018 1057 4073; x_wconf 85' lang='lat' dir='ltr'><strong>supra,</strong></span> <span class='ocrx_word' id='word_1_535' title='bbox 1091 4012 1256 4071; x_wconf 91' lang='lat' dir='ltr'><strong>recte,</strong></span> <span class='ocrx_word' id='word_1_536' title='bbox 1304 4012 1507 4057; x_wconf 82' lang='lat' dir='ltr'><strong>canens.</strong></span> <span class='ocrx_word' id='word_1_537' title='bbox 1562 4003 1740 4074; x_wconf 82' lang='lat' dir='ltr'><strong>Prag.,</strong></span> 
     </span>
    </p>
   </div>
   <div class='ocr_carea' id='block_1_80' title="bbox 160 4074 1744 4145">
    <p class='ocr_par' dir='ltr' id='par_1_80' title="bbox 160 4074 1744 4145">
     <span class='ocr_line' id='line_1_82' title="bbox 160 4074 1744 4145; baseline -0.001 -16"><span class='ocrx_word' id='word_1_538' title='bbox 160 4077 377 4142; x_wconf 81' lang='lat' dir='ltr'><strong>Weitz.,</strong></span> <span class='ocrx_word' id='word_1_539' title='bbox 414 4079 563 4131; x_wconf 80' lang='lat' dir='ltr'><strong>Vatt.</strong></span> <span class='ocrx_word' id='word_1_540' title='bbox 600 4077 657 4141; x_wconf 83' lang='grc' dir='ltr'><strong>Β,</strong></span> <span class='ocrx_word' id='word_1_541' title='bbox 688 4079 754 4145; x_wconf 73' lang='grc' dir='ltr'><strong>ρ,</strong></span> <span class='ocrx_word' id='word_1_542' title='bbox 788 4077 936 4130; x_wconf 85' lang='lat' dir='ltr'><strong>olivo.</strong></span> <span class='ocrx_word' id='word_1_543' title='bbox 968 4074 1112 4141; x_wconf 79' lang='lat' dir='ltr'><strong>Rat.,</strong></span> <span class='ocrx_word' id='word_1_544' title='bbox 1148 4076 1312 4128; x_wconf 78' lang='lat' dir='ltr'><strong>olivte.</strong></span> <span class='ocrx_word' id='word_1_545' title='bbox 1346 4074 1491 4142; x_wconf 85' lang='lat' dir='ltr'><strong>Ald.,</strong></span> <span class='ocrx_word' id='word_1_546' title='bbox 1524 4075 1673 4138; x_wconf 84' lang='lat' dir='ltr'><strong>oliva,</strong></span> <span class='ocrx_word' id='word_1_547' title='bbox 1698 4085 1744 4128; x_wconf 90' lang='lat' dir='ltr'><strong>et</strong></span> 
     </span>
    </p>
   </div>
   <div class='ocr_carea' id='block_1_81' title="bbox 162 4144 1745 4214">
    <p class='ocr_par' dir='ltr' id='par_1_81' title="bbox 162 4144 1745 4214">
     <span class='ocr_line' id='line_1_83' title="bbox 162 4144 1745 4214; baseline -0.003 -14"><span class='ocrx_word' id='word_1_548' title='bbox 162 4166 521 4203; x_wconf 85' lang='lat' dir='ltr'><strong>murmurans.</strong></span> <span class='ocrx_word' id='word_1_549' title='bbox 558 4144 821 4214; x_wconf 74' lang='lat' dir='ltr'><strong>PleriqUe,</strong></span> <span class='ocrx_word' id='word_1_550' title='bbox 849 4156 906 4200; x_wconf 92' lang='lat' dir='ltr'><strong>ut</strong></span> <span class='ocrx_word' id='word_1_551' title='bbox 934 4146 1132 4200; x_wconf 91' lang='lat' dir='ltr'><strong>editum</strong></span> <span class='ocrx_word' id='word_1_552' title='bbox 1161 4154 1261 4198; x_wconf 90' lang='lat' dir='ltr'><strong>est.</strong></span> <span class='ocrx_word' id='word_1_553' title='bbox 1311 4145 1614 4198; x_wconf 87' lang='lat' dir='ltr'><strong>Etiamnum</strong></span> <span class='ocrx_word' id='word_1_554' title='bbox 1645 4144 1745 4199; x_wconf 92' lang='lat' dir='ltr'><strong>oli-</strong></span> 
     </span>
    </p>
   </div>
   <div class='ocr_carea' id='block_1_82' title="bbox 165 4216 1745 4283">
    <p class='ocr_par' dir='ltr' id='par_1_82' title="bbox 165 4216 1745 4283">
     <span class='ocr_line' id='line_1_84' title="bbox 165 4216 1745 4283; baseline -0.004 -10"><span class='ocrx_word' id='word_1_555' title='bbox 165 4234 240 4273; x_wconf 71' lang='grc' dir='ltr'><strong>νεη</strong></span> <span class='ocrx_word' id='word_1_556' title='bbox 282 4222 336 4275; x_wconf 92' lang='lat' dir='ltr'><strong>in</strong></span> <span class='ocrx_word' id='word_1_557' title='bbox 372 4220 637 4273; x_wconf 86' lang='lat' dir='ltr'><strong>Vaticano</strong></span> <span class='ocrx_word' id='word_1_558' title='bbox 680 4219 977 4271; x_wconf 89' lang='lat' dir='ltr'><strong>virescunt.</strong></span> <span class='ocrx_word' id='word_1_559' title='bbox 1014 4216 1269 4270; x_wconf 85' lang='lat' dir='ltr'><strong>Weitzius</strong></span> <span class='ocrx_word' id='word_1_560' title='bbox 1299 4217 1372 4269; x_wconf 91' lang='lat' dir='ltr'><strong>ait</strong></span> <span class='ocrx_word' id='word_1_561' title='bbox 1415 4229 1580 4283; x_wconf 89' lang='lat' dir='ltr'><strong>prope</strong></span> <span class='ocrx_word' id='word_1_562' title='bbox 1612 4223 1745 4268; x_wconf 85' lang='lat' dir='ltr'><strong>tem-</strong></span> 
     </span>
    </p>
   </div>
   <div class='ocr_carea' id='block_1_83' title="bbox 164 4284 1746 4356">
    <p class='ocr_par' dir='ltr' id='par_1_83' title="bbox 164 4284 1746 4356">
     <span class='ocr_line' id='line_1_85' title="bbox 164 4284 1746 4356; baseline -0.002 -14"><span class='ocrx_word' id='word_1_563' title='bbox 164 4292 303 4356; x_wconf 91' lang='lat' dir='ltr'><strong>plum</strong></span> <span class='ocrx_word' id='word_1_564' title='bbox 341 4292 665 4343; x_wconf 74' lang='lat' dir='ltr'><strong>Vaticanum</strong></span> <span class='ocrx_word' id='word_1_565' title='bbox 698 4296 871 4343; x_wconf 90' lang='lat' dir='ltr'><strong>ortum</strong></span> <span class='ocrx_word' id='word_1_566' title='bbox 905 4288 1100 4341; x_wconf 88' lang='lat' dir='ltr'><strong>fontem</strong></span> <span class='ocrx_word' id='word_1_567' title='bbox 1130 4301 1196 4340; x_wconf 84' lang='lat' dir='ltr'><strong>ex</strong></span> <span class='ocrx_word' id='word_1_568' title='bbox 1225 4302 1329 4353; x_wconf 91' lang='lat' dir='ltr'><strong>quo</strong></span> <span class='ocrx_word' id='word_1_569' title='bbox 1360 4285 1416 4340; x_wconf 89' lang='lat' dir='ltr'><strong>S.</strong></span> <span class='ocrx_word' id='word_1_570' title='bbox 1453 4284 1638 4339; x_wconf 80' lang='lat' dir='ltr'><strong>Petrus</strong></span> <span class='ocrx_word' id='word_1_571' title='bbox 1665 4286 1746 4339; x_wconf 89' lang='lat' dir='ltr'><strong>sui</strong></span> 
     </span>
    </p>
   </div>
   <div class='ocr_carea' id='block_1_84' title="bbox 166 4356 1750 4427">
    <p class='ocr_par' dir='ltr' id='par_1_84' title="bbox 166 4356 1750 4427">
     <span class='ocr_line' id='line_1_86' title="bbox 166 4356 1750 4427; baseline -0.003 -14"><span class='ocrx_word' id='word_1_572' title='bbox 166 4364 399 4415; x_wconf 80' lang='lat' dir='ltr'><strong>carceris</strong></span> <span class='ocrx_word' id='word_1_573' title='bbox 430 4358 688 4415; x_wconf 86' lang='lat' dir='ltr'><strong>custodes</strong></span> <span class='ocrx_word' id='word_1_574' title='bbox 714 4359 1078 4427; x_wconf 81' lang='lat' dir='ltr'><strong>baptizaverit,</strong></span> <span class='ocrx_word' id='word_1_575' title='bbox 1129 4356 1195 4427; x_wconf 90' lang='lat' dir='ltr'><strong>de</strong></span> <span class='ocrx_word' id='word_1_576' title='bbox 1223 4372 1325 4425; x_wconf 91' lang='lat' dir='ltr'><strong>quo</strong></span> <span class='ocrx_word' id='word_1_577' title='bbox 1359 4357 1586 4423; x_wconf 78' lang='lat' dir='ltr'><strong>loquitur</strong></span> <span class='ocrx_word' id='word_1_578' title='bbox 1618 4356 1750 4427; x_wconf 62' lang='grc' dir='ltr'><strong>Ρτυετ</strong></span> 
     </span>
    </p>
   </div>
   <div class='ocr_carea' id='block_1_85' title="bbox 164 4426 1749 4486">
    <p class='ocr_par' dir='ltr' id='par_1_85' title="bbox 164 4426 1749 4486">
     <span class='ocr_line' id='line_1_87' title="bbox 164 4426 1749 4486; baseline -0.002 -3"><span class='ocrx_word' id='word_1_579' title='bbox 164 4431 399 4486; x_wconf 73' lang='grc' dir='ltr'><strong>όριιιὶιμ.</strong></span> <span class='ocrx_word' id='word_1_580' title='bbox 451 4431 608 4485; x_wconf 82' lang='lat' dir='ltr'><strong>Hunc</strong></span> <span class='ocrx_word' id='word_1_581' title='bbox 657 4426 893 4484; x_wconf 80' lang='lat' dir='ltr'><strong>errorem</strong></span> <span class='ocrx_word' id='word_1_582' title='bbox 936 4426 1284 4480; x_wconf 85' lang='lat' dir='ltr'><strong>animadverti</strong></span> <span class='ocrx_word' id='word_1_583' title='bbox 1328 4434 1382 4479; x_wconf 89' lang='lat' dir='ltr'><strong>ct</strong></span> <span class='ocrx_word' id='word_1_584' title='bbox 1428 4428 1636 4480; x_wconf 80' lang='lat' dir='ltr'><strong>correxi</strong></span> <span class='ocrx_word' id='word_1_585' title='bbox 1683 4426 1749 4480; x_wconf 90' lang='lat' dir='ltr'><strong>ad</strong></span> 
     </span>
    </p>
   </div>
   <div class='ocr_carea' id='block_1_86' title="bbox 166 4496 1751 4570">
    <p class='ocr_par' dir='ltr' id='par_1_86' title="bbox 166 4496 1751 4570">
     <span class='ocr_line' id='line_1_88' title="bbox 166 4496 1751 4570; baseline -0.001 -18"><span class='ocrx_word' id='word_1_586' title='bbox 166 4500 348 4570; x_wconf 84' lang='lat' dir='ltr'><strong>hymn.</strong></span> <span class='ocrx_word' id='word_1_587' title='bbox 402 4502 485 4556; x_wconf 90' lang='lat' dir='ltr'><strong>De</strong></span> <span class='ocrx_word' id='word_1_588' title='bbox 534 4501 653 4555; x_wconf 88' lang='lat' dir='ltr'><strong>loco</strong></span> <span class='ocrx_word' id='word_1_589' title='bbox 698 4502 746 4554; x_wconf 91' lang='lat' dir='ltr'><strong>in</strong></span> <span class='ocrx_word' id='word_1_590' title='bbox 780 4514 884 4569; x_wconf 92' lang='lat' dir='ltr'><strong>quo</strong></span> <span class='ocrx_word' id='word_1_591' title='bbox 916 4510 1176 4570; x_wconf 73' lang='lat' dir='ltr'><strong>martyres</strong></span> <span class='ocrx_word' id='word_1_592' title='bbox 1218 4497 1360 4567; x_wconf 89' lang='lat' dir='ltr'><strong>passi</strong></span> <span class='ocrx_word' id='word_1_593' title='bbox 1391 4506 1533 4561; x_wconf 89' lang='lat' dir='ltr'><strong>sunt,</strong></span> <span class='ocrx_word' id='word_1_594' title='bbox 1566 4504 1672 4549; x_wconf 90' lang='lat' dir='ltr'><strong>ctc.</strong></span> <span class='ocrx_word' id='word_1_595' title='bbox 1706 4496 1751 4550; x_wconf 82' lang='grc' dir='ltr'><strong>Α</strong></span> 
     </span>
    </p>
   </div>
   <div class='ocr_carea' id='block_1_87' title="bbox 167 4568 1198 4627">
    <p class='ocr_par' dir='ltr' id='par_1_87' title="bbox 167 4568 1198 4627">
     <span class='ocr_line' id='line_1_89' title="bbox 167 4568 1198 4627; baseline -0.006 -4"><span class='ocrx_word' id='word_1_596' title='bbox 167 4568 408 4626; x_wconf 76' lang='lat' dir='ltr'><strong>Gi~elino</strong></span> <span class='ocrx_word' id='word_1_597' title='bbox 431 4587 680 4627; x_wconf 88' lang='lat' dir='ltr'><strong>errorem</strong></span> <span class='ocrx_word' id='word_1_598' title='bbox 712 4568 887 4624; x_wconf 86' lang='lat' dir='ltr'><strong>hausit</strong></span> <span class='ocrx_word' id='word_1_599' title='bbox 916 4568 1198 4624; x_wconf 86' lang='lat' dir='ltr'><strong>Weitzius.</strong></span> 
     </span>
    </p>
   </div>
   <div class='ocr_carea' id='block_1_88' title="bbox 1842 3302 3415 3371">
    <p class='ocr_par' dir='ltr' id='par_1_88' title="bbox 1842 3302 3415 3371">
     <span class='ocr_line' id='line_1_90' title="bbox 1842 3302 3415 3371; baseline 0.001 -16"><span class='ocrx_word' id='word_1_600' title='bbox 1842 3318 1958 3355; x_wconf 89' lang='lat' dir='ltr'><strong>sum</strong></span> <span class='ocrx_word' id='word_1_601' title='bbox 1981 3302 2049 3356; x_wconf 91' lang='lat' dir='ltr'><strong>de</strong></span> <span class='ocrx_word' id='word_1_602' title='bbox 2076 3303 2323 3371; x_wconf 83' lang='lat' dir='ltr'><strong>passione</strong></span> <span class='ocrx_word' id='word_1_603' title='bbox 2350 3303 2560 3357; x_wconf 91' lang='lat' dir='ltr'><strong>Domini</strong></span> <span class='ocrx_word' id='word_1_604' title='bbox 2584 3303 2921 3359; x_wconf 90' lang='lat' dir='ltr'><strong>indicandum</strong></span> <span class='ocrx_word' id='word_1_605' title='bbox 2950 3324 2962 3356; x_wconf 88' lang='lat'><strong>:</strong></span> <span class='ocrx_word' id='word_1_606' title='bbox 2987 3305 3127 3358; x_wconf 90' lang='lat' dir='ltr'><strong>unde</strong></span> <span class='ocrx_word' id='word_1_607' title='bbox 3152 3302 3415 3371; x_wconf 73' lang='lat' dir='ltr'><strong>origini-ni</strong></span> 
     </span>
    </p>
   </div>
   <div class='ocr_carea' id='block_1_89' title="bbox 1838 3374 3412 3443">
    <p class='ocr_par' dir='ltr' id='par_1_89' title="bbox 1838 3374 3412 3443">
     <span class='ocr_line' id='line_1_91' title="bbox 1838 3374 3412 3443; baseline -0.001 -17"><span class='ocrx_word' id='word_1_608' title='bbox 1838 3374 2064 3443; x_wconf 68' lang='lat' dir='ltr'><strong>traxerit</strong></span> <span class='ocrx_word' id='word_1_609' title='bbox 2091 3374 2423 3443; x_wconf 85' lang='lat' dir='ltr'><strong>consuetudo</strong></span> <span class='ocrx_word' id='word_1_610' title='bbox 2461 3389 2567 3428; x_wconf 91' lang='lat' dir='ltr'><strong>non</strong></span> <span class='ocrx_word' id='word_1_611' title='bbox 2604 3374 2888 3429; x_wconf 91' lang='lat' dir='ltr'><strong>adhibendi</strong></span> <span class='ocrx_word' id='word_1_612' title='bbox 2919 3390 3105 3443; x_wconf 85' lang='lat' dir='ltr'><strong>aquam</strong></span> <span class='ocrx_word' id='word_1_613' title='bbox 3141 3375 3412 3429; x_wconf 84' lang='lat' dir='ltr'><strong>lustralem</strong></span> 
     </span>
    </p>
   </div>
   <div class='ocr_carea' id='block_1_90' title="bbox 1843 3442 3415 3511">
    <p class='ocr_par' dir='ltr' id='par_1_90' title="bbox 1843 3442 3415 3511">
     <span class='ocr_line' id='line_1_92' title="bbox 1843 3442 3415 3511; baseline 0.001 -15"><span class='ocrx_word' id='word_1_614' title='bbox 1843 3442 1972 3496; x_wconf 86' lang='lat' dir='ltr'><strong>feria</strong></span> <span class='ocrx_word' id='word_1_615' title='bbox 2018 3445 2050 3497; x_wconf 86' lang='lat'><strong>5</strong></span> <span class='ocrx_word' id='word_1_616' title='bbox 2089 3453 2143 3497; x_wconf 93' lang='lat' dir='ltr'><strong>et</strong></span> <span class='ocrx_word' id='word_1_617' title='bbox 2183 3442 2215 3495; x_wconf 85' lang='lat'>6</span> <span class='ocrx_word' id='word_1_618' title='bbox 2261 3444 2377 3511; x_wconf 86' lang='lat' dir='ltr'><strong>ejus</strong></span> <span class='ocrx_word' id='word_1_619' title='bbox 2429 3444 2797 3499; x_wconf 87' lang='lat' dir='ltr'><strong>hebdomadis.</strong></span> <span class='ocrx_word' id='word_1_620' title='bbox 2852 3442 3043 3501; x_wconf 81' lang='lat' dir='ltr'><strong>Matriti</strong></span> <span class='ocrx_word' id='word_1_621' title='bbox 3092 3460 3231 3499; x_wconf 91' lang='lat' dir='ltr'><strong>anno</strong></span> <span class='ocrx_word' id='word_1_622' title='bbox 3280 3444 3415 3498; x_wconf 76' lang='grc'>1786</span> 
     </span>
    </p>
   </div>
   <div class='ocr_carea' id='block_1_91' title="bbox 1844 3513 3414 3583">
    <p class='ocr_par' dir='ltr' id='par_1_91' title="bbox 1844 3513 3414 3583">
     <span class='ocr_line' id='line_1_93' title="bbox 1844 3513 3414 3583; baseline -0.001 -16"><span class='ocrx_word' id='word_1_623' title='bbox 1844 3513 2041 3582; x_wconf 90' lang='lat' dir='ltr'><strong>prodiit</strong></span> <span class='ocrx_word' id='word_1_624' title='bbox 2065 3515 2382 3581; x_wconf 90' lang='lat' dir='ltr'><strong>opusculum</strong></span> <span class='ocrx_word' id='word_1_625' title='bbox 2411 3530 2515 3583; x_wconf 91' lang='lat' dir='ltr'><strong>quo</strong></span> <span class='ocrx_word' id='word_1_626' title='bbox 2544 3516 2656 3569; x_wconf 84' lang='lat' dir='ltr'><strong>haec</strong></span> <span class='ocrx_word' id='word_1_627' title='bbox 2687 3517 3019 3571; x_wconf 87' lang='lat' dir='ltr'><strong>consuetudo</strong></span> <span class='ocrx_word' id='word_1_628' title='bbox 3062 3515 3414 3583; x_wconf 86' lang='lat' dir='ltr'><strong>improbatur.</strong></span> 
     </span>
    </p>
   </div>
   <div class='ocr_carea' id='block_1_92' title="bbox 1844 3584 3417 3642">
    <p class='ocr_par' dir='ltr' id='par_1_92' title="bbox 1844 3584 3417 3642">
     <span class='ocr_line' id='line_1_94' title="bbox 1844 3584 3417 3642; baseline -0.004 -3"><span class='ocrx_word' id='word_1_629' title='bbox 1844 3585 1959 3639; x_wconf 84' lang='lat' dir='ltr'><strong>Jam</strong></span> <span class='ocrx_word' id='word_1_630' title='bbox 1986 3599 2127 3637; x_wconf 90' lang='lat' dir='ltr'><strong>anno</strong></span> <span class='ocrx_word' id='word_1_631' title='bbox 2162 3585 2299 3639; x_wconf 79' lang='grc'>1782</span> <span class='ocrx_word' id='word_1_632' title='bbox 2329 3584 2530 3639; x_wconf 86' lang='lat' dir='ltr'><strong>editum</strong></span> <span class='ocrx_word' id='word_1_633' title='bbox 2561 3585 2731 3640; x_wconf 79' lang='lat' dir='ltr'><strong>fuerat</strong></span> <span class='ocrx_word' id='word_1_634' title='bbox 2760 3586 2992 3642; x_wconf 74' lang='lat' dir='ltr'><strong>Perusiae</strong></span> <span class='ocrx_word' id='word_1_635' title='bbox 3024 3587 3268 3641; x_wconf 85' lang='lat' dir='ltr'><strong>volumen</strong></span> <span class='ocrx_word' id='word_1_636' title='bbox 3298 3587 3347 3638; x_wconf 90' lang='lat' dir='ltr'><strong>in</strong></span> <span class='ocrx_word' id='word_1_637' title='bbox 3384 3587 3417 3632; x_wconf 72' lang='grc'><strong>8</strong></span> 
     </span>
    </p>
   </div>
   <div class='ocr_carea' id='block_1_93' title="bbox 1845 3656 3414 3725">
    <p class='ocr_par' dir='ltr' id='par_1_93' title="bbox 1845 3656 3414 3725">
     <span class='ocr_line' id='line_1_95' title="bbox 1845 3656 3414 3725; baseline -0.001 -18"><span class='ocrx_word' id='word_1_638' title='bbox 1845 3669 1950 3722; x_wconf 91' lang='lat' dir='ltr'><strong>quo</strong></span> <span class='ocrx_word' id='word_1_639' title='bbox 1998 3664 2226 3723; x_wconf 88' lang='lat' dir='ltr'><strong>quatuor</strong></span> <span class='ocrx_word' id='word_1_640' title='bbox 2271 3656 2526 3723; x_wconf 91' lang='lat' dir='ltr'><strong>opuscula</strong></span> <span class='ocrx_word' id='word_1_641' title='bbox 2582 3657 2761 3712; x_wconf 88' lang='lat' dir='ltr'><strong>ltalice</strong></span> <span class='ocrx_word' id='word_1_642' title='bbox 2806 3659 2999 3725; x_wconf 79' lang='lat' dir='ltr'><strong>scripta</strong></span> <span class='ocrx_word' id='word_1_643' title='bbox 3052 3658 3414 3715; x_wconf 86' lang='lat' dir='ltr'><strong>continentur,</strong></span> 
     </span>
    </p>
   </div>
   <div class='ocr_carea' id='block_1_94' title="bbox 1845 3724 3417 3794">
    <p class='ocr_par' dir='ltr' id='par_1_94' title="bbox 1845 3724 3417 3794">
     <span class='ocr_line' id='line_1_96' title="bbox 1845 3724 3417 3794; baseline 0 -17"><span class='ocrx_word' id='word_1_644' title='bbox 1845 3739 2069 3792; x_wconf 91' lang='lat' dir='ltr'><strong>quorum</strong></span> <span class='ocrx_word' id='word_1_645' title='bbox 2114 3726 2287 3794; x_wconf 86' lang='lat' dir='ltr'><strong>primo</strong></span> <span class='ocrx_word' id='word_1_646' title='bbox 2315 3735 2533 3781; x_wconf 88' lang='lat' dir='ltr'><strong>auctore</strong></span> <span class='ocrx_word' id='word_1_647' title='bbox 2566 3726 2629 3780; x_wconf 87' lang='lat' dir='ltr'><strong>G.</strong></span> <span class='ocrx_word' id='word_1_648' title='bbox 2664 3726 2723 3780; x_wconf 91' lang='lat' dir='ltr'><strong>C.</strong></span> <span class='ocrx_word' id='word_1_649' title='bbox 2772 3724 3070 3794; x_wconf 69' lang='lat' dir='ltr'><strong>litijuSmmli</strong></span> <span class='ocrx_word' id='word_1_650' title='bbox 3104 3742 3231 3780; x_wconf 90' lang='lat' dir='ltr'><strong>usus</strong></span> <span class='ocrx_word' id='word_1_651' title='bbox 3258 3724 3417 3777; x_wconf 85' lang='lat' dir='ltr'><strong>refel-</strong></span> 
     </span>
    </p>
   </div>
   <div class='ocr_carea' id='block_1_95' title="bbox 1846 3794 3416 3867">
    <p class='ocr_par' dir='ltr' id='par_1_95' title="bbox 1846 3794 3416 3867">
     <span class='ocr_line' id='line_1_97' title="bbox 1846 3794 3416 3867; baseline 0 -20"><span class='ocrx_word' id='word_1_652' title='bbox 1846 3795 1996 3861; x_wconf 86' lang='lat' dir='ltr'><strong>litur,</strong></span> <span class='ocrx_word' id='word_1_653' title='bbox 2032 3794 2201 3867; x_wconf 83' lang='lat' dir='ltr'><strong>tribus</strong></span> <span class='ocrx_word' id='word_1_654' title='bbox 2230 3796 2347 3849; x_wconf 89' lang='lat' dir='ltr'><strong>aliis</strong></span> <span class='ocrx_word' id='word_1_655' title='bbox 2381 3811 2595 3864; x_wconf 88' lang='lat' dir='ltr'><strong>prorsus</strong></span> <span class='ocrx_word' id='word_1_656' title='bbox 2634 3798 2914 3867; x_wconf 86' lang='lat' dir='ltr'><strong>anonymis</strong></span> <span class='ocrx_word' id='word_1_657' title='bbox 2944 3796 3265 3852; x_wconf 89' lang='lat' dir='ltr'><strong>defenditur.</strong></span> <span class='ocrx_word' id='word_1_658' title='bbox 3300 3794 3416 3847; x_wconf 84' lang='lat' dir='ltr'><strong>.lam</strong></span> 
     </span>
    </p>
   </div>
   <div class='ocr_carea' id='block_1_96' title="bbox 1846 3865 3417 3930">
    <p class='ocr_par' dir='ltr' id='par_1_96' title="bbox 1846 3865 3417 3930">
     <span class='ocr_line' id='line_1_98' title="bbox 1846 3865 3417 3930; baseline -0.001 -12"><span class='ocrx_word' id='word_1_659' title='bbox 1846 3867 1889 3918; x_wconf 89' lang='lat' dir='ltr'><strong>si</strong></span> <span class='ocrx_word' id='word_1_660' title='bbox 1909 3865 2179 3920; x_wconf 88' lang='lat' dir='ltr'><strong>Prudentii</strong></span> <span class='ocrx_word' id='word_1_661' title='bbox 2208 3880 2395 3921; x_wconf 80' lang='lat' dir='ltr'><strong>versus</strong></span> <span class='ocrx_word' id='word_1_662' title='bbox 2421 3878 2539 3920; x_wconf 90' lang='lat' dir='ltr'><strong>cum</strong></span> <span class='ocrx_word' id='word_1_663' title='bbox 2562 3871 2728 3922; x_wconf 83' lang='lat' dir='ltr'><strong>veteri</strong></span> <span class='ocrx_word' id='word_1_664' title='bbox 2754 3865 2839 3921; x_wconf 86' lang='lat' dir='ltr'><strong>illa</strong></span> <span class='ocrx_word' id='word_1_665' title='bbox 2865 3866 3270 3930; x_wconf 87' lang='lat' dir='ltr'><strong>consuetudine,</strong></span> <span class='ocrx_word' id='word_1_666' title='bbox 3297 3880 3417 3918; x_wconf 91' lang='lat' dir='ltr'><strong>cum</strong></span> 
     </span>
    </p>
   </div>
   <div class='ocr_carea' id='block_1_97' title="bbox 1846 3936 3422 4005">
    <p class='ocr_par' dir='ltr' id='par_1_97' title="bbox 1846 3936 3422 4005">
     <span class='ocr_line' id='line_1_99' title="bbox 1846 3936 3422 4005; baseline -0.003 -15"><span class='ocrx_word' id='word_1_667' title='bbox 1846 3936 2050 3990; x_wconf 91' lang='lat' dir='ltr'><strong>Paulini</strong></span> <span class='ocrx_word' id='word_1_668' title='bbox 2094 3947 2145 3988; x_wconf 91' lang='lat' dir='ltr'><strong>et</strong></span> <span class='ocrx_word' id='word_1_669' title='bbox 2176 3936 2405 3990; x_wconf 87' lang='lat' dir='ltr'><strong>Ennodii</strong></span> <span class='ocrx_word' id='word_1_670' title='bbox 2438 3938 2610 3990; x_wconf 87' lang='lat' dir='ltr'><strong>verbis</strong></span> <span class='ocrx_word' id='word_1_671' title='bbox 2649 3937 3013 4001; x_wconf 85' lang='lat' dir='ltr'><strong>conferantur,</strong></span> <span class='ocrx_word' id='word_1_672' title='bbox 3066 3937 3281 4005; x_wconf 89' lang='lat' dir='ltr'><strong>planum</strong></span> <span class='ocrx_word' id='word_1_673' title='bbox 3332 3936 3422 3986; x_wconf 80' lang='lat' dir='ltr'><strong>lict</strong></span> 
     </span>
    </p>
   </div>
   <div class='ocr_carea' id='block_1_98' title="bbox 1848 4004 3423 4073">
    <p class='ocr_par' dir='ltr' id='par_1_98' title="bbox 1848 4004 3423 4073">
     <span class='ocr_line' id='line_1_100' title="bbox 1848 4004 3423 4073; baseline 0 -14"><span class='ocrx_word' id='word_1_674' title='bbox 1848 4022 1951 4059; x_wconf 88' lang='lat' dir='ltr'><strong>non</strong></span> <span class='ocrx_word' id='word_1_675' title='bbox 1983 4006 2049 4059; x_wconf 86' lang='lat' dir='ltr'><strong>de</strong></span> <span class='ocrx_word' id='word_1_676' title='bbox 2078 4004 2221 4060; x_wconf 85' lang='lat' dir='ltr'><strong>fonte</strong></span> <span class='ocrx_word' id='word_1_677' title='bbox 2251 4007 2549 4073; x_wconf 87' lang='lat' dir='ltr'><strong>baptismali</strong></span> <span class='ocrx_word' id='word_1_678' title='bbox 2584 4008 2729 4061; x_wconf 91' lang='lat' dir='ltr'><strong>illum</strong></span> <span class='ocrx_word' id='word_1_679' title='bbox 2759 4009 3013 4071; x_wconf 83' lang='lat' dir='ltr'><strong>locutum,</strong></span> <span class='ocrx_word' id='word_1_680' title='bbox 3045 4004 3137 4062; x_wconf 78' lang='lat' dir='ltr'><strong>sed</strong></span> <span class='ocrx_word' id='word_1_681' title='bbox 3168 4005 3236 4061; x_wconf 91' lang='lat' dir='ltr'><strong>de</strong></span> <span class='ocrx_word' id='word_1_682' title='bbox 3276 4005 3423 4059; x_wconf 90' lang='lat' dir='ltr'><strong>fonte</strong></span> 
     </span>
    </p>
   </div>
   <div class='ocr_carea' id='block_1_99' title="bbox 1847 4077 3425 4146">
    <p class='ocr_par' dir='ltr' id='par_1_99' title="bbox 1847 4077 3425 4146">
     <span class='ocr_line' id='line_1_101' title="bbox 1847 4077 3425 4146; baseline -0.001 -16"><span class='ocrx_word' id='word_1_683' title='bbox 1847 4086 1970 4130; x_wconf 89' lang='lat' dir='ltr'><strong>ante</strong></span> <span class='ocrx_word' id='word_1_684' title='bbox 1992 4077 2347 4143; x_wconf 73' lang='lat' dir='ltr'><strong>loresaempli</strong></span> <span class='ocrx_word' id='word_1_685' title='bbox 2377 4077 2655 4131; x_wconf 87' lang='lat' dir='ltr'><strong>collocato.</strong></span> <span class='ocrx_word' id='word_1_686' title='bbox 2692 4079 2777 4131; x_wconf 85' lang='lat' dir='ltr'><strong>Ait</strong></span> <span class='ocrx_word' id='word_1_687' title='bbox 2814 4077 2971 4146; x_wconf 78' lang='lat' dir='ltr'><strong>igitur</strong></span> <span class='ocrx_word' id='word_1_688' title='bbox 2987 4077 3311 4131; x_wconf 83' lang='lat' dir='ltr'><strong>Prudentius</strong></span> <span class='ocrx_word' id='word_1_689' title='bbox 3340 4090 3425 4129; x_wconf 88' lang='lat' dir='ltr'><strong>rc-</strong></span> 
     </span>
    </p>
   </div>
   <div class='ocr_carea' id='block_1_100' title="bbox 1849 4146 3425 4216">
    <p class='ocr_par' dir='ltr' id='par_1_100' title="bbox 1849 4146 3425 4216">
     <span class='ocr_line' id='line_1_102' title="bbox 1849 4146 3425 4216; baseline -0.001 -17"><span class='ocrx_word' id='word_1_690' title='bbox 1849 4148 2066 4216; x_wconf 87' lang='lat' dir='ltr'><strong>gionem</strong></span> <span class='ocrx_word' id='word_1_691' title='bbox 2084 4146 2133 4199; x_wconf 91' lang='lat' dir='ltr'><strong>in</strong></span> <span class='ocrx_word' id='word_1_692' title='bbox 2149 4160 2249 4215; x_wconf 89' lang='lat' dir='ltr'><strong>qua</strong></span> <span class='ocrx_word' id='word_1_693' title='bbox 2272 4148 2510 4212; x_wconf 88' lang='lat' dir='ltr'><strong>sepultus</strong></span> <span class='ocrx_word' id='word_1_694' title='bbox 2530 4158 2648 4202; x_wconf 88' lang='lat' dir='ltr'><strong>erat</strong></span> <span class='ocrx_word' id='word_1_695' title='bbox 2662 4148 2716 4201; x_wconf 93' lang='lat' dir='ltr'><strong>S.</strong></span> <span class='ocrx_word' id='word_1_696' title='bbox 2735 4148 2922 4203; x_wconf 86' lang='lat' dir='ltr'><strong>Petrus</strong></span> <span class='ocrx_word' id='word_1_697' title='bbox 2937 4148 3112 4203; x_wconf 88' lang='lat' dir='ltr'><strong>aureis</strong></span> <span class='ocrx_word' id='word_1_698' title='bbox 3128 4148 3227 4202; x_wconf 89' lang='lat' dir='ltr'><strong>sub</strong></span> <span class='ocrx_word' id='word_1_699' title='bbox 3251 4149 3425 4210; x_wconf 71' lang='lat' dir='ltr'><strong>tectis,</strong></span> 
     </span>
    </p>
   </div>
   <div class='ocr_carea' id='block_1_101' title="bbox 1851 4216 3427 4286">
    <p class='ocr_par' dir='ltr' id='par_1_101' title="bbox 1851 4216 3427 4286">
     <span class='ocr_line' id='line_1_103' title="bbox 1851 4216 3427 4286; baseline -0.001 -16"><span class='ocrx_word' id='word_1_700' title='bbox 1851 4216 2012 4270; x_wconf 84' lang='lat' dir='ltr'><strong>olivis</strong></span> <span class='ocrx_word' id='word_1_701' title='bbox 2083 4228 2132 4269; x_wconf 92' lang='lat' dir='ltr'><strong>et</strong></span> <span class='ocrx_word' id='word_1_702' title='bbox 2185 4218 2381 4270; x_wconf 82' lang='lat' dir='ltr'><strong>fluento</strong></span> <span class='ocrx_word' id='word_1_703' title='bbox 2429 4232 2549 4272; x_wconf 88' lang='lat' dir='ltr'><strong>esse</strong></span> <span class='ocrx_word' id='word_1_704' title='bbox 2596 4220 2934 4286; x_wconf 89' lang='lat' dir='ltr'><strong>conspicuam</strong></span> <span class='ocrx_word' id='word_1_705' title='bbox 2977 4237 2989 4271; x_wconf 88' lang='lat'>:</span> <span class='ocrx_word' id='word_1_706' title='bbox 3035 4234 3155 4273; x_wconf 90' lang='lat' dir='ltr'><strong>nam</strong></span> <span class='ocrx_word' id='word_1_707' title='bbox 3196 4232 3332 4285; x_wconf 90' lang='lat' dir='ltr'><strong>aqua</strong></span> <span class='ocrx_word' id='word_1_708' title='bbox 3376 4218 3427 4269; x_wconf 94' lang='lat' dir='ltr'><strong>in</strong></span> 
     </span>
    </p>
   </div>
   <div class='ocr_carea' id='block_1_102' title="bbox 1857 4287 3429 4360">
    <p class='ocr_par' dir='ltr' id='par_1_102' title="bbox 1857 4287 3429 4360">
     <span class='ocr_line' id='line_1_104' title="bbox 1857 4287 3429 4360; baseline 0.001 -21"><span class='ocrx_word' id='word_1_709' title='bbox 1857 4297 2037 4360; x_wconf 89' lang='lat' dir='ltr'><strong>monte</strong></span> <span class='ocrx_word' id='word_1_710' title='bbox 2070 4287 2367 4360; x_wconf 83' lang='lat' dir='ltr'><strong>scaturiens</strong></span> <span class='ocrx_word' id='word_1_711' title='bbox 2396 4287 2640 4343; x_wconf 89' lang='lat' dir='ltr'><strong>frondem</strong></span> <span class='ocrx_word' id='word_1_712' title='bbox 2693 4290 2789 4354; x_wconf 85' lang='lat' dir='ltr'><strong>(ita</strong></span> <span class='ocrx_word' id='word_1_713' title='bbox 2836 4291 2977 4345; x_wconf 91' lang='lat' dir='ltr'><strong>enim</strong></span> <span class='ocrx_word' id='word_1_714' title='bbox 3011 4288 3429 4360; x_wconf 11' lang='lat' dir='ltr'><strong>lego)golete_ex~</strong></span> 
     </span>
    </p>
   </div>
   <div class='ocr_carea' id='block_1_103' title="bbox 1856 4357 3429 4426">
    <p class='ocr_par' dir='ltr' id='par_1_103' title="bbox 1856 4357 3429 4426">
     <span class='ocr_line' id='line_1_105' title="bbox 1856 4357 3429 4426; baseline 0 -16"><span class='ocrx_word' id='word_1_715' title='bbox 1856 4358 1983 4410; x_wconf 90' lang='lat' dir='ltr'><strong>citat</strong></span> <span class='ocrx_word' id='word_1_716' title='bbox 2007 4364 2059 4409; x_wconf 81' lang='lat' dir='ltr'><strong>rt</strong></span> <span class='ocrx_word' id='word_1_717' title='bbox 2088 4357 2179 4411; x_wconf 88' lang='lat' dir='ltr'><strong>alit</strong></span> <span class='ocrx_word' id='word_1_718' title='bbox 2205 4373 2218 4413; x_wconf 90' lang='lat'><strong>:</strong></span> <span class='ocrx_word' id='word_1_719' title='bbox 2248 4357 2369 4413; x_wconf 91' lang='lat' dir='ltr'><strong>inde</strong></span> <span class='ocrx_word' id='word_1_720' title='bbox 2402 4372 2495 4426; x_wconf 84' lang='lat' dir='ltr'><strong>per</strong></span> <span class='ocrx_word' id='word_1_721' title='bbox 2524 4375 2787 4413; x_wconf 88' lang='lat' dir='ltr'><strong>marmora</strong></span> <span class='ocrx_word' id='word_1_722' title='bbox 2818 4371 2869 4414; x_wconf 91' lang='lat' dir='ltr'><strong>et</strong></span> <span class='ocrx_word' id='word_1_723' title='bbox 2897 4357 3089 4414; x_wconf 84' lang='lat' dir='ltr'><strong>clivum</strong></span> <span class='ocrx_word' id='word_1_724' title='bbox 3114 4358 3179 4412; x_wconf 91' lang='lat' dir='ltr'><strong>ad</strong></span> <span class='ocrx_word' id='word_1_725' title='bbox 3206 4357 3429 4411; x_wconf 87' lang='lat' dir='ltr'><strong>viridem</strong></span> 
     </span>
    </p>
   </div>
   <div class='ocr_carea' id='block_1_104' title="bbox 1861 4428 3431 4497">
    <p class='ocr_par' dir='ltr' id='par_1_104' title="bbox 1861 4428 3431 4497">
     <span class='ocr_line' id='line_1_106' title="bbox 1861 4428 3431 4497; baseline -0.001 -16"><span class='ocrx_word' id='word_1_726' title='bbox 1861 4429 2185 4482; x_wconf 84' lang='lat' dir='ltr'><strong>natationem</strong></span> <span class='ocrx_word' id='word_1_727' title='bbox 2234 4429 2346 4483; x_wconf 87' lang='lat' dir='ltr'><strong>sive</strong></span> <span class='ocrx_word' id='word_1_728' title='bbox 2390 4430 2784 4497; x_wconf 89' lang='lat' dir='ltr'><strong>receptaculum</strong></span> <span class='ocrx_word' id='word_1_729' title='bbox 2814 4431 3056 4497; x_wconf 79' lang='lat' dir='ltr'><strong>confluit.</strong></span> <span class='ocrx_word' id='word_1_730' title='bbox 3102 4430 3158 4483; x_wconf 92' lang='lat' dir='ltr'><strong>ln</strong></span> <span class='ocrx_word' id='word_1_731' title='bbox 3189 4428 3431 4481; x_wconf 89' lang='lat' dir='ltr'><strong>interiori</strong></span> 
     </span>
    </p>
   </div>
   <div class='ocr_carea' id='block_1_105' title="bbox 1861 4499 3430 4566">
    <p class='ocr_par' dir='ltr' id='par_1_105' title="bbox 1861 4499 3430 4566">
     <span class='ocr_line' id='line_1_107' title="bbox 1861 4499 3430 4566; baseline -0.002 -15"><span class='ocrx_word' id='word_1_732' title='bbox 1861 4506 2011 4566; x_wconf 84' lang='lat' dir='ltr'><strong>parte</strong></span> <span class='ocrx_word' id='word_1_733' title='bbox 2050 4499 2236 4552; x_wconf 89' lang='lat' dir='ltr'><strong>tumuli</strong></span> <span class='ocrx_word' id='word_1_734' title='bbox 2278 4500 2389 4553; x_wconf 86' lang='lat' dir='ltr'><strong>sive</strong></span> <span class='ocrx_word' id='word_1_735' title='bbox 2418 4500 2627 4553; x_wconf 72' lang='lat' dir='ltr'><strong>aedificii</strong></span> <span class='ocrx_word' id='word_1_736' title='bbox 2654 4516 2683 4553; x_wconf 91' lang='lat' dir='ltr'><strong>e</strong></span> <span class='ocrx_word' id='word_1_737' title='bbox 2707 4501 2959 4554; x_wconf 87' lang='lat' dir='ltr'><strong>cantharo</strong></span> <span class='ocrx_word' id='word_1_738' title='bbox 2984 4501 3231 4553; x_wconf 91' lang='lat' dir='ltr'><strong>labuntur</strong></span> <span class='ocrx_word' id='word_1_739' title='bbox 3259 4511 3430 4564; x_wconf 63' lang='lat' dir='ltr'><strong>aquae,</strong></span> 
     </span>
    </p>
   </div>
   <div class='ocr_carea' id='block_1_106' title="bbox 1862 4568 3431 4637">
    <p class='ocr_par' dir='ltr' id='par_1_106' title="bbox 1862 4568 3431 4637">
     <span class='ocr_line' id='line_1_108' title="bbox 1862 4568 3431 4637; baseline -0.002 -14"><span class='ocrx_word' id='word_1_740' title='bbox 1862 4577 1916 4623; x_wconf 89' lang='lat' dir='ltr'><strong>et</strong></span> <span class='ocrx_word' id='word_1_741' title='bbox 1939 4570 1988 4622; x_wconf 91' lang='lat' dir='ltr'><strong>in</strong></span> <span class='ocrx_word' id='word_1_742' title='bbox 2020 4580 2210 4637; x_wconf 81' lang='lat' dir='ltr'><strong>stagno</strong></span> <span class='ocrx_word' id='word_1_743' title='bbox 2238 4572 2538 4623; x_wconf 85' lang='lat' dir='ltr'><strong>volvuntur.</strong></span> <span class='ocrx_word' id='word_1_744' title='bbox 2575 4570 2782 4624; x_wconf 84' lang='lat' dir='ltr'><strong>Pictura</strong></span> <span class='ocrx_word' id='word_1_745' title='bbox 2817 4571 2946 4624; x_wconf 91' lang='lat' dir='ltr'><strong>tholi</strong></span> <span class='ocrx_word' id='word_1_746' title='bbox 2979 4569 3131 4637; x_wconf 83' lang='lat' dir='ltr'><strong>tingit</strong></span> <span class='ocrx_word' id='word_1_747' title='bbox 3158 4568 3346 4627; x_wconf 86' lang='lat' dir='ltr'><strong>undas.</strong></span> <span class='ocrx_word' id='word_1_748' title='bbox 3378 4575 3431 4637; x_wconf 89' lang='lat' dir='ltr'><strong>et</strong></span> 
     </span>
    </p>
   </div>
   <div class='ocr_carea' id='block_1_107' title="bbox 230 4621 3433 4705">
    <p class='ocr_par' dir='ltr' id='par_1_107' title="bbox 230 4621 3433 4705">
     <span class='ocr_line' id='line_1_109' title="bbox 230 4621 3433 4705; baseline -0.002 -10"><span class='ocrx_word' id='word_1_749' title='bbox 230 4621 885 4697; x_wconf 22' lang='lat' dir='ltr'><strong>Eii—Daron’iusmadﬂan.</strong></span> <span class='ocrx_word' id='word_1_750' title='bbox 1072 4653 1216 4691; x_wconf 91' lang='lat' dir='ltr'><strong>num.</strong></span> <span class='ocrx_word' id='word_1_751' title='bbox 1250 4638 1341 4699; x_wconf 68' lang='lat'><strong>9.4,</strong></span> <span class='ocrx_word' id='word_1_752' title='bbox 1393 4638 1443 4690; x_wconf 93' lang='lat' dir='ltr'><strong>in</strong></span> <span class='ocrx_word' id='word_1_753' title='bbox 1498 4638 1581 4691; x_wconf 91' lang='lat' dir='ltr'><strong>his</strong></span> <span class='ocrx_word' id='word_1_754' title='bbox 1624 4637 1756 4691; x_wconf 88' lang='lat' dir='ltr'><strong>Pru-</strong></span> <span class='ocrx_word' id='word_1_755' title='bbox 1783 4621 1835 4682; x_wconf 83' lang='grc' dir='ltr'><strong>Ῑ)</strong></span> <span class='ocrx_word' id='word_1_756' title='bbox 1864 4621 2544 4694; x_wconf 15' lang='grc' dir='ltr'><strong>ὗίρίὶὲεἱῐηυῐὴυδρί(ἰθείητο</strong></span> <span class='ocrx_word' id='word_1_757' title='bbox 2570 4621 2833 4705; x_wconf 77' lang='lat' dir='ltr'><strong>relucent,</strong></span> <span class='ocrx_word' id='word_1_758' title='bbox 2841 4621 3144 4693; x_wconf 13' lang='lat' dir='ltr'><strong>&quot;etvauriim</strong></span> <span class='ocrx_word' id='word_1_759' title='bbox 3173 4653 3201 4690; x_wconf 90' lang='lat' dir='ltr'><strong>a</strong></span> <span class='ocrx_word' id='word_1_760' title='bbox 3235 4621 3433 4690; x_wconf 79' lang='lat' dir='ltr'><strong>muscis</strong></span> 
     </span>
    </p>
   </div>
   <div class='ocr_carea' id='block_1_108' title="bbox 168 4706 1754 4779">
    <p class='ocr_par' dir='ltr' id='par_1_108' title="bbox 168 4706 1754 4779">
     <span class='ocr_line' id='line_1_110' title="bbox 168 4706 1754 4779; baseline -0.003 -14"><span class='ocrx_word' id='word_1_761' title='bbox 168 4713 328 4766; x_wconf 86' lang='lat' dir='ltr'><strong>dentii</strong></span> <span class='ocrx_word' id='word_1_762' title='bbox 362 4714 625 4769; x_wconf 81' lang='lat' dir='ltr'><strong>versibus</strong></span> <span class='ocrx_word' id='word_1_763' title='bbox 655 4712 1018 4779; x_wconf 87' lang='lat' dir='ltr'><strong>haptismalem</strong></span> <span class='ocrx_word' id='word_1_764' title='bbox 1050 4708 1289 4762; x_wconf 67' lang='lat' dir='ltr'><strong>CCCIBSi‘JB</strong></span> <span class='ocrx_word' id='word_1_765' title='bbox 1324 4707 1590 4762; x_wconf 72' lang='lat' dir='ltr'><strong>Vaticana:</strong></span> <span class='ocrx_word' id='word_1_766' title='bbox 1637 4706 1754 4761; x_wconf 88' lang='lat' dir='ltr'><strong>fon-</strong></span> 
     </span>
    </p>
   </div>
   <div class='ocr_carea' id='block_1_109' title="bbox 170 4779 1757 4853">
    <p class='ocr_par' dir='ltr' id='par_1_109' title="bbox 170 4779 1757 4853">
     <span class='ocr_line' id='line_1_111' title="bbox 170 4779 1757 4853; baseline -0.002 -18"><span class='ocrx_word' id='word_1_767' title='bbox 170 4791 271 4837; x_wconf 89' lang='lat' dir='ltr'><strong>tem</strong></span> <span class='ocrx_word' id='word_1_768' title='bbox 300 4785 581 4853; x_wconf 84' lang='lat' dir='ltr'><strong>agnoscit.</strong></span> <span class='ocrx_word' id='word_1_769' title='bbox 632 4783 827 4835; x_wconf 82' lang='lat' dir='ltr'><strong>Emletn</strong></span> <span class='ocrx_word' id='word_1_770' title='bbox 874 4781 1167 4853; x_wconf 81' lang='lat' dir='ltr'><strong>respiciunt</strong></span> <span class='ocrx_word' id='word_1_771' title='bbox 1186 4780 1381 4853; x_wconf 69' lang='lat' dir='ltr'><strong>glossua</strong></span> <span class='ocrx_word' id='word_1_772' title='bbox 1428 4779 1757 4853; x_wconf 72' lang='lat' dir='ltr'><strong>veteres._At</strong></span> 
     </span>
    </p>
   </div>
   <div class='ocr_carea' id='block_1_110' title="bbox 171 4848 1755 4923">
    <p class='ocr_par' dir='ltr' id='par_1_110' title="bbox 171 4848 1755 4923">
     <span class='ocr_line' id='line_1_112' title="bbox 171 4848 1755 4923; baseline -0.003 -17"><span class='ocrx_word' id='word_1_773' title='bbox 171 4868 266 4923; x_wconf 86' lang='lat' dir='ltr'><strong>ego</strong></span> <span class='ocrx_word' id='word_1_774' title='bbox 290 4848 559 4908; x_wconf 67' lang='lat' dir='ltr'><strong>eiistimo</strong></span> <span class='ocrx_word' id='word_1_775' title='bbox 583 4867 609 4905; x_wconf 90' lang='lat' dir='ltr'><strong>a</strong></span> <span class='ocrx_word' id='word_1_776' title='bbox 646 4852 930 4906; x_wconf 76' lang='lat' dir='ltr'><strong>Prudentio</strong></span> <span class='ocrx_word' id='word_1_777' title='bbox 967 4848 1195 4923; x_wconf 74' lang='lat' dir='ltr'><strong>describi</strong></span> <span class='ocrx_word' id='word_1_778' title='bbox 1237 4850 1430 4923; x_wconf 87' lang='lat' dir='ltr'><strong>fontem</strong></span> <span class='ocrx_word' id='word_1_779' title='bbox 1476 4848 1755 4917; x_wconf 84' lang='lat' dir='ltr'><strong>magniﬁce</strong></span> 
     </span>
    </p>
   </div>
   <div class='ocr_carea' id='block_1_111' title="bbox 172 4919 1756 4987">
    <p class='ocr_par' dir='ltr' id='par_1_111' title="bbox 172 4919 1756 4987">
     <span class='ocr_line' id='line_1_113' title="bbox 172 4919 1756 4987; baseline -0.003 -12"><span class='ocrx_word' id='word_1_780' title='bbox 172 4919 514 4978; x_wconf 71' lang='lat' dir='ltr'><strong>eistructum</strong></span> <span class='ocrx_word' id='word_1_781' title='bbox 546 4931 667 4977; x_wconf 90' lang='lat' dir='ltr'><strong>ante</strong></span> <span class='ocrx_word' id='word_1_782' title='bbox 691 4923 833 4975; x_wconf 82' lang='lat' dir='ltr'><strong>fores</strong></span> <span class='ocrx_word' id='word_1_783' title='bbox 866 4920 1044 4987; x_wconf 83' lang='lat' dir='ltr'><strong>templi</strong></span> <span class='ocrx_word' id='word_1_784' title='bbox 1081 4919 1342 4984; x_wconf 89' lang='lat' dir='ltr'><strong>Vaticani,</strong></span> <span class='ocrx_word' id='word_1_785' title='bbox 1392 4934 1497 4983; x_wconf 86' lang='lat' dir='ltr'><strong>quo</strong></span> <span class='ocrx_word' id='word_1_786' title='bbox 1523 4934 1613 4972; x_wconf 83' lang='lat' dir='ltr'><strong>ora</strong></span> <span class='ocrx_word' id='word_1_787' title='bbox 1645 4934 1756 4971; x_wconf 89' lang='lat' dir='ltr'><strong>ma-</strong></span> 
     </span>
    </p>
   </div>
   <div class='ocr_carea' id='block_1_112' title="bbox 171 4990 1757 5063">
    <p class='ocr_par' dir='ltr' id='par_1_112' title="bbox 171 4990 1757 5063">
     <span class='ocr_line' id='line_1_114' title="bbox 171 4990 1757 5063; baseline -0.003 -16"><span class='ocrx_word' id='word_1_788' title='bbox 171 5008 379 5063; x_wconf 89' lang='lat' dir='ltr'><strong>nusque</strong></span> <span class='ocrx_word' id='word_1_789' title='bbox 423 4994 675 5063; x_wconf 77' lang='lat' dir='ltr'><strong>lavarent</strong></span> <span class='ocrx_word' id='word_1_790' title='bbox 714 4991 896 5063; x_wconf 80' lang='lat' dir='ltr'><strong>fideles</strong></span> <span class='ocrx_word' id='word_1_791' title='bbox 938 5001 1218 5063; x_wconf 74' lang='lat' dir='ltr'><strong>antequam</strong></span> <span class='ocrx_word' id='word_1_792' title='bbox 1260 4990 1538 5063; x_wconf 70' lang='lat' dir='ltr'><strong>ecclesiam</strong></span> <span class='ocrx_word' id='word_1_793' title='bbox 1580 4990 1757 5063; x_wconf 77' lang='lat' dir='ltr'><strong>ingre-</strong></span> 
     </span>
    </p>
   </div>
   <div class='ocr_carea' id='block_1_113' title="bbox 172 5058 1761 5126">
    <p class='ocr_par' dir='ltr' id='par_1_113' title="bbox 172 5058 1761 5126">
     <span class='ocr_line' id='line_1_115' title="bbox 172 5058 1761 5126; baseline -0.003 -10"><span class='ocrx_word' id='word_1_794' title='bbox 172 5058 457 5118; x_wconf 76' lang='lat' dir='ltr'><strong>derentur.</strong></span> <span class='ocrx_word' id='word_1_795' title='bbox 515 5061 592 5115; x_wconf 91' lang='lat' dir='ltr'><strong>De</strong></span> <span class='ocrx_word' id='word_1_796' title='bbox 642 5063 739 5116; x_wconf 91' lang='lat' dir='ltr'><strong>hoc</strong></span> <span class='ocrx_word' id='word_1_797' title='bbox 788 5060 933 5115; x_wconf 89' lang='lat' dir='ltr'><strong>fonte</strong></span> <span class='ocrx_word' id='word_1_798' title='bbox 963 5060 1216 5114; x_wconf 88' lang='lat' dir='ltr'><strong>Paulinus</strong></span> <span class='ocrx_word' id='word_1_799' title='bbox 1238 5058 1395 5126; x_wconf 89' lang='lat' dir='ltr'><strong>epist.</strong></span> <span class='ocrx_word' id='word_1_800' title='bbox 1426 5061 1494 5114; x_wconf 80' lang='grc'>55</span> <span class='ocrx_word' id='word_1_801' title='bbox 1542 5060 1607 5113; x_wconf 88' lang='lat' dir='ltr'><strong>ad</strong></span> <span class='ocrx_word' id='word_1_802' title='bbox 1639 5060 1761 5113; x_wconf 81' lang='lat' dir='ltr'><strong>Ale-</strong></span> 
     </span>
    </p>
   </div>
   <div class='ocr_carea' id='block_1_114' title="bbox 175 5130 1759 5200">
    <p class='ocr_par' dir='ltr' id='par_1_114' title="bbox 175 5130 1759 5200">
     <span class='ocr_line' id='line_1_116' title="bbox 175 5130 1759 5200; baseline -0.003 -14"><span class='ocrx_word' id='word_1_803' title='bbox 175 5134 365 5199; x_wconf 90' lang='lat' dir='ltr'><strong>thium,</strong></span> <span class='ocrx_word' id='word_1_804' title='bbox 399 5136 527 5189; x_wconf 81' lang='lat' dir='ltr'><strong>sive</strong></span> <span class='ocrx_word' id='word_1_805' title='bbox 554 5133 619 5186; x_wconf 78' lang='lat' dir='ltr'><strong>l5</strong></span> <span class='ocrx_word' id='word_1_806' title='bbox 646 5133 708 5185; x_wconf 93' lang='lat' dir='ltr'><strong>ad</strong></span> <span class='ocrx_word' id='word_1_807' title='bbox 738 5130 1074 5185; x_wconf 89' lang='lat' dir='ltr'><strong>Pamachium</strong></span> <span class='ocrx_word' id='word_1_808' title='bbox 1101 5131 1186 5184; x_wconf 90' lang='lat' dir='ltr'><strong>ed.</strong></span> <span class='ocrx_word' id='word_1_809' title='bbox 1212 5139 1403 5198; x_wconf 91' lang='lat' dir='ltr'><strong>postr.,</strong></span> <span class='ocrx_word' id='word_1_810' title='bbox 1431 5131 1519 5200; x_wconf 92' lang='lat' dir='ltr'><strong>qui</strong></span> <span class='ocrx_word' id='word_1_811' title='bbox 1548 5132 1759 5198; x_wconf 90' lang='lat' dir='ltr'><strong>epulum</strong></span> 
     </span>
    </p>
   </div>
   <div class='ocr_carea' id='block_1_115' title="bbox 172 5200 1762 5273">
    <p class='ocr_par' dir='ltr' id='par_1_115' title="bbox 172 5200 1762 5273">
     <span class='ocr_line' id='line_1_117' title="bbox 172 5200 1762 5273; baseline -0.004 -15"><span class='ocrx_word' id='word_1_812' title='bbox 172 5206 491 5273; x_wconf 67' lang='lat' dir='ltr'><strong>praebuerat</strong></span> <span class='ocrx_word' id='word_1_813' title='bbox 535 5202 780 5258; x_wconf 72' lang='lat' dir='ltr'><strong>omnbus</strong></span> <span class='ocrx_word' id='word_1_814' title='bbox 825 5201 1009 5273; x_wconf 68' lang='lat' dir='ltr'><strong>Romae</strong></span> <span class='ocrx_word' id='word_1_815' title='bbox 1055 5200 1371 5273; x_wconf 89' lang='lat' dir='ltr'><strong>pauperibus</strong></span> <span class='ocrx_word' id='word_1_816' title='bbox 1446 5204 1499 5254; x_wconf 91' lang='lat' dir='ltr'><strong>in</strong></span> <span class='ocrx_word' id='word_1_817' title='bbox 1547 5200 1762 5273; x_wconf 83' lang='lat' dir='ltr'><strong>basilica</strong></span> 
     </span>
    </p>
   </div>
   <div class='ocr_carea' id='block_1_116' title="bbox 173 5271 1766 5343">
    <p class='ocr_par' dir='ltr' id='par_1_116' title="bbox 173 5271 1766 5343">
     <span class='ocr_line' id='line_1_118' title="bbox 173 5271 1766 5343; baseline -0.003 -16"><span class='ocrx_word' id='word_1_818' title='bbox 173 5271 551 5342; x_wconf 74' lang='lat' dir='ltr'><strong>apestolorum</strong></span> <span class='ocrx_word' id='word_1_819' title='bbox 581 5273 833 5343; x_wconf 86' lang='lat' dir='ltr'><strong>principis</strong></span> <span class='ocrx_word' id='word_1_820' title='bbox 872 5290 883 5324; x_wconf 92' lang='lat'><strong>:</strong></span> <span class='ocrx_word' id='word_1_821' title='bbox 923 5271 1125 5343; x_wconf 87' lang='lat' dir='ltr'><strong>Quanto</strong></span> <span class='ocrx_word' id='word_1_822' title='bbox 1152 5272 1321 5343; x_wconf 80' lang='lat' dir='ltr'><strong>ipsum</strong></span> <span class='ocrx_word' id='word_1_823' title='bbox 1362 5272 1649 5343; x_wconf 83' lang='lat' dir='ltr'><strong>apostolum</strong></span> <span class='ocrx_word' id='word_1_824' title='bbox 1687 5280 1766 5322; x_wconf 86' lang='lat' dir='ltr'><strong>at-</strong></span> 
     </span>
    </p>
   </div>
   <div class='ocr_carea' id='block_1_117' title="bbox 175 5342 1768 5416">
    <p class='ocr_par' dir='ltr' id='par_1_117' title="bbox 175 5342 1768 5416">
     <span class='ocr_line' id='line_1_119' title="bbox 175 5342 1768 5416; baseline -0.001 -21"><span class='ocrx_word' id='word_1_825' title='bbox 175 5345 391 5400; x_wconf 87' lang='lat' dir='ltr'><strong>tollebas</strong></span> <span class='ocrx_word' id='word_1_826' title='bbox 412 5342 614 5416; x_wconf 84' lang='lat' dir='ltr'><strong>gaudio</strong></span> <span class='ocrx_word' id='word_1_827' title='bbox 636 5361 749 5396; x_wconf 89' lang='lat' dir='ltr'><strong>cum</strong></span> <span class='ocrx_word' id='word_1_828' title='bbox 771 5351 931 5416; x_wconf 83' lang='lat' dir='ltr'><strong>totam</strong></span> <span class='ocrx_word' id='word_1_829' title='bbox 956 5345 1066 5416; x_wconf 82' lang='lat' dir='ltr'><strong>ejus</strong></span> <span class='ocrx_word' id='word_1_830' title='bbox 1090 5342 1351 5416; x_wconf 83' lang='lat' dir='ltr'><strong>basilicam</strong></span> <span class='ocrx_word' id='word_1_831' title='bbox 1372 5342 1539 5416; x_wconf 82' lang='lat' dir='ltr'><strong>densis</strong></span> <span class='ocrx_word' id='word_1_832' title='bbox 1560 5342 1768 5416; x_wconf 75' lang='lat' dir='ltr'><strong>inapunt</strong></span> 
     </span>
    </p>
   </div>
   <div class='ocr_carea' id='block_1_118' title="bbox 177 5412 1768 5483">
    <p class='ocr_par' dir='ltr' id='par_1_118' title="bbox 177 5412 1768 5483">
     <span class='ocr_line' id='line_1_120' title="bbox 177 5412 1768 5483; baseline -0.003 -15"><span class='ocrx_word' id='word_1_833' title='bbox 177 5418 384 5470; x_wconf 63' lang='lat' dir='ltr'><strong>ratibus</strong></span> <span class='ocrx_word' id='word_1_834' title='bbox 405 5412 733 5483; x_wconf 61' lang='lat' dir='ltr'><strong>Stipavisses,</strong></span> <span class='ocrx_word' id='word_1_835' title='bbox 756 5414 831 5467; x_wconf 78' lang='lat' dir='ltr'><strong>uel</strong></span> <span class='ocrx_word' id='word_1_836' title='bbox 857 5428 957 5483; x_wconf 91' lang='lat' dir='ltr'><strong>qua</strong></span> <span class='ocrx_word' id='word_1_837' title='bbox 976 5412 1077 5465; x_wconf 76' lang='lat' dir='ltr'><strong>sub</strong></span> <span class='ocrx_word' id='word_1_838' title='bbox 1098 5413 1202 5466; x_wconf 90' lang='lat' dir='ltr'><strong>alto</strong></span> <span class='ocrx_word' id='word_1_839' title='bbox 1224 5413 1305 5464; x_wconf 87' lang='lat' dir='ltr'><strong>sui</strong></span> <span class='ocrx_word' id='word_1_840' title='bbox 1326 5412 1560 5464; x_wconf 87' lang='lat' dir='ltr'><strong>culminis</strong></span> <span class='ocrx_word' id='word_1_841' title='bbox 1592 5412 1768 5464; x_wconf 85' lang='lat' dir='ltr'><strong>mediis</strong></span> 
     </span>
    </p>
   </div>
   <div class='ocr_carea' id='block_1_119' title="bbox 176 5483 1771 5556">
    <p class='ocr_par' dir='ltr' id='par_1_119' title="bbox 176 5483 1771 5556">
     <span class='ocr_line' id='line_1_121' title="bbox 176 5483 1771 5556; baseline -0.002 -19"><span class='ocrx_word' id='word_1_842' title='bbox 176 5486 351 5555; x_wconf 83' lang='lat' dir='ltr'><strong>ampla</strong></span> <span class='ocrx_word' id='word_1_843' title='bbox 398 5485 736 5556; x_wconf 85' lang='lat' dir='ltr'><strong>laquearibus</strong></span> <span class='ocrx_word' id='word_1_844' title='bbox 767 5486 971 5556; x_wconf 84' lang='lat' dir='ltr'><strong>longum</strong></span> <span class='ocrx_word' id='word_1_845' title='bbox 1000 5492 1157 5553; x_wconf 88' lang='lat' dir='ltr'><strong>patet,</strong></span> <span class='ocrx_word' id='word_1_846' title='bbox 1181 5494 1244 5556; x_wconf 86' lang='lat' dir='ltr'><strong>_et</strong></span> <span class='ocrx_word' id='word_1_847' title='bbox 1274 5483 1552 5556; x_wconf 78' lang='lat' dir='ltr'><strong>apostolico</strong></span> <span class='ocrx_word' id='word_1_848' title='bbox 1575 5483 1771 5556; x_wconf 75' lang='lat' dir='ltr'><strong>eminus</strong></span> 
     </span>
    </p>
   </div>
   <div class='ocr_carea' id='block_1_120' title="bbox 176 5552 1773 5626">
    <p class='ocr_par' dir='ltr' id='par_1_120' title="bbox 176 5552 1773 5626">
     <span class='ocr_line' id='line_1_122' title="bbox 176 5552 1773 5626; baseline -0.005 -15"><span class='ocrx_word' id='word_1_849' title='bbox 176 5552 306 5611; x_wconf 84' lang='lat' dir='ltr'><strong>solio</strong></span> <span class='ocrx_word' id='word_1_850' title='bbox 333 5552 626 5612; x_wconf 70' lang='lat' dir='ltr'><strong>coruscans</strong></span> <span class='ocrx_word' id='word_1_851' title='bbox 644 5552 1037 5626; x_wconf 76' lang='lat' dir='ltr'><strong>ingredientium</strong></span> <span class='ocrx_word' id='word_1_852' title='bbox 1067 5554 1259 5626; x_wconf 80' lang='lat' dir='ltr'><strong>lumina</strong></span> <span class='ocrx_word' id='word_1_853' title='bbox 1285 5552 1506 5621; x_wconf 84' lang='lat' dir='ltr'><strong>stringit,</strong></span> <span class='ocrx_word' id='word_1_854' title='bbox 1549 5562 1594 5605; x_wconf 88' lang='lat' dir='ltr'><strong>et</strong></span> <span class='ocrx_word' id='word_1_855' title='bbox 1618 5553 1773 5626; x_wconf 81' lang='lat' dir='ltr'><strong>corda</strong></span> 
     </span>
    </p>
   </div>
   <div class='ocr_carea' id='block_1_121' title="bbox 178 5622 1774 5696">
    <p class='ocr_par' dir='ltr' id='par_1_121' title="bbox 178 5622 1774 5696">
     <span class='ocr_line' id='line_1_123' title="bbox 178 5622 1774 5696; baseline -0.003 -17"><span class='ocrx_word' id='word_1_856' title='bbox 178 5628 452 5695; x_wconf 79' lang='lat' dir='ltr'><strong>ltetiﬁcat;</strong></span> <span class='ocrx_word' id='word_1_857' title='bbox 512 5626 594 5679; x_wconf 76' lang='lat' dir='ltr'><strong>vel</strong></span> <span class='ocrx_word' id='word_1_858' title='bbox 620 5622 720 5696; x_wconf 78' lang='lat' dir='ltr'><strong>qua</strong></span> <span class='ocrx_word' id='word_1_859' title='bbox 758 5627 853 5679; x_wconf 85' lang='lat' dir='ltr'><strong>sub</strong></span> <span class='ocrx_word' id='word_1_860' title='bbox 883 5623 1227 5696; x_wconf 75' lang='lat' dir='ltr'><strong>eadem__rnol_e</strong></span> <span class='ocrx_word' id='word_1_861' title='bbox 1276 5632 1519 5675; x_wconf 87' lang='lat' dir='ltr'><strong>tectorum</strong></span> <span class='ocrx_word' id='word_1_862' title='bbox 1562 5622 1774 5691; x_wconf 87' lang='lat' dir='ltr'><strong>geminis</strong></span> 
     </span>
    </p>
   </div>
   <div class='ocr_carea' id='block_1_122' title="bbox 181 5693 1776 5767">
    <p class='ocr_par' dir='ltr' id='par_1_122' title="bbox 181 5693 1776 5767">
     <span class='ocr_line' id='line_1_124' title="bbox 181 5693 1776 5767; baseline -0.002 -19"><span class='ocrx_word' id='word_1_863' title='bbox 181 5693 423 5766; x_wconf 79' lang='lat' dir='ltr'><strong>utrinque</strong></span> <span class='ocrx_word' id='word_1_864' title='bbox 469 5693 751 5767; x_wconf 81' lang='lat' dir='ltr'><strong>porticibus</strong></span> <span class='ocrx_word' id='word_1_865' title='bbox 798 5698 958 5767; x_wconf 85' lang='lat' dir='ltr'><strong>latera</strong></span> <span class='ocrx_word' id='word_1_866' title='bbox 1004 5693 1279 5767; x_wconf 75' lang='lat' dir='ltr'><strong>diffundit;</strong></span> <span class='ocrx_word' id='word_1_867' title='bbox 1324 5708 1482 5767; x_wconf 75' lang='lat' dir='ltr'><strong>quave</strong></span> <span class='ocrx_word' id='word_1_868' title='bbox 1530 5700 1776 5767; x_wconf 64' lang='lat' dir='ltr'><strong>praetenta</strong></span> 
     </span>
    </p>
   </div>
   <div class='ocr_carea' id='block_1_123' title="bbox 180 5762 1776 5835">
    <p class='ocr_par' dir='ltr' id='par_1_123' title="bbox 180 5762 1776 5835">
     <span class='ocr_line' id='line_1_125' title="bbox 180 5762 1776 5835; baseline -0.003 -16"><span class='ocrx_word' id='word_1_869' title='bbox 180 5762 349 5823; x_wconf 72' lang='lat' dir='ltr'><strong>nitens</strong></span> <span class='ocrx_word' id='word_1_870' title='bbox 379 5762 526 5822; x_wconf 82' lang='lat' dir='ltr'><strong>atrio</strong></span> <span class='ocrx_word' id='word_1_871' title='bbox 561 5767 673 5835; x_wconf 80' lang='lat' dir='ltr'><strong>fusa</strong></span> <span class='ocrx_word' id='word_1_872' title='bbox 696 5766 937 5822; x_wconf 83' lang='lat' dir='ltr'><strong>vestibulo</strong></span> <span class='ocrx_word' id='word_1_873' title='bbox 967 5778 1058 5829; x_wconf 84' lang='lat' dir='ltr'><strong>est,</strong></span> <span class='ocrx_word' id='word_1_874' title='bbox 1086 5765 1170 5818; x_wconf 87' lang='lat' dir='ltr'><strong>ubi</strong></span> <span class='ocrx_word' id='word_1_875' title='bbox 1197 5762 1496 5817; x_wconf 79' lang='lat' dir='ltr'><strong>cantharum</strong></span> <span class='ocrx_word' id='word_1_876' title='bbox 1540 5762 1776 5835; x_wconf 82' lang='lat' dir='ltr'><strong>ministra</strong></span> 
     </span>
    </p>
   </div>
   <div class='ocr_carea' id='block_1_124' title="bbox 119 5824 1807 5906">
    <p class='ocr_par' dir='ltr' id='par_1_124' title="bbox 119 5824 1807 5906">
     <span class='ocr_line' id='line_1_126' title="bbox 119 5824 1807 5906; baseline -0.002 -17"><span class='ocrx_word' id='word_1_877' title='bbox 119 5892 130 5906; x_wconf 33' lang='grc' dir='ltr'><strong>θ</strong></span> <span class='ocrx_word' id='word_1_878' title='bbox 184 5839 450 5903; x_wconf 85' lang='lat' dir='ltr'><strong>manibus,</strong></span> <span class='ocrx_word' id='word_1_879' title='bbox 484 5846 537 5892; x_wconf 88' lang='lat' dir='ltr'><strong>et</strong></span> <span class='ocrx_word' id='word_1_880' title='bbox 561 5824 731 5892; x_wconf 58' lang='lat' dir='ltr'><strong>&#39;oribus</strong></span> <span class='ocrx_word' id='word_1_881' title='bbox 758 5838 944 5891; x_wconf 86' lang='lat' dir='ltr'><strong>nostris</strong></span> <span class='ocrx_word' id='word_1_882' title='bbox 965 5824 1156 5906; x_wconf 76' lang='lat' dir='ltr'><strong>ﬂuenta</strong></span> <span class='ocrx_word' id='word_1_883' title='bbox 1182 5843 1461 5888; x_wconf 87' lang='lat' dir='ltr'><strong>ructantem</strong></span> <span class='ocrx_word' id='word_1_884' title='bbox 1491 5824 1807 5903; x_wconf 54' lang='lat' dir='ltr'><strong>[astigiatus&#39;</strong></span> 
     </span>
    </p>
   </div>
   <div class='ocr_carea' id='block_1_125' title="bbox 117 5905 1777 5977">
    <p class='ocr_par' dir='ltr' id='par_1_125' title="bbox 117 5905 1777 5977">
     <span class='ocr_line' id='line_1_127' title="bbox 117 5905 1777 5977; baseline -0.001 -16"><span class='ocrx_word' id='word_1_885' title='bbox 117 5905 130 5961; x_wconf 89' lang='lat' dir='ltr'><strong>l</strong></span> <span class='ocrx_word' id='word_1_886' title='bbox 185 5910 354 5967; x_wconf 83' lang='lat' dir='ltr'><strong>solido</strong></span> <span class='ocrx_word' id='word_1_887' title='bbox 376 5924 487 5967; x_wconf 76' lang='lat' dir='ltr'><strong>tere</strong></span> <span class='ocrx_word' id='word_1_888' title='bbox 516 5908 692 5965; x_wconf 79' lang='lat' dir='ltr'><strong>tholus</strong></span> <span class='ocrx_word' id='word_1_889' title='bbox 719 5917 881 5968; x_wconf 83' lang='lat' dir='ltr'><strong>ornat.</strong></span> <span class='ocrx_word' id='word_1_890' title='bbox 912 5917 959 5962; x_wconf 90' lang='lat' dir='ltr'><strong>et</strong></span> <span class='ocrx_word' id='word_1_891' title='bbox 987 5905 1258 5973; x_wconf 83' lang='lat' dir='ltr'><strong>inumbrat,</strong></span> <span class='ocrx_word' id='word_1_892' title='bbox 1292 5921 1393 5961; x_wconf 85' lang='lat' dir='ltr'><strong>non</strong></span> <span class='ocrx_word' id='word_1_893' title='bbox 1432 5906 1539 5960; x_wconf 84' lang='lat' dir='ltr'><strong>sine</strong></span> <span class='ocrx_word' id='word_1_894' title='bbox 1568 5906 1777 5977; x_wconf 77' lang='lat' dir='ltr'><strong>mystica</strong></span> 
     </span>
    </p>
   </div>
   <div class='ocr_carea' id='block_1_126' title="bbox 1861 4708 3433 4778">
    <p class='ocr_par' dir='ltr' id='par_1_126' title="bbox 1861 4708 3433 4778">
     <span class='ocr_line' id='line_1_128' title="bbox 1861 4708 3433 4778; baseline -0.002 -15"><span class='ocrx_word' id='word_1_895' title='bbox 1861 4711 2107 4772; x_wconf 84' lang='lat' dir='ltr'><strong>virescit;</strong></span> <span class='ocrx_word' id='word_1_896' title='bbox 2156 4724 2289 4778; x_wconf 90' lang='lat' dir='ltr'><strong>aqua</strong></span> <span class='ocrx_word' id='word_1_897' title='bbox 2339 4712 2565 4763; x_wconf 64' lang='lat' dir='ltr'><strong>caerulea</strong></span> <span class='ocrx_word' id='word_1_898' title='bbox 2595 4725 2624 4762; x_wconf 91' lang='lat' dir='ltr'><strong>a</strong></span> <span class='ocrx_word' id='word_1_899' title='bbox 2657 4712 2817 4764; x_wconf 90' lang='lat' dir='ltr'><strong>rubro</strong></span> <span class='ocrx_word' id='word_1_900' title='bbox 2843 4710 3023 4763; x_wconf 91' lang='lat' dir='ltr'><strong>colore</strong></span> <span class='ocrx_word' id='word_1_901' title='bbox 3066 4722 3308 4776; x_wconf 69' lang='lat' dir='ltr'><strong>superna:</strong></span> <span class='ocrx_word' id='word_1_902' title='bbox 3353 4708 3433 4772; x_wconf 88' lang='lat' dir='ltr'><strong>pi-</strong></span> 
     </span>
    </p>
   </div>
   <div class='ocr_carea' id='block_1_127' title="bbox 1862 4778 3434 4846">
    <p class='ocr_par' dir='ltr' id='par_1_127' title="bbox 1862 4778 3434 4846">
     <span class='ocr_line' id='line_1_129' title="bbox 1862 4778 3434 4846; baseline -0.004 -12"><span class='ocrx_word' id='word_1_903' title='bbox 1862 4788 2027 4834; x_wconf 75' lang='lat' dir='ltr'><strong>cturze</strong></span> <span class='ocrx_word' id='word_1_904' title='bbox 2058 4780 2220 4833; x_wconf 88' lang='lat' dir='ltr'><strong>trahit</strong></span> <span class='ocrx_word' id='word_1_905' title='bbox 2248 4780 2489 4834; x_wconf 87' lang='lat' dir='ltr'><strong>umbram</strong></span> <span class='ocrx_word' id='word_1_906' title='bbox 2518 4780 2629 4833; x_wconf 90' lang='lat' dir='ltr'><strong>sive</strong></span> <span class='ocrx_word' id='word_1_907' title='bbox 2660 4780 2966 4846; x_wconf 85' lang='lat' dir='ltr'><strong>imaginem,</strong></span> <span class='ocrx_word' id='word_1_908' title='bbox 3005 4786 3061 4833; x_wconf 92' lang='lat' dir='ltr'><strong>et</strong></span> <span class='ocrx_word' id='word_1_909' title='bbox 3089 4778 3310 4832; x_wconf 89' lang='lat' dir='ltr'><strong>lacunar</strong></span> <span class='ocrx_word' id='word_1_910' title='bbox 3341 4778 3434 4829; x_wconf 87' lang='lat' dir='ltr'><strong>llu-</strong></span> 
     </span>
    </p>
   </div>
   <div class='ocr_carea' id='block_1_128' title="bbox 1862 4849 3436 4919">
    <p class='ocr_par' dir='ltr' id='par_1_128' title="bbox 1862 4849 3436 4919">
     <span class='ocr_line' id='line_1_130' title="bbox 1862 4849 3436 4919; baseline -0.001 -14"><span class='ocrx_word' id='word_1_911' title='bbox 1862 4852 2036 4906; x_wconf 86' lang='lat' dir='ltr'><strong>ctihus</strong></span> <span class='ocrx_word' id='word_1_912' title='bbox 2067 4851 2275 4905; x_wconf 91' lang='lat' dir='ltr'><strong>videtur</strong></span> <span class='ocrx_word' id='word_1_913' title='bbox 2301 4850 2521 4904; x_wconf 86' lang='lat' dir='ltr'><strong>moveri.</strong></span> <span class='ocrx_word' id='word_1_914' title='bbox 2559 4850 2741 4903; x_wconf 87' lang='lat' dir='ltr'><strong>Pastor</strong></span> <span class='ocrx_word' id='word_1_915' title='bbox 2768 4850 2877 4904; x_wconf 85' lang='lat' dir='ltr'><strong>sive</strong></span> <span class='ocrx_word' id='word_1_916' title='bbox 2908 4850 3141 4919; x_wconf 79' lang='lat' dir='ltr'><strong>pontifex</strong></span> <span class='ocrx_word' id='word_1_917' title='bbox 3165 4849 3436 4903; x_wconf 80' lang='lat' dir='ltr'><strong>Romanus</strong></span> 
     </span>
    </p>
   </div>
   <div class='ocr_carea' id='block_1_129' title="bbox 1864 4919 2811 4975">
    <p class='ocr_par' dir='ltr' id='par_1_129' title="bbox 1864 4919 2811 4975">
     <span class='ocr_line' id='line_1_131' title="bbox 1864 4919 2811 4975; baseline -0.004 0"><span class='ocrx_word' id='word_1_918' title='bbox 1864 4924 1989 4975; x_wconf 77' lang='lat' dir='ltr'><strong>suis</strong></span> <span class='ocrx_word' id='word_1_919' title='bbox 2005 4922 2197 4975; x_wconf 92' lang='lat' dir='ltr'><strong>ovibus</strong></span> <span class='ocrx_word' id='word_1_920' title='bbox 2218 4919 2433 4974; x_wconf 78' lang='lat' dir='ltr'><strong>exhibet</strong></span> <span class='ocrx_word' id='word_1_921' title='bbox 2458 4921 2571 4973; x_wconf 71' lang='lat' dir='ltr'><strong>htec</strong></span> <span class='ocrx_word' id='word_1_922' title='bbox 2597 4919 2811 4974; x_wconf 81' lang='lat' dir='ltr'><strong>ﬂuenta.</strong></span> 
     </span>
    </p>
   </div>
   <div class='ocr_carea' id='block_1_130' title="bbox 1940 4986 3438 5061">
    <p class='ocr_par' dir='ltr' id='par_1_130' title="bbox 1940 4986 3438 5061">
     <span class='ocr_line' id='line_1_132' title="bbox 1940 4986 3438 5061; baseline -0.001 -16"><span class='ocrx_word' id='word_1_923' title='bbox 1940 4991 2029 5045; x_wconf 65' lang='grc'><strong>54.</strong></span> <span class='ocrx_word' id='word_1_924' title='bbox 2063 4986 2179 5043; x_wconf 80' lang='lat' dir='ltr'><strong>Dixi</strong></span> <span class='ocrx_word' id='word_1_925' title='bbox 2212 5004 2351 5061; x_wconf 78' lang='lat' dir='ltr'><strong>vers.</strong></span> <span class='ocrx_word' id='word_1_926' title='bbox 2384 5004 2500 5061; x_wconf 77' lang='lat' dir='ltr'><strong>sup.</strong></span> <span class='ocrx_word' id='word_1_927' title='bbox 2532 4990 2809 5061; x_wconf 83' lang='lat' dir='ltr'><strong>legendum</strong></span> <span class='ocrx_word' id='word_1_928' title='bbox 2835 5005 2956 5061; x_wconf 84' lang='lat' dir='ltr'><strong>esse</strong></span> <span class='ocrx_word' id='word_1_929' title='bbox 2987 4990 3217 5061; x_wconf 79' lang='lat' dir='ltr'><strong>frondem</strong></span> <span class='ocrx_word' id='word_1_930' title='bbox 3232 5006 3263 5061; x_wconf 86' lang='lat'><strong>;_</strong></span> <span class='ocrx_word' id='word_1_931' title='bbox 3270 4988 3438 5061; x_wconf 81' lang='lat' dir='ltr'><strong>_e_tita</strong></span> 
     </span>
    </p>
   </div>
   <div class='ocr_carea' id='block_1_131' title="bbox 1868 5058 3435 5129">
    <p class='ocr_par' dir='ltr' id='par_1_131' title="bbox 1868 5058 3435 5129">
     <span class='ocr_line' id='line_1_133' title="bbox 1868 5058 3435 5129; baseline 0 -16"><span class='ocrx_word' id='word_1_932' title='bbox 1868 5075 2051 5115; x_wconf 86' lang='lat' dir='ltr'><strong>revera</strong></span> <span class='ocrx_word' id='word_1_933' title='bbox 2076 5061 2253 5129; x_wconf 83' lang='lat' dir='ltr'><strong>legunt</strong></span> <span class='ocrx_word' id='word_1_934' title='bbox 2282 5058 2399 5112; x_wconf 87' lang='lat' dir='ltr'><strong>Vat.</strong></span> <span class='ocrx_word' id='word_1_935' title='bbox 2424 5060 2485 5125; x_wconf 86' lang='grc' dir='ltr'><strong>Β,</strong></span> <span class='ocrx_word' id='word_1_936' title='bbox 2514 5060 2688 5123; x_wconf 75' lang='lat' dir='ltr'><strong>Alex.,</strong></span> <span class='ocrx_word' id='word_1_937' title='bbox 2719 5061 2871 5124; x_wconf 84' lang='lat' dir='ltr'><strong>lllar.,</strong></span> <span class='ocrx_word' id='word_1_938' title='bbox 2896 5058 3074 5129; x_wconf 54' lang='lat' dir='ltr'><strong>Pra&#39;g.,</strong></span> <span class='ocrx_word' id='word_1_939' title='bbox 3100 5062 3222 5125; x_wconf 69' lang='lat' dir='ltr'><strong>ltat,</strong></span> <span class='ocrx_word' id='word_1_940' title='bbox 3246 5058 3435 5114; x_wconf 75' lang='lat' dir='ltr'><strong>Weitz.</strong></span> 
     </span>
    </p>
   </div>
   <div class='ocr_carea' id='block_1_132' title="bbox 1870 5129 3439 5201">
    <p class='ocr_par' dir='ltr' id='par_1_132' title="bbox 1870 5129 3439 5201">
     <span class='ocr_line' id='line_1_134' title="bbox 1870 5129 3439 5201; baseline -0.003 -16"><span class='ocrx_word' id='word_1_941' title='bbox 1870 5147 1989 5185; x_wconf 91' lang='lat' dir='ltr'><strong>cum</strong></span> <span class='ocrx_word' id='word_1_942' title='bbox 2023 5131 2289 5201; x_wconf 83' lang='lat' dir='ltr'><strong>plerisque</strong></span> <span class='ocrx_word' id='word_1_943' title='bbox 2306 5129 2466 5201; x_wconf 44' lang='lat' dir='ltr'><strong>“suis,</strong></span> <span class='ocrx_word' id='word_1_944' title='bbox 2511 5130 2624 5201; x_wconf 80' lang='lat' dir='ltr'><strong>Gis.</strong></span> <span class='ocrx_word' id='word_1_945' title='bbox 2657 5131 2723 5185; x_wconf 90' lang='lat' dir='ltr'><strong>ad</strong></span> <span class='ocrx_word' id='word_1_946' title='bbox 2767 5146 2962 5201; x_wconf 81' lang='lat' dir='ltr'><strong>marg.,</strong></span> <span class='ocrx_word' id='word_1_947' title='bbox 2994 5129 3168 5197; x_wconf 88' lang='lat' dir='ltr'><strong>Sich.,</strong></span> <span class='ocrx_word' id='word_1_948' title='bbox 3202 5129 3439 5201; x_wconf 82' lang='lat' dir='ltr'><strong>Thuan.,</strong></span> 
     </span>
    </p>
   </div>
   <div class='ocr_carea' id='block_1_133' title="bbox 1869 5198 3444 5267">
    <p class='ocr_par' dir='ltr' id='par_1_133' title="bbox 1869 5198 3444 5267">
     <span class='ocr_line' id='line_1_135' title="bbox 1869 5198 3444 5267; baseline -0.001 -13"><span class='ocrx_word' id='word_1_949' title='bbox 1869 5202 1974 5254; x_wconf 91' lang='lat' dir='ltr'><strong>duo</strong></span> <span class='ocrx_word' id='word_1_950' title='bbox 2004 5198 2278 5264; x_wconf 58' lang='lat' dir='ltr'><strong>Torreat,</strong></span> <span class='ocrx_word' id='word_1_951' title='bbox 2305 5198 2512 5262; x_wconf 87' lang='lat' dir='ltr'><strong>Heins.,</strong></span> <span class='ocrx_word' id='word_1_952' title='bbox 2544 5199 2734 5255; x_wconf 88' lang='lat' dir='ltr'><strong>Cham.</strong></span> <span class='ocrx_word' id='word_1_953' title='bbox 2768 5202 2853 5267; x_wconf 87' lang='lat' dir='ltr'><strong>Et,</strong></span> <span class='ocrx_word' id='word_1_954' title='bbox 2885 5198 2939 5255; x_wconf 80' lang='lat' dir='ltr'><strong>ut</strong></span> <span class='ocrx_word' id='word_1_955' title='bbox 2970 5200 3285 5257; x_wconf 88' lang='lat' dir='ltr'><strong>Prudentius</strong></span> <span class='ocrx_word' id='word_1_956' title='bbox 3312 5199 3444 5253; x_wconf 86' lang='lat' dir='ltr'><strong>dicit</strong></span> 
     </span>
    </p>
   </div>
   <div class='ocr_carea' id='block_1_134' title="bbox 1872 5269 3444 5338">
    <p class='ocr_par' dir='ltr' id='par_1_134' title="bbox 1872 5269 3444 5338">
     <span class='ocr_line' id='line_1_136' title="bbox 1872 5269 3444 5338; baseline 0 -14"><span class='ocrx_word' id='word_1_957' title='bbox 1872 5283 2011 5325; x_wconf 91' lang='lat' dir='ltr'><strong>nunc</strong></span> <span class='ocrx_word' id='word_1_958' title='bbox 2041 5270 2276 5336; x_wconf 80' lang='lat' dir='ltr'><strong>frondem</strong></span> <span class='ocrx_word' id='word_1_959' title='bbox 2307 5286 2596 5338; x_wconf 81' lang='lat' dir='ltr'><strong>perennem,</strong></span> <span class='ocrx_word' id='word_1_960' title='bbox 2656 5274 2725 5327; x_wconf 89' lang='lat' dir='ltr'><strong>ita</strong></span> <span class='ocrx_word' id='word_1_961' title='bbox 2760 5288 2902 5326; x_wconf 87' lang='lat' dir='ltr'><strong>vers.</strong></span> <span class='ocrx_word' id='word_1_962' title='bbox 2936 5273 3038 5328; x_wconf 82' lang='grc'><strong>175</strong></span> <span class='ocrx_word' id='word_1_963' title='bbox 3069 5270 3347 5325; x_wconf 76' lang='lat' dir='ltr'><strong>Dittochzei</strong></span> <span class='ocrx_word' id='word_1_964' title='bbox 3376 5269 3444 5324; x_wconf 86' lang='lat' dir='ltr'><strong>de</strong></span> 
     </span>
    </p>
   </div>
   <div class='ocr_carea' id='block_1_135' title="bbox 1874 5337 3446 5412">
    <p class='ocr_par' dir='ltr' id='par_1_135' title="bbox 1874 5337 3446 5412">
     <span class='ocr_line' id='line_1_137' title="bbox 1874 5337 3446 5412; baseline -0.002 -18"><span class='ocrx_word' id='word_1_965' title='bbox 1874 5350 2057 5395; x_wconf 89' lang='lat' dir='ltr'><strong>monte</strong></span> <span class='ocrx_word' id='word_1_966' title='bbox 2084 5337 2312 5412; x_wconf 78' lang='lat' dir='ltr'><strong>Oliveti,</strong></span> <span class='ocrx_word' id='word_1_967' title='bbox 2333 5337 2628 5394; x_wconf 79' lang='lat' dir='ltr'><strong>Fraudibus</strong></span> <span class='ocrx_word' id='word_1_968' title='bbox 2657 5344 2856 5397; x_wconf 73' lang='lat' dir='ltr'><strong>aeternis</strong></span> <span class='ocrx_word' id='word_1_969' title='bbox 2887 5343 3195 5412; x_wconf 66' lang='lat' dir='ltr'><strong>praepinguis</strong></span> <span class='ocrx_word' id='word_1_970' title='bbox 3235 5342 3446 5412; x_wconf 85' lang='lat' dir='ltr'><strong>liquitur</strong></span> 
     </span>
    </p>
   </div>
   <div class='ocr_carea' id='block_1_136' title="bbox 1874 5410 3449 5481">
    <p class='ocr_par' dir='ltr' id='par_1_136' title="bbox 1874 5410 3449 5481">
     <span class='ocr_line' id='line_1_138' title="bbox 1874 5410 3449 5481; baseline 0.001 -19"><span class='ocrx_word' id='word_1_971' title='bbox 1874 5411 2078 5465; x_wconf 81' lang='lat' dir='ltr'><strong>humor.</strong></span> <span class='ocrx_word' id='word_1_972' title='bbox 2111 5410 2408 5479; x_wconf 84' lang='lat' dir='ltr'><strong>.lanningns</strong></span> <span class='ocrx_word' id='word_1_973' title='bbox 2466 5420 2593 5465; x_wconf 87' lang='lat' dir='ltr'><strong>tom.</strong></span> <span class='ocrx_word' id='word_1_974' title='bbox 2640 5412 2723 5466; x_wconf 83' lang='lat' dir='ltr'><strong>Vll</strong></span> <span class='ocrx_word' id='word_1_975' title='bbox 2763 5410 2905 5467; x_wconf 81' lang='lat' dir='ltr'><strong>Junii</strong></span> <span class='ocrx_word' id='word_1_976' title='bbox 2932 5410 3099 5467; x_wconf 81' lang='lat' dir='ltr'><strong>etiam</strong></span> <span class='ocrx_word' id='word_1_977' title='bbox 3138 5412 3264 5478; x_wconf 85' lang='lat' dir='ltr'><strong>legit</strong></span> <span class='ocrx_word' id='word_1_978' title='bbox 3288 5410 3449 5481; x_wconf 70' lang='lat' dir='ltr'><strong>fron-</strong></span> 
     </span>
    </p>
   </div>
   <div class='ocr_carea' id='block_1_137' title="bbox 1876 5482 3449 5552">
    <p class='ocr_par' dir='ltr' id='par_1_137' title="bbox 1876 5482 3449 5552">
     <span class='ocr_line' id='line_1_139' title="bbox 1876 5482 3449 5552; baseline 0.001 -18"><span class='ocrx_word' id='word_1_979' title='bbox 1876 5483 1988 5535; x_wconf 87' lang='lat' dir='ltr'><strong>dem</strong></span> <span class='ocrx_word' id='word_1_980' title='bbox 2019 5496 2306 5552; x_wconf 89' lang='lat' dir='ltr'><strong>perennem,</strong></span> <span class='ocrx_word' id='word_1_981' title='bbox 2340 5490 2395 5552; x_wconf 88' lang='lat' dir='ltr'><strong>et</strong></span> <span class='ocrx_word' id='word_1_982' title='bbox 2424 5482 2802 5552; x_wconf 86' lang='lat' dir='ltr'><strong>interpretatur</strong></span> <span class='ocrx_word' id='word_1_983' title='bbox 2845 5483 3040 5538; x_wconf 90' lang='lat' dir='ltr'><strong>oleam.</strong></span> <span class='ocrx_word' id='word_1_984' title='bbox 3090 5482 3449 5552; x_wconf 79' lang='lat' dir='ltr'><strong>Nihilominus</strong></span> 
     </span>
    </p>
   </div>
   <div class='ocr_carea' id='block_1_138' title="bbox 1879 5499 3449 5623">
    <p class='ocr_par' dir='ltr' id='par_1_138' title="bbox 1879 5499 3449 5623">
     <span class='ocr_line' id='line_1_140' title="bbox 1879 5499 3449 5552; baseline 0.001 -18"><span class='ocrx_word' id='word_1_985' title='bbox 1879 5499 1988 5535; x_wconf 87' lang='lat' dir='ltr'><strong>aem</strong></span> <span class='ocrx_word' id='word_1_986' title='bbox 2054 5499 2306 5545; x_wconf 81' lang='lat' dir='ltr'><strong>eremiem,</strong></span> <span class='ocrx_word' id='word_1_987' title='bbox 2340 5499 2395 5535; x_wconf 78' lang='lat' dir='ltr'><strong>et</strong></span> <span class='ocrx_word' id='word_1_988' title='bbox 2426 5499 2802 5552; x_wconf 83' lang='lat' dir='ltr'><strong>interpretatur</strong></span> <span class='ocrx_word' id='word_1_989' title='bbox 2845 5499 3040 5538; x_wconf 72' lang='lat' dir='ltr'><strong>oream.</strong></span> <span class='ocrx_word' id='word_1_990' title='bbox 3090 5499 3449 5538; x_wconf 76' lang='lat' dir='ltr'><strong>multominus</strong></span> 
     </span>
     <span class='ocr_line' id='line_1_141' title="bbox 1879 5499 3449 5623; baseline -0.001 -17"><span class='ocrx_word' id='word_1_991' title='bbox 1879 5499 2214 5617; x_wconf 49' lang='lat' dir='ltr'><strong>Parrbasius,</strong></span> <span class='ocrx_word' id='word_1_992' title='bbox 2274 5550 2397 5623; x_wconf 60' lang='lat' dir='ltr'><strong>Ald.</strong></span> <span class='ocrx_word' id='word_1_993' title='bbox 2428 5566 2490 5606; x_wconf 90' lang='lat' dir='ltr'><strong>ac</strong></span> <span class='ocrx_word' id='word_1_994' title='bbox 2520 5553 2675 5623; x_wconf 14' lang='lat' dir='ltr'><strong>multi,</strong></span> <span class='ocrx_word' id='word_1_995' title='bbox 2697 5568 2825 5623; x_wconf 91' lang='lat' dir='ltr'><strong>mss.</strong></span> <span class='ocrx_word' id='word_1_996' title='bbox 2858 5553 3037 5623; x_wconf 92' lang='lat' dir='ltr'><strong>legunt</strong></span> <span class='ocrx_word' id='word_1_997' title='bbox 3064 5553 3277 5623; x_wconf 80' lang='lat' dir='ltr'><strong>fontem,</strong></span> <span class='ocrx_word' id='word_1_998' title='bbox 3305 5551 3449 5621; x_wconf 90' lang='lat' dir='ltr'><strong>quod</strong></span> 
     </span>
    </p>
   </div>
   <div class='ocr_carea' id='block_1_139' title="bbox 1879 5620 3451 5692">
    <p class='ocr_par' dir='ltr' id='par_1_139' title="bbox 1879 5620 3451 5692">
     <span class='ocr_line' id='line_1_142' title="bbox 1879 5620 3451 5692; baseline -0.002 -15"><span class='ocrx_word' id='word_1_999' title='bbox 1879 5631 2266 5691; x_wconf 81' lang='lat' dir='ltr'><strong>expresserunt</strong></span> <span class='ocrx_word' id='word_1_1000' title='bbox 2288 5620 2552 5677; x_wconf 89' lang='lat' dir='ltr'><strong>Cellarius</strong></span> <span class='ocrx_word' id='word_1_1001' title='bbox 2574 5632 2627 5677; x_wconf 90' lang='lat' dir='ltr'><strong>et</strong></span> <span class='ocrx_word' id='word_1_1002' title='bbox 2647 5622 2892 5689; x_wconf 83' lang='lat' dir='ltr'><strong>Teolius;</strong></span> <span class='ocrx_word' id='word_1_1003' title='bbox 2914 5620 3217 5692; x_wconf 77' lang='lat' dir='ltr'><strong>quanquam</strong></span> <span class='ocrx_word' id='word_1_1004' title='bbox 3243 5620 3332 5677; x_wconf 85' lang='lat' dir='ltr'><strong>hic</strong></span> <span class='ocrx_word' id='word_1_1005' title='bbox 3346 5636 3451 5675; x_wconf 89' lang='lat' dir='ltr'><strong>non</strong></span> 
     </span>
    </p>
   </div>
   <div class='ocr_carea' id='block_1_140' title="bbox 1878 5692 3453 5763">
    <p class='ocr_par' dir='ltr' id='par_1_140' title="bbox 1878 5692 3453 5763">
     <span class='ocr_line' id='line_1_143' title="bbox 1878 5692 3453 5763; baseline -0.001 -17"><span class='ocrx_word' id='word_1_1006' title='bbox 1878 5707 2013 5747; x_wconf 82' lang='lat' dir='ltr'><strong>vere</strong></span> <span class='ocrx_word' id='word_1_1007' title='bbox 2041 5692 2272 5763; x_wconf 81' lang='lat' dir='ltr'><strong>affirmat</strong></span> <span class='ocrx_word' id='word_1_1008' title='bbox 2299 5707 2487 5763; x_wconf 89' lang='lat' dir='ltr'><strong>omnes</strong></span> <span class='ocrx_word' id='word_1_1009' title='bbox 2517 5693 2657 5749; x_wconf 84' lang='lat' dir='ltr'><strong>Vatt.</strong></span> <span class='ocrx_word' id='word_1_1010' title='bbox 2688 5704 2882 5762; x_wconf 63' lang='lat' dir='ltr'><strong>prseter</strong></span> <span class='ocrx_word' id='word_1_1011' title='bbox 2908 5709 3072 5748; x_wconf 90' lang='lat' dir='ltr'><strong>unum</strong></span> <span class='ocrx_word' id='word_1_1012' title='bbox 3117 5696 3313 5748; x_wconf 91' lang='lat' dir='ltr'><strong>habere</strong></span> <span class='ocrx_word' id='word_1_1013' title='bbox 3339 5694 3453 5763; x_wconf 67' lang='lat' dir='ltr'><strong>fon-</strong></span> 
     </span>
    </p>
   </div>
   <div class='ocr_carea' id='block_1_141' title="bbox 1889 5762 3455 5834">
    <p class='ocr_par' dir='ltr' id='par_1_141' title="bbox 1889 5762 3455 5834">
     <span class='ocr_line' id='line_1_144' title="bbox 1889 5762 3455 5834; baseline -0.001 -16"><span class='ocrx_word' id='word_1_1014' title='bbox 1889 5772 2009 5818; x_wconf 83' lang='lat' dir='ltr'><strong>tem.</strong></span> <span class='ocrx_word' id='word_1_1015' title='bbox 2026 5762 2420 5834; x_wconf 83' lang='lat' dir='ltr'><strong>Cbamillardus</strong></span> <span class='ocrx_word' id='word_1_1016' title='bbox 2440 5764 2539 5818; x_wconf 90' lang='lat' dir='ltr'><strong>etsi</strong></span> <span class='ocrx_word' id='word_1_1017' title='bbox 2561 5763 2695 5833; x_wconf 85' lang='lat' dir='ltr'><strong>legat</strong></span> <span class='ocrx_word' id='word_1_1018' title='bbox 2717 5765 2967 5834; x_wconf 75' lang='lat' dir='ltr'><strong>frondem,</strong></span> <span class='ocrx_word' id='word_1_1019' title='bbox 2989 5774 3162 5818; x_wconf 85' lang='lat' dir='ltr'><strong>tamen</strong></span> <span class='ocrx_word' id='word_1_1020' title='bbox 3186 5765 3237 5818; x_wconf 90' lang='lat' dir='ltr'><strong>in</strong></span> <span class='ocrx_word' id='word_1_1021' title='bbox 3260 5764 3455 5833; x_wconf 85' lang='lat' dir='ltr'><strong>liquore</strong></span> 
     </span>
    </p>
   </div>
   <div class='ocr_carea' id='block_1_142' title="bbox 1889 5831 3453 5902">
    <p class='ocr_par' dir='ltr' id='par_1_142' title="bbox 1889 5831 3453 5902">
     <span class='ocr_line' id='line_1_145' title="bbox 1889 5831 3453 5902; baseline 0.001 -15"><span class='ocrx_word' id='word_1_1022' title='bbox 1889 5843 2023 5896; x_wconf 88' lang='lat' dir='ltr'><strong>orto,</strong></span> <span class='ocrx_word' id='word_1_1023' title='bbox 2062 5831 2128 5887; x_wconf 91' lang='lat' dir='ltr'><strong>de</strong></span> <span class='ocrx_word' id='word_1_1024' title='bbox 2156 5848 2259 5900; x_wconf 89' lang='lat' dir='ltr'><strong>quo</strong></span> <span class='ocrx_word' id='word_1_1025' title='bbox 2288 5847 2432 5887; x_wconf 89' lang='lat' dir='ltr'><strong>vers.</strong></span> <span class='ocrx_word' id='word_1_1026' title='bbox 2477 5831 2680 5901; x_wconf 78' lang='lat' dir='ltr'><strong>super.,</strong></span> <span class='ocrx_word' id='word_1_1027' title='bbox 2718 5831 2968 5902; x_wconf 84' lang='lat' dir='ltr'><strong>intelligit</strong></span> <span class='ocrx_word' id='word_1_1028' title='bbox 3011 5850 3075 5889; x_wconf 84' lang='lat' dir='ltr'><strong>ex</strong></span> <span class='ocrx_word' id='word_1_1029' title='bbox 3121 5831 3453 5902; x_wconf 48' lang='lat' dir='ltr'><strong>mentePru:</strong></span> 
     </span>
    </p>
   </div>
   <div class='ocr_carea' id='block_1_143' title="bbox 1880 5895 3457 5977">
    <p class='ocr_par' dir='ltr' id='par_1_143' title="bbox 1880 5895 3457 5977">
     <span class='ocr_line' id='line_1_146' title="bbox 1880 5895 3457 5977; baseline -0.001 -18"><span class='ocrx_word' id='word_1_1030' title='bbox 1880 5903 2056 5959; x_wconf 86' lang='lat' dir='ltr'><strong>&#39;dentii</strong></span> <span class='ocrx_word' id='word_1_1031' title='bbox 2089 5895 2331 5974; x_wconf 81' lang='lat' dir='ltr'><strong>erupisse</strong></span> <span class='ocrx_word' id='word_1_1032' title='bbox 2358 5895 2586 5977; x_wconf 78' lang='lat' dir='ltr'><strong>aiiquein</strong></span> <span class='ocrx_word' id='word_1_1033' title='bbox 2616 5895 2812 5962; x_wconf 84' lang='lat' dir='ltr'><strong>l‘ontcm</strong></span> <span class='ocrx_word' id='word_1_1034' title='bbox 2846 5895 3095 5964; x_wconf 56' lang='lat' dir='ltr'><strong>in&#39;morte</strong></span> <span class='ocrx_word' id='word_1_1035' title='bbox 3123 5904 3161 5961; x_wconf 90' lang='lat' dir='ltr'><strong>S</strong></span> <span class='ocrx_word' id='word_1_1036' title='bbox 3211 5904 3375 5973; x_wconf 85' lang='lat' dir='ltr'><strong>Petri,</strong></span> <span class='ocrx_word' id='word_1_1037' title='bbox 3404 5895 3457 5958; x_wconf 78' lang='lat' dir='ltr'><strong>ui</strong></span> 
     </span>
    </p>
   </div>
  </div>
