3958 6312
1058 293 1143 307 αῆγ

536 360 646 420 565

1589 578 1802 651 [catque
1826 578 2043 643 clivum,

791 676 972 743 Donec
998 675 1185 729 virenti
1211 674 1432 729 ﬂuctuet
1458 673 1728 745 colymbo.

724 768 949 823 Interior
980 766 1168 821 tumuli
1196 782 1317 836 pars
1346 776 1449 831 est,
1482 766 1570 820 ubi
1602 764 1837 835 lapsibus
1858 765 2069 821 sonoris

804 860 1063 931 Stagnum
1090 861 1249 915 nivali
1280 860 1508 915 volvitur
1538 858 1823 928 profundo.

698 944 930 1029 ’1197
957 953 1268 1009 Omnicolor
1296 954 1493 1009 vitreas
1520 956 1728 1023 pictura
1756 967 1988 1023 superne
2016 953 2121 1007 tin-

1731 1045 1829 1119 [git
1853 1046 2047 1113 undas,

1188 402 1204 417 .
1649 368 1927 431 Αυιιειιι
1962 317 2335 433 ΡιιυόὲΝΤιι
2362 370 2687 431 CARMINA.

534 490 610 548 55
724 488 938 563 1196
966 487 1117 545 Nunc
1147 484 1379 558 pretiosa
1398 484 1513 566 _rnit
1540 499 1635 556 per
1648 499 1939 551 marmora,
1957 486 2125 542 lubri-
2147 491 2203 550 Α
2264 489 2335 547 ιο

3485 431 3541 443 μ.
3716 379 3831 439 εει

2481 489 2649 547 Musei
2671 489 2938 558 relucent,
2961 497 3018 547 et
3040 491 3259 549 virescit
3284 506 3499 548 aurum.

2400 585 2757 656 Cyaneasque
2802 584 2943 640 latex
2993 586 3241 640 umbram
3269 584 3435 640 trahit
3484 587 3828 643 imminentis

3534 678 3697 752 [ostri
3733 696 3752 733 :

2471 769 2679 826 Credas
2703 770 2908 828 moveri
2936 769 3188 827 ﬂuctibus
3210 771 3451 828 lacunar.

2408 862 2596 918 Pastor
2624 878 2751 917 oves
2775 864 2870 917 alit
2896 862 3009 932 ipse
3035 862 3142 917 illic
3168 862 3329 933 gelidi
3361 863 3543 932 rigore
3568 861 3765 930 fontis,

2484 954 2644 1011 Videt
2670 956 2821 1011 sitire
2847 970 2983 1025 quas
3008 956 3210 1012 ﬂuenta
3231 954 3458 1011 Christi.

2263 1043 2333 1100 45
2409 1045 2569 1102 Parte
2602 1046 2705 1101 alia
2738 1048 2951 1103 titulum
3002 1047 3152 1103 Pauli
3197 1048 3282 1103 via
3308 1056 3492 1104 servat
3525 1047 3822 1117 Ostiensis,

1847 1158 2136 1216 (ηοεδῶ
2175 1159 2517 1216 VETERES.

611 1275 701 1330 55.
733 1274 880 1337 Ruit,
898 1275 1084 1339 oleum,
1111 1305 1177 1317 ——
1199 1273 1577 1344 Lubricatque,
1600 1272 1775 1344 ﬂectit.
1794 1302 1864 1312 —
1882 1271 2115 1339 Clivum,

540 1347 798 1399 derexitas
820 1348 1023 1410 montis,
1055 1345 1094 1399 Ι.

612 1418 700 1471 56.
751 1416 1030 1485 Colymbo,
1080 1425 1282 1481 natatu,
1332 1416 1461 1470 Mar.
1515 1415 1696 1485 Prag.,
1738 1424 1948 1477 natatu;
1998 1430 2122 1485 nam

538 1486 714 1541 Grece
739 1484 991 1555 colymbin
1018 1497 1194 1540 natare
1233 1488 1435 1540 dicitur.
1478 1484 1673 1539 Natatu
1710 1503 1728 1541 :
1760 1487 1926 1554 {ructu
1951 1484 2116 1538 olivtc.

540 1556 775 1627 Corymbi
800 1559 987 1610 racemi
1014 1558 1346 1621 hederarum;
1368 1556 1588 1627 colymbi
1622 1556 1725 1610 tabi
1746 1572 1834 1625 per
1853 1570 1976 1623 quos
2002 1571 2119 1607 cur-

540 1629 769 1751 ait‘aqxa
808 1644 899 1699 per
927 1629 1039 1681 loca
1087 1630 1305 1693 occulta,
1349 1628 1389 1681 l.
1422 1626 1651 1697 Colymbi
1698 1627 1802 1680 tubi
1852 1627 2114 1691 dicuntur,

592 1714 619 1751 a
653 1740 664 1751 .
748 1740 760 1751 .

592 1707 664 1752 at.
697 1702 760 1753 A.

613 1768 701 1826 58.
732 1770 923 1839 Nivali,
950 1770 1187 1833 candido,
1214 1770 1252 1824 l.

582 1841 700 1964 ἧς).
726 1840 991 1965 Sulperne,
1019 1842 1254 1912 desuper,
1284 1838 1871 1910 adverbium—Tingit,
1898 1839 2119 1901 colorat;

582 1926 622 1964 rc
648 1928 761 1965 ara.
815 1954 830 1965 .

578 1920 761 1974 tctura,
789 1920 830 1969 ι.

540 1928 914 2047 Ρωέῦῗαάιέξοί,
939 1983 1251 2048 viriditates,
1294 1982 1414 2038 Vat.
1450 1982 1513 2037 A.
1568 1983 1671 2051 Qui
1708 1983 1777 2037 ibi
1798 1983 1919 2052 picti
1959 1993 2121 2039 erant.

542 2080 611 2095 --
644 2052 923 2121 Relucent,
944 2071 1009 2109 ea:
1031 2070 1182 2120 auro,
1218 2054 1259 2109 l.
1289 2084 1360 2095 -—
1385 2054 1613 2120 Aurum,
1644 2070 1707 2108 ex
1736 2070 1932 2120 musco,
1952 2052 1990 2106 l.
2023 2053 2125 2108 La-

2227 1276 2380 1349 minu:
2404 1290 2576 1349 aurem
2592 1277 2755 1346 aﬁixw
2776 1277 3122 1349 laquearibus,
3151 1277 3272 1331 Vat.
3300 1278 3368 1333 Α.

2297 1346 2391 1400 ll.
2452 1346 3074 1419 Cyaneasque,'viridis,
3124 1350 3342 1414 vitreus;
3643 1346 3825 1419 Cyane

2227 1432 2424 1487 gemma
2464 1425 2537 1471 est
2582 1417 2810 1488 Scythica
2847 1436 3160 1485 coruscans;
3186 1420 3451 1473 interdum
3480 1421 3653 1473 triton
3690 1417 3823 1486 intra

2228 1497 2320 1551 est,
2354 1498 2402 1540 et
2423 1488 2987 1552 punctalis;interdum
3024 1490 3331 1544 micantibus
3371 1492 3570 1544 auratis
3609 1492 3824 1544 varians

2229 1558 2506 1626 punctulis.
2541 1589 2609 1601 —
2629 1560 2771 1615 Ostri
2792 1603 2805 1624 ,
2829 1562 2971 1614 rubei
3000 1562 3184 1615 coloris
3206 1577 3225 1615 :
3257 1571 3453 1615 ostrum
3479 1577 3733 1629 purpura
3754 1562 3822 1614 li-

2226 1645 2355 1694 quor
2377 1629 2439 1681 ab
2468 1638 2655 1693 ostrea,
2678 1647 2791 1696 qua:
2810 1631 2987 1686 Grtece
3017 1642 3142 1686 testa
3180 1632 3397 1699 dicitur.
3414 1630 3593 1687 Genus
3613 1633 3822 1687 muricis

2223 1701 2343 1753 bene
2369 1701 2572 1765 olentis,
2606 1700 2646 1754 Ι.
2676 1700 2958 1767 Lazareus,
3000 1703 3078 1758 vel
3102 1698 3417 1770 purpureus,
3454 1702 3604 1771 Vala,
3635 1707 3705 1758 Δ.
3736 1698 3821 1757 Αι-

2294 1787 2312 1823 s
2336 1771 2492 1840 lapis,
2525 1772 2655 1827 Mar.
2688 1803 2757 1812 -
2788 1774 3064 1836 Umbram,
3098 1774 3390 1843 imaginem,
3422 1771 3545 1833 Vat.
3580 1777 3643 1829 Α.

2412 1841 2621 1915 Pastor,
2654 1842 2860 1909 Petrus,
2883 1843 2949 1911 l.,
2974 1845 3094 1900 Vat.
3130 1848 3271 1898 A.—
3298 1844 3517 1913 Rigore,
3547 1847 3751 1915 algore.
3778 1843 3815 1898 1.
3854 1871 3869 1881 -

2294 1912 2383 1967 44.
2414 1913 2661 1983 Fluenta,
2694 1916 3002 1980 doctrinam,
3026 1916 3066 1971 Ι.

2295 1983 2391 2107 ὁδὶ
2417 1982 2699 2109 ostilensis,
2735 1984 3055 2055 Portuensis,
3080 1986 3142 2042 ab
3175 1984 3322 2041 Ostia
3349 2000 3369 2039 :
3391 1986 3670 2057 proprium
3718 2002 3807 2039 no-

2230 2069 2346 2108 men
2394 2071 2494 2122 oci,
2554 2096 2564 2107 .

2226 1771 2318 1843 bus
2336 1771 2492 1843 lapis,
2525 1772 2757 1843 Mara—
2788 1774 3064 1836 Umbram,
3098 1774 3390 1843 imaginem,

1884 2165 2440 2223 COMMENTARIUS.

543 2270 652 2317 tres
682 2265 924 2329 erupisse
967 2262 1019 2315 in
1051 2268 1222 2315 morte
1269 2258 1326 2312 S.
1361 2257 1509 2313 Pauli
1541 2257 1815 2329 memoria:
1853 2256 2117 2326 proditum

540 2344 645 2387 est.
698 2327 1119 2399 At'Prudentius
1163 2329 1400 2397 loquitur
1446 2328 1512 2382 de
1542 2327 1687 2382 fonte
1725 2329 1813 2399 qui
1858 2329 1912 2382 in
1941 2339 2120 2383 monte

541 2404 721 2458 vicino
751 2398 1093 2457 scaturiebat.
1122 2401 1432 2461 Peveratus,
1456 2399 1543 2467 qui
1566 2414 1688 2452 cum
1717 2398 1942 2453 Baronio
1973 2410 2122 2467 putat

543 2488 846 2528 sermonem
879 2486 998 2526 esse
1041 2473 1108 2527 de
1134 2472 1282 2525 fonte
1312 2468 1637 2539 baptis‘mali,
1668 2469 1796 2539 legit
1825 2470 2036 2538 fontem,
2066 2480 2121 2525 et

543 2554 694 2610 putat
719 2558 840 2597 eum
866 2558 987 2597 cum
1030 2545 1144 2612 ipso
1168 2541 1480 2596 coemeterio
1516 2540 1734 2612 omnino
1763 2540 2117 2606 destructum,

544 2617 614 2669 ita
648 2626 704 2668 ut
732 2615 892 2671 nulla:
923 2610 1191 2674 supersint
1221 2612 1480 2675 reliquiae,
1510 2611 1609 2663 nisi
1649 2610 1787 2667 forte
1815 2612 1952 2680 quod
1979 2612 2119 2667 circa

542 2686 858 2751 posterioris
886 2683 1211 2753 crepidinem
1242 2681 1462 2751 :Ipsidis,
1493 2690 1548 2734 et
1570 2682 1670 2736 sub
1690 2698 1827 2737 arcte
1852 2680 2119 2737 Vaticana:

544 2756 837 2830 porticibus
882 2755 1174 2830 etiamnum
1212 2767 1473 2830 aquarum
1498 2753 1870 2830 _scaturigines
1911 2754 2123 2822 conspi-

544 2822 759 2881 ciuntur
778 2822 1000 2889 quarum
1023 2826 1225 2894 aliquot
1252 2824 1303 2878 in
1330 2822 1757 2893 limpidissimum
1781 2823 1981 2879 fontem
2002 2840 2121 2879 cor-

544 2898 738 2951 rivavit
768 2895 1014 2951 Urbanus
1042 2894 1177 2961 VIII,
1227 2894 1579 2965 versibusquo
1606 2896 1904 2956 exornavit.
1951 2906 2000 2949 et
2028 2909 2121 2965 p0-

545 2980 657 3022 stea
692 2968 807 3021 fons
839 2966 1038 3022 Lilierii
1068 2982 1237 3036 papaz,
1266 2980 1328 3020 ac
1362 2962 1570 3019 Damasi
1600 2965 1650 3019 in
1679 2980 1859 3021 aream
1883 2962 2119 3022 Vaticani

546 3040 725 3106 palatii
758 3039 825 3091 ab
866 3039 1173 3092 Innocentio
1204 3038 1248 3090 Χ
1280 3036 1540 3106 deductus
1576 3050 1640 3090 ac
1668 3037 1996 3093 instauratus
2017 3048 2118 3103 est,

544 3105 634 3178 Qui
668 3109 940 3163 historiam
977 3108 1173 3162 Liberii
1208 3105 1473 3178 pontiﬁcis
1517 3120 1671 3178 sacro
1721 3109 1972 3176 populum
2020 3108 2117 3162 ab-

547 3176 740 3234 luentis
791 3180 1108 3249 baptismate
1155 3176 1407 3249 marmori
1439 3177 2115 3249 ex‘sctilpendameuravit.

545 3250 740 3305 Verum
776 3246 1004 3318 hic‘ipse
1045 3249 1163 3303 fons
1187 3248 1384 3303 Liburii
1414 3257 1468 3303 et
1499 3246 1729 3311 Damasi,
1771 3260 1952 3318 etnon
1986 3251 2121 3304 alius

546 3321 875 3389 baptismalis
902 3336 929 3373 a
960 3321 1249 3375 Prudentio
1298 3329 1375 3373 est
1417 3318 1738 3387 descriptus.
1787 3317 1986 3376 Versus
2013 3322 2119 3375 Da-

548 3393 675 3444 masi
709 3392 810 3457 legi
838 3401 1055 3457 possunt
1079 3394 1129 3444 in
1150 3392 1267 3458 ejus
1288 3389 1538 3459 operibus
1565 3398 1616 3444 et
1638 3391 1775 3459 apud
1804 3392 2118 3459 Baronium;

550 3461 680 3514 nihil
711 3464 850 3514 enim
883 3462 1079 3515 habent
1104 3478 1168 3517 ex
1198 3477 1302 3530 quo
1332 3460 1479 3530 argui
1511 3460 1679 3527 possit
1713 3461 1777 3517 ad
1811 3465 2005 3518 fontem
2029 3463 2123 3518 ba-

546 3530 845 3597 ptismalem
870 3532 1278 3587 describendum
1303 3532 1467 3585 fuisse
1488 3532 1832 3600 compositos.
1863 3534 2121 3589 Baronius

548 3605 663 3669 ipse
707 3604 996 3656 assentitur
1024 3618 1053 3656 a
1092 3603 1312 3656 Paulino
1343 3601 1547 3654 Nolano
1586 3603 1910 3673 descriptum
1956 3604 2121 3661 fuisse

547 3675 747 3726 tuittem
780 3674 898 3725 atrii
931 3674 1162 3728 basilica}
1192 3674 1480 3728 Vaticanum.
1515 3672 1969 3729 Paulinusiautem
1997 3691 2120 3731 cum

549 3743 840 3798 Prudentio
871 3746 1003 3800 mire
1032 3745 1319 3800 consentit.
1372 3744 1533 3797 Addit
1563 3745 1824 3799 Baronius
1850 3747 2007 3800 aliam
2042 3747 2123 3800 in-

546 3815 890 3883 scriptionem
926 3816 1157 3882 Damasi,
1198 3816 1299 3868 ubi
1339 3815 1535 3869 clarior
1575 3815 1636 3869 lit
1677 3818 1876 3871 mentio
1917 3817 2121 3884 baptis-

546 3889 733 3950 matis;
782 3887 871 3940 sed
908 3888 1123 3941 minime
1164 3895 1370 3940 consuat
1400 3899 1516 3940 eam
1568 3885 1632 3939 ad
1672 3887 1947 3942 basilicam
1980 3887 2123 3943 Vati-

546 3971 731 4009 canam
768 3957 1054 4024 pertinere.
1089 3959 1197 4011 imo
1227 3958 1475 4011 existimo
1506 3966 1745 4024 tempore
1778 3958 1987 4013 Damasi
2016 3976 2123 4014 non

548 4027 688 4098 aliud
721 4028 991 4082 exstitisse
1022 4028 1204 4082 Roma:
1239 4027 1505 4096 publicum
1537 4028 1901 4098 baptisterium
1934 4030 2033 4085 nisi
2056 4030 2120 4085 ad

548 4096 608 4165 S.
633 4097 891 4150 Joannem
924 4093 1267 4165 Lateranum,
1319 4100 1458 4165 quod
1507 4093 1667 4152 unum
1720 4093 1955 4154 nominat
1988 4099 2119 4154 Pru-

545 4164 761 4238 deutins
782 4168 886 4238 lib.
915 4183 951 4238 ι
973 4177 1158 4221 contra
1186 4164 1415 4237 symm,
1450 4182 1594 4220 vers.
1626 4170 1729 4223 586
1759 4181 1809 4224 et
1836 4186 1951 4238 seq.

614 4236 704 4289 55.
732 4236 878 4309 ᾼΙόη
910 4237 1043 4309 Mar.
1067 4253 1093 4289 a
1123 4236 1290 4305 prima
1322 4252 1500 4309 manu,
1525 4255 1788 4292 murmura
1819 4258 1834 4292 :
1860 4236 1971 4309 lege
1995 4258 2124 4294 mar-

546 4321 712 4360 mora.
739 4306 863 4368 0x.,
899 4308 1211 4377 lubricatque
1232 4309 1392 4372 clivo;
1422 4308 1473 4361 id
1505 4319 1587 4362 est
1615 4309 1790 4377 liquor
1819 4306 1934 4364 ﬂuit
1961 4310 2125 4365 lubri-

544 4391 640 4449 cus
670 4392 765 4445 per
790 4378 1006 4449 clivum.
1039 4380 1193 4431 Aliud
1226 4379 1441 4432 lubricat
1468 4380 1653 4431 clivum
1685 4381 1966 4449 significat,
2020 4384 2124 4437 sci-

544 4447 668 4501 licet
696 4449 763 4503 ab
794 4448 1017 4503 humore
1040 4448 1234 4502 clivum
1266 4449 1521 4503 lubricum
1555 4450 1727 4504 reddi.

2146 3142 2193 3204 C

2227 2257 2332 2312 lem
2362 2259 2479 2313 sive
2510 2258 2904 2330 aquaeductum.
2938 2257 3187 2328 Ugutioni
3219 2259 3500 2330 colymbus
3539 2269 3628 2314 est
3653 2258 3818 2316 herba

2226 2342 2478 2402 crescens
2508 2329 2558 2402 in
2591 2344 2763 2402 aqua,
2818 2331 2898 2402 vel
2952 2331 3167 2402 thyrsus
3196 2331 3394 2395 virens,
3442 2330 3529 2386 vel
3559 2334 3817 2402 aqugdu-

2228 2409 2363 2452 ctus.
2398 2398 2519 2452 Mihi
2553 2399 2762 2455 videtur
2792 2398 3070 2468 colymbns
3091 2416 3211 2458 esse
3239 2403 3459 2465 natatio,
3523 2398 3641 2456 sive
3670 2400 3817 2456 locus

2226 2478 2325 2542 aut,
2345 2479 2589 2542 stagnum
2623 2470 2878 2542 natatio_ni
2911 2482 3125 2542 aptum;
3173 2482 3228 2528 et
3246 2472 3591 2528 consentiunt
3620 2473 3815 2542 glossa:

2227 2538 2409 2593 lsidori
2438 2557 2451 2592 :
2485 2538 2778 2666 Columbus,
2807 2538 2970 2596 Locus
3001 2545 3086 2597 ubi
3110 2554 3264 2598 vestes
3296 2538 3645 2598 mandantur:
3662 2543 3815 2598 Lam-

2229 2610 2429 2666 nridius
2458 2610 2509 2665 in
2604 2615 2673 2666 ita
2719 2611 3043 2666 Helioaabali
3072 2634 3084 2666 :
3111 2613 3331 2666 Marino:
3364 2630 3513 2666 unum
3552 2614 3814 2666 columbas

2229 2610 2429 2683 pridius
2458 2610 2509 2665 in
2558 2610 2673 2683 Vita
2719 2611 3043 2681 Heliogabali
3072 2634 3084 2667 :
3111 2613 3331 2669 Marino:
3364 2630 3513 2682 aqua:
3552 2614 3814 2683 colymbos

2226 2681 2451 2734 exhibuit
2480 2683 2531 2735 in
2564 2682 2945 2737 mediterraneis
2972 2683 3097 2738 locis
3140 2700 3157 2738 :
3211 2683 3313 2740 hoc
3341 2681 3424 2741 est
3474 2681 3739 2751 piscinam
3764 2695 3815 2739 et

2228 2751 2576 2821 natationem,
2608 2763 2665 2808 ut
2690 2754 2918 2823 explicat
2948 2756 3257 2824 salmasius.
3292 2754 3499 2824 Lupins
3524 2756 3579 2809 in
3613 2756 3813 2810 disser-

2228 2824 2425 2876 tatione
2472 2820 2909 2893 de'baptis'teriis
2970 2820 3323 2890 Christianis,
3374 2820 3483 2880 etsi
3535 2825 3812 2881 Prndentii

2228 2894 2389 2947 verba
2414 2894 2672 2962 intelligat
2700 2896 2766 2953 de
2788 2896 3101 2958 haptisterio
3126 2898 3402 2961 Vaticano,
3435 2907 3616 2953 tamen
3647 2898 3809 2951 multa

2227 2964 2380 3018 allen
2410 2980 2473 3037 ex
2506 2968 2699 3035 quibus
2728 2968 2901 3035 arguit
2924 2965 3183 3036 colymbos
3206 2978 3260 3023 et
3282 2965 3698 3037 colymbethras._
3718 2983 3811 3023 seu

2231 3036 2517 3091 natatorias
2548 3039 2851 3104 promiscue
2895 3037 2961 3091 de
3004 3035 3226 3094 lavacris
3274 3035 3441 3093 sacris
3481 3050 3536 3092 et
3569 3035 3808 3104 profanis

2227 3106 2721 3231 illeilbconsuevisse.
2757 3107 2862 3163 Pro
2896 3107 3157 3178 colymbus
3185 3109 3424 3165 nonnulli
3452 3106 3701 3164 scribunt
3728 3119 3807 3162 co!

2252 3194 2318 3229 un
2371 3192 2450 3231 us.

2252 3192 2450 3231 unwus.

2298 3249 2385 3303 57.
2419 3252 2472 3304 In
2496 3249 2671 3304 medio
2701 3248 2790 3305 illo
2818 3256 3027 3320 stagno,
3061 3265 3155 3306 seu
3184 3249 3385 3307 concha
3406 3290 3423 3316 ,
3473 3259 3529 3305 et
3553 3251 3802 3321 colymbo

2226 3320 2536 3390 erigebatur
2566 3320 2734 3375 moles
2763 3338 2882 3375 cum
2908 3324 3183 3386 cantharo,
3234 3337 3299 3376 et
3336 3337 3440 3390 quo
3482 3320 3808 3387 aquaalabe-

2227 3389 2421 3448 bantur
2451 3394 2499 3445 in
2526 3404 2771 3462 Stagnum
2808 3392 2976 3460 ipsum
3012 3408 3027 3445 :
3057 3394 3156 3446 nisi
3189 3393 3233 3445 si
3264 3389 3399 3447 forte
3427 3392 3723 3447 cantharus
3744 3391 3807 3445 de

2225 3477 2331 3533 quo
2377 3463 2612 3533 loquitur
2658 3462 2929 3526 Paulinus,
2986 3464 3037 3516 in
3088 3463 3268 3532 aliquo
3312 3464 3511 3531 angulo
3558 3462 3626 3516 ad
3650 3478 3804 3522 nsum

2227 3530 2661 3589 lavandi'manus
2700 3544 2815 3587 erat
2845 3534 3139 3602 expositus.
3182 3530 3551 3602 Conjicicbam
3600 3534 3805 3586 interior

2227 3604 2390 3659 tubuli
2422 3622 2542 3674 pars
2571 3615 2665 3659 est.
3767 3656 3775 3664 .

2297 3677 2387 3731 58.
2430 3678 2557 3732 Mar.
2609 3691 2637 3728 a
2684 3678 2854 3743 prima
2896 3690 3076 3739 manu,
3122 3674 3379 3739 Hailsbr.,
3428 3674 3615 3743 Prag.,
3666 3676 3803 3739 Rat.,

2228 3745 2560 3812 Parrhasius,
2587 3744 2784 3799 nivale:
2807 3745 2996 3801 melius
3017 3745 3195 3799 nivali.
3216 3746 3434 3801 Teolius
3460 3744 3621 3805 nivali
3650 3747 3807 3801 inter-

2228 3828 2464 3882 pretatur
2498 3816 2740 3871 candido.
2775 3815 2983 3883 Verius,
3037 3826 3093 3870 ut
3140 3826 3288 3887 puto,
3330 3816 3523 3886 gelido,
3576 3826 3637 3875 ut
3683 3832 3802 3871 mos

2224 3887 2380 3958 gelidi
2407 3891 2571 3958 rigore
2600 3887 2773 3947 fontis.
3002 3934 3005 3937 .

2300 3957 2387 4015 59.
2411 3957 2681 4014 Cauchius
2708 3971 3009 4029 perperam,
3035 3959 3232 4028 pictura
3256 3957 3573 4026 superbaJn
3594 3976 3805 4029 superne

2227 4040 2495 4095 postrema
2537 4030 2637 4084 rite
2680 4028 2990 4097 corripitur,
3042 4042 3102 4083 ut
3136 4031 3372 4085 ostendit
3423 4029 3673 4085 Gil‘anins
3706 4032 3756 4083 in
3782 4047 3805 4083 e

2228 4100 2415 4155 breve.

2295 4172 2386 4227 41.
2419 4171 2672 4243 Paulinus
2707 4170 2887 4226 aiebat
2924 4168 3242 4243 Fastigiatns
3282 4172 3445 4225 solido
3491 4189 3591 4226 tere
3639 4173 3804 4227 tholus

2226 4251 2373 4295 ornat
2401 4251 2448 4295 et
2477 4241 2753 4295 inumbrat.

2295 4314 2384 4367 45.
2413 4312 2661 4367 Nonnulli
2694 4314 2858 4383 vulg,
2900 4314 3045 4367 adit:
3088 4315 3201 4383 lege
3224 4314 3338 4369 alit.
3382 4311 3589 4367 Glossa:
3638 4326 3805 4383 pasto-

2224 4399 2331 4435 rem
2364 4382 2666 4450 intelligunt
2692 4382 2747 4437 S.
2782 4383 2994 4437 Petrum
3046 4386 3097 4439 in
3144 4382 3323 4440 Verbis
3347 4394 3521 4449 pastor
3550 4386 3667 4451 alit,
3703 4386 3803 4439 for-

2233 4462 2376 4508 tasse
2401 4470 2464 4507 ex
2502 4457 2666 4509 veteri
2706 4455 3104 4509 nomenclatnra
3150 4471 3253 4523 qua
3282 4455 3340 4510 S.
3376 4455 3565 4508 Petrus
3592 4458 3803 4509 nutritor

616 4520 705 4575 56.
740 4518 892 4595 U_r_b.,
917 4519 1191 4595 mendose,
1216 4522 1376 4595 [luctu
1402 4530 1447 4573 et
1468 4520 1715 4591 colymbo.
1734 4522 1884 4595 Alex.
1910 4538 1937 4575 a
1964 4525 2128 4590 prima
2157 4516 2210 4577 D
2236 4523 2287 4595 in
2321 4525 2552 4594 antiquis
2574 4526 2932 4583 monumentis
2957 4516 3274 4595 appellatur,
3319 4534 3377 4579 ut
3402 4540 3469 4579 ex
3504 4526 3598 4581 lib.
3624 4526 3801 4580 Ponti-

544 4606 723 4663 manu,
758 4591 994 4658 Thuan.,
1024 4592 1135 4645 Gis.
1169 4592 1233 4644 ad
1263 4607 1433 4653 oram.
1484 4595 1743 4663 corymbo.
1799 4592 1851 4647 In
1883 4595 2023 4649 notis
2049 4596 2123 4649 ait

543 4661 809 4715 Giselinus
832 4678 891 4717 se
906 4677 1238 4728 expressisse
1264 4661 1699 4717 Daventrien‘sem
1728 4664 1810 4717 his
1837 4665 1904 4719 de
1926 4666 2120 4721 causis.

542 4731 780 4806 Primum
817 4733 956 4806 quod
999 4735 1250 4806 κολυμϐὁς
1283 4734 1418 4787 inter
1456 4735 1712 4806 vocabula
1762 4736 2121 4792 ecclesiastica

541 4804 736 4875 usitata
769 4819 873 4858 non
917 4805 986 4859 sit
1018 4804 1439 4869 numerandum,
1489 4805 1684 4858 deinde
1725 4806 1865 4875 quod
1913 4817 2121 4862 natatus

540 4873 720 4948 inepte
762 4875 932 4948 rivulo
963 4876 1277 4941 allingatur;
1323 4885 1595 4948 postremo
1640 4873 1779 4946 quod
1813 4878 2120 4948 pauloante

540 4947 815 5012 regionem
855 4947 941 4999 ubi
986 4948 1346 5013 sepeliebatur
1378 4947 1435 4999 Β.
1470 4946 1679 5009 Petrus.
1723 4947 1917 5003 dixerit
1942 4946 2121 5001 canere

540 5015 693 5069 oliva.
726 5015 822 5070 Hic
853 5017 1009 5085 igitur
1037 5016 1176 5071 idem
1207 5026 1451 5083 repetens
1496 5017 1588 5079 ait,
1644 5018 1871 5071 rivulum
1905 5018 1989 5071 ubi
2029 5033 2122 5084 per

538 5087 769 5154 pretiosa
818 5102 1085 5141 marmora
1118 5090 1307 5152 ruerit,
1345 5089 1648 5156 clivumque
1690 5088 1984 5154 lubricarit,
2027 5088 2112 5142 llu-

541 5167 723 5229 ctuare
744 5157 1043 5229 virentibus
1071 5160 1362 5229 corymbis.
1414 5160 1464 5212 id
1510 5169 1593 5213 est
1638 5160 1861 5213 ramulis
1890 5168 1944 5213 et
1988 5159 2123 5214 loliis

537 5227 802 5301 olearum.
848 5228 1067 5301 licinsio
1113 5227 1218 5282 nan
1262 5229 1463 5301 arridet
1491 5230 1753 5299 corymbo,
1804 5231 1927 5301 quia
1977 5231 2025 5283 id
2056 5233 2121 5285 ad

540 5298 732 5372 olivam
785 5298 973 5372 referri
1019 5314 1176 5368 posse
1211 5314 1330 5372 pou
1382 5298 1619 5372 videtur;
1660 5309 1727 5372 et
1774 5298 2121 5372 colymbadcs

539 5368 694 5423 olivae
724 5371 863 5438 apud
905 5370 1154 5440 Plinium,
1199 5368 1571 5437 Columellam,
1624 5370 1760 5425 alios
1788 5368 2078 5426 occurrunt
2107 5392 2118 5425 :

538 5454 656 5506 qua:
688 5442 759 5496 ita
787 5440 1122 5506 dicebantur,
1155 5441 1297 5509 quod
1327 5441 1531 5506 muriae,
1566 5458 1668 5509 qua
1696 5452 1850 5497 erant
1892 5443 2122 5497 condita:

536 5512 863 5567 innatarent.
918 5513 1045 5567 Muli
1093 5513 1180 5566 alii
1230 5511 1552 5582 colymbades
1593 5514 1842 5567 olivas'in
1892 5514 2123 5582 colymbo

535 5583 805 5650 cogitant;
854 5583 947 5653 sed
977 5600 1083 5638 non
1114 5584 1268 5639 video
1310 5598 1411 5652 qua
1458 5584 1664 5638 ratione
1693 5582 1956 5653 colymbus
2000 5584 2121 5649 poni

536 5653 710 5724 possit
737 5667 837 5722 pro
864 5652 1019 5719 oleis,
1050 5655 1292 5723 quamvis
1322 5655 1479 5709 oliva:
1510 5670 1539 5708 a
1575 5652 1846 5724 colymbo,
1892 5655 2005 5707 sive
2029 5670 2123 5707 na-

538 5722 737 5793 tatione
763 5722 1085 5792 colymbades
1125 5724 1390 5779 dicantur.
1446 5722 1760 5779 Parrhasius
1804 5724 1992 5793 scribit
2030 5740 2119 5793 co-

539 5788 731 5865 lymbo,
782 5786 951 5865 et'_ait
993 5795 1295 5865 colymbum
1339 5810 1459 5850 esse
1507 5796 1711 5849 labrum
1745 5811 1851 5865 quo
1877 5786 2119 5852 deﬂuens

541 5858 680 5915 unda
707 5860 991 5933 excipitur.
1037 5858 1333 5932 Janningns
1374 5866 1677 5932 colymbum
1706 5858 1933 5935 explicat
1960 5882 2118 5933 cana-

2232 4594 2370 4667 liculi
2400 4605 2628 4667 constat.
2660 4595 2979 4650 Prudentius
3021 4597 3113 4651 lib.
3146 4614 3161 4652 ι
3192 4598 3244 4651 in
3274 4596 3479 4667 Symm.
3511 4611 3652 4650 vers.
3682 4597 3800 4658 585.

2234 4664 2499 4738 ρηογεὶηἱδ
2538 4666 2643 4738 ille,
2653 4667 2777 4738 latet
2807 4667 3052 4738 genitoris
3096 4664 3329 4721 amabilis
3356 4668 3520 4738 obses.
3556 4667 3630 4721 Ita
3656 4678 3803 4721 vocat

2230 4734 2286 4788 S.
2334 4737 2571 4791 Petrum.
2633 4734 3103 4791 Eminéutissimus
3155 4737 3443 4793 cardinalis
3490 4737 3801 4804 Garampius

2228 4807 2484 4875 singulari
2509 4808 2749 4861 doctrina
2789 4819 2844 4862 et
2894 4809 3194 4864 eruditione
3224 4809 3419 4877 ubique
3457 4818 3643 4869 notus.
3683 4810 3801 4862 dum

2230 4878 2472 4931 nuntium
2517 4879 2867 4946 apostolicum
2899 4877 2963 4930 ad
2996 4877 3259 4934 Cmsarem
3312 4889 3515 4943 ageret.
3555 4880 3611 4932 in
3639 4878 3801 4945 diplo-

2230 4958 2371 5001 male
2402 4951 2526 5002 datu
2562 4950 2828 5002 \‘ars:ivi:e
2856 4948 2921 5002 Μ
2951 4948 3227 5005 Februarii
3253 4948 3409 5011 1774.
3440 4950 3801 5017 antiquitatem

2231 5018 2487 5086 imitatus,
2516 5020 2809 5088 principem
2836 5020 3197 5086 apostolorum
3231 5030 3482 5087 pastorem
3511 5036 3573 5073 ac
3595 5023 3801 5073 nutrito-

2226 5105 2334 5142 rem
2382 5101 2610 5143 nostrum
2635 5099 2936 5158 Opportune
2967 5093 3311 5159 nuncupavit.
3361 5090 3686 5145 Prudentius
3714 5108 3799 5145 au-

2229 5167 2335 5230 tem
2368 5160 2470 5214 hoc
2516 5163 2566 5215 in
2618 5163 2737 5214 loco
2768 5161 3064 5215 Romanum
3110 5162 3415 5230 pontiﬁcem
3455 5161 3724 5229 designat,
3755 5172 3799 5219 et

2230 5229 2575 5299 probabiliter
2607 5231 2781 5300 ipsum
2812 5230 3117 5297 Damasum,
3141 5234 3231 5301 qui
3262 5233 3462 5286 fontem
3490 5236 3795 5291 construxit.

2230 5301 2506 5356 Ennodius
2540 5302 2596 5356 in
2630 5302 2872 5356 versibus
2902 5318 3035 5371 quos
3086 5312 3211 5357 ante
3246 5302 3428 5367 retuli,
3458 5301 3797 5357 Prudentium

2226 5372 2505 5441 aemulatus
2534 5374 2744 5429 videtur
2789 5391 2802 5424 :
2855 5372 3082 5425 Provida
3127 5375 3347 5441 pastoris
3377 5390 3465 5441 per
3489 5382 3651 5427 totum
3691 5392 3798 5427 uua

2228 5439 2414 5516 Leonis
2444 5440 2573 5499 ch
2594 5444 2766 5516 oribus
2799 5441 2989 5497 Christi
3031 5439 3174 5516 larga
3193 5439 3387 5514 ﬂuenta
3411 5444 3575 5498 dedit.
3612 5444 3667 5497 In
3695 5447 3797 5497 l’rn-

2227 5512 2411 5635 thymio
2443 5516 2603 5583 gelidi
2627 5514 2794 5583 rigore
2825 5515 2983 5583 fontis
3028 5512 3288 5584 accipitur
3324 5517 3469 5584 rigor
3499 5530 3597 5583 pro
3625 5532 3794 5581 utagmi

2251 5601 2443 5635 rmore.

2251 5601 2443 5652 rigore.

2296 5657 2386 5712 44.
2424 5654 2765 5721 Parrhasius,
2816 5655 2959 5710 Vatt.
3004 5656 3065 5721 Β,
3103 5654 3171 5722 Q,
3219 5654 3375 5726 Μαι..
3419 5654 3605 5726 Prag.,
3665 5656 3790 5721 Rat"

2227 5724 2445 5791 Weitz.,
2479 5728 2615 5792 Gis.,
2648 5727 2860 5791 Heins..
2892 5726 3047 5781 videt.
3080 5726 3266 5792 Alex.,
3291 5725 3445 5792 Urh.,
3481 5722 3661 5795 Egm.,
3692 5729 3791 5781 νει.

2181 5809 2190 5821 ·
2226 5797 2294 5863 Q,
2328 5797 2473 5861 Ald.,
2503 5798 2645 5851 vidit.

2298 5867 2387 5922 45.
2417 5868 2516 5922 Ald
2529 5908 2563 5937 .,
2594 5867 2750 5921 Pauli
2787 5868 2989 5922 titulum
3013 5882 3032 5921 :
3080 5868 3195 5945 lege
3234 5867 3441 5927 titulum
3466 5866 3647 5928 Pauli.
3681 5867 3792 5924 Pru-
