3964 6296
610 370 709 427 103

1944 365 2213 423 GELASII
2253 365 2453 420 PAP/E
2494 367 2513 421 Ι

3764 371 3854 424 104

605 480 873 536 Marciano
907 480 1162 550 principe,
1194 480 1491 536 nullatenus
1516 478 1869 548 approbavit;
1900 493 2019 547 qua:
2042 492 2179 545 prte-
2205 478 2263 538 Α
2285 491 2439 532 error
2469 477 2783 533 absolvitur.
2822 478 2986 535 Error
3014 480 3156 536 enim
3192 483 3310 550 ipse
3347 498 3619 553 nunquam
3656 485 3854 541 veniam

603 572 685 626 sul
740 571 993 625 Ecclesia:
1050 570 1653 639 Constantinopolitanae
1699 578 1830 624 tunc
1883 569 2183 631 Anatolius,

605 675 704 716 nec
734 676 791 716 se
824 663 1226 731 prassumpsisse
1253 660 1524 731 professus
1560 670 1663 726 est,
1706 671 1760 715 et
1791 661 1842 714 itt
1877 660 2185 729 apostolica:

605 753 751 808 sedis
788 756 1045 809 antiStitis
1095 769 1200 809 non
1246 754 1457 822 negavit
1509 755 1674 821 posita
1726 761 2032 822 potestate:
2064 767 2183 820 qua:

605 845 748 910 ideo,
772 846 909 900 sicut
943 846 1145 899 dictum
1174 854 1276 907 est,
1302 844 1457 900 sedes
1484 844 1781 913 apostolica
1816 860 1920 899 non
1952 844 2177 912 recepit,

604 937 727 1006 quia
764 952 881 1007 quae
927 937 1215 1005 privilegiis
1254 935 1572 990 universalis
1627 935 1876 989 Ecclesiae
1917 933 2180 989 contraria

604 1027 916 1098 probantur,
952 1026 1095 1080 nulla
1126 1027 1328 1081 ratione
1360 1028 1376 1056 ¹
1400 1027 1646 1080 ευειίηει.
1674 1024 1810 1093 Quid
1834 1027 2014 1080 enim?
2042 1024 2173 1091 Quia

604 1118 658 1173 in
682 1119 829 1174 libris
853 1119 1069 1184 sanctis,
1103 1133 1236 1188 quos
1258 1118 1439 1188 utique
1468 1133 1788 1173 veneramur
1809 1128 1860 1172 et
1885 1120 2176 1187 sequimur,

604 1211 853 1280 quoniam
877 1211 1228 1281 quorumdam
1260 1210 1368 1264 illic
1397 1220 1452 1264 et
1479 1211 1823 1278 prolanitates
1852 1225 1974 1265 esse
2002 1210 2181 1264 {erun-

604 1310 708 1371 tur,
739 1311 793 1357 et
818 1302 1020 1357 scelera
1072 1311 1220 1372 gesta
1269 1312 1571 1369 narrantur,
1620 1301 1740 1357 ideo
1786 1302 1939 1356 nobis
1984 1302 2179 1370 pariter

601 1403 694 1448 aut
723 1394 1028 1449 veneranda
1055 1404 1198 1459 sunt,
1232 1403 1324 1448 aut
1344 1394 1635 1463 sequenda,
1672 1394 1794 1463 quia
1832 1395 1883 1447 in
1923 1393 2026 1448 illis
2055 1408 2179 1447 san-

602 1488 702 1543 ctis
731 1488 879 1542 libris
904 1498 958 1543 et
998 1487 1392 1543 venerabilibus
1412 1488 1770 1542 continentur.
1819 1488 2046 1542 Sanctus
2077 1487 2175 1542 Pe-

600 1588 716 1633 trus
740 1580 943 1649 primus
969 1578 1354 1649 apostolorum,
1386 1578 1463 1633 sic
1488 1579 1797 1633 existimans
1828 1578 1959 1632 Novt
1992 1578 2176 1633 Testa-

600 1664 764 1725 m'enti
788 1669 1009 1738 gratiam
1042 1668 1453 1738 praedicandam,
1502 1677 1560 1722 ut
1604 1683 1634 1722 a
1674 1668 1806 1737 legis
1838 1668 2036 1722 veteris
2067 1684 2174 1723 non

599 1758 878 1814 recederet
899 1758 1175 1825 institutis,
1203 1758 1444 1829 quaedam
1492 1774 1590 1828 per
1618 1759 2010 1813 simulationem
2042 1759 2173 1830 legi-

2290 577 2662 635 promeretur;
2689 568 2782 623 sed
2814 570 2903 639 qui
2926 584 2991 625 eo
3016 572 3279 627 veraciter
3298 575 3550 639 caruerit,
3599 587 3759 645 atque
3793 578 3858 633 ab

2287 656 2404 723 ejus
2435 659 2840 728 participatione
2865 661 3113 716 discedit.
3147 663 3392 729 Quandiu
3413 678 3541 734 ergo
3568 667 3620 720 in
3650 666 3727 723 eis
3756 680 3853 735 est,

2286 762 2437 802 error
2466 749 2865 806 damnationem
2893 767 3049 807 suam
3078 764 3245 821 tenet,
3277 771 3652 827 nunquamque
3693 761 3857 814 resol-

2286 840 2444 906 vitur,
2477 843 2600 910 quia
2630 858 2781 898 error
2808 858 3021 914 semper
3052 861 3265 915 poenam
3294 860 3552 904 meretur.
3576 850 3853 921 Partieipes

2282 945 2410 985 vero
2443 931 2579 1001 ejus,
2610 944 2700 987 aut
2729 949 2942 1004 semper
2970 946 3098 991 sunt
3121 947 3175 991 et
3202 938 3318 1005 ejus
3348 953 3520 1007 paenae
3552 942 3853 1010 participes,

2283 1021 2327 1076 si
2360 1023 2411 1076 in
2438 1024 2624 1079 eodem
2655 1036 2897 1095 perstare
2929 1043 3031 1081 non
3063 1028 3344 1083 desinant:
3378 1041 3469 1084 aut
3499 1031 3542 1084 si
3574 1032 3642 1085 ab
3670 1034 3850 1087 eodem

2282 1113 2624 1178 recesserint,
2690 1131 2847 1185 quam
2885 1100 3042 1171 alieni
3075 1117 3195 1171 facti
3225 1130 3349 1173 sunt
3378 1121 3445 1173 ab
3473 1136 3677 1189 errore,
3707 1133 3760 1177 et
3784 1123 3849 1177 ab

2282 1203 2399 1271 ejus
2422 1206 2827 1274 participatione
2854 1208 3096 1273 discreti,
3127 1220 3231 1264 tam
3264 1219 3318 1264 et
3349 1226 3521 1279 paruae
3556 1212 3670 1281 ejus
3701 1225 3855 1269 erunt

2281 1306 2672 1365 consequenter
2700 1297 2881 1352 alieni.
2910 1298 2932 1329 ‘
2962 1299 3059 1354 Cui
3100 1302 3300 1356 erranti
3350 1318 3506 1372 pmua
3544 1306 3848 1375 prteiigitur,

2280 1386 2515 1453 quandiu
2536 1396 2717 1442 manet
2763 1404 2969 1455 errans,
3024 1391 3209 1445 eadem
3235 1407 3390 1460 poena
3434 1396 3848 1467 constringitur;

2280 1477 2401 1544 quia
2429 1492 2615 1533 errans
2635 1494 2756 1535 esse
2780 1496 2883 1535 non
2919 1492 3092 1551 potest
3136 1484 3256 1538 sine
3306 1500 3462 1554 pmna
3493 1490 3677 1542 errati.
3716 1490 3854 1546 'lltec

2280 1564 2467 1619 eadem
2520 1582 2677 1636 poena
2708 1581 2959 1640 perpetua
3015 1583 3120 1639 est,
3171 1590 3546 1646 nunquamque
3598 1580 3851 1634 solvenda

2279 1661 2515 1728 quandiu
2542 1677 2730 1717 errans
2761 1679 2882 1719 esse
2914 1667 3228 1734 perstiterit.
3255 1669 3367 1736 ;Qui
3426 1671 3469 1723 si
3513 1685 3703 1727 errans
3736 1688 3858 1730 esse

2281 1751 2571 1822 destiterit,
2597 1768 2776 1822 poena,
2800 1771 2919 1825 quae
2945 1759 3143 1812 erranti
3175 1768 3258 1813 est
3298 1761 3513 1828 praeﬁxa
3559 1772 3807 1831 perpetua
3836 1804 3854 1833 ,

572 1856 576 1861 ’
605 1858 692 1904 tur
720 1859 858 1905 inter
884 1850 1095 1906 Judaeos
1123 1852 1454 1921 gentilesque
1483 1850 1734 1920 gessisse.
1787 1850 2033 1920 Nunquid
2058 1851 2169 1907 ideo

2282 1856 2387 1895 non
2415 1844 2632 1910 erranti,
2684 1845 2735 1898 id
2765 1854 2847 1899 est
2872 1846 3025 1901 alteri
3074 1847 3265 1902 etl‘ecto
3315 1865 3472 1918 quam
3502 1852 3586 1905 cui
3628 1854 3853 1922 przeﬁxa

600 1950 692 1997 aut
718 1943 806 1996 illa
834 1942 952 2012 ejus
970 1943 1239 2006 sequenda
1266 1951 1409 2008 sunt,
1442 1958 1559 2011 qua:
1598 1942 1789 1996 merito
1818 1952 1871 1996 et
1891 1953 2175 2010 coaposto-

596 2032 677 2087 lus
699 2032 814 2102 ejus
844 2031 981 2087 facta
1010 2033 1299 2103 redarguit,
1340 2042 1523 2103 postea
1551 2043 1941 2103 consequenter
1961 2036 2073 2105 ipsa
2097 2037 2178 2091 vi-

596 2126 749 2192 tavit,
783 2126 1086 2195 pariterque
1128 2124 1451 2180 assnmenda
1482 2134 1607 2179 sunt
1641 2140 1762 2180 eum
1807 2126 1888 2180 his
1925 2143 2046 2195 quae
2096 2128 2178 2195 (ut

598 2224 724 2285 pote
767 2216 970 2283 primus
1010 2216 1305 2285 apostolus)
1358 2215 1590 2269 salubria
1632 2215 1976 2284 praedicavit?
2030 2216 2176 2271 Nun-

596 2308 846 2379 quidnam
878 2318 971 2363 aut
999 2309 1114 2377 ejus
1138 2319 1279 2363 recta
1310 2309 1549 2363 doctrina
1576 2324 1697 2363 cunt
1730 2309 1813 2364 his
1833 2326 1954 2380 qum
1982 2311 2176 2366 huma-

594 2399 735 2454 nitus
786 2398 1091 2453 acciderant
1137 2399 1462 2467 repudianda
1493 2409 1597 2467 est,
1626 2409 1717 2454 aut
1753 2400 1845 2455 illa
1870 2402 2045 2456 adhuc
2076 2403 2176 2457 im-

597 2489 804 2544 becillis
836 2489 1073 2553 inscitia,
1128 2504 1248 2544 cum
1280 2489 1512 2558 perfecta
1558 2490 1674 2560 ejus
1716 2491 2053 2561 suscipienda
2094 2502 2176 2548 est

598 2579 879 2635 doctrina?
909 2580 1283 2651 Nunquidnam
1331 2581 1385 2635 in
1419 2582 1651 2651 ipsorum
1700 2582 2069 2637 haereticorum
2106 2583 2173 2638 li-

595 2674 707 2730 bris
734 2689 838 2728 non
868 2675 1027 2729 multa
1058 2690 1175 2745 qua:
1217 2675 1284 2729 ad
1334 2676 1613 2729 veritatem
1662 2674 1964 2744 pertineant
2003 2676 2172 2745 posita

594 2765 937 2835 releguntur?
961 2765 1332 2835 Nunquidnam
1368 2765 1485 2820 ideo
1516 2766 1712 2820 veritas
1747 2766 2022 2820 refutanda
2065 2776 2171 2835 est,

595 2858 717 2928 quia
736 2858 942 2913 illorum
961 2859 1102 2923 libri,
1124 2859 1213 2913 ubi
1238 2860 1257 2889 ²
1279 2861 1511 2928 pravitas
1530 2859 1691 2925 inest,
1716 2858 2174 2915 refutanturHut

594 2950 715 3004 ideo
739 2948 885 3019 pravi
907 2950 1026 3004 libri
1050 2949 1371 3020 suscipiendi
1414 2960 1538 3005 sunt
1564 2964 1775 3014 eorum,
1803 2952 1924 3019 quia
1953 2952 2171 3019 veritas,

593 3059 710 3113 qum
730 3043 1165 3109 illicinsertaest,
1183 3058 1288 3096 non
1310 3043 1969 3111 negaturiAitApostolus
2003 3062 2015 3095 :
2050 3042 2169 3098 0m-

593 3137 680 3189 nia
703 3136 911 3205 probate
938 3152 956 3199 ;
987 3150 1100 3203 qua:
1127 3136 1259 3187 bona
1290 3145 1405 3186 sunt
1438 3144 1598 3187 tenete
1638 3132 1690 3202 (Ι
1722 3133 1898 3187 Thess.
1941 3136 2014 3204 v).
2059 3136 2175 3191 Sci-

593 3239 712 3279 mus
751 3216 1065 3294 ApostolUm
1113 3224 1269 3295 (Act.
1322 3222 1469 3293 xvu)
1525 3224 1683 3278 etiam
1731 3224 1799 3278 de
1848 3240 2171 3293 paganorum

593 3313 742 3368 libris
770 3314 944 3382 aliqua
990 3315 1253 3382 posuisse.
1306 3313 1553 3383 Nunquid
1601 3315 1720 3369 ideo
1767 3316 1927 3369 etiam
1980 3327 2171 3371 cuncta

596 3405 898 3473 recipienda
926 3414 1069 3471 sunt,
1096 3421 1215 3474 quae
1257 3421 1376 3459 eum
1408 3406 1489 3459 his
1520 3407 1716 3475 pariter
1763 3418 1885 3460 sunt
1933 3406 2171 3474 prolata?

596 3496 715 3565 Ipse
735 3498 1022 3567 Apostolus
1065 3496 1151 3565 (11
1184 3498 1301 3551 Cor.
1333 3496 1421 3565 xv)
1467 3497 1543 3551 ait
1568 3498 1762 3551 multos
1792 3497 2170 3567 praedicatores

594 3589 750 3643 aliter
806 3597 967 3657 atque
1018 3589 1175 3665 aliter
1222 3587 1488 3643 Christum
1542 3590 1855 3657 praedicare,
1909 3589 1995 3642 ubi
2046 3589 2171 3644 licet

592 3696 907 3752 quocunque
930 3680 1112 3747 modo,
1138 3679 1408 3736 Christum
1441 3680 1781 3749 praedicatum
1831 3689 2040 3750 oportet
2068 3681 2166 3736 ad-

591 3776 753 3837 mitti,
786 3783 961 3829 tamen
994 3788 1102 3828 non
1151 3772 1273 3828 ideo
1312 3772 1462 3827 illum
1489 3786 1716 3837 morem,
1747 3786 1851 3840 quo
1888 3785 1991 3825 non
2024 3780 2170 3827 recte

590 3866 935 3936 praedicatum
955 3875 1060 3933 est,
1096 3880 1201 3920 non
1242 3865 1493 3919 admonet
1534 3865 1755 3918 evitare.
1779 3862 1945 3916 Malos
1970 3876 2165 3931 opera-

594 3959 703 4010 rios
735 3959 846 4026 ipse
872 3960 1219 4024 conqueritur
1249 3956 1504 4027 (Philipp.
1538 3958 1597 4025 t),
1631 3970 1856 4026 quorum
1887 3956 1989 4009 alia
2021 3955 2166 4011 refu-

602 4046 780 4110 tanda,
803 4045 904 4098 alia
936 4045 1091 4099 docet
1134 4060 1254 4099 esse
1307 4048 1577 4100 sectanda.
1624 4048 1749 4102 llaec
1775 4059 1829 4101 et
1860 4047 2164 4116 ltujusmodi

594 4138 837 4207 exempla
888 4151 984 4191 nos
1028 4135 1286 4198 edocent,
1340 4146 1394 4189 et
1443 4137 1742 4191 testimonia
1770 4138 1945 4191 divina
1971 4139 2165 4193 conﬁr-

592 4240 757 4291 mant,
790 4244 894 4282 non
924 4227 1101 4281 omnia
1136 4226 1331 4295 passim
1352 4241 1382 4279 a
1405 4241 1721 4295 quocunque
1744 4229 1904 4293 dicta,
1936 4230 2019 4282 vel
2047 4229 2165 4283 ubi-

590 4334 801 4388 cunque
832 4320 1051 4387 scripta,
1093 4317 1463 4373 inditl‘crenter
1489 4319 1733 4387 accipere
1755 4358 1769 4382 ,
1820 4319 1916 4374 sed
1943 4320 2162 4376 retentis

591 4411 764 4477 bonis,
806 4425 925 4480 qua:
952 4420 1180 4463 noceant
1204 4408 1456 4465 refutare.
1484 4410 1756 4466 Peccatori
1786 4410 1989 4465 homini
2016 4426 2161 4469 mors

591 4502 733 4556 illata
759 4510 860 4565 est,
891 4510 945 4555 et
974 4511 1149 4555 tamen
1181 4499 1385 4555 homini
1424 4500 1551 4555 Jesu
1571 4500 1789 4557 Christo
1828 4516 1973 4556 mors
2012 4501 2158 4558 illata

2277 1944 2378 2001 est,
2406 1951 2508 1989 non
2527 1935 2699 1990 solum
2732 1953 2838 1992 non
2861 1948 3035 2008 potest
3054 1954 3172 1994 esse
3199 1952 3476 2009 perpetua,
3496 1943 3589 1998 sed
3613 1960 3711 1999 nec
3733 1961 3859 2004 esse

2272 2026 2382 2095 jam
2412 2042 2591 2097 poena.
2623 2028 2738 2083 Non
2761 2039 2842 2085 est
2866 2033 3008 2085 enim
3051 2032 3166 2100 ipse
3213 2032 3297 2086 eui
3341 2034 3564 2102 praeﬁxa
3613 2047 3713 2091 est.
3748 2038 3855 2093 Er-

2278 2118 2413 2170 ranti
2444 2118 2584 2172 enim
2624 2121 2839 2188 praeﬁxa
2868 2132 2970 2186 est,
3021 2136 3126 2175 non
3166 2137 3270 2176 non
3300 2124 3519 2179 erranti.
3553 2126 3681 2193 Qua:
3710 2130 3855 2185 enim

2277 2211 2474 2263 erranti
2503 2214 2718 2280 prmtixa
2748 2224 3004 2283 perpetua
3033 2223 3139 2279 est,
3170 2225 3223 2270 et
3252 2229 3509 2286 perpetuo
3539 2222 3857 2294 constringit

2275 2312 2567 2368 errantem,
2602 2312 2705 2358 non
2731 2316 3001 2360 errantem
3024 2322 3127 2361 non
3159 2318 3334 2377 potest
3361 2309 3472 2379 jam
3524 2320 3727 2369 tenere.
3768 2315 3854 2369 Sit

2276 2393 2473 2446 erranti
2494 2393 2634 2448 dicta
2666 2395 2777 2450 fore
2805 2406 3079 2467 perpetua,
3107 2400 3176 2453 sit
3198 2403 3394 2456 erranti
3418 2401 3557 2455 dicta
3581 2418 3853 2475 nunquam

2276 2500 2395 2542 esse
2422 2488 2693 2543 solvenda.
2746 2490 2918 2546 Manet
2960 2494 3177 2548 omnino
3229 2504 3284 2549 et
3322 2511 3465 2562 vere,
3520 2508 3834 2571 certumque

2276 2590 2377 2644 est,
2409 2581 2549 2650 quod
2580 2582 2599 2613 ⁵
2630 2583 2683 2635 in
2713 2597 2776 2638 ea
2815 2584 3087 2653 praeﬁxum
3119 2597 3233 2652 est;
3276 2604 3376 2643 nec
3414 2600 3588 2658 potest
3628 2607 3852 2659 prorsus

2276 2672 2500 2738 absolvi,
2516 2675 2746 2744 quandiu
2766 2680 2997 2731 manenti
3018 2680 3231 2748 przelixa
3255 2680 3478 2736 debetur
3497 2685 3714 2737 erranti.
3731 2685 3852 2742 Non

2236 2752 2473 2819 ’erranti
2496 2776 2675 2821 autem
2698 2783 2797 2822 nec
2825 2784 2983 2838 poena
3015 2780 3190 2840 potest
3210 2787 3354 2839 esse,
3382 2789 3500 2842 quae
3520 2790 3626 2830 non
3648 2781 3853 2834 erranti

2276 2871 2384 2909 non
2411 2857 2636 2912 debetur
2664 2858 2873 2913 inl'erri.
2929 2860 3039 2916 Nec
3078 2872 3314 2918 mutatur
3368 2864 3455 2921 illa
3500 2868 3717 2922 omnino
3747 2884 3857 2927 nec

2275 2949 2499 3003 solvitur
2523 2966 2641 3020 qua».
2672 2951 2895 3007 debetur
2925 2955 3145 3009 erranti.
3181 2956 3238 3010 In
3276 2972 3374 3012 suo
3400 2974 3527 3029 ergo
3553 2969 3734 3018 tenore
3760 2964 3855 3019 illa

2277 3043 2491 3110 prmtixa
2518 3051 2620 3107 est,
2648 3041 2699 3098 itt
2727 3060 2824 3100 suo
2847 3044 2970 3115 jure
2996 3061 3100 3101 non
3129 3058 3308 3117 potest
3347 3053 3564 3106 omnino
3610 3056 3807 3111 resolvi
3834 3076 3853 3124 ;

2280 3136 2329 3188 in
2360 3152 2463 3189 non
2495 3152 2595 3190 suo
2627 3147 2831 3204 tenore,
2860 3154 2978 3207 qua:
3003 3156 3122 3195 esse
3150 3158 3255 3197 non
3288 3154 3480 3212 poteSI,
3528 3146 3638 3214 jam
3688 3148 3852 3206 doce-

2201 3207 2246 3271 C
2280 3234 2365 3279 tur
2403 3240 2523 3281 esse
2567 3238 2820 3283 vacuata:
2862 3238 2915 3285 et
2960 3231 3047 3300 jus
3079 3233 3192 3287 illic
3230 3236 3441 3304 penitus
3494 3253 3596 3291 non
3625 3238 3854 3308 habere,

2277 3317 2365 3371 ubi
2387 3332 2598 3371 causam
2630 3335 2734 3372 non
2768 3320 2927 3375 habet
2947 3322 3231 3379 existendi.
3268 3325 3445 3381 Plena:
3484 3339 3609 3383 sunt
3647 3341 3856 3388 saneta:

2274 3409 2559 3477 Scriptura:
2589 3410 2679 3464 tali
2705 3409 2874 3465 l‘orma
2915 3413 3157 3481 justitiae.
3193 3415 3393 3470 Dicitur
3425 3412 3699 3487 :fPereant
3728 3438 3855 3491 pec-

2273 3509 2469 3555 catores
2494 3518 2524 3554 a
2550 3511 2708 3569 terra,
2738 3507 2808 3557 ita
2831 3514 2884 3558 ut
2915 3523 3014 3559 non
3036 3508 3136 3560 sint
3160 3526 3178 3572 ;
3204 3519 3491 3577 peccatores
3518 3521 3572 3564 ut
3601 3515 3855 3570 desistant

2270 3610 2378 3646 esse
2401 3606 2705 3662 peccatores.
2736 3595 2801 3650 In
2834 3599 2928 3651 hoc
2960 3609 3184 3669 pereant,
3219 3612 3275 3654 ut
3305 3620 3411 3657 esse
3438 3605 3680 3673 deﬁciant
3717 3626 3850 3679 paco

2271 3698 2465 3739 calores
2493 3687 2658 3757 (Psal.
2700 3690 2900 3760 eccm).
2947 3691 3211 3746 Caeterum
3248 3695 3293 3747 si
3335 3710 3550 3763 prorsus
3599 3709 3857 3768 peccato-

2270 3794 2379 3844 res,
2410 3780 2700 3833 secundum
2729 3780 3004 3851 prephette
3048 3785 3409 3851 sententiam,
3464 3802 3856 3860 usquequaque

2270 3870 2592 3940 deperirent,
2630 3885 2686 3927 nt
2734 3874 3161 3957 substantialiter
3218 3891 3323 3931 non
3366 3878 3649 3934 subessent
3693 3899 3704 3933 :
3754 3886 3856 3952 qui

2269 3964 2459 4016 salvari
2492 3966 2791 4032 potuissent
2816 3966 3223 4036 aBedemptore
3248 3978 3453 4036 nostro,
3473 3971 3560 4038 qui
3587 3973 3716 4025 venit
3743 3989 3858 4029 non

2257 4054 2428 4121 justus
2449 4069 2644 4118 vacare,
2672 4055 2759 4108 sed
2790 4065 3074 4123 peccatores
3114 4056 3265 4125 (Luc.
3296 4059 3387 4127 v)?
3430 4060 3511 4113 vel
3542 4060 3607 4115 de
3649 4063 3857 4131 quibus

2266 4143 2395 4196 dicit
2417 4144 2738 4211 Apostolus:
2771 4142 3000 4198 Christus
3017 4149 3148 4200 venit
3169 4149 3221 4200 in
3242 4152 3376 4201 hunc
3403 4152 3644 4204 mundum
3667 4169 3857 4218 pecus-

2265 4240 2396 4284 tores
2415 4232 2577 4285 salvos
2610 4236 2796 4302 facere,
2827 4250 3038 4302 quorum
3069 4238 3264 4305 primus
3294 4254 3384 4311 ego
3410 4255 3523 4293 sum
3550 4238 3605 4313 (Ι
3633 4240 3766 4296 Tim.
3796 4259 3854 4312 ις

2264 4324 2418 4378 Rom.
2455 4324 2562 4395 v)?
2590 4335 2684 4380 et:
2718 4326 2845 4379 Cum
2890 4338 3174 4396 peccatores
3223 4346 3464 4396 essemus,
3516 4333 3652 4384 misit
3699 4332 3853 4391 Deus

2264 4415 2458 4471 Filium
2479 4434 2627 4470 suum
2650 4416 2845 4486 (Gatat.
2873 4426 2936 4488 t),
2957 4429 3011 4473 et
3038 4431 3233 4475 cmtera
3266 4420 3605 4490 hujusmodi?
3630 4420 3728 4477 Hie
3760 4438 3857 4479 re—

2264 4522 2390 4562 vera
2422 4508 2811 4576 plurimietiam
2844 4510 3263 4566 substantialiter
3290 4513 3565 4581 perierunt
3595 4524 3857 4582 peceato-

589 4608 741 4649 reum
767 4593 891 4648 fecit
918 4607 1039 4648 esse
1065 4592 1333 4647 diabolum
1359 4611 1370 4645 :
1397 4594 1518 4663 quia
1542 4593 1631 4647 ubi
1655 4609 1814 4650 causa
1845 4597 2033 4651 mortis
2053 4612 2159 4655 non
2185 4569 2242 4633 Β
2266 4616 2376 4667 res,
2409 4601 2460 4654 in
2492 4602 2723 4670 peccatis
2747 4603 2858 4657 suis
2882 4603 3065 4673 utique
3095 4615 3489 4673 permanentes,
3514 4621 3755 4673 veraque
3788 4609 3855 4665 in

589 4694 705 4739 erat
736 4688 884 4754 (puta
908 4686 1210 4755 peccatum)
1237 4699 1341 4739 non
1371 4685 1664 4740 debebatur
1709 4700 1762 4741 et
1810 4703 1987 4756 poena.
2025 4691 2158 4746 Sen-

588 4776 753 4831 tentia
783 4779 1092 4846 praeligitur,
1109 4777 1192 4831 vel
1221 4777 1435 4846 praeﬁxa
1465 4787 1548 4832 est
1566 4792 1782 4848 semper
1810 4782 2002 4838 errori.
2027 4783 2156 4850 Quae

586 4868 848 4925 sententia
873 4868 995 4922 huic
1025 4870 1193 4922 errori
1225 4869 1461 4937 praeﬁxa,
1505 4885 1771 4939 nunquam
1814 4875 2032 4928 omnino
2072 4890 2156 4930 re-

587 4960 850 5014 solvetur.
904 4959 1052 5014 Sicnt
1095 4959 1257 5023 enim,
1312 4960 1361 5011 in
1409 4969 1664 5028 quantum
1696 4972 1777 5014 est
1814 4963 1930 5029 ipse
1959 4980 2153 5034 error,

588 5064 856 5117 nunquam
899 5065 1050 5105 error
1074 5064 1194 5105 esse
1214 5050 1440 5115 desistit,
1483 5050 1561 5105 sic
1590 5067 1620 5105 a
1654 5056 1912 5108 sententia
1941 5058 2155 5124 prazﬁxa

590 5150 855 5205 nunquam
882 5141 1200 5206 resolvetur,
1232 5143 1352 5210 quia
1384 5156 1537 5196 error
1565 5144 1655 5212 qui
1700 5146 2007 5214 agnoscitur
2037 5165 2159 5206 esse

588 5226 888 5289 damnatus,
919 5240 973 5281 et
998 5233 1181 5285 eadem
1210 5234 1444 5301 quandiu
1473 5247 1653 5291 manet
1678 5252 1853 5302 error,
1902 5242 2161 5307 probatur

589 5320 857 5376 astrictus.
902 5318 1078 5386 Itaque
1120 5322 1207 5387 qui
1256 5324 1309 5375 in
1363 5340 1428 5378 eo
1474 5342 1658 5382 errore
1713 5340 1856 5395 sunt,
1889 5334 2155 5387 sententia

587 5411 788 5468 erroris
815 5409 1053 5464 obstricti
1085 5419 1238 5474 sunt;
1269 5422 1323 5465 et
1346 5416 1575 5480 quandiu
1595 5419 1645 5472 in
1675 5434 1741 5473 eo
1767 5431 2005 5489 manent,
2038 5426 2157 5478 nul-

589 5504 797 5559 latenus
824 5500 1050 5556 absoluti
1082 5509 1226 5564 sunt,
1275 5502 1411 5558 sicut
1452 5520 1549 5559 nec
1586 5507 1699 5574 ipse
1751 5511 1767 5540 ³
1818 5511 1870 5567 in
1897 5528 2001 5582 quo
2027 5528 2151 5571 sunt

665 5642 678 5670 ¹
712 5639 788 5708 id.
812 5641 956 5708 cod.,
978 5642 1274 5697 subsistunt.

662 5711 681 5782 ξ
812 5713 953 5777 cod.,
978 5716 1239 5782 pravitatis
1267 5717 1488 5769 interest.

663 5779 683 5810 ³
712 5778 784 5833 Id.
815 5778 1044 5847 cod.,in
1074 5801 1170 5851 quo
1192 5797 1306 5839 sunt
1334 5800 1545 5851 errores,
1570 5787 1859 5841 absoluitur.

2267 4692 2347 4746 eis
2383 4695 2642 4746 sententia
2676 4693 2815 4747 dicta
2850 4697 3161 4763 permansit,
3202 4711 3573 4766 nunquamque
3601 4699 3854 4756 resoluta

2267 4794 2385 4849 est;
2417 4796 2469 4839 et
2496 4794 2671 4840 tamen
2699 4788 2884 4842 eadem
2932 4787 2984 4840 in
3038 4788 3251 4851 talibus,
3278 4788 3469 4858 quibus
3492 4790 3707 4858 prrelixa
3733 4802 3849 4859 est,

2264 4887 2611 4945 permanente
2637 4886 2913 4945 perpetua,
2965 4879 3196 4947 quodam
3248 4893 3444 4947 genere
3500 4879 3698 4934 factum
3732 4892 3849 4947 est,

2234 4988 2237 4993 ·
2266 4976 2323 5021 ut
2352 4968 2403 5021 in
2434 4967 2623 5022 talibus
2654 4984 2756 5023 non
2787 4983 3164 5039 usquequaque
3190 4969 3547 5037 manentibus,
3585 4970 3636 5024 id
3660 4981 3767 5035 εει,
3790 4972 3855 5025 in

2266 5062 2498 5129 peccatis
2520 5061 2631 5114 suis
2663 5076 2766 5115 non
2797 5075 3176 5131 usquequaque
3202 5060 3535 5125 durantibus,
3568 5069 3691 5115 sent
3728 5064 3855 5116 ntia

2264 5163 2440 5209 tamen
2473 5153 2691 5223 prmﬁxa
2724 5153 2918 5207 talibus
2948 5162 3300 5221 permaneret.
3355 5152 3484 5207 Nam
3526 5163 3577 5207 et
3610 5153 3707 5222 ipsi
3743 5170 3854 5221 pe-

2263 5257 2454 5311 rennt;
2480 5246 2571 5300 sed
2603 5260 2723 5299 esse
2751 5254 3079 5313 peceatores,
3108 5255 3166 5298 ut
3196 5244 3391 5298 dictum
3438 5254 3540 5310 est,
3575 5260 3677 5296 non
3715 5259 3854 5311 νω-

2264 5338 2476 5403 naliter,
2508 5337 2601 5391 sed
2631 5334 3016 5396 rctnedialiter,
3045 5334 3273 5403 quodam
3307 5344 3361 5388 et
3389 5334 3487 5403 ipsi
3516 5349 3713 5403 genere
3749 5350 3863 5401 νε-

2262 5429 2496 5493 rierunt;
2525 5426 2752 5496 quodam
2803 5438 3001 5495 genere
3028 5433 3083 5479 et
3129 5425 3181 5478 in
3223 5424 3354 5494 ipsis
3379 5418 3574 5479 mansit
3614 5425 3858 5492 praefixa

2263 5516 2549 5579 sententia,
2584 5516 2755 5569 donec
2805 5527 3121 5583 permanens
3161 5528 3254 5569 eos
3295 5512 3536 5568 efficeret
3580 5528 3685 5566 non
3716 5528 3859 5571 csse

2328 5660 2348 5690 ⁸
2373 5660 2445 5713 Id.
2479 5656 2622 5721 cod.,
2670 5654 2817 5707 Cum.

2330 5732 2349 5760 ⁸
2373 5730 2448 5783 ld.
2479 5726 2623 5794 cod.,
2653 5726 2705 5779 in
2732 5743 2809 5780 eo.
