3958 6312
630 270 699 283 *ος

712 288 947 357 Ξῆᾞέο.

171 358 306 421 865
1061 358 1074 363 .7
1398 366 1971 427 PERISTEPHANON
2011 368 2225 424 HYMN.
2270 368 2381 429 XII.

1888 477 2074 550 A50

3460 370 3564 433 566

511 477 661 545 Qua
688 479 899 549 stringit
926 482 1099 533 amnis
1129 479 1390 549 cespitem
1416 481 1713 537 sinistrum.

395 570 674 646 1198
697 572 859 641 Regia
894 587 1088 643 pompa
1120 573 1226 627 loci
1262 582 1345 627 est
1376 588 1388 626 :
1417 574 1669 642 princeps
1690 572 1865 627 bonus

1201 665 1320 740 [has
1343 666 1578 721 sacravit
1606 680 1782 733 arces,

478 756 779 829 Lusitque
803 759 1012 829 magnis
1032 758 1294 813 ambitum
1329 758 1569 813 talentis.

394 845 762 903 Bracteolas
812 848 1053 903 trabibus
1112 848 1361 915 sublevit,
1411 856 1470 903 ut
1508 849 1683 905 omnis
1709 863 1871 903 auru-

1628 940 1795 1011 [lenta

1586 1053 1873 1109 GLOSS/E
1895 1053 2253 1124 VETERES.

257 1166 368 1221 46.
409 1166 725 1237 Cespitem
756 1168 1053 1231 sinistrum,
1108 1166 1471 1229 meridianum,
1502 1180 1647 1237 versa
1664 1165 1771 1217 vice
1791 1164 1859 1217 ad
1926 1176 1929 1177 '

178 1235 565 1293 occidenteni
601 1240 842 1292 civitatis.
891 1239 1167 1293 Sinistrum
1207 1239 1375 1309 ripam
1401 1237 1544 1299 dicit,
1579 1235 1631 1286 id
1653 1245 1727 1287 est
1751 1250 1858 1287 me-

180 1309 535 1375 ridianum,
564 1327 719 1364 versa
740 1312 845 1363 vice
866 1311 934 1364 ad
957 1310 1289 1373 occidentem,
1316 1309 1355 1362 Ι.

260 1379 372 1433 47.
428 1381 753 1449 Princeps,
808 1378 1193 1444 Constantinus,
1238 1381 1303 1443 Ι..
1336 1377 1459 1432 Vat.
1493 1376 1857 1440 A.-—Arces,

180 1450 410 1516 templa
438 1448 621 1504 Petri
644 1448 692 1504 et
714 1450 895 1513 Pauli,
931 1450 1051 1504 Vat.
1083 1450 1147 1504 A.

265 1521 379 1575 48.
416 1520 739 1590 Lusitque,
774 1522 993 1585 ornavit,
1019 1523 1164 1590 quasi
1208 1520 1433 1573 ludendo
1467 1520 1603 1589 fecit.
1629 1547 1698 1557 —
1731 1518 1859 1572 Am-

182 1588 416 1656 bitum,
458 1588 786 1659 circuitum,
812 1593 852 1646 Ι.

267 1662 378 1717 49.
418 1662 788 1728 Bracteolas,
836 1662 1003 1717 trabes
1045 1679 1162 1716 cum
1188 1660 1479 1728 bracteolis,
1512 1661 1750 1717 laminas.
1782 1689 1851 1700 —

186 1731 513 1800 Sublevit,
581 1733 933 1798 circumdedit,
972 1733 1172 1802 junxit,
1216 1751 1247 1785 a
1294 1732 1539 1785 liniendo.
1574 1759 1642 1770 -—-
1673 1731 1851 1785 Auru-

187 1802 389 1872 Iema,
423 1820 586 1857 auro
609 1804 783 1875 plena.
813 1803 853 1856 l.

2223 480 2341 533 Lux
2365 487 2508 534 esset
2533 480 2694 546 intus,
2723 494 2821 534 ceu
2849 479 3008 548 iubar
3036 481 3135 534 sub
3164 487 3307 536 ortu.

2160 571 2378 642 .1199
2437 570 2683 625 Subdidit
2730 580 2784 626 et
2814 572 2990 640 parias
3037 572 3198 626 fulvis
3224 573 3564 643 laquearibus

3113 664 3127 734 Ῐ
3161 665 3459 726 columnas,
3605 648 3617 663 “

2226 755 2519 837 Distinguit
2545 756 2655 811 illic
2683 769 2816 825 quas
2841 765 3135 826 quaternus
3162 757 3314 809 ordo.
3622 806 3633 859 ἱ

2151 849 2287 903 Tum
2347 863 2597 903 camuros
2654 847 2811 919 hyalo
2876 848 3069 918 insigni
3114 848 3262 902 varie
3324 849 3564 904 cucurrit
3627 847 3645 927 ξ

3272 938 3447 1010 [arcus
3472 960 3484 993 :
3641 932 3649 993 ι

2039 1164 2130 1218 51.
2162 1161 2366 1235 Parias,
2401 1160 3013 1229 candidas,marmoreas.
3037 1194 3106 1202 —
3135 1162 3336 1229 Fulvis,
3363 1167 3555 1235 rubeis,

1968 1237 2185 1296 auratis,
2218 1232 2254 1285 I.
2828 1258 2831 1261 -

2042 1304 2436 1377 55.Camuros,
2490 1302 2869 1377 curvos,iVat.
2930 1306 2997 1359 A.
3053 1305 3337 1377 Recurvosr,
3401 1305 3555 1377 Prag.
3642 1316 3645 1319 ’

1970 1376 2185 1439 Curtios,
2244 1376 2522 1427 introrsum
2592 1376 2953 1444 respicientes;
3017 1392 3216 1430 curvos.
3279 1375 3560 1431 Cumarum

1974 1446 2152 1500 eree
2199 1462 2441 1519 curvum;
2484 1446 2606 1519 inde
2660 1456 2915 1519 camerata
2961 1446 3143 1499 domus
3165 1449 3313 1519 cujus
3358 1448 3560 1504 testudo

1971 1533 2126 1570 curua
2150 1527 2255 1587 est;
2280 1517 2397 1569 inde
2426 1516 2680 1587 camelum
2713 1516 2908 1569 animal
2945 1516 3248 1572 tortuosum.
3273 1548 3340 1556 —
3366 1519 3556 1587 Hyalo,

1976 1589 2125 1641 vitro.
2152 1586 2387 1657 Ilyalum
2414 1586 2597 1640 Latine
2616 1590 2804 1640 vitrum
2831 1589 3044 1642 dicitur.
3075 1619 3146 1628 —
3175 1586 3440 1651 Cucurrit,
3470 1586 3557 1643 or;

1955 1659 2127 1711 nando
2159 1673 2178 1721 ;
2248 1658 2431 1729 pinxit.
2474 1688 2543 1697 —
2573 1660 2767 1729 Arcus,
2801 1660 3041 1726 fornices,
3085 1660 3126 1713 Ι.
3159 1690 3228 1701 -ρ-
3260 1660 3449 1729 Hyalo,
3484 1662 3556 1715 vi-

1956 1739 2053 1792 tro,
2089 1729 2207 1783 Vat.
2240 1732 2329 1796 A.,
2356 1728 2551 1783 Rat.—
2582 1728 2855 1795 Cucurrit,
2887 1732 3074 1798 pinxit,
3106 1732 3225 1785 llat.

1613 1916 2179 1974 COMMENTARIUS.
2218 1930 2221 1931 '

197 2032 453 2112 dentius
479 2034 718 2089 tertium
742 2033 937 2112 pedem
960 2045 1174 2112 semper
1199 2033 1327 2112 facit
1357 2032 1691 2112 spondaeum,
1720 2031 1858 2086 duos
1889 2034 1939 2094 B
1994 2054 2019 2112 ι.
2042 2031 2128 2112 49.
2160 2029 2788 2112 Widm..,lvatt._A,_AQ,
2821 2036 2974 2112 Man,
3010 2037 3191 2112 Ριςιεις.2
3237 2037 3380 2112 ΒΜ..
3404 2057 3551 2112 _sup-

201 2104 443 2175 primos
521 2114 585 2158 et
616 2115 865 2173 quartum
906 2102 1165 2175 dactylos.
1212 2102 1478 2175 Cellarius
1520 2103 1729 2158 titulum
1762 2117 1857 2175 ex-
1965 2103 2120 2173 plevit
2155 2117 2251 2170 pro
2291 2104 2523 2157 sublevit.
2556 2104 2774 2160 Teolius
2816 2108 3045 2175 glossam
3080 2102 3137 2160 in
3160 2108 3369 2163 duobus
3402 2102 3546 2168 Vait.

198 2174 396 2246 ponit_
436 2174 868 2246 inscriptionem
898 2174 1155 2246 sepulcri,
1187 2174 1427 2246 plerique
1461 2174 1855 2246 basilicamiip-
1962 2175 2509 2246 invenit_substravit,
2550 2177 2701 2243 quasi
2750 2174 3003 2246 laqueare
3034 2194 3137 2232 non
3169 2188 3372 2234 tantum
3414 2197 3547 2239 auro

203 2257 335 2299 sam
362 2244 701 2301 Ostiensem
725 2246 782 2301 S.
816 2245 988 2299 Pauli.
1024 2245 1246 2313 Proprie
1269 2245 1593 2299 Prudentius
1642 2245 1852 2299 titulum
1964 2243 2151 2297 illitum
2184 2243 2396 2308 luisset,
2427 2246 2519 2299 sed
2547 2246 2709 2301 etiam
2743 2243 2956 2305 laminis
2978 2249 3165 2305 solidis
3192 2250 3544 2308 substratum.

207 2314 310 2369 hic
340 2327 534 2394 vocat
581 2319 911 2394 sepulcrum,
956 2326 1030 2394 et_
1058 2316 1544 2394 peculiarius_ossa
1592 2316 1855 2394 sepulcro
1960 2313 2390 2394 l_n_Egm.glossa
2422 2325 2505 2394 est
2533 2319 2672 2394 apud
2704 2319 3064 2394 Burmannum
3090 2322 3142 2374 in
3162 2321 3544 2394 Ant_hol.,pag.

209 2385 490 2453 condita,
532 2388 705 2441 utitur
739 2387 882 2443 enim
919 2384 1087 2441 verbo
1113 2386 1216 2441 sibi
1265 2384 1510 2441 familiari
1540 2387 1604 2439 ad
1651 2386 1854 2455 signili-
1960 2386 2086 2448 517,
2122 2384 2434 2451 Bracteolas,
2467 2386 2686 2442 laminas
2717 2392 3039 2444 tenuissimas
3069 2393 3205 2445 auri.
3257 2392 3361 2447 Pro
3390 2384 3549 2449 auru-

213 2457 484 2528 candurm
549 2472 691 2514 ossa
726 2461 780 2513 in
821 2459 908 2513 via
952 2455 1186 2513 OStiensi
1227 2472 1345 2511 esse
1373 2457 1608 2520 condita,
1662 2467 1847 2521 servat,
1963 2456 2105 2510 lenta
2124 2456 2427 2528 Arlduscnm
2448 2456 2579 2512 Urb.
2604 2460 3547 2528 scribitaurolenta.Dicitaurulenta,

214 2540 341 2594 quo
390 2527 707 2585 denotatur
729 2544 957 2598 corpora
996 2538 1301 2584 sanctorum
1322 2536 1636 2598 exspectare
1675 2542 1854 2581 resnr-
1959 2539 2018 2598 ut
2048 2526 2176 2581 alibi
2214 2530 2473 2582 rorulenta
2509 2537 2563 2582 et
2592 2530 2875 2585 rosulenta.
2905 2532 3011 2587 Pro
3041 2534 3346 2587 aurulen'tus
3374 2526 3545 2591 solum

214 2599 579 2654 rectionem.
608 2600 663 2654 In
689 2596 992 2670 Hippolyto,
1022 2614 1165 2653 vers.
1196 2599 1323 2670 l'l5,
1349 2597 1530 2670 Servat
1578 2600 1643 2651 ad
1681 2598 1854 2652 (ειενηὶ
1962 2596 2311 2670 Prudentium
2335 2599 2901 2669 allegatForcellinus.
2930 2603 3002 2657 De
3027 2603 3127 2659 hac
3155 2606 3545 2662 consuetudine

217 2683 373 2735 spem
394 2741 403 2743 Α
411 2670 632 2743 judicis
681 2667 1092 2743 ossésebulcro;
1124 2669 1265 2739 quod
1313 2668 1556 2743 pluribus
1579 2670 1853 2737 prosequi-
1960 2667 2250 2743 inaurandi
2275 2667 2745 2743 trabestectorum
2786 2673 2997 2741 Lipsius
3026 2674 3093 2729 de
3126 2676 3345 2743 Magnit.
3383 2677 3541 2732 Rom.

221 2745 319 2814 t_ur
393 2741 455 2796 in
514 2742 719 2811 hymno
780 2741 1209 2814 Exsequiarum,
1240 2754 1383 2814 vers.
1406 2739 1548 2814 _125_
1581 2746 1635 2793 et
1662 2755 1851 2814 _seqq.,
1957 2739 2052 2792 lib.
2082 2755 2159 2804 ιιι,
2185 2742 2424 2814 cap_.__M.
2457 2740 2725 2795 Arnobius
2756 2739 2931 2797 livar
2959 2762 2969 2797 :
3002 2745 3119 2799 Sint
3142 2739 3264 2814 erg'o
3285 2748 3394 2799 hwc
3430 2749 3544 2801 licet

222 2805 397 2881 June
430 2805 669 2879 suscipe,
699 2822 855 2879 terra,
891 2805 1304 2881 fovendum—etc.
1323 2810 1453 2865 Vide
1483 2810 1584 2864 alia
1614 2810 1676 2865 ad
1709 2805 1848 2864 vers.
1955 2818 2043 2860 aut
2084 2826 2146 2862 ea:
2184 2805 2405 2862 molibus
2453 2813 2750 2865 marmoreis
2786 2823 2999 2878 structa,
3030 2805 3392 2876 unanimous
3440 2827 3543 2873 utr

221 2877 259 2931 2
282 2879 502 2954 hymni
533 2877 602 2937 18
634 2877 948 2954 martyrum.
1168 2877 1178 2880 ’
1434 2953 1456 2954 νγ
1631 2953 1634 2954 ν
1732 2952 1737 2954 Α
1955 2895 2251 2934 BENIDEANT
2277 2888 2493 2954 Atilii-IIS;
2525 2882 2829 2954 splendeant
2872 2885 2952 2938 hic
2996 2901 3207 2953 gemma:
3244 2896 3292 2939 et
3321 2887 3543 2942 sidereos

298 2952 404 3027 {7.
452 2954 622 3027 Egm.
655 2952 819 3027 male,
865 2955 960 3007 hac
986 2968 1083 3022 pro
1107 2954 1223 3027 has.
1259 2953 1592 3009 Describitur
1629 2952 1852 3027 basilica
1960 2962 2193 3003 evomant
2227 2952 2426 3027 variata
2453 2952 2768 3027 intersitione
2797 2954 2931 3025 (alit.
2978 2952 3407 3027 interstinctione)
3435 2961 3539 3027 ful-

226 3018 537 3093 Qstiensis
572 3024 631 3080 S.
676 3024 863 3089 Pauli;
916 3018 1089 3093 neque
1128 3025 1270 3079 enim
1304 3041 1445 3079 arces
1472 3034 1601 3078 sunt
1646 3025 1850 3092 templa
1953 3032 2297 3093 gores:terra
2319 3020 2427 3075 nare
2449 3035 2568 3076 sunt
2590 3024 2780 3077 omnia.

226 3089 386 3164 Petri
422 3106 497 3150 et
526 3095 698 3160 Pauli,
729 3095 788 3151 iit
832 3095 884 3150 in
912 3089 1089 3164 glossa
1119 3095 1337 3161 dicitur,
1364 3097 1458 3150 sed
1500 3096 1671 3149 solum
1714 3089 1849 3149 te'm-
2025 3090 2111 3144 50.
2140 3093 2423 3164 Bro'vrerus
2448 3094 2512 3146 ad
2532 3094 2806 3148 Fortunat.
2834 3109 2953 3164 pag.
2977 3096 3045 3149 60
3067 3096 3139 3149 ait
3162 3094 3537 3164 Foi'tunatum,

228 3163 389 3235 plum
448 3166 608 3220 Pauli
658 3183 672 3219 :
720 3162 982 3235 siquidem
1028 3166 1286 3232 templum
1334 3167 1585 3221 Ostiense
1638 3166 1740 3219 soli
1786 3166 1845 3221 S.
1952 3165 2095 3235 quod
2123 3178 2151 3216 a
2184 3162 2349 3217 radiis
2375 3166 2641 3235 solaribns
2664 3162 2876 3230 inlusis,
2907 3162 3375 3235 bonoquelnmine
3406 3162 3537 3223 tem;

234 3232 421 3305 Paulo
450 3232 834 3291 consecratum
858 3247 959 3301 est,
992 3242 1246 3305 templum
1277 3236 1588 3290 Vaticanum
1644 3237 1743 3290 soli
1788 3238 1845 3291 S.
1952 3234 2035 3300 pla
2066 3249 2210 3301 saepe
2239 3234 2531 3304 collaudat,
2578 3236 2783 3291 Sidonii
2814 3232 3079 3305 exeinplo'
3104 3234 3154 3291 id
3188 3238 3400 3294 iecisse.
3430 3240 3535 3295 Sed

231 3299 434 3361 Petro.
476 3306 728 3363 Nonnulli
762 3308 883 3372 viri,
912 3299 1146 3375 alioquin
1178 3306 1495 3370 doctissimi,
1528 3317 1581 3361 et
1607 3309 1695 3376 qui
1737 3306 1847 3361 Ro-
1952 3299 2180 3373 uterque
2221 3299 2568 3376 Prudentium
2602 3316 2876 3361 auctorem
2912 3299 3093 3363 habet.
3129 3308 3403 3376 Sidonius,
3439 3311 3535 3367 lib.

1874 3405 1920 3470 c
1953 3377 2195 3470 11,,
2227 3376 2290 3429 l0
2316 3374 2511 3470 :Jlntus
2538 3378 2629 3431 lux
2652 3378 2822 3470 tgicpt,
2847 3389 2998 3470 atque
3025 3382 3335 3470 brqcteatum
3355 3374 3442 3464 .sol
3464 3383 3537 3435 sic

1898 3446 1920 3515 ᾖ·
1951 3446 2261 3500 sollicitatur
2299 3448 2367 3498 ad
2390 3448 2622 3512 lacunar,
2658 3446 2823 3501 Fulvo
2848 3446 3164 3504 utconcolor
3192 3462 3324 3505 erret
3350 3454 3401 3506 in
3433 3468 3537 3506 me-

1951 3518 2100 3592 tallo.
2130 3516 2480 3592 Fortunatus,
2525 3520 2616 3573 lib.
2652 3535 2727 3583 Ill,
2760 3536 2929 3574 carm.
2954 3520 3018 3573 'l:
3058 3519 3165 3589 Ire,
3192 3523 3358 3577 rediie
3378 3526 3536 3592 vides,

1951 3590 2098 3663 radio
2115 3589 2392 3663 crispante,
2417 3590 2629 3660 ﬁguras,
2669 3591 2830 3659 Atque
2854 3591 3067 3646 lacur'tar
3104 3595 3229 3663 agit,
3253 3595 3389 3661 quod
3413 3589 3529 3651 uta-4

1950 3659 2020 3712 ris
2044 3659 2181 3715 unda
2201 3660 2344 3712 solet.

2020 3730 2110 3805 Sil.
2137 3728 2327 3805 Adhuc
2366 3742 2569 3805 exstat“
2602 3733 2656 3785 in
2704 3734 2920 3788 basilica
2955 3734 3011 3789 S.
3060 3734 3207 3789 Pauli
3242 3743 3535 3805 quaternus

1949 3802 2091 3874 ordo,
2107 3801 2498 3855 columnarum.
2526 3802 2637 3856 NOn
2668 3818 2787 3858 esse
2815 3807 3007 3874 parias,
3033 3816 3089 3858 ut
3111 3821 3202 3874 eas
3220 3801 3373 3862 vocat
3404 3808 3537 3866 Pru-

1949 3870 2186 3948 dentius,
2209 3880 2358 3926 recte
2386 3874 2684 3948 notavit_cl.
2710 3870 2823 3948 Fea'
2848 3875 2911 3929 ad
2945 3874 3100 3948 Vink.
3135 3873 3225 3948 lib.
3260 3895 3300 3948 l_,
3328 3894 3448 3948 cap.
3474 3883 3530 3947 2,

1947 3945 2036 4018 qui
2070 3944 2320 4018 opinatur
2343 3958 2434 3997 eas
2466 3948 2514 3997 in
2542 3944 2661 3998 aliis
2691 3947 3084 4015 antiquioribus
3111 3945 3350 4004 aediliciis
3387 3944 3534 4018 prius

1948 4011 2115 4091 luisse
2139 4013 2450 4091 collocatas,
2477 4032 2583 4070 non
2602 4031 2729 4070 vero
2759 4011 2981 4091 iu'mole
3012 4018 3290 4091 Hadriani,
3323 4011 3534 4091 ut'vulgi

1948 4081 2052 4137 fert
2097 4085 2298 4161 opinio.
2357 4085 2611 4140 Dicuntur
2643 4103 2770 4142 vero
2801 4089 2981 4161 paria:
3023 4104 3053 4143 a
3096 4081 3391 4147 Prudehtio
3438 4081 3534 4161 per

1946 4156 2355 4230 metonymiam,
2389 4172 2490 4225 qua
2539 4174 2639 4230 una
2670 4159 2875 4226 species
2908 4174 3003 4229 pro
3035 4161 3138 4215 alia
3180 4163 3415 4230 ponitur,
3443 4156 3531 4217 vel

1945 4226 2070 4295 quia
2100 4228 2307 4301 pariu_m
2335 4229 2584 4301 insacris
2619 4229 2836 4301 Litteris
2872 4226 3100 4287 sumitur
3130 4226 3227 4301 pro
3266 4249 3532 4289 marmore

1945 4301 2199 4374 pretioso.
2238 4297 2469 4374 Paral‘ip.
2497 4301 2534 4365 Ι,
2572 4300 2788 4374 xx1x_,_9._,
2819 4302 2886 4356 Et
2911 4297 3354 4374 marmor'parium
3376 4307 3534 4361 abun-

1945 4369 2264 4494 gantissime,
2312 4370 2396 4423 ubi
2454 4382 2629 4427 textus
2682 4372 2977 4428 llebraicus
3022 4369 3183 4430 habet
3228 4376 3424 4446 lapides
3471 4377 3534 4429 de

1991 4457 2087 4493 (IIS.

1991 4457 2087 4493 (IIS.

2018 4512 2108 4567 55.
2144 4514 2292 4580 Altl.,
2327 4515 2460 4569 Mar.
2492 4532 2520 4568 a
2554 4516 2722 4584 prima
2754 4530 2936 4579 manu,
2972 4515 3147 4577 Alex.,
3186 4515 3410 4579 Widm.,
3442 4533 3531 4569 ca-

1946 4598 2138 4649 ntyros.
2170 4584 2301 4639 Mar.
2325 4600 2353 4636 a
2376 4590 2608 4638 secunda
2634 4594 2812 4648 manu,
2846 4584 3103 4647 Hallsbr.,
3126 4602 3374 4639 cameras.
3406 4586 3529 4641 Vat.

1944 4657 2009 4715 A,
2042 4652 2192 4721 Rat.,
2238 4655 2420 4721 Prag.,
2469 4655 2802 4718 Parrhasius,
2839 4657 3075 4707 camiros.
3110 4655 3228 4709 Vat.
3270 4656 3335 4723 ρ,
3370 4656 3527 4723 Urb.,

1946 4723 2441 4785 mendose,carros.
2465 4725 2685 4791 Weitz.,
2712 4725 2850 4789 Gis.,
2882 4726 3091 4788 Heins.,
3124 4724 3242 4779 Vat.
3278 4726 3316 4779 P
3338 4736 3392 4781 et
3416 4729 3526 4793 alii,

261 4787 524 4875 [feremus
561 4787 625 4847 ad
654 4812 799 4875 .ann.
835 4787 940 4875 586
978 4796 1200 4875 litteras
1232 4794 1611 4875 Valentiniani,
1645 4787 1833 4875 Theo?
1861 4793 1916 4865 D
1940 4810 2194 4850 camaras.
2222 4787 2691 4875 Pro_l_iyalo,‘Pragl
2722 4787 2886 4857 hiala;
2913 4810 3007 4875 pro
3031 4787 3187 4862 varie,
3212 4798 3333 4875 A|d_.
3353 4787 3528 4865 varice,-

259 4860 394 4935 t_l_nsii
417 4872 471 4917 et
497 4864 708 4920 Arcadii
743 4867 959 4921 nomine
987 4866 1053 4920 ad
1094 4866 1404 4921 Sallustium
1440 4860 1683 4919 datas'ex
1713 4866 1834 4920 cod.
1872 4860 1881 4865 ’
1946 4880 2043 4934 pro
2060 4860 2476 4932 cucumulae,
2505 4860 3354 4935 Rat.,'percucurrit:quae'omnia
3382 4860 3530 4923 men;

234 3388 345 3445 tua:
371 3378 719 3441 scribebant,
762 3378 1098 3435 al‘lirmarunt
1145 3378 1399 3445 templum
1433 3377 1751 3434 Vaticanum
1792 3379 1843 3433 in

234 3444 526 3505 honorem
554 3448 649 3504 SS.
682 3449 1045 3518 apostolorum
1078 3449 1217 3504 Petri
1264 3444 1325 3503 et
1376 3448 1527 3502 Pauli
1571 3463 1690 3503 esse
1730 3464 1847 3506 ere-

236 3524 393 3571 ctum
421 3536 437 3583 ;
494 3519 583 3588 qui
626 3520 971 3589 inscriptione
1002 3520 1135 3589 ipsa,
1160 3535 1279 3588 quae
1318 3519 1508 3575 litteris
1534 3520 1845 3575 enormibus

242 3598 379 3660 ante
431 3590 585 3644 fores
630 3592 810 3660 templi
844 3588 1085 3645 Vaticani
1127 3599 1293 3660 patet,
1330 3591 1459 3644 satis
1504 3590 1841 3645 refelluntur.

239 3656 489 3715 Sacrars
512 3677 651 3715 arces
673 3656 754 3716 de
780 3661 1104 3730 imperatore
1128 3656 1221 3730 qui
1250 3661 1508 3730 templum
1546 3663 1847 3716 construxit

240 3739 397 3802 recte
425 3731 646 3794 dicitur,
684 3741 741 3786 ut
767 3729 904 3802 apud
938 3732 994 3787 S.
1031 3729 1316 3787 Damasum
1348 3733 1415 3785 de
1452 3729 1840 3786 Constantina:

246 3798 501 3855 Sacrauit
522 3806 764 3873 templum
784 3798 1002 3856 victricis
1041 3802 1254 3873 virginis
1277 3804 1464 3872 Agnes.
1511 3802 1585 3856 De
1614 3819 1721 3871 quo
1752 3820 1845 3857 au-

244 3876 357 3943 tem
408 3873 741 3939 imperatore
788 3873 1110 3929 Prudentius
1153 3874 1225 3927 sit
1280 3873 1680 3943 intelligendus,
1736 3890 1841 3931 non

245 3942 517 3998 convenit
542 3944 681 4000 inter
708 3956 975 4001 auctores.
1024 3945 1273 4014 Plerique
1298 3943 1709 4000 Constantinum
1739 3960 1841 4014 pu-

248 4018 368 4066 tant
396 4028 552 4079 esse;
593 4015 684 4070 alii
718 4016 1167 4071 Valentinianum.
1216 4018 1285 4070 At
1325 4030 1391 4070 ex
1432 4016 1599 4070 veteri
1646 4016 1839 4070 inscri-

248 4093 290 4155 Β
294 4084 449 4155 tione
460 4099 579 4153 qua:
598 4088 889 4141 etiamnum
902 4094 1075 4142 exstat
1094 4087 1145 4141 in
1159 4101 1285 4140 arcu
1308 4086 1497 4155 majori
1515 4086 1842 4153 basilicae,de

249 4150 567 4225 Iheodosio
588 4157 638 4210 id
662 4158 1037 4225 explicandum
1061 4173 1183 4211 esse
1198 4150 1836 4225 aperte'demonstratur:

252 4220 546 4281 Teodosius
570 4230 721 4295 cepit,
735 4220 955 4297 perfecit
971 4228 1194 4282 Onorius
1214 4220 1385 4281 aulam
1408 4227 1643 4282 Docwris
1664 4231 1841 4283 mundi

251 4305 515 4370 sacratam
535 4313 744 4370 corpore
768 4300 923 4353 Pauli
949 4298 1201 4354 Placidia:
1224 4301 1309 4366 pia
1329 4316 1466 4353 mens
1499 4300 1666 4370 aperis
1687 4300 1839 4355 decus

253 4362 445 4439 homne
461 4362 660 4438 paterni
682 4369 880 4424 Gaudet
903 4370 1159 4439 pontiﬁcis
1199 4362 1367 4423 studio
1405 4362 1672 4437 splendere
1713 4370 1844 4426 Leo-

254 4436 360 4509 nis.
416 4436 565 4492 Edita
598 4440 727 4496 olim
776 4436 1338 4508 haac'l‘uitinscriptio
1370 4436 1612 4509 iunpere
1644 4440 1840 4496 Inscri-

254 4508 455 4572 ptiones
486 4512 709 4581 antiqua:
733 4512 969 4567 basilicae
998 4512 1055 4567 S.
1088 4511 1235 4566 Pauli
1259 4511 1444 4566 Romae
1474 4512 1611 4565 1654
1632 4512 1835 4579 in-lol.,

255 4588 307 4651 gl
350 4582 402 4633 in
434 4582 614 4636 multis
654 4583 772 4637 aliis
811 4582 1063 4651 operibus
1085 4584 1310 4650 repetita
1353 4592 1456 4637 est.
1504 4582 1837 4638 Theodosius

256 4646 517 4722 Sallustio
557 4652 810 4721 prcefectn
838 4646 997 4707 Urbis
1028 4646 1283 4722 praecepit
1311 4663 1370 4707 ut
1395 4668 1578 4707 curam
1602 4653 1837 4708 basilica:

258 4718 316 4793 ξ.
349 4720 501 4775 Pauli
524 4718 752 4790 apostoli
780 4718 1064 4790 magniﬁce
1091 4718 1466 4779 construendm
1496 4725 1831 4793 susciperet;

262 4928 528 5007 Vaticano,
542 4935 852 5007 descripsit,
892 4952 956 4992 ex
979 4938 1171 5007 quibus
1202 4946 1534 5004 compertum
1578 4945 1662 4990 est
1693 4949 1839 4991 vete-

262 5014 373 5055 rem
419 5004 693 5061 basilicam
727 5004 767 5062 ‘a
795 5004 1143 5062 Constantino
1188 5016 1421 5063 erectam
1453 5007 1703 5063 debuisse
1747 5010 1838 5063 de-

260 5075 414 5148 8trui,
446 5091 747 5148 novamque
772 5080 1085 5148 ampliorem
1110 5079 1369 5133 construi.
1621 5104 1624 5106 η

330 5145 431 5221 481
446 5146 573 5221 Vat.
599 5145 676 5215 Α(
690 5145 967 5216 mendose,
985 5150 1156 5205 elusit.
1181 5149 1364 5219 Fabr.,
1379 5150 1517 5215 Gis.,
1534 5152 1831 5221 clausitque.

263 5213 366 5292 Sed
395 5213 665 5292 Ciselinus
694 5221 747 5274 in
791 5232 917 5275 uota
945 5213 1019 5275 ait
1060 5222 1301 5291 lusitque,
1332 5213 1386 5276 et
1421 5213 1673 5292 explicat,
1700 5213 1834 5277 adeo

262 5284 555 5361 liberaliter
574 5293 767 5357 erexit,
798 5302 853 5345 ut
878 5292 1181 5361 sumptibus
1196 5284 1510 5361 pepercisse
1533 5310 1636 5348 non
1661 5284 1835 5348 videa-

264 5362 365 5434 tur.
390 5358 457 5413 Et
478 5359 535 5434 in
563 5361 730 5429 prima
757 5362 971 5432 quidem
1002 5358 1238 5418 editione
1268 5363 1537 5417 Giselinus
1559 5365 1836 5434 amplexus

264 5425 436 5502 fuerat
484 5425 737 5499 lusitque;
775 5425 873 5487 sed
916 5435 1033 5502 ejus
1059 5434 1349 5502 explicatio
1390 5434 1568 5500 inepta
1593 5425 1693 5489 es't.
1720 5436 1831 5489 Lu-

262 5497 377 5552 dere
407 5515 502 5576 pro
530 5497 738 5576 pingere
765 5520 793 5557 a
818 5497 1107 5561 Prudentio
1133 5497 1331 5560 dicitur
1358 5504 1451 5558 lib.
1486 5497 1521 5556 it
1552 5506 1601 5559 in
1626 5506 1831 5576 Symm.

261 5578 400 5647 Vers.
432 5572 525 5637 44,
555 5574 721 5647 Aucta
750 5578 992 5630 coloratis
1016 5578 1225 5631 auderet
1250 5576 1423 5630 ludere
1450 5576 1603 5645 fucis.
1634 5572 1689 5630 In
1713 5578 1835 5647 Hip-

262 5642 366 5720 pol.
397 5657 517 5720 vers
545 5644 667 5709 150,
688 5645 956 5720 Luserate
994 5649 1150 5702 minio
1173 5642 1458 5701 russeolam
1482 5649 1693 5700 saniem.
1727 5642 1835 5702 ue—

261 5708 359 5788 llus
407 5713 639 5788 lortasse
686 5716 831 5786 leges
880 5718 1031 5774 clusit
1076 5735 1173 5787 pro
1212 5720 1441 5773 clausit:
1476 5734 1584 5788 quo
1631 5728 1838 5787 spectat

260 5782 439 5860 glossa
477 5785 543 5839 ad
575 5782 808 5860 sublevit,
843 5805 965 5860 qua:
990 5782 1315 5860 transposita
1352 5782 1585 5859 videtur,
1614 5782 1674 5845 et
1700 5791 1839 5844 lavet

267 5854 379 5915 Vat.
414 5858 482 5929 Α,
506 5865 554 5912 et
586 5856 640 5913 in
665 5854 875 5919 ceteris
903 5862 1047 5919 lusit.

1944 4943 2075 4990 unse
2103 4948 2227 4990 sunt
2255 4939 2471 5005 scripta.
2519 4938 2783 4993 Cauchius
2810 4952 2905 5005 pro
2929 4940 3148 4989 cucurrit
3192 4939 3424 4993 malebat
3451 4956 3530 4993 re-

1943 5017 2151 5079 curvat;
2174 5008 2267 5062 sed
2292 5012 2513 5062 cucurrit
2534 5024 2718 5063 verum
2742 5018 2842 5063 est.
2866 5007 3157 5062 Salmasius
3170 5020 3223 5064 et
3244 5010 3530 5079 aliquando

1943 5077 2196 5132 Heinsius
2241 5080 2501 5146 putabant
2532 5096 2771 5133 camurus
2811 5080 3033 5132 cucurrit
3064 5096 3231 5145 arcus,
3267 5077 3345 5134 ut‘
3371 5094 3530 5134 arcus

1943 5148 2057 5221 ipse
2086 5150 2413 5221 cucurrerit,
2466 5160 2626 5221 atque
2675 5152 2745 5205 ita
2796 5150 3035 5219 ediderat
3086 5150 3378 5206 Fabricius.
3422 5151 3530 5205 Sed

1942 5219 2191 5291 princeps
2224 5220 2394 5273 bonus
2421 5233 2501 5276 est
2525 5219 2611 5291 qui
2638 5223 2873 5277 cucurrit
2898 5236 3148 5291 camuros
3170 5237 3349 5287 arcus,
3378 5222 3429 5275 id
3448 5232 3531 5277 est

1944 5290 2284 5344 continenter
2319 5290 2551 5346 ornavit
2583 5295 2741 5363 hyalo
2782 5292 2993 5359 insigni.
3043 5290 3258 5346 Currere
3283 5308 3379 5362 pro
3409 5307 3531 5361 per-

1945 5375 2162 5415 currere
2202 5378 2321 5415 cmn
2368 5366 2656 5417 accusandi
2681 5377 2805 5417 casu
2838 5372 3013 5415 exstat
3057 5364 3196 5430 apud
3230 5365 3286 5419 S.
3331 5363 3527 5417 Dama-

1947 5448 2064 5487 sum
2094 5432 2161 5485 de
2182 5432 2237 5485 S.
2271 5434 2499 5501 Agatha.
2536 5436 2762 5489 Veteres
2802 5432 2980 5486 verbis
3025 5434 3358 5501 simplicibus
3384 5450 3529 5500 saepe

1948 5519 2047 5571 pro
2078 5506 2389 5572 compositis
2438 5506 2748 5569 utebantur,
2801 5512 2860 5557 ut
2899 5512 3088 5557 vertere
3135 5520 3232 5570 pro
3259 5514 3525 5560 evertere.

1942 5577 2201 5631 Camuros
2228 5582 2557 5629 essecnrvns
2575 5578 2766 5646 glossae
2788 5575 2999 5639 docent,
3018 5584 3071 5646 et
3094 5577 3377 5629 conﬁrmat
3402 5574 3527 5631 Ser.

1944 5650 2062 5702 vius
2116 5646 2181 5698 ad
2224 5661 2361 5699 vers.
2417 5647 2485 5700 5.3
2515 5644 2607 5703 lib.
2641 5664 2697 5701 ut
2726 5646 2923 5713 Georg.
2954 5663 2965 5697 :
2998 5644 3233 5700 Camuris
3265 5648 3413 5701 hirtw
3438 5648 3529 5701 sub

1946 5716 2181 5773 cornibus
2207 5734 2376 5789 aures,
2408 5719 2462 5772 id
2484 5729 2557 5772 est
2580 5720 2766 5785 curvis,
2795 5719 2927 5771 unde
2952 5727 2996 5770 et
3020 5734 3233 5771 camera:
3264 5719 3529 5789 appellan-

1921 5800 2051 5846 .tur.
2094 5788 2230 5861 Quid
2280 5800 2456 5845 autem
2493 5791 2758 5861 signiticet
2804 5789 2943 5859 quod
2996 5791 3287 5861 imperator
3336 5788 3529 5844 eurvos

1917 5897 1929 5904 -
1946 5876 2105 5919 arcus
2133 5860 2290 5932 hyan
2321 5862 2510 5933 insigni
2537 5860 2682 5917 varie
2706 5860 3053 5939 percurrerit,
3079 5875 3187 5914 non
3211 5861 3341 5916 satis
3355 5862 3528 5919 adhuc
