3958 6312
505 407 604 463 567

751 544 962 614 1200
988 544 1074 599 Sic
1096 554 1243 614 prata
1272 547 1451 602 vernis
1475 547 1694 602 floribus
1724 549 1986 604 renident.

573 634 636 706 ii.)
716 637 856 700 Ecce
876 639 1009 694 duas
1033 641 1154 696 ﬁdei
1174 655 1384 696 summo
1408 641 1564 698 Patre
1578 644 1888 699 conferente
1907 645 2082 712 dotes,

755 731 880 786 Urbi
913 733 1166 788 colendas
1194 749 1326 804 quas
1353 734 1499 789 dedit
1531 745 1744 804 togatae.

472 869 479 894 ι
677 825 892 895 Aspice,
923 841 1018 896 per
1047 827 1238 883 bilidas
1270 829 1419 899 plebs
1452 828 1675 887 Romula
1703 830 1942 888 funditur
1970 831 2088 901 pla-

1883 933 2013 986 leas,

792 1011 903 1066 Lux
939 1013 990 1068 in
1017 1013 1228 1070 duobus
1261 1017 1429 1071 fervet
1456 1032 1557 1071 una
1587 1016 1759 1072 festis.
1859 924 1874 995 ι

683 1104 789 1162 Nos
827 1104 892 1165 ad
949 1115 1235 1182 utrumque
1279 1118 1456 1166 tamen
1505 1125 1692 1182 gressu
1738 1125 2087 1182 properemus

1751 1205 2012 1276 [int-italo,

1630 413 1904 472 AUBELII
1944 414 2312 475 PRUDENTII
2349 418 2674 476 CARMINA.

2111 531 2297 596 ΑΜ)

3693 421 3798 480 568

2446 531 2508 584 Et
2541 531 2623 585 his
2651 539 2706 586 et
2739 529 2847 585 illis
2877 531 3216 600 perfruamur
3246 533 3483 605 hymnis.

2384 622 2589 696 1201
2616 621 2819 678 Ibimus
2845 622 3089 690 ulterius,
3108 639 3211 694 qua
3241 623 3341 681 fert
3369 627 3450 682 via
3482 628 3671 696 pontis
3696 628 3798 685 Ha.

3488 717 3509 790 [
3527 718 3728 784 driani,

2448 809 2656 864 Lmvam
2685 808 2878 864 deinde
2909 809 3140 864 ﬂuminis
3169 819 3430 880 petemus.

2383 901 2790 958 Transtiberina
2841 902 2988 972 prius
3039 901 3201 958 solvit
3243 917 3397 958 sacra
3445 906 3678 976 pervigil
3720 922 3796 964 sas

3477 1000 3497 1072 [
3509 1001 3732 1057 cerdos.

2448 1089 2569 1144 Mox
2594 1087 2700 1144 huc
2723 1087 2971 1155 recurrit,
2994 1087 3336 1161 duplicatque
3358 1099 3506 1149 vota.

1804 1296 2093 1355 GLOSSAE
2135 1295 2469 1353 VETERES.

562 1383 660 1446 3i.
692 1390 802 1457 Sic,
834 1391 878 1444 si
914 1391 1005 1444 uti.
1035 1421 1100 1430 —
1132 1391 1348 1457 Vernis,
1377 1393 1684 1446 vernalibus.
1704 1423 1772 1432 —
1799 1390 2088 1458 Renident,

499 1461 785 1534 splendent,
818 1463 892 1516 vel
920 1462 1209 1534 refragrant
1241 1463 1400 1531 (forte
1430 1464 1755 1534 reﬂaqranl),
1782 1463 1820 1518 1.

573 1533 662 1586 55⁵.
693 1534 1037 1598 Conferentc,
1085 1535 1349 1588 tribuente.
1403 1533 1491 1575 -“
1529 1535 1704 1600 Dotes,
1735 1543 2030 1588 ornamenta
2066 1551 2084 1598 ;

499 1603 593 1728 {Ias
617 1613 776 1674 potest
811 1606 912 1658 dici
936 1603 1185 1675 quidquid
1225 1605 1502 1674 honoriﬁce
1542 1606 1718 1672 datur,
1761 1607 1800 1659 I.
1845 1605 2079 1670 Obsides,

502 1709 512 1728 Α
554 1691 632 1728 ar.

502 1691 579 1733 ΜΠ
589 1691 632 1731 Γ.

571 1747 661 1801 56.
695 1731 932 1817 Togatae,
961 1757 1174 1814 ornatae,
1201 1747 1380 1814 nobili,
1415 1749 1718 1817 paciﬁcaue,
1754 1749 1793 1802 Ι.

570 1817 658 1873 58.
694 1817 830 1885 Lux,
855 1819 1055 1889 latitia,
1081 1820 1267 1892 gloria.
1297 1850 1363 1859 —
1392 1821 1526 1888 Una,
1554 1821 1860 1886 communis,
1894 1821 1934 1874 l.

2269 1390 2358 1445 59.
2387 1389 2634 1453 Incitato,
2662 1389 2838 1454 veloci,
2871 1388 2910 1443 1.

2269 1462 2329 1516 6i
2347 1502 2359 1514 .
2385 1459 2573 1532 Pontis
2589 1459 2869 1532 _lladriani,
2896 1458 3202 1532 Hadrianus
3224 1461 3321 1532 fuit
3344 1476 3437 1532 rea:
3468 1464 3564 1532 qui
3595 1473 3798 1532 pontes:

2195 1531 2465 1600 aediﬁcavit
2494 1531 2546 1584 in
2581 1530 2746 1585 Roma
2774 1532 2843 1583 ad
2872 1531 3135 1586 ecclesiam
3155 1529 3331 1600 Pauli,
3363 1531 3406 1586 Ι.

2265 1603 2356 1658 6‘2.
2387 1603 2620 1670 Ltevam,
2654 1601 2818 1665 Petri,
2849 1602 2889 1656 l.

2267 1674 2355 1729 63.
2380 1673 2756 1748 “Solvitsacra,
2799 1673 2867 1728 ad
2901 1672 3168 1728 ecclesiam
3206 1671 3366 1728 Petri.
3403 1703 3474 1715 —
3502 1674 3796 1748 Sacerdos,

2189 1745 2521 1816 apostolicus,
2545 1743 2587 1801 Ι.

1854 1951 2413 2010 COMMENTARIUS.

499 2045 822 2121 explicatum
847 2055 948 2121 est:
982 2046 1252 2121 Giselinus
1275 2048 1388 2121 ait:
1428 2044 1584 2121 Nunc
1611 2047 1807 2121 _ttitrcas
1841 2047 2085 2121 fenestras
2113 2045 2162 2105 B
2197 2044 2263 2098 l0
2291 2042 2524 2121 explicat
2583 2042 3026 2121 musivum_opus
3068 2057 3134 2106 ex
3161 2043 3303 2099 vitro
3329 2046 3604 2121 colorato,
3652 2055 3797 2121 quod

495 2118 751 2184 intelligit,
777 2135 891 2186 qua.’
921 2118 1182 2185 fornicatis
1208 2120 1424 2172 arcubus
1445 2117 1639 2170 includi
1668 2117 1830 2170 solent
1851 2119 1874 2170 ξ)
1893 2132 1959 2168 an
1983 2131 2073 2182 po-

498 2187 598 2239 tius
622 2204 767 2240 arcus
811 2191 928 2241 itlos
955 2204 1188 2242 camuros
1217 2188 1464 2242 columnis
1503 2187 1662 2255 pariis
1693 2188 1893 2240 innixos
1920 2187 2075 2240 vitreo

497 2257 686 2328 colore,
711 2274 798 2311 seu
840 2259 1032 2310 lumine
1059 2260 1216 2328 fuisse
1247 2259 1513 2328 perfusos?
1534 2258 1864 2312 Sententiam
1898 2258 1965 2328 de
1993 2256 2075 2308 vi-

492 2327 628 2381 treis
658 2327 925 2390 fenestris,
946 2327 1065 2393 quis
1085 2327 1358 2382 frirnicotis
1387 2329 1616 2382 arcubus
1643 2328 1840 2383 includi
1873 2327 2070 2394 solent,

499 2399 780 2465 amplexus
803 2409 884 2452 est
928 2399 1027 2452 Fea
1072 2398 1123 2452 in
1175 2400 1315 2452 notis
1358 2399 1422 2452 ad
1471 2397 1946 2452 Winkelmannmn
1981 2398 2074 2451 lib.

496 2484 592 2535 xu,
623 2484 742 2538 cap.
776 2471 831 2534 5,
877 2479 931 2521 et
975 2483 1158 2522 rursus
1196 2478 1324 2522 tom.
1379 2468 1468 2532 Ill,
1503 2484 1620 2536 pag.
1653 2468 1781 2531 208,
1822 2470 1950 2535 209,
1983 2467 2074 2536 qui

495 2539 745 2605 Janningi
776 2539 1188 2598 explicationem
1219 2540 1286 2593 ab
1315 2554 1421 2593 em.
1451 2538 1598 2593 card.
1626 2539 1813 2607 Borgia
1855 2539 2078 2606 adopta-

496 2618 604 2663 tam
635 2612 828 2680 rejicit.
859 2609 1154 2680 Janningus
1175 2611 1250 2664 ait
1280 2610 1331 2663 in
1365 2611 1506 2664 notis
1534 2625 1662 2663 mss.
1691 2610 1959 2664 veteribus
1990 2607 2076 2663 sui

495 2681 697 2736 codicis
727 2697 847 2737 esse
877 2683 1111 2750 glossam
1147 2681 1316 2748 pinxit
1365 2697 1458 2749 pro
1482 2682 1726 2746 cucurrit,
1760 2691 1815 2735 et
1843 2683 1909 2733 ita
1953 2695 2076 2735 ver-

497 2765 617 2805 sum
634 2753 852 2820 exponit
877 2771 888 2804 :
922 2752 1166 2820 Princeps
1194 2752 1352 2805 bonus
1375 2751 1754 2811 Constantinus,
1772 2752 1856 2820 qui
1881 2751 2075 2804 utrius-

497 2839 595 2894 que
631 2823 854 2878 basilij
897 2825 1141 2876 ambitum
1177 2827 1370 2892 magnis
1412 2824 1553 2885 lusit,
1582 2821 1766 2887 illusit,
1794 2839 1881 2876 seu
1915 2823 2078 2885 pinxit

499 2896 705 2948 talentis
842 2897 911 2948 ita
952 2897 1107 2948 etiam
1147 2910 1298 2946 arcus
1324 2910 1583 2954 camuros,
1607 2895 1659 2946 id
1683 2903 1753 2946 est
1791 2910 1969 2946 curras
1991 2901 2079 2944 aut

495 2977 754 3030 curvatos,
781 2967 916 3019 varie
936 2966 1180 3028 cucurrit,
1213 2966 1481 3031 percurrit,
1506 2965 1761 3029 distinxit,
1785 2973 1873 3017 aut
1909 2964 2076 3033 pinxit

501 3037 677 3106 hyalo,
703 3054 787 3090 seu
828 3038 954 3089 vitro
981 3037 1187 3104 insigni.
1237 3036 1524 3090 Peveratus
1550 3035 1721 3088 solum
1749 3035 1992 3106 adnotat,
2026 3035 2076 3106 in

497 3105 625 3160 nrcu
658 3109 960 3175 triumi‘ihali
987 3106 1224 3174 exsculpi
1248 3106 1432 3160 solitas
1462 3106 1639 3159 varias
1673 3121 1854 3158 rerum
1890 3105 2078 3173 imagi-

497 3192 599 3232 nes
634 3179 685 3231 in
712 3178 963 3246 triumphi
990 3192 1258 3248 pompam,
1277 3176 1608 3248 ferculorum,
1629 3177 1894 3248 ordinem,
1918 3187 2080 3231 crete-

499 3264 666 3316 raque
699 3249 746 3302 id
770 3245 935 3319 genus
968 3245 1019 3301 in
1054 3245 1320 3303 marmore
1344 3246 1758 3319 exprimihyalo
1804 3245 2077 3319 distincta.

503 3319 643 3372 Vera
672 3316 954 3388 explicatio
989 3320 1312 3374 desumenda
1341 3328 1421 3372 cst
1451 3334 1517 3373 ex
1546 3316 1776 3386 his’qua:
1807 3316 1978 3371 adhuc
2023 3318 2075 3371 in

505 3391 822 3459 quihusdam
852 3389 1635 3458 veteribus,templisvidemus,
1661 3389 1749 3442 ubi
1772 3402 2000 3444 camera:
2023 3396 2079 3443 et

501 3476 657 3516 arcus
687 3462 894 3516 musivo
918 3477 1080 3529 opere
1107 3463 1279 3516 ornati
1308 3471 1584 3530 apparent.
1615 3460 1688 3513 De
1720 3459 1923 3524 pictura
1956 3475 2076 3513 mu-

501 3533 611 3585 εἰνι
649 3533 845 3585 Plinius
874 3531 965 3585 lib.
999 3548 1177 3595 xxxvi,
1201 3547 1319 3599 cap.
1346 3529 1462 3585 ’25:
1501 3529 1662 3584 Pulsa
1685 3531 1869 3584 deinde
1893 3548 1954 3584 ex
1981 3532 2079 3584 hu-

501 3619 586 3655 nio
614 3603 895 3672 pavimenta
924 3603 975 3656 in
998 3619 1224 3657 cameras
1246 3603 1493 3656 transiere
1515 3619 1542 3656 e
1561 3603 1689 3655 vitro
1713 3617 1731 3654 :
1766 3602 2010 3654 nouitium
2034 3609 2081 3654 et

502 3673 599 3726 hoc
623 3677 901 3726 inventum.
928 3675 1157 3745 Agrippa
1187 3683 1321 3727 certe
1343 3675 1392 3745 in
1417 3673 1626 3727 thermis
1647 3688 1773 3745 quas
1804 3673 1979 3745 Romae
2003 3675 2079 3745 {e-

504 3746 590 3809 cit,
634 3745 871 3816 ﬁglinum
910 3741 1315 3814 opus'encausto
1340 3744 1534 3810 pinxit;
1565 3745 1617 3797 in
1656 3741 1862 3812 reliquis
1883 3743 2082 3816 albaria

501 3815 769 3869 adornavit
793 3832 810 3870 :
835 3833 934 3870 non
954 3817 1107 3870 dubie
1128 3818 1309 3869 vitreas
1339 3819 1567 3884 facturus
1593 3830 1844 3882 cameras,
1874 3815 1918 3868 si
1942 3816 2083 3882 prius

503 3887 760 3940 inventum
792 3888 844 3940 id
867 3890 1066 3958 fuisset,
1094 3895 1184 3940 aut
1212 3904 1243 3940 a
1263 3887 1536 3955 parietibus
1559 3901 1744 3953 scena,
1767 3886 2080 3958 iddicimus,

504 3959 698 4012 Scauri
727 3955 1028 4027 pervenisset
1062 3960 1114 4012 in
1139 3975 1385 4012 cameras.
1413 3958 1640 4023 Seneca,
1673 3959 1833 4024 epist.
1864 3955 1956 4023 86,
1994 3955 2086 4009 Vi-

507 4038 586 4080 tro
609 4030 941 4081 absconditur
970 4045 1192 4082 camera.
1222 4029 1446 4094 Statius,
1497 4027 1591 4083 lib.
1627 4043 1661 4091 t,
1696 4028 1815 4081 silv.
1846 4028 1898 4092 5,
1937 4042 2080 4081 vers.

503 4097 594 4160 4‘2,
640 4095 899 4166 [tl/fulgent
926 4097 1158 4163 camera’,
1187 4100 1324 4169 vario
1346 4100 1551 4169 fastigia
1585 4095 1834 4169 vitro.fln
1869 4098 2081 4169 species,

505 4170 805 4234 animosque
834 4171 1011 4222 nitent.
1044 4166 1419 4237 Symmachus,
1454 4169 1542 4221 lib.
1560 4183 1654 4222 vni
1675 4168 1834 4236 epist.
1859 4167 1949 4230 41.
1975 4166 2087 4220 Νο-

506 4252 626 4290 cum
653 4239 841 4306 quippe
867 4240 1046 4291 musici
1085 4254 1272 4308 genus,
1321 4249 1368 4292 et
1405 4239 1711 4292 intentatum
1740 4238 2087 4302 superioribus

505 4309 756 4378 reperisti,
774 4309 908 4373 quod
935 4311 1086 4362 etiam
1111 4318 1284 4361 nostra
1311 4311 1566 4362 rusticitas
1593 4309 1839 4362 ornandis
1875 4311 2087 4364 cameris

506 4380 714 4434 tentabit
732 4381 950 4449 a/ﬁgere,
978 4383 1021 4434 si
1036 4380 1112 4433 vel
1135 4383 1187 4432 in
1205 4379 1410 4444 tabulis,
1427 4380 1502 4433 vel
1523 4381 1574 4432 in
1597 4379 1778 4450 tegulis
1799 4379 2088 4446 exemplum

507 4455 572 4505 de
603 4463 648 4505 te
673 4452 1011 4520 praemeditati
1040 4451 1204 4521 operis
1233 4452 1620 4519 sumpserimus.
1645 4451 2089 4521 ConsuleWBulen-

507 4538 691 4589 gerum
724 4523 790 4576 de
825 4524 1031 4576 l'irtura
1059 4520 1150 4576 lib.
1190 4538 1228 4586 ι,
1255 4538 1371 4592 cap.
1402 4523 1456 4586 8,
1482 4530 1536 4576 et
1563 4521 1832 4575 laudatum
1857 4520 1963 4576 Fea
1993 4521 2082 4577 lib.

508 4611 547 4660 l,
576 4609 692 4658 cap.
743 4594 797 4647 2.
846 4593 1068 4664 llyalus,
1116 4594 1253 4656 sive,
1287 4605 1341 4646 ut
1387 4594 1472 4647 alii
1508 4593 1768 4664 scribunt,
1800 4591 1970 4646 hialus
2008 4602 2092 4647 est

510 4666 711 4719 vitrum
740 4676 829 4718 aut
850 4663 1159 4735 crystallum
1207 4683 1218 4717 :
1267 4666 1367 4720 ltoc
1388 4675 1565 4720 autem
1593 4663 1710 4718 loco
1741 4664 1970 4719 sumitur
1991 4679 2090 4733 pro

509 4737 744 4791 tessellis
786 4740 987 4800 vitreis,
1029 4752 1057 4791 e
1107 4738 1298 4804 quibus
1340 4739 1559 4805 pictura;
1610 4743 1821 4790 veteres
1869 4740 2090 4790 musivzc

2102 3423 2150 3487 C

2192 2115 2482 2184 parietibus
2497 2113 2845 2168 ecclesiarum
2862 2113 3019 2168 Urbis
3035 2117 3574 2174 accommodabatur.

2251 2187 2342 2258 54.
2363 2186 2540 2258 Ρςειςξ.)
2584 2185 2829 2246 renitent;
2861 2185 3069 2258 corrige
3097 2187 3346 2258 renident.
3384 2188 3665 2258 Horatius,
3702 2195 3794 2252 lib.

2180 2271 2238 2322 tt,
2271 2257 2371 2310 eda
2404 2256 2456 2322 8,
2484 2255 2664 2324 Neque
2689 2270 2897 2308 aureum
2927 2253 3043 2308 Mea
3070 2256 3265 2311 renidet
3291 2259 3346 2311 in
3365 2259 3523 2315 domo
3552 2253 3796 2321 lacunar.

2257 2327 2346 2381 57.
2371 2325 2805 2404 Ald,_mendose,
2831 2327 3086 2396 funditus.
3127 2327 3473 2397 Parrhasius,
3503 2351 3600 2401 per
3624 2337 3796 2404 fidas:

2182 2399 2299 2467 lege
2326 2415 2415 2466 per
2441 2399 2645 2464 bifidas.

2252 2470 2344 2546 58.
2378 2468 2803 2546 S..Gr_egerius_
2837 2469 3057 2538 Magnus
3102 2475 3696 2533 commemorationem
3736 2479 3793 2535 S.

2180 2539 2327 2594 Pauli
2359 2539 2585 2608 apostoli
2627 2539 2852 2604 invexit,
2886 2554 3006 2593 cum
3061 2550 3222 2596 antea
3281 2558 3387 2597 non
3423 2546 3529 2600 nisi
3565 2563 3680 2603 uno
3703 2565 3795 2605 eo-

2179 2610 2409 2679 demque
2450 2610 2538 2665 die
2588 2610 2781 2665 festum
2829 2609 2931 2667 SS.
2954 2613 3317 2678 apostolorum
3349 2614 3495 2670 Petri
3533 2626 3592 2672 et
3638 2617 3794 2677 Pauli

2179 2681 2568 2735 celebraretur.

2255 2751 2344 2805 60.
2377 2751 2511 2828 alar.
2535 2761 2596 2828 _et
2637 2752 2815 2820 Prag.,
2845 2752 2942 2828 his,
2985 2761 3034 2811 et
3057 2755 3205 2820 illis;
3250 2764 3480 2812 metrum
3533 2762 3715 2828 poscit
3745 2772 3794 2817 et

2182 2822 2284 2894 his,
2302 2834 2351 2894 et
2371 2821 2496 2894 illis.
2535 2821 2714 2891 Egm.,
2747 2826 3099 2894 profruamur.

2253 2892 2342 2966 ill.
2390 2893 2527 2966 Pons
2571 2894 2733 2966 juxta
2771 2892 2963 2949 malem
3017 2897 3131 2951 sive
3167 2895 3475 2966 sepulcrum
3524 2899 3789 2960 Hadriani

2182 2961 2587 3040 zEliusdicitur
2612 2979 2640 3015 a
2675 2963 2867 3040 Dione,
2900 2967 3043 3040 quod
3072 2961 3580 3040 Adliusglladrianus
3616 2974 3789 3040 impe-

2186 3043 2332 3088 rator
2364 3033 2448 3107 hic
2477 3044 2780 3107 vocaretur.
2829 3036 3110 3102 Cellarius,
3163 3037 3284 3103 Ubi,
3318 3039 3510 3107 inquit,
3551 3033 3783 3100 Paulum

2180 3104 2471 3171 apostolum
2496 3104 2704 3159 tradunt
2732 3107 2988 3175 sepultum
3018 3125 3125 3163 esse
3152 3109 3204 3162 in
3229 3111 3312 3162 via
3342 3104 3594 3166 Ostiensi.
3620 3114 3788 3173 Falli-

2185 3188 2272 3229 tur
2299 3175 2529 3253 egregie.
2558 3175 2688 3230 Nam
2729 3177 2812 3232 via
2843 3176 3107 3253 Ostiensis
3149 3194 3256 3234 non
3294 3180 3358 3253 _in
3402 3192 3570 3253 ponte
3609 3185 3783 3253 Elia,

2179 3256 2271 3299 aut
2295 3248 2429 3300 ultra
2460 3256 2816 3319 eumexstat,
2844 3264 3018 3319 neque
3063 3249 3166 3305 hoc
3194 3253 3246 3305 in
3294 3248 3415 3305 loco
3459 3251 3663 3310 Paulus
3692 3248 3784 3314 se;

2185 3319 2363 3393 pultus
2387 3317 2801 3393 est._Cellarium
2826 3317 3058 3376 fortasse
3085 3321 3299 3393 decepit
3341 3323 3546 3391 glossa,
3594 3330 3783 3393 paucis

2181 3390 2380 3460 verbis,
2409 3387 2625 3460 multos
2653 3403 2865 3445 errores
2911 3387 3396 3460 comprehenderis.
3453 3387 3784 3454 Prudentius

2184 3459 2332 3530 prius
2357 3457 2549 3530 festum
2586 3458 2896 3515 Vaticanum
2937 3457 3217 3530 memorat,
3245 3471 3355 3519 tum
3396 3463 3631 3522 alterum
3681 3471 3780 3526 viae

2183 3529 2446 3600 Ostiensis
2476 3544 2620 3584 vers.
2649 3543 2767 3600 seq.

2253 3599 2512 3664 64.Ald.,
2545 3601 2664 3665 hic;
2705 3599 2817 3664 alii,
2868 3603 2983 3656 huc.
3037 3605 3423 3660 Testimonium
3476 3607 3583 3663 hoc
3640 3612 3780 3666 anti-

2181 3672 2494 3741 quissimum
2524 3679 2606 3725 est
2631 3672 2699 3727 de
2722 3672 2929 3729 duabus
2949 3676 3128 3731 missis
3155 3678 3206 3731 in
3229 3692 3335 3730 uno
3363 3676 3452 3731 die
3482 3679 3555 3733 ab
3583 3682 3777 3737 eodem

2183 3741 2466 3797 sacerdote
2494 3742 2798 3797 celebratis.
2831 3744 3037 3800 Revera
3071 3747 3122 3800 in
3161 3750 3590 3808 sacramentario
3619 3748 3780 3808 Gela-

2184 3813 2336 3889 siano
2357 3812 2476 3889 duae
2509 3813 2687 3889 inissa:
2714 3816 3012 3889 peculiares
3035 3817 3086 3870 in
3119 3807 3370 3889 festo‘SS.
3400 3822 3769 3889 apostolorum

2185 3883 2328 3937 Petri
2347 3892 2401 3938 et
2421 3883 2569 3938 Pauli
2596 3882 2991 3950 describuntur,
3052 3890 3218 3942 altera
3248 3886 3313 3941 In
3343 3882 3506 3943 natali
3539 3890 3603 3946 S.
3639 3891 3777 3947 Petri

2186 3956 2412 4026 proprie,
2447 3952 2713 4026 alterailn
2745 3958 2906 4010 natali
2956 3957 3015 4012 S.
3047 3956 3203 4012 Pauli
3227 3960 3452 4026 proprie.
3487 3960 3673 4016 Tertia
3700 3972 3779 4018 est

2188 4025 2346 4099 missa
2371 4025 2690 4099 communis,
2712 4036 2775 4099 _ut
2806 4037 2954 4082 extra
2987 4025 3235 4084 basilicas
3266 4025 3360 4086 SS.
3395 4034 3779 4099 Apostolorum

2188 4096 2587 4169 celebraretur._
2604 4095 2807 4169 Hidies
2831 4101 2881 4151 in
2904 4099 3096 4166 quibus
3120 4100 3300 4169 plures
3327 4095 3507 4156 missas
3525 4101 3777 4159 diceban-

2189 4175 2296 4243 tur,
2325 4175 2382 4243 ut
2410 4182 2550 4243 nune
2576 4167 2627 4221 in
2653 4166 2740 4243 die
2762 4167 3072 4243 Nativitatis
3096 4166 3325 4243 Domini,
3349 4173 3667 4243 potgturgici
3690 4189 3778 4243 ap-

2190 4229 2380 4310 pellari
2401 4237 2675 4310 solebant:
2702 4238 2777 4310 de
2799 4239 2994 4308 quibus
3025 4241 3194 4295 videri
3226 4229 3402 4310 pote'St
3438 4229 3777 4299 Walafﬁdus

2191 4308 2384 4380 Strabo
2411 4323 2530 4380 cap.
2560 4309 2621 4362 2t
2658 4311 2726 4364 de
2769 4309 2900 4365 Reb.
2959 4310 3170 4366 Eccles.
3199 4308 3342 4366 Olim
3386 4312 3572 4380 plures
3597 4315 3777 4380 hujus-

2191 4379 2334 4433 modi
2368 4379 2688 4450 polyturgici
2711 4380 2826 4434 dies
2853 4391 3005 4436 erant
3031 4399 3045 4436 :
3073 4397 3212 4436 nunc
3240 4379 3445 4437 tantum
3477 4384 3532 4438 in
3556 4385 3650 4440 die
3673 4379 3773 4440 Na.

2191 4450 2332 4523 talis,
2355 4450 2560 4523 Domini
2593 4459 2700 4505 tres
2728 4451 2906 4506 missa:
2935 4454 3298 4517 celebrantur,
3339 4461 3394 4508 et
3423 4454 3477 4507 in
3522 4455 3775 4523 HiSpania

2193 4530 2302 4575 tres
2323 4522 2373 4575 in
2397 4519 2480 4573 die
2503 4518 3040 4576 Commemorationis
3061 4525 3300 4578 omnium
3330 4523 3570 4580 fidelium
3594 4518 3776 4582 defun-

2192 4601 2422 4666 ctorum.
2451 4592 2533 4666 _S.
2566 4593 2900 4666 Ambrosius
2928 4593 2988 4666 in
3034 4594 3234 4666 hymno
3276 4593 3377 4666 SS.
3408 4598 3776 4665 apostolorum

2195 4663 2336 4717 Petri
2367 4671 2421 4716 et
2450 4662 2600 4716 Pauli
2641 4662 2812 4717 tribus
2843 4664 2895 4717 in
2927 4662 3316 4720 locis'diversis
3356 4662 3547 4720 eorum
3590 4669 3775 4722 festqu

2195 4733 2522 4809 celebratum
2545 4733 2783 4809 indicat;
2815 4733 3002 4809 Tantis
3021 4753 3109 4806 per
3138 4736 3276 4809 urbis
3293 4735 3555 4809 ambitum
3579 4737 3777 4809 Stipata

508 4807 729 4862 ﬁebant.
777 4809 1072 4863 Iladrianus
1114 4803 1136 4860 li
1177 4808 1226 4862 in
1265 4803 1422 4876 epist.
1445 4807 1567 4862 data
1596 4821 1737 4861 anno
1764 4805 1867 4861 787
1896 4809 1961 4860 ad
1991 4806 2092 4861 Ca-
2119 4813 2173 4876 ι)
2197 4804 2625 4876 tenditntagmina
2647 4821 2666 4858 :
2696 4803 3164 4860 Triniscelebratur
3178 4807 3270 4861 viis
3285 4803 3496 4860 Festum
3516 4803 3777 4863 sacrorum

510 4879 682 4931 rolum
717 4894 1034 4948 regem,qna
1052 4879 1252 4934 cultum
1283 4893 1553 4933 sacrarum
1577 4879 1863 4947 imaginum
1893 4887 2091 4945 tuetur,

509 4949 588 5003 sic
618 4949 690 5002 ait
718 4965 836 5018 cap.
858 4951 949 5003 t9:
986 4948 1210 5018 Itemque
1226 4952 1288 5003 de
1308 4960 1482 5004 sancto
1505 4959 1685 5015 quarto
1715 4949 1932 5002 concilio
1951 4965 2095 5019 egre-

510 5021 622 5088 gius
656 5031 804 5090 atque
850 5021 1096 5088 miriﬁcus
1144 5022 1446 5086 prwdicator
1504 5021 1564 5075 S.
1604 5019 1703 5072 Leo
1741 5035 1875 5088 papa
1907 5029 1954 5072 et
1983 5021 2111 5090 ipse.

509 5093 630 5157 fecit
656 5092 912 5160 ecclesias,
936 5107 1060 5159 quas
1091 5094 1144 5143 in
1179 5093 1372 5144 musivo
1415 5103 1459 5145 et
1490 5092 1698 5145 diversis
1741 5090 1965 5145 historiis
2004 5108 2094 5146 seu

509 5161 820 5232 imaginibus
843 5165 1053 5232 pingens
1078 5162 1352 5214 decoravit.
1386 5161 1552 5230 Magis
1582 5159 1749 5214 autem
1792 5163 1843 5214 in
1880 5162 2094 5218 basilica

511 5231 573 5284 Β.
609 5231 757 5287 Pauli
803 5231 1019 5303 apostoli
1059 5246 1234 5304 arcum
1283 5232 1471 5304 ibidem
1510 5235 1753 5304 majorem
1785 5234 1992 5302 faciens,
2043 5244 2092 5286 et

511 5304 706 5356 musivo
747 5301 1041 5374 depingens,
1075 5301 1394 5356 Salvatorem
1526 5301 1596 5355 Ν.
1616 5301 1674 5355 J.
1705 5301 1764 5367 C,
1799 5321 1886 5357 seu
1916 5307 2092 5374 viginti

510 5385 730 5440 quatuor
757 5373 976 5428 seniores
999 5375 1201 5427 nom‘ne
1224 5389 1316 5425 suo
1340 5373 1561 5424 versibus
1590 5374 1862 5426 decoravit.
1893 5373 2091 5428 Confer

511 5443 868 5513 Cia‘mpinium
902 5456 1030 5499 tom.
1073 5445 1091 5498 Ι
1120 5444 1238 5499 Vel.
1279 5443 1513 5497 Monum.
1551 5458 1670 5512 cap.
1707 5444 1798 5497 24.
1829 5444 1884 5498 S.
1917 5444 2090 5513 Pauli-

514 5529 614 5568 nus
641 5512 706 5569 σε
738 5516 954 5570 basilica
985 5519 1043 5571 S.
1087 5515 1279 5569 Felicis
1307 5529 1335 5566 a
1365 5528 1424 5567 se
1451 5514 1662 5567 condita
1707 5514 1758 5568 in
1789 5513 1948 5581 epist.
1998 5512 2087 5577 l2,

509 5584 576 5635 ad
610 5586 862 5641 Severum
889 5601 904 5641 :
939 5586 1172 5640 Absidem
1201 5585 1311 5639 solo
1332 5595 1377 5640 et
1411 5584 1686 5653 parietiths
1731 5591 2091 5636 marmoratam

510 5667 714 5725 camera
743 5659 932 5710 ntusivo
963 5657 1115 5711 illusa
1139 5659 1413 5725 clariﬁcat.
1443 5653 1730 5723 Gregorius
1761 5654 2088 5708 Turonensis

509 5719 604 5797 lib.
634 5740 673 5797 νΔ
698 5727 857 5797 υἱεῖ..
891 5744 1008 5797 cap.
1054 5727 1142 5791 45.
1186 5719 1461 5781 Ecclesia":
1491 5719 1779 5797 fabricavit,
1812 5740 1960 5797 quam
2004 5740 2088 5797 co-

509 5791 700 5863 lumnis
750 5791 970 5862 fulcioit,
1026 5799 1236 5851 rariauit
1270 5791 1544 5858 marmore,
1592 5795 1788 5849 musivo
1826 5791 2086 5863 depinxit.

508 5861 645 5919 Hinc
676 5861 970 5927 inusivarii.
1004 5867 1072 5922 de
1095 5868 1287 5936 quibus
1311 5867 1433 5921 eod.
1464 5865 1667 5936 'l‘ltcod.
1697 5865 1884 5935 lege“),
1903 5861 1971 5920 de
1998 5880 2091 5920 ex-

507 5936 830 5992 cusationib.
863 5939 1081 5997 amitte...
1114 5935 1183 5988 iet
1207 5937 1538 6001 Ciampinitts
1579 5935 1680 5988 loc.
1709 5937 1824 5996 cit.,
1858 5937 1945 5992 ubi
1968 5951 2089 6002 cap.

2198 4886 2500 4947 martyrum.
2525 4875 2773 4947 Fortasse
2797 4878 2956 4947 missa
2970 4891 3088 4946 qua:
3106 4878 3159 4931 in
3183 4879 3609 4933 sacramentario
3629 4880 3779 4934 Gela-

2198 4946 2350 5002 siano
2381 4957 2536 5002 nocte
2556 4946 2873 5002 celebranda
2907 4948 3296 5016 praescribitur,
3336 4949 3390 5003 in
3414 4949 3521 5002 alia
3547 4951 3778 5005 ecclesia

2199 5019 2570 5088 peragebatur.
2608 5017 3010 5084 Cancellierius,
3036 5019 3088 5072 in
3111 5032 3276 5087 opere
3298 5017 3365 5074 de
3392 5019 3631 5075 Carcere
3659 5021 3776 5076 Tul-

2199 5089 2360 5151 liano,
2384 5103 2504 5157 cap.
2539 5089 2625 5161 t7,
2653 5088 2950 5161 'l‘orrigium
2983 5099 3038 5144 et
3069 5088 3438 5144 Constantium
3464 5089 3667 5158 reiicit,
3694 5093 3775 5161 qui

2199 5162 2249 5214 in
2283 5161 2498 5215 laudato
2543 5159 2741 5231 hymno
2782 5159 3004 5215 indicari
3047 5168 3302 5228 putarunt
3339 5161 3515 5231 locum
3543 5159 3776 5216 carceris

2197 5231 2425 5286 Tulliani
2456 5247 2471 5294 ;
2500 5230 2772 5285 existimat
2803 5231 2944 5286 enim
2975 5233 3186 5285 tertiam
3217 5230 3524 5295 ecclesiam,
3555 5232 3674 5286 sive
3702 5234 3774 5286 lo-

2193 5315 2313 5354 cum
2346 5318 2452 5368 quo
2481 5302 2666 5357 ﬁdeles
2691 5303 2744 5356 in
2775 5302 2862 5357 die
2894 5300 3030 5356 festo
3060 5301 3160 5357 SS.
3212 5301 3582 5367 apostolorum
3639 5303 3773 5358 Petri

2193 5381 2248 5425 et
2279 5371 2426 5426 Pauli
2471 5373 2828 5440 confluebant,
2878 5371 3043 5428 fuisse
3093 5371 3432 5439 Vaticanum,
3463 5373 3578 5426 sive
3602 5377 3773 5441 sepul-

2194 5455 2344 5495 crum
2373 5444 2429 5496 S.
2455 5443 2631 5500 Petri:
2667 5458 2789 5498 nam
2819 5443 2951 5499 duas
2980 5443 3114 5497 alias
3133 5443 3390 5497 ecclesias
3432 5443 3604 5497 fuisse
3639 5443 3773 5499 affir-

2195 5520 2306 5584 mat
2328 5515 2506 5582 Aquas
2541 5513 2769 5580 Salvias,
2803 5515 2891 5570 ubi
2914 5514 3090 5584 gladio
3115 5527 3290 5569 caesus
3332 5521 3418 5568 est
3455 5512 3695 5584 Paulus;
3727 5527 3775 5570 et

2194 5583 2514 5647 laniculum,
2550 5586 2637 5640 ubi
2668 5587 2849 5654 opinio
2879 5583 2996 5640 erat
3043 5584 3260 5639 Petrum
3311 5585 3459 5638 cruci
3513 5583 3680 5640 fuisse
3704 5588 3774 5639 af-

2199 5656 2379 5709 lixum.
2410 5653 2580 5724 Negat
2605 5653 2784 5710 autem
2811 5654 3196 5711 Cancellierius
3227 5655 3483 5726 hymnum
3515 5655 3664 5709 illum
3697 5658 3770 5709 in-

2200 5735 2450 5796 ter0pera
2475 5726 2535 5780 S.
2561 5727 2875 5783 Ambrosiia
2900 5742 2960 5782 se
2981 5735 3279 5796 repertum.
3299 5727 3450 5780 Atde
3463 5727 3772 5794 antiquitate

2200 5796 2315 5868 ejus
2345 5797 2528 5865 hymni
2555 5797 2787 5852 dubitari
2821 5799 3030 5868 nequit:
3056 5797 3389 5868 exstatenim
3420 5798 3474 5851 in
3503 5797 3772 5852 Breviario

2199 5867 2552 5922 Mozarabico.
2584 5869 2647 5923 Et
2675 5866 2921 5937 quamvis
2952 5869 3175 5924 Maurini
3206 5869 3346 5923 inter
3374 5866 3609 5938 hymnos
3647 5868 3769 5923 Am-

2199 5937 2478 5992 brosianus
2510 5940 2764 6008 hymnum
2795 5940 2862 5995 de
2890 5940 3136 6007 apostolo
3163 5939 3320 5993 Petro
3360 5947 3415 5992 et
3459 5937 3630 5993 Paulo
3667 5955 3766 5994 non
