3942 6310
443 593 454 616 ς

446 672 463 934 ἓ

514 381 620 445 585

691 519 1007 590 Corpusque
1027 515 1176 574 duris
1188 513 1583 572 excruciatibus

513 615 586 671 20
695 612 847 670 Ultro
875 610 1160 677 offerebat,
1187 624 1294 666 non
1323 623 1561 666 renuens
1593 608 1750 663 mori.

694 705 832 762 Tum
857 713 976 760 trux
999 713 1294 776 tyrannus:
1323 700 1382 758 Si
1404 700 1559 757 facile
1599 709 1703 767 est,
1731 700 1825 767 ait,

701 799 912 874 1216
947 799 1168 856 Plenam
1195 797 1431 854 subactis
1462 796 1607 852 ferre
1633 793 1938 874 doloribus,

693 873 762 949 Et
783 893 892 949 vita
921 891 1046 948 vilis
1071 891 1380 962 spernitur:
1410 897 1465 943 at
1509 885 1683 959 pudor
1783 873 1808 891 ⁹

693 987 866 1044 Carus
888 985 1080 1043 dicata:
1103 983 1429 1056 virginitatis
1470 990 1574 1037 est.

513 1081 585 1138 25
692 1081 841 1137 Hanc
866 1079 922 1135 in
945 1080 1170 1150 lupanar
1198 1076 1418 1132 trudere
1443 1064 1713 1144 publicum

687 1173 908 1231 Certum
931 1179 1038 1239 est,
1062 1171 1129 1226 ad
1150 1185 1299 1226 aram
1327 1169 1379 1224 ni
1403 1177 1563 1237 caput
1594 1164 1849 1236 applicat,

694 1266 773 1322 Ac
790 1264 858 1320 de
881 1263 1121 1319 Minerva
1154 1262 1265 1332 jam
1298 1259 1509 1316 veniam
1538 1267 1710 1328 rogat,

695 1355 867 1423 Quam
891 1355 1046 1426 virgo
1077 1354 1249 1424 pergit
1279 1361 1520 1407 temnere
1541 1349 1823 1419 virginem.

695 1446 1150 1517 Omnisjuventus
1180 1445 1366 1513 irruat,
1397 1451 1454 1499 et
1483 1456 1680 1498 novum

517 1537 588 1596 50
693 1537 1074 1595 Ludibriorum
1095 1535 1420 1606 mancipium
1453 1542 1621 1604 petat.

696 1630 873 1701 Haud,
905 1631 1078 1702 inquit
1113 1630 1314 1701 Agnes,
1344 1629 1630 1685 immemor
1651 1636 1734 1682 est
1765 1626 1834 1681 ita

1707 373 1982 432 AURELII
2023 368 2392 430 PRUDENTII
2435 371 2761 428 CARMINA.

2134 495 2188 556 Δ

3695 371 3826 430 ’.ἷ84

2387 488 2628 544 Christus
2647 501 2885 554 suorum,
2909 486 3099 557 perdat
3123 493 3176 539 ut
3199 500 3422 542 aureum

2394 583 2560 638 Nobis
2588 574 2872 654 pudorem,
2907 594 3005 636 nos
3028 595 3242 650 quoque
3271 582 3505 635 deserat.

2396 675 2599 730 Praesto
2623 688 2707 730 est
2732 675 2960 745 pudicis,
2987 690 3087 729 nec
3117 675 3314 744 patitur
3342 689 3511 730 sacra:

2399 768 2723 838 Integritatis
2759 784 2980 824 munera
3014 768 3196 837 pollui.

2393 861 2614 924 Ferrum
2639 861 2885 930 impiabis
2911 861 3188 931 sanguine,
3224 863 3266 914 si
3302 861 3446 916 voles
3481 879 3492 913 ε

2395 955 2508 1009 Non
2540 955 2844 1025 inquinabis
2867 953 3104 1009 membra
3133 953 3372 1010 libidine.

2400 1049 2606 1121 1217
2663 1047 2751 1104 Sic
2774 1048 3040 1102 elocutam
3069 1047 3350 1116 publicitus
3374 1047 3532 1116 jubet

2396 1139 2563 1194 Flexu
2596 1139 2648 1192 in
2672 1138 2865 1206 platea:
2885 1139 3075 1193 sistere
3103 1139 3385 1208 virginem.

2396 1230 2637 1285 Stantem
2671 1228 2862 1300 refugit
2887 1237 3078 1284 mmsta
3105 1229 3420 1299 frequentia,
3513 1258 3517 1259 ν

2399 1326 2599 1380 Aversa
2627 1323 2826 1388 vultus,
2861 1338 2927 1378 ne
2953 1323 3279 1393 petulantius

2399 1421 2687 1488 Quisquam
2720 1419 3012 1475 verendum
3034 1420 3371 1487 constriccret
3404 1419 3605 1476 locum.

2400 1516 2630 1571 lntendit
2653 1531 2785 1569 unus
2811 1514 2947 1569 forte
2978 1515 3272 1583 procaciter

2403 1609 2615 1681 1218
2633 1607 2705 1662 Os
2731 1608 2786 1662 in
2813 1606 3064 1677 puellam,
3097 1622 3194 1664 nec
3218 1607 3449 1678 trepidat
3479 1624 3694 1665 sacram

2221 1230 2288 1284 40

1810 1734 2093 1795 ριῡεδκε
2132 1712 2470 1820 κτΕῖΕῐιεε.

2147 1837 2197 1896 Β
2246 1819 2249 1820 ⁷
2291 1826 2381 1882 52.
2415 1819 3032 1896 ᾼιιιιθιιωηηοὺὶρετῃηι.

591 1841 678 1897 l9.
709 1838 1137 1907 Excruciatibus,
1160 1840 1362 1908 poenis,
1395 1839 1433 1893 l.

587 1911 679 1965 21.
709 1912 882 1977 Trux,
913 1928 1136 1966 severus.
1168 1911 1211 1964 l.

588 1983 677 2036 22.
702 1982 969 2046 Stibactis,
997 1983 1271 2051 superatis,
1307 1980 1344 2034 Ι.

587 2052 676 2106 24.
716 2054 932 2121 Dicatte,
963 2050 1155 2106 scilicet
1189 2051 1325 2117 Deo,
1358 2050 1397 2104 Ι.

586 2125 678 2178 ‘25.
705 2118 973 2192 Lupana'r,
998 2124 1188 2176 dicitur
1209 2140 1238 2174 a
1271 2122 1405 2191 lupis
1425 2163 1438 2185 ,
1467 2123 1521 2174 id
1569 2131 1662 2184 est,
1722 2118 2111 2192 meretricibus;

515 2195 636 2266 quia
664 2188 923 2262 sicut—lupi
946 2194 1187 2247 devorant
1213 2188 1461 2266 pr_wda_m,
1479 2194 1552 2244 sic
1578 2193 1685 2246 illa,
1706 2191 1995 2266 avidissime
2019 2188 2109 2240 de-

515 2261 695 2319 uorant
720 2261 972 2317 amatures
992 2279 1131 2317 suos.
1161 2292 1230 2302 —
1255 2263 1516 2328 Trudere,
1545 2279 1637 2332 pro
1667 2263 1825 2327 trudi,
1855 2261 1891 2313 l.

587 2335 678 2390 26.
707 2333 976 2402 Applicat,
999 2335 1235 2395 inclinat,
1269 2335 1306 2387 1.

587 2405 678 2459 28.
708 2404 996 2468 Temnere,
1026 2404 1297 2471 despicere,
1327 2404 1368 2462 Ι,

586 2475 677 2530 29.
708 2474 899 2538 lrruat,
941 2490 1054 2527 cum
1082 2474 1271 2543 impetu
1312 2475 1494 2536 veniat,
1522 2474 1564 2528 I.

589 2545 675 2602 30.
706 2544 1050 2614 Mancipium,
1081 2541 1411 2614 mancipium,
1439 2547 1587 2615 quasi
1614 2561 1769 2599 manu
1790 2553 1992 2614 captum
2011 2588 2023 2608 ,
2053 2541 2095 2598 l.

2292 1897 2380 1951 55.
2415 1893 2757 1963 Integritatis,
2789 1891 3114 1963 virginitatis,
3143 1890 3180 1944 Ι.

2292 1968 2380 2023 56.
2412 1962 2682 2034 Impiabis,
2717 1962 3023 2034 maculabis,
3046 1962 3085 2016 1.

2290 2041 2380 2095 38.
2411 2032 2727 2100 Publicitus,
2764 2032 2982 2099 publice,
3015 2034 3303 2102 manifeste,
3339 2033 3372 2086 Ι.

2219 2122 2222 2150 ι
2291 2111 2379 2165 59.
2411 2107 2598 2169 Flexu,
2632 2106 2685 2159 in
2711 2103 2922 2174 plateae,
2961 2105 3012 2156 in
3043 2105 3158 2165 via;
3196 2105 3246 2157 in
3272 2104 3438 2158 biviis.
3472 2133 3545 2143 —
3594 2104 3819 2173 Sistere.

2219 2189 2552 2252 prmsentgre,
2585 2178 2624 2230 Ι.

2289 2254 2380 2308 40.
2442 2250 2783 2316 Frequentta,
2810 2245 3110 2311 multitudo,
3142 2246 3180 2300 1.

2288 2325 2377 2377 42.
2413 2320 2734 2382 Verendum,
2764 2319 3136 2388 pudibundum,
3180 2318 3298 2372 Rat.

2288 2394 2376 2448 45.
2403 2393 2584 2459 Forte,
2615 2407 2755 2444 casu.
2790 2419 2858 2430 —
2883 2389 3206 2455 Procaciter,
3261 2390 3616 2456 irreverenter,
3663 2391 3818 2446 ltuit»

2221 2469 2371 2530 riose,
2407 2466 2444 2517 I.

2292 2539 2379 2591 44.
2413 2535 2503 2595 Os,
2529 2533 2728 2604 faciem,
2763 2532 2802 2587 l.

1875 2628 2429 2692 COMMENTARIUS.

589 2732 679 2790 19.
709 2732 765 2787 in
797 2731 1109 2803 quibusdam
1133 2731 1299 2803 vulg.,
1323 2731 1674 2786 exercitatibus
1705 2749 1721 2785 :
1747 2733 1796 2785 in
1854 2731 2107 2803 aliisuex-

519 2801 880 2862 cruciantibus.
913 2802 1296 2872 Corrigendum
1340 2804 1560 2859 omnino
1599 2812 1680 2857 est
1715 2801 2101 2856 excruciatibus.

585 2878 674 2932 21.
724 2876 880 2931 Brev.
928 2874 1064 2930 Moz.
1095 2917 1110 2940 ,
1162 2884 1279 2928 tunc
1317 2885 1464 2929 atrox
1513 2874 1954 2944 tgrannus:lege
2003 2882 2107 2924 tum

714 3017 964 3074 Nonnulli
988 3017 1154 3087 vulg.,
1186 3027 1274 3071 aut
1305 3018 1489 3088 pudor,
1517 3034 1622 3074 non
1653 3028 1818 3076 recte.
1864 3013 2102 3088 Breviar.

516 3089 678 3216 M02”
708 3103 978 3160 corrupte,
997 3097 1050 3142 at
1075 3089 1240 3158 pudor
1269 3087 1376 3161 ejus
1401 3090 1594 3144 Dicata:
1615 3087 1916 3160 virginitatis
1944 3087 2108 3152 impe-

517 3174 596 3219 ten
640 3180 697 3218 us
725 3172 819 3216 est.

2217 2741 2280 2780 ex
2310 2726 2476 2793 ﬂexus
2501 2721 2695 2775 factum
2721 2721 2882 2790 ﬂexu.
2910 2719 3088 2793 Prag.,
3121 2718 3235 2793 Vat.
3270 2721 3523 2793 Q,Wmale
3553 2725 3720 2791 ﬂerus
3764 2726 3822 2780 ira

2215 2791 2415 2867 platew.
2451 2793 2597 2867 Ald.,
2633 2803 2782 2867 vetus
2799 2793 2965 2867 codex
2999 2792 3049 2845 in
3068 2792 3310 2867 editione
3335 2791 3534 2867 Weitz.
3568 2794 3714 2867 apud
3745 2799 3820 2851 cl.

2217 2864 2499 2936 praesulem
2551 2865 2829 2936 lieggium,
2886 2866 3025 2936 ﬂeam
3059 2864 3112 2916 in
3166 2865 3382 2932 plateas.
3437 2864 3622 2932 Bres.,
3652 2865 3820 2934 5101.,

2217 2934 2406 3008 ﬂexam
2435 2937 2488 2989 in
2517 2937 2730 3008 plateas.
2753 2934 2948 3008 Verior
2975 2934 3134 3008 lectio
3152 2937 3291 3004 flexu
3313 2937 3364 2989 in
3384 2937 3585 3002 plateae.
3621 2937 3712 3008 lso
3737 2938 3820 2992 in-

2218 3005 2544 3077 terpretatur
2573 3007 2626 3060 in
2661 3006 2823 3071 bivio,
2855 3005 2908 3075 ip
2934 3021 3037 3073 quo
3078 3006 3356 3076 lupanaria
3402 3007 3646 3061 construi
3699 3024 3820 3064 mes

2217 3091 2351 3134 crat.
2397 3080 2617 3133 Miratur
2645 3078 2935 3130 Peveratus
2965 3092 3059 3130 cur
3085 3091 3191 3132 non
3215 3077 3406 3132 dixerit
3425 3081 3566 3147 ﬂexu
3597 3080 3652 3130 in
3679 3080 3816 3134 thea-

2217 3153 2281 3204 tri
2305 3167 2323 3204 :
2350 3150 2612 3219 siquidem
2633 3148 2866 3203 fornices
2887 3148 2960 3201 illi
2983 3158 3140 3202 erant
3162 3149 3212 3202 in
3239 3154 3383 3203 circo
3406 3148 3641 3217 agonali.
3675 3148 3787 3205 Con
3806 3183 3818 3192 -

586 3217 687 3288 24.
736 3233 915 3300 Prag.,
953 3231 1120 3284 clarus
1151 3247 1169 3284 :
1198 3231 1312 3299 lege
1367 3249 1535 3287 carus.
1566 3230 1905 3298 Parrhasius,
1934 3231 2112 3284 minus
2137 3217 2184 3280 C
2215 3232 2320 3276 stat
2346 3217 2552 3292 publica
2580 3229 2755 3300 scorta
2770 3219 3187 3300 ninnfornicibus
3224 3220 3664 3300 uspectaculorum
3701 3237 3817 3277 ma-

518 3318 676 3369 Dene,
705 3304 888 3358 dicatae
911 3302 1186 3371 virginitati
1211 3306 1326 3356 erit.
1357 3304 1493 3356 Olim
1521 3304 1752 3372 virgines
1775 3301 2104 3356 Christianas

514 3393 543 3431 a
574 3376 774 3433 teneris
811 3372 965 3426 annis
1015 3371 1371 3440 virginitatem
1424 3374 1533 3428 Deo
1580 3371 1944 3439 consecrasse,
1993 3381 2102 3426 tum

513 3463 579 3503 ex
611 3449 712 3517 hoc
742 3445 961 3517 hymno,
997 3453 1105 3497 tum
1136 3459 1206 3517 ex_
1232 3445 1351 3499 aliis
1382 3446 1739 3499 monumentis
1771 3444 1970 3517 liquid_0
2009 3458 2101 3517 pa-

513 3526 610 3572 tet.
644 3514 1001 3571 Tertullianus
1029 3515 1242 3584 egregie
1288 3517 1568 3585 Apologet.
1602 3531 1718 3585 cap.
1763 3516 1831 3569 50
1867 3534 1878 3567 :
1915 3514 2104 3585 Promis

513 3603 592 3641 me
618 3587 683 3640 ad
705 3588 931 3640 lenonem
959 3585 1248 3638 damnando
1294 3584 1634 3640 Christianam
1666 3584 1831 3656 potius
1864 3603 2015 3656 quant
2035 3584 2104 3638 ad

513 3658 729 3724 leonem,
757 3656 976 3728 confessi
1013 3656 1150 3718 estis,
1175 3656 1335 3709 labem
1366 3659 1625 3727 pudicitia:
1667 3658 1806 3728 apud
1848 3675 1939 3712 nos
1965 3668 2103 3712 atro-

512 3731 698 3784 ciorem
720 3731 856 3782 omni
885 3742 1033 3799 paena
1063 3736 1111 3780 et
1136 3729 1273 3799 omni
1298 3738 1458 3782 morte
1487 3731 1734 3798 reputari.

577 3802 669 3857 25.
698 3802 753 3856 ln
787 3798 1150 3872 hoclupanari
1177 3802 1408 3872 erectam
1440 3817 1582 3855 nunc
1622 3801 1676 3856 S.
1729 3803 1953 3872 Agnetis
1981 3816 2101 3856 esse

511 3873 817 3936 ecclesiam,
849 3870 959 3925 dixi
990 3870 1054 3922 ad
1088 3885 1226 3924 vers.
1285 3871 1338 3924 5.
1371 3871 1453 3924 Cl.
1484 3870 1866 3928 Cancellierius
1914 3875 1963 3926 in
2003 3886 2101 3926 suo

511 3958 672 4012 Opere
724 3943 791 3996 de
847 3940 1056 4013 Sacello
1110 3941 1405 4013 pontificio,
1457 3959 1577 4012 pag.
1636 3945 1757 4009 152,
1821 3945 2100 4013 pollicetur

511 4011 653 4085 aliud
687 4014 757 4085 ita
788 4011 1097 4085 inscriptum
1133 4029 1144 4063 :
1183 4012 1506 4068 Descrizione
1537 4011 1616 4068 del
1647 4016 1781 4069 circa
1811 4011 2049 4085 agonale,
2075 4031 2102 4070 e

512 4083 650 4156 della
672 4083 839 4137 cliiesa
863 4079 1242 4156 di_S._A_gnes_e
1263 4085 1324 4156 ivi
1355 4094 1514 4137 eretta
1560 4102 1654 4138 con
1702 4105 1769 4139 un
1819 4079 2101 4156 avppettdice

512 4155 565 4206 di
592 4153 876 4206 documenti
899 4149 1033 4218 degli
1064 4152 1168 4203 Atti
1190 4153 1272 4204 del
1300 4156 1552 4219 martirio,
1602 4171 1628 4207 e
1657 4156 1790 4210 delle
1819 4149 1988 4210 oinilie
2019 4156 2097 4212 de'

512 4223 620 4279 SS.
657 4221 816 4274 Padri
845 4222 898 4273 in
916 4235 1068 4273 onore
1089 4222 1223 4274 della
1253 4224 1526 4277 medesima
1567 4224 1627 4279 V.
1653 4243 1679 4279 e
1709 4226 1787 4280 Μ.

508 4304 546 4368 t_
580 4293 670 4347 26.
693 4292 760 4368 1η
795 4292 924 4368 Mar.
973 4289 1308 4368 desideratur
1363 4303 1452 4348 est.
1495 4295 1680 4362 Fabr.,
1739 4298 1876 4360 Gis.,
1917 4297 2095 4368 Prag.,

511 4362 657 4430 “aL,
693 4362 845 4439 Brcv.
871 4359 1035 4439 _Moz..
1060 4365 1301 4439 applicet,
1325 4373 1378 4418 et
1408 4380 1550 4439 ve_rs_.
1598 4359 1712 4439 seq.
1737 4359 1897 4439 roget.
1932 4359 2100 4424 Pleiié

513 4450 618 4505 que
640 4450 759 4489 cum
785 4433 942 4496 Aldo,
967 4435 1214 4509 applicat,
1238 4444 1434 4509 ragata
1456 4433 1690 4492 Ethnici’
1715 4433 1938 4495 deorum
1969 4456 2096 4496 suo-

511 4504 629 4562 rum
657 4516 859 4560 statuas
888 4504 1180 4571 amplexari
1210 4517 1264 4562 et
1290 4504 1520 4562 osculari
1542 4511 1809 4565 solebant.

587 4578 678 4631 ‘27.
694 4575 1583 4651 Wejluitis-incutiunt_Egmondani
1601 4584 1904 4651 exprimere
1935 4584 2098 4640 voluit

512 4645 776 4725 Menerva.
792 4648 933 4725 idem
947 4643 1203 4702 Weitzius
1219 4643 1465 4705 Fabricio
1481 4659 1534 4706 et
1549 4643 1786 4709 Giselino
1799 4655 1853 4708 af
1854 4657 1884 4710 li
1893 4657 2001 4725 ngit
2018 4672 2099 4709 re-

511 4721 607 4792 git,
627 4719 692 4792 in
723 4721 931 4792 quibus
952 4729 1034 4792 e§t
1053 4730 1191 4792 roget
1222 4736 1316 4791 pro
1339 4732 1502 4792 rogat.

581 4789 672 4845 29.
728 4789 870 4845 Vatt.
906 4791 966 4858 Β,
989 4789 1049 4855 Ρ,
1080 4789 1296 4858 Ἣθὶῑὶ.,
1329 4789 1467 4857 ϐἰέ.,
1508 4793 1697 4861 Torn.,
1739 4799 1922 4851 irruat.
1976 4797 2100 4852 Par-

511 4859 935 4936 rhasius_,_Brev.
991 4864 1168 4936 Mog,
1206 4865 1358 4917 Alex.
1388 4879 1416 4917 a
1449 4865 1618 4934 prima
1670 4859 1850 4936 manu,
1884 4868 2096 4936 Cham.,

510 4932 688 4987 irruet.
721 4933 939 4988 Plurimi
969 4935 1058 4989 alii
1086 4934 1284 4990 habent
1311 4932 1465 4988 irruit
1485 4951 1606 4990 cum
1636 4938 1788 4993 Aldo.

582 5004 670 5082 ἕρ.
704 5003 1166 5082 gadempccurrit
1191 5008 1619 5082 varietagpetut,
1644 5021 1798 5082 petet,
1836 5020 1889 5066 et
1917 5015 2062 5082 petit.

512 5154 530 5200 ι
583 5074 672 5129 56.
705 5075 861 5156 βων.
894 5076 1057 5145 Moz.,
1089 5088 1363 5146 corrupte,
1389 5074 1572 5142 Ferro,
1603 5079 1758 5152 impia
1779 5074 1993 5151 soboles,
2011 5103 2103 5157 po-

533 5161 584 5200 es
605 5161 806 5199 servire.

533 5161 584 5200 68
605 5161 806 5199 servire.

586 5215 674 5271 58.
709 5217 919 5296 Ambr.,
945 5218 1126 5296 iubent
1162 5236 1181 5296 :_
1227 5219 1612 5296 meliusjubet.
1667 5225 1910 5282 lnnuitur
1961 5244 2100 5296 mos,

509 5303 666 5360 quem
706 5289 1251 5356 pseudo-Ambrosius
1305 5289 1543 5360 explicat
1592 5313 1604 5349 :
1655 5297 1845 5350 Adiuro
1889 5289 2101 5354 insanus

510 5359 667 5436 iudex
680 5361 836 5431 jussit
882 5377 993 5436 eant
1017 5362 1316 5436 exspoliari,
1335 5359 1390 5436 .et
1421 5364 1612 5417 nuda-n
1640 5367 1708 5420 ad
1739 5369 1959 5436 lupanar
1984 5372 2102 5423 duci

510 5429 604 5484 sub
625 5429 1014 5512 voceprazeonis
1053 5429 1316 5512 dicentis:
1346 5434 1585 5502 Agnetem
1616 5429 1914 5508 sacrilegam
1948 5443 2104 5512 virgi-

511 5516 662 5578 ῃειιι,⁸
678 5501 777 5556 diis
808 5504 1176 5578 blasphemiam
1191 5501 1514 5578 inferentem,
1565 5519 1786 5563 scortum
1799 5501 1820 5508 ’⁷
1835 5501 2101 5578 lupanari-

509 5570 822 5649 busdatam.
859 5570 990 5630 Vide
1015 5589 1100 5644 ep.
1126 5577 1152 5630 1
1190 5570 1341 5649 inter
1356 5570 1659 5649 segregatas
1698 5596 1725 5633 a
1757 5570 2028 5637 Maurinis.

507 5663 537 5724 -_
691 5643 1026 5724 Bulrmanntts
1042 5642 1308 5724 secundus
1324 5642 1644 5724 inﬂddend.
1669 5652 1732 5706 ad
1746 5651 1934 5707 Clauil.
1947 5695 1961 5722 ,
1981 5669 2101 5724 pag.

513 5709 720 5794 ξοίεξφ
741 5711 945 5794 duobus
966 5718 1199 5788 antiquis
1217 5719 1365 5773 libris
1388 5718 1772 5794 Leodiensibus
1791 5724 1932 5794 .legit

513 5779 795 5866 inpla‘t'ete,
825 5795 880 5866 ει
908 5779 1290 5866 interpretatur
1312 5791 1618 5866 conflusum
1651 5779 1825 5863 p0puii
1856 5779 1961 5866 per,
1979 5798 2095 5866 pla-

513 5854 648 5904 teas.
671 5849 806 5908 Vide
829 5849 1068 5912 Gronov:
1099 5849 1330 5928 ad'Liv.,
1351 5875 1470 5930 pag.
1503 5864 1626 5920 545.
1651 5849 1942 5924 ἸιίΜειτῘὲί
1973 5849 2093 5926 fiat.

1455 5992 1460 5994 .
1485 5987 1514 5996 οη

2125 4613 2179 4674 D

2216 3289 2745 3349 nere—consuevisse.
2769 3291 2824 3344 S.
2845 3289 3164 3360 Cyprianus,
3193 3292 3311 3345 sive
3341 3291 3460 3359 quis
3487 3291 3627 3345 alius
3658 3303 3816 3348 vetus

2211 3366 2462 3433 scriptor,
2481 3364 2571 3417 lib.
2588 3363 2655 3417 de
2673 3363 2921 3431 Spectac.
2946 3380 2956 3414 :
2981 3362 3042 3416 Si
3072 3378 3276 3414 rursum
3307 3378 3590 3432 perrogem,
3615 3379 3720 3432 quo
3744 3367 3815 3433 ad

2210 3432 2340 3490 illud
2357 3435 2704 3505 speetaculum
2735 3434 2911 3486 itinere
2936 3433 3212 3504 peruenerit
3231 3479 3244 3499 ,
3278 3434 3599 3502 conﬁtebitur
3620 3449 3712 3500 per
3733 3432 3816 3486 lu-

2213 3509 2506 3578 panarium,
2532 3523 2619 3574 per
2642 3505 3027 3578 prostitutarum
3056 3506 3191 3556 nuda
3211 3520 3546 3578 corpora.....
3565 3505 3650 3571 qui
3668 3505 3811 3572 festi-

2210 3575 2337 3633 nans
2367 3579 2434 3631 ad
2464 3575 2833 3647 spectaculum,
2879 3576 3117 3629 dimissus
3140 3586 3185 3628 et
3214 3576 3382 3628 adhuc
3408 3593 3590 3647 gerens
3611 3591 3804 3644 secum,

2209 3659 2264 3703 ut
2292 3650 2498 3713 assolet,
2532 3647 2889 3703 eucharistiam
2914 3647 3042 3699 inter
3079 3663 3291 3716 corpora
3339 3647 3559 3701 obscena
3582 3653 3809 3703 meretri-

2207 3737 2321 3774 cum
2355 3723 2488 3774 tulit.
2522 3719 2654 3773 Cum
2689 3728 2866 3772 autem
2913 3728 3096 3786 postea
3133 3726 3379 3772 occurrat
3430 3719 3594 3774 etiam
3625 3723 3808 3786 platea

2216 3807 2359 3846 vers.
2392 3791 2480 3865 49,
2511 3789 2848 3865 retinendum
2872 3801 2954 3865 est
2975 3791 3112 3865 ﬂeam
3140 3789 3206 3865 in
3245 3791 3426 3865 platea;
3447 3804 3469 3854 ;
3489 3800 3567 3858 et,
3603 3802 3659 3844 ut
3709 3806 3806 3865 ego

2209 3871 2358 3930 puto,
2406 3863 2572 3915 flexus
2618 3861 2804 3929 platea:
2854 3861 3026 3913 solum
3065 3859 3265 3914 indicat
3293 3862 3657 3930 angiportum,
3719 3859 3806 3920 aut

2208 3935 2382 3986 vicum
2417 3942 2697 4002 angustum
2728 3941 2779 3984 et
2804 3933 3126 4002 ﬂexuosum,
3154 3933 3218 3984 ail
3261 3947 3416 3999 quem
3450 3951 3480 3987 e
3513 3936 3688 3998 platea
3721 3939 3804 3992 in-

2206 4019 2425 4072 gressus
2455 4001 2935 4058 chrt..l'etronius
2964 4001 3032 4056 de
3058 4001 3324 4072 Lupanari
3359 4022 3374 4058 :
3408 4003 3514 4057 Per
3538 4013 3802 4074 anfractus

2205 4075 2387 4150 deinde
2415 4074 2800 4132 obscurissimos
2831 4089 3061 4142 egressus
3090 4074 3141 4127 in
3186 4075 3323 4130 hunc
3351 4075 3530 4129 locum
3567 4094 3643 4131 me
3682 4098 3799 4150 per-

2207 4148 2374 4199 duxit.

2275 4219 2363 4272 40.
2426 4216 2541 4272 Vat.
2578 4216 2635 4282 Β,
2671 4216 2826 4282 Man,
2851 4226 3097 4282 stantum,
3127 4217 3304 4272 minus
3334 4217 3502 4283 bene;
3538 4221 3795 4286 Hailsbr.,

2205 4289 2365 4352 male,
2395 4298 2602 4342 statum.
2639 4289 2868 4343 Verbum
2903 4291 3173 4357 proprium
3207 4299 3286 4342 est
3318 4302 3454 4343 stare
3480 4292 3550 4348 de
3588 4293 3800 4348 feminis

2205 4360 2522 4484 ﬁrosututis,
2551 4374 2669 4429 quae
2690 4369 2819 4431 ante
2846 4360 3078 4414 fornices
3103 4370 3339 4427 qtmstus
3362 4363 3534 4430 gratia
3563 4367 3796 4418 stabant.

2255 4431 2338 4484 inc
2369 4433 2698 4484 meritorium
2725 4432 2898 4484 insum
2915 4430 3492 4484 stabulumdicebatur.
3519 4443 3576 4484 et
3601 4453 3629 4484 ει
3661 4435 3796 4484 Ter-

2255 4431 2338 4484 inc
2369 4433 2698 4486 meritorium
2725 4430 2898 4498 ipsum
2915 4430 3492 4496 stabulumdicebatur,
3519 4443 3576 4488 et
3601 4453 3630 4487 a
3661 4435 3799 4490 Ter-

2205 4504 2423 4556 tulliano
2449 4503 2748 4570 appellatur
2771 4503 2869 4555 lib.
2907 4517 2941 4556 It
2971 4502 3037 4555 ad
3068 4502 3298 4556 Uxorem
3333 4505 3697 4558 consistorium
3739 4509 3799 4558 li-

2203 4572 2430 4626 bidinum
2461 4573 2780 4640 publicarum
2813 4588 2831 4626 :
2864 4575 2991 4642 ipsa:
3035 4575 3347 4628 meretrices
3400 4577 3703 4641 prostituta,
3749 4587 3800 4630 et

2205 4643 2485 4714 prOslibttla
2539 4644 2842 4699 audiebant.
2894 4645 3162 4700 Horatius.
3192 4653 3296 4698 sat.
3357 4647 3407 4714 l,
3466 4646 3683 4700 Nullam
3706 4648 3800 4701 nisi

2207 4716 2363 4767 olenti
2392 4716 2444 4767 in
2467 4717 2655 4782 fornice
2683 4725 2922 4768 stantem.
2961 4717 3011 4769 in
3067 4730 3101 4768 ll
3150 4717 3507 4774 (Zoutrovers.
3555 4718 3799 4783 Seueca’,

2209 4784 2456 4839 Meretrix
2478 4799 2652 4838 vocata
2681 4803 2755 4852 es,
2789 4787 2840 4840 in
2872 4786 3129 4839 communi
3159 4789 3270 4840 loco
3300 4789 3507 4843 stetisti.

2401 4856 2518 4932 Vat.
2549 4859 2614 4922 A,
2650 4857 2826 4926 Egm.,
2855 4858 2991 4924 Pal.,
3021 4858 3268 4924 adversa;
3291 4860 3406 4928 alii,
3432 4875 3632 4927 auersa,
3657 4859 3798 4932 quod

2209 4929 2544 4982 retinendum
2573 4938 2671 4982 est.

2277 4999 2367 5052 42.
2393 4999 2698 5074 _Peveratus
2740 5000 2980 5074 exponit,
3013 5000 3108 5053 hoc
3129 5010 3203 5054 est
3259 5001 3522 5072 templum.
3574 5001 3649 5056 Ita
3687 5004 3798 5074 qui-

2207 5069 2329 5144 dem
2355 5071 2429 5122 ait
2453 5072 2706 5144 Damasus
2739 5072 3059 5144 inversibus
3087 5087 3223 5141 quos
3250 5069 3371 5142 post
3393 5074 3650 5143 hymnum
3682 5069 3797 5144 pro-

2211 5142 2413 5205 feram;
2440 5144 2532 5195 sed
2563 5142 2661 5196 alia
2694 5142 3048 5210 explicatione
3079 5158 3214 5211 Opus
3238 5154 3341 5199 est.
3365 5142 3616 5199 Barthius
3655 5142 3797 5200 notat

2211 5213 2303 5266 lib.
2337 5227 2449 5275 vm,
2491 5226 2608 5282 cip.
2645 5212 2733 5276 l9,
2775 5213 2920 5266 locos
2951 5214 3235 5268 mulierum
3273 5215 3325 5270 in
3366 5215 3519 5270 libris
3563 5216 3796 5272 medico-

2209 5299 2342 5356 rum
2370 5283 2625 5356 genitalia
2687 5286 2926 5356 membra
2972 5283 3272 5354 designare,
3328 5288 3403 5341 uti
3455 5289 3621 5342 etiam
3664 5300 3798 5356 sape

2208 5354 2345 5427 apud
2359 5351 2890 5427 Columellam.Quod
2905 5351 3215 5427 autemcap.
3233 5358 3267 5412 5
3282 5358 3474 5412 lib.cit.
3493 5374 3556 5413 ex
3575 5360 3675 5413 hoc
3690 5351 3798 5412 loco

2211 5425 2557 5499 itilert,_qttod
2579 5427 2704 5480 dum
2733 5426 3017 5494 publicitus
3041 5425 3196 5481 nuda:
3215 5429 3473 5484 mulieres
3496 5431 3798 5499 prostabant

2207 5497 2358 5570 (sive
2379 5497 2717 5562 Christianae.
2744 5499 2854 5554 sive
2908 5499 3078 5569 alite),
3106 5501 3425 5556 avertebant
3470 5497 3661 5557 oculos
3716 5500 3797 5570 qui

2207 5567 2447 5633 aderant,
2508 5584 2712 5623 morum
2764 5567 3111 5638 pristinorum
3148 5574 3474 5638 reverentia,
3525 5588 3632 5626 non
3682 5567 3799 5640 puto

2209 5640 2457 5711 universe
2488 5655 2670 5692 verum
2710 5659 2719 5692 :
2749 5645 2880 5697 nam“
2903 5641 2954 5695 id
2992 5643 3043 5698 in
3075 5644 3283 5711 Agnete
3304 5643 3469 5698 veluti
3521 5657 3588 5698 ex
3647 5657 3801 5711 pecu-

2209 5709 2324 5763 liari
2351 5710 2440 5765 Dei
2483 5711 2812 5779 providentia
2864 5709 3144 5768 narraturi
3176 5714 3331 5780 Quod
3367 5715 3434 5770 de
3465 5714 3593 5767 locis
3620 5709 3804 5768 mulio.

2205 5783 2496 5856 ruiii_di_cit_,
2521 5784 2749 5856 graviori
2777 5785 3010 5856 Lucretii
3039 5785 3348 5841 testimonio
3399 5797 3586 5856 posset
3609 5785 3803 5841 confir~

2205 5851 2355 5907 mari.
2394 5852 2523 5908 Vide
2546 5851 2740 5918 Gifanii
2775 5855 3007 5913 indicem
3039 5857 3092 5912 in
3115 5856 3255 5913 Loca
3280 5868 3335 5917 et
3350 5851 3501 5914 Lbet.
