3964 6296
136 376 235 432 ιοδ

1373 374 1726 435 ΕιηετοιλΑε
1766 375 1854 431 ΕΤ
1895 375 2209 433 DECRETA
2222 418 2235 431 .

3342 364 3440 434 too

135 496 475 560 peccatores,
506 501 596 545 vel
622 498 944 560 peccatores
966 506 1070 548 non
1096 506 1217 548 esse
1251 492 1553 562 perﬁceret.
1578 494 1750 548 Com-
1775 494 1826 552 A
1852 494 2027 563 jectus
2048 494 2174 549 est?
2205 493 2386 563 Itaque
2434 493 2548 563 ipse
2580 492 2629 545 in
2662 505 2720 546 se
2770 490 3103 546 insolubilem
3150 491 3274 547 fecit
3320 509 3443 550 esse

133 587 273 654 picta
304 594 390 640 est
418 595 478 640 et
501 586 559 641 in
588 587 671 642 eis
701 587 990 654 sententia,
1012 589 1027 618 ¹
1053 603 1151 643 nec
1176 603 1281 657 quo
1305 596 1494 643 tenore
1531 596 1751 658 peracto

134 695 468 749 permanens
520 681 613 735 illa
668 684 945 755 sententia
974 682 1320 752 pereuntibus
1352 681 1749 752 peccatoribus,

134 774 205 827 ita
226 781 289 827 ut
310 789 419 828 nou
452 784 649 829 essent
671 775 865 845 utique
892 783 1223 844 peccato-res.
1254 774 1324 828 At
1348 789 1411 829 ea
1433 774 1541 843 jam
1572 774 1624 828 in
1647 790 1755 829 non

136 866 526 936 peccatoribus
571 883 797 923 manere
840 884 947 924 non
984 868 1191 938 potuit,
1222 868 1342 937 quia
1375 869 1425 921 in
1456 868 1534 923 eis
1563 868 1756 937 quibus

138 959 350 1014 inﬂicta
381 976 493 1015 non
528 959 707 1016 fuerat
738 961 824 1031 ius
853 963 1100 1018 manendi
1129 964 1339 1031 penitus
1369 978 1475 1016 non
1504 961 1754 1017 habebat.

154 1053 237 1108 ιω
272 1069 374 1109 nec
414 1056 469 1109 in
496 1070 602 1109 suo
640 1054 768 1124 jure
810 1054 894 1111 vel
926 1056 1136 1110 tramite
1178 1055 1445 1109 ullatenus
1492 1054 1755 1111 sententia

146 1147 389 1201 resoluta
421 1156 530 1210 est,
563 1155 622 1201 et
651 1146 845 1201 eadem
876 1145 929 1200 in
944 1145 1026 1200 his
1051 1145 1243 1215 quibus
1275 1145 1472 1200 inﬂicta
1500 1153 1604 1210 est,
1634 1160 1761 1215 per-

150 1248 427 1303 manente,
466 1239 536 1291 ab
560 1237 646 1292 his
674 1239 765 1308 qui
794 1239 861 1293 ab
882 1237 996 1306 ejus
1015 1237 1134 1306 jure
1157 1236 1374 1291 discreti
1404 1245 1547 1299 sunt,
1579 1236 1757 1291 aliena

154 1344 375 1399 prorsus
406 1329 612 1385 eﬂ‘ecta
644 1338 746 1385 est.
790 1329 900 1385 Nec
931 1330 982 1385 in
1013 1330 1115 1396 bis,
1148 1330 1294 1383 salva
1324 1329 1407 1385 sui
1427 1329 1758 1394 conditione,

158 1423 233 1476 fas
258 1422 496 1477 haberet
524 1420 822 1487 manendi,
854 1420 1045 1491 quibus
1076 1420 1276 1474 inﬂicta
1313 1436 1419 1474 non
1451 1428 1584 1475 erat.
1619 1420 1763 1475 Dixit
1790 1434 1801 1445 '

162 1516 455 1582 Dominus,
502 1512 651 1585 quod
698 1514 749 1568 in
797 1512 1055 1581 Spiritum
1098 1519 1341 1567 sanctum
1381 1512 1760 1581 peccantibus,

167 1624 258 1664 nec
296 1608 387 1663 hic
433 1617 589 1663 esset
632 1621 734 1662 nec
792 1606 846 1660 in
908 1605 1087 1661 futuro
1135 1606 1334 1661 saeculo
1379 1605 1761 1661 remittendum

170 1699 375 1771 (Matth.
405 1700 535 1769 xu).

234 1792 483 1861 Quantos
527 1798 712 1847 autem
744 1790 1122 1862 cognoscimus
1147 1791 1199 1845 in
1235 1790 1491 1861 Spiritum
1518 1800 1760 1847 sanctum

1856 589 2201 652 sententiam,
2253 589 2340 657 qui
2375 587 2496 642 talis
2545 604 2861 658 permanere
2891 589 3116 658 delegit,
3146 591 3321 659 qualis
3351 607 3442 645 ve—

1858 681 2052 735 raciter
2077 696 2188 735 non
2218 692 2398 750 posset
2426 683 2661 747 absolvi;
2682 691 2737 737 et
2760 682 2931 738 noluit
2962 684 3083 738 talis
3110 684 3273 750 efﬁci,
3299 688 3442 740 circa

1858 774 2095 842 qualem,
2128 783 2479 843 permanente
2511 778 2775 831 sententia
2821 778 2962 832 circa
3006 778 3162 845 tales,
3194 778 3442 835 etl‘ectum

1860 880 1967 920 non
2002 867 2159 922 talem
2208 868 2509 923 inSolubilis
2550 870 2814 924 sententia
2871 885 2977 923 non
3028 882 3289 937 maneret,
3325 888 3446 942 qu:e

1861 957 2001 1013 circa
2053 959 2300 1015 eﬂ‘ectum
2356 976 2459 1015 non
2520 961 2676 1015 talem
2731 979 2833 1016 non
2888 963 3109 1019 haberet
3170 965 3443 1019 licentiam

1856 1052 2233 1138 permanendi.
2268 1053 2384 1119 Quo
2412 1054 2583 1123 magis
2613 1054 2691 1121 (ut
2717 1054 2914 1109 dictum
2946 1057 3050 1125 est)
3073 1058 3320 1126 exemplo
3370 1067 3450 1108 at-

1861 1157 1967 1212 que
2007 1144 2250 1212 periculo
2280 1144 2566 1211 admoniti,
2594 1147 2682 1214 qui
2715 1146 2903 1201 eodem
2936 1156 3121 1202 tenore
3167 1160 3291 1224 sunt
3322 1164 3449 1203 cono

1863 1237 2067 1305 stricti,
2102 1238 2356 1293 festinare
2396 1239 2597 1293 debent
2643 1250 2697 1293 ut
2746 1255 2848 1295 non
2900 1242 3031 1296 tales
3074 1256 3193 1297 esse
3236 1258 3449 1312 perma-

1867 1336 2027 1381 neant
2077 1328 2271 1397 quibus
2317 1330 2579 1385 sententia
2634 1330 2721 1384 illa
2770 1346 2873 1385 non
2926 1333 3177 1387 solvenda
3230 1332 3449 1401 praeﬁxa

1865 1430 1967 1486 est,
2001 1430 2053 1475 et
2081 1422 2372 1477 esse‘tales
2410 1422 2669 1491 incipiant
2716 1423 2963 1491 qualibus
3014 1438 3117 1478 non
3148 1423 3451 1478 insolubilis

1867 1512 2085 1580 praeﬁxa
2126 1514 2390 1569 sententia
2427 1515 2593 1583 possit
2619 1529 2741 1569 esse
2768 1514 3032 1569 solubilis.
3065 1514 3329 1582 Quoniam
3361 1531 3453 1569 au-

1868 1614 1975 1659 tem
2004 1606 2197 1660 allecto
2213 1622 2319 1660 non
2347 1606 2439 1660 tali
2473 1606 2617 1676 quali
2649 1622 2754 1661 non
2786 1608 3039 1661 solvenda
3074 1607 3289 1675 praeﬁxa
3325 1622 3455 1661 sen-

1868 1698 2037 1752 tentia
2070 1707 2173 1767 est,
2203 1697 2414 1766 ell'ecto,
2449 1700 2688 1769 inquam,
2713 1714 2820 1753 non
2854 1699 2963 1763 tali,
2995 1707 3175 1768 potest
3215 1698 3453 1753 solubilis

1870 1806 1989 1846 esse
2037 1794 2330 1857 sententia;
2391 1794 2513 1863 quia
2542 1791 2652 1861 jam
2686 1792 2901 1857 Acacio,
2962 1807 3066 1846 non
3097 1791 3296 1846 volenti
3348 1806 3457 1845 non

170 1885 573 1957 delinquentes,
606 1886 747 1941 sicut
774 1885 1056 1941 haereticos
1084 1886 1347 1952 diversos,
1378 1886 1624 1952 Arianos,
1656 1886 1764 1940 Eu-
1793 1868 1843 1928 Β
1872 1886 2033 1941 talem
2063 1902 2205 1953 esse,
2236 1886 2370 1941 sicut
2390 1886 2478 1940 tali
2509 1886 2745 1957 usqttein
2773 1888 2931 1941 ﬁnem
2954 1885 3312 1956 permanenti,
3338 1900 3459 1953 per-

168 1979 471 2046 nomianos,
522 1977 967 2044 Macedonianos,
995 1978 1061 2032 ad
1090 1978 1250 2033 ﬁdem
1294 1978 1617 2034 catholicam
1669 1994 1761 2034 re-

170 2081 471 2138 vertentes,
505 2081 560 2127 et
602 2070 691 2127 hic
716 2072 1088 2128 remissionem
1140 2088 1250 2127 suae
1292 2075 1594 2144 percepisse
1624 2074 1767 2129 blas-

168 2165 426 2237 phemize,
458 2165 595 2221 etin
616 2164 856 2220 futurum
884 2180 1034 2237 spem
1078 2168 1375 2237 sumpsisse
1421 2167 1767 2249 indulgentia:

170 2264 608 2337 consequendae?
634 2264 744 2320 Nec
772 2265 893 2320 ideo
922 2281 1029 2319 non
1050 2280 1175 2320 vera
1201 2273 1284 2321 est
1307 2263 1519 2320 Domini
1545 2246 1766 2320 senten-

172 2361 267 2429 tia,
300 2370 394 2415 aut
420 2358 698 2430 putabitur
723 2373 845 2413 esse
873 2358 1138 2414 ullatenus
1167 2359 1424 2426 resoluta,
1458 2374 1579 2413 cum
1625 2360 1766 2413 circa

176 2453 335 2513 tales.
362 2452 408 2506 si
439 2451 543 2506 hoc
568 2466 689 2507 esse
717 2459 1088 2521 permaneant,
1112 2466 1386 2522 nunquam
1410 2451 1631 2506 omnino
1655 2451 1769 2506 sol-

173 2546 351 2600 venda
381 2544 634 2614 persistat
657 2588 672 2609 ,
719 2541 926 2598 ell‘ectis
964 2550 1141 2597 autem
1173 2557 1282 2597 non
1331 2542 1526 2598 talibus
1557 2557 1662 2597 non
1692 2542 1768 2595 ir-

173 2647 383 2708 rogata.
414 2638 567 2692 Sicut
606 2637 771 2691 etiam
821 2646 903 2696 est
933 2647 1329 2707 consequenter
1371 2646 1427 2693 et
1457 2637 1587 2691 illud
1624 2636 1770 2691 beati

174 2731 407 2787 Joannis
433 2730 700 2801 apostoli:
734 2729 826 2784 Eu
840 2742 1100 2802 peccatum
1139 2730 1208 2784 ad
1239 2738 1450 2785 mortem
1474 2748 1493 2785 :
1522 2747 1623 2784 non
1653 2730 1771 2783 dico

174 2839 231 2881 ut
276 2836 452 2882 oretur
493 2843 588 2889 pro
636 2842 731 2891 eo;
783 2836 829 2879 et
859 2835 933 2881 est
960 2836 1225 2898 peccatum
1261 2844 1365 2882 non
1395 2829 1463 2881 ad
1512 2838 1727 2880 mortem
1750 2841 1770 2879 :

179 2921 295 2973 dico
323 2930 376 2971 ut
430 2928 602 2973 oretur
636 2935 731 2987 pro
778 2935 835 2973 eo
869 2915 922 2989 (Ι
950 2916 1109 2973 Joan.
1135 2921 1225 2990 v):
1262 2928 1345 2974 est
1383 2929 1657 2989 peccatum
1704 2919 1771 2973 ad

104 3060 107 3063 λ
182 3021 434 3077 mortem,
468 3011 520 3064 in
554 3009 741 3065 eodem
775 3018 998 3080 peccato
1036 3010 1410 3076 manentibus;
1454 3021 1537 3067 est
1583 3026 1772 3079 pecca-

185 3112 293 3158 tum
315 3118 421 3158 non
462 3102 527 3158 ad
552 3111 801 3166 mortem,
826 3102 893 3156 ab
915 3101 1102 3157 eodem
1128 3112 1347 3171 peccato
1376 3103 1769 3159 recedentibus.

188 3196 399 3251 Nullum
430 3205 513 3251 est
538 3197 733 3265 quippe
764 3203 1039 3263 peccatum
1085 3211 1181 3265 pro
1229 3212 1335 3266 quo
1365 3206 1455 3250 aut
1500 3211 1605 3251 non
1657 3206 1775 3252 oret

189 3288 427 3344 Ecclesia
456 3290 477 3319 ³
502 3287 851 3355 remittendo,
893 3296 984 3343 aut
1010 3288 1173 3357 quod,
1216 3288 1338 3343 data
1370 3290 1474 3344 sibi
1516 3290 1773 3345 divinitus

190 3380 470 3455 potestate,
498 3382 877 3438 desistentibus
903 3382 970 3436 ab
1002 3382 1194 3437 eodem
1236 3399 1342 3437 non
1384 3385 1556 3453 possit
1596 3384 1773 3439 absol-

192 3495 333 3542 vere,
366 3480 450 3534 vel
495 3477 881 3548 paenitentibus
928 3478 1195 3543 relaxare,
1226 3477 1313 3531 cui
1346 3476 1541 3531 dicitur
1572 3495 1584 3529 :
1620 3478 1774 3544 Quaa-

195 3590 383 3643 cunque
422 3572 711 3627 dimiseritis
762 3586 915 3641 super
949 3581 1168 3640 terram,
1204 3572 1417 3626 dimissa
1456 3581 1605 3625 erunt
1646 3580 1691 3625 et
1721 3572 1775 3626 in

194 3668 358 3729 netis;
387 3676 436 3719 et
456 3679 768 3735 quacunque
792 3664 1039 3717 solveritia
1081 3680 1236 3729 super
1266 3674 1484 3729 terram,
1515 3675 1661 3717 erunt
1690 3681 1776 3718 so-

195 3756 292 3809 luta
320 3758 443 3809 etin
474 3756 611 3809 caelis
660 3753 871 3825 (Matth.
922 3770 1030 3820 ενι,
1084 3754 1199 3826 18).
1255 3754 1312 3810 ιη
1367 3755 1777 3825 quibuscumque

197 3848 358 3901 omnia
381 3858 533 3911 sunt,
548 3854 963 3916 quantacunque
984 3845 1113 3910 sint,
1134 3854 1190 3901 et
1218 3846 1613 3917 qualiacunque
1634 3848 1772 3902 sint:

194 3938 356 3992 veraci
386 3937 739 3991 nihilominus
761 3952 945 3992 eorum
997 3946 1248 3992 manente
1291 3939 1576 4003 sententia,
1602 3937 1621 3968 ³
1652 3954 1775 4009 quae

193 4045 457 4101 nunquam
500 4029 761 4085 solvenda
811 4044 933 4084 esse
962 4028 1308 4085 denuntiatur
1350 4048 1361 4082 :
1395 4030 1447 4083 in
1478 4044 1666 4084 eorum
1698 4039 1777 4085 te-

193 4137 316 4179 nore
342 4121 676 4187 consistens,
706 4136 815 4175 non
845 4124 1005 4176 etiam
1030 4121 1098 4175 ab
1124 4120 1228 4177 hoc
1256 4120 1447 4176 eodem
1476 4131 1600 4190 post
1628 4137 1778 4178 rece-

188 4212 329 4269 dens.
379 4213 538 4280 Quod
566 4213 727 4268 etiam
752 4213 807 4267 in
852 4213 1030 4268 Acacii
1084 4214 1348 4267 sententia
1392 4213 1780 4270 rationabiliter

186 4306 499 4362 intuendum
532 4316 635 4372 est,
668 4305 720 4359 in
752 4321 856 4375 qua
902 4307 1111 4363 etiamsi
1162 4307 1215 4362 ei
1262 4308 1460 4362 dictum
1510 4316 1610 4373 est,
1643 4323 1779 4362 nun-

185 4415 450 4471 quamque
466 4399 787 4462 solvendus,
811 4412 920 4453 non
946 4408 1027 4453 est
1052 4399 1318 4469 adjectum
1344 4410 1543 4464 tamen,
1568 4399 1781 4455 etiamsi

180 4493 502 4565 resipueris,
530 4492 740 4547 etiamsi
767 4491 834 4546 ab
845 4506 1028 4547 errore
1043 4491 1379 4557 discesseris,
1402 4494 1614 4549 etiamsi
1646 4508 1783 4563 prae-

184 4586 454 4641 varicator
495 4597 620 4641 esse
668 4583 956 4638 destiteris.
1000 4584 1341 4655 Quapropter
1379 4585 1432 4640 in
1466 4594 1652 4655 aperto
1699 4594 1861 4686 est”

182 4679 253 4734 ita
290 4679 533 4743 dictum,
567 4692 837 4747 nunquam
880 4678 1190 4745 solvendus,
1238 4678 1331 4733 sed
1368 4680 1519 4746 talis,
1550 4680 1777 4746 scilicet,

180 4772 349 4840 qualis
386 4778 476 4826 est
525 4778 582 4824 et
636 4769 862 4840 ligatus,
892 4785 998 4824 non
1028 4782 1208 4825 autem
1254 4770 1376 4825 talis
1426 4759 1649 4827 eﬂ‘ectus
1676 4772 1783 4843 fqui

178 4862 321 4917 sicut
347 4861 601 4931 ligandus
632 4876 740 4915 non
776 4870 912 4928 erat,
942 4864 1023 4916 sic
1068 4862 1350 4919 absolutus
1402 4878 1523 4919 esse
1551 4865 1783 4921 doceba-

126 4996 131 5003 .
182 4962 290 5005 tur.
314 4954 467 5008 Sicut
484 4952 708 5010 carebat
731 4953 1076 5023 obligatione,
1100 4970 1223 5009 cum
1246 4955 1593 5026 obligationis
1619 4971 1782 5013 causa

180 5044 450 5099 caruisset
474 5063 490 5099 :
521 5046 602 5100 sic
631 5046 817 5116 utique
834 5046 1111 5101 absolutus
1134 5047 1414 5115 existeret,
1439 5058 1701 5117 quatenus
1729 5060 1785 5105 et

180 5133 307 5205 ipse
332 5151 437 5191 non
478 5138 804 5193 necessitate
848 5138 1005 5193 dictas
1054 5142 1339 5195 sententiae
1369 5142 1644 5197 videretur
1674 5158 1783 5199 non

178 5242 345 5295 posse
370 5229 774 5298 quodammodo
799 5230 909 5300 jam
940 5231 1106 5298 solvi;
1135 5231 1158 5262 ⁴
1187 5247 1310 5287 nam
1334 5234 1453 5287 talis
1484 5235 1706 5291 eﬂ‘ectus
1733 5246 1790 5293 et

175 5318 517 5389 obligatione
564 5336 777 5389 carens,
833 5322 986 5377 ﬁeret
1038 5312 1336 5388 absolutus,
1364 5334 1419 5379 et
1466 5327 1607 5382 circa
1654 5330 1789 5385 tales

150 5414 406 5487 ,przeﬁxa
439 5415 707 5471 sententia
758 5416 906 5471 nullo
941 5416 1102 5473 modo
1134 5418 1154 5449 ⁸
1181 5417 1487 5473 insolubilis
1526 5420 1788 5479 reddere-

181 5511 289 5560 tur.
310 5506 572 5578 Nunquid
601 5510 749 5565 enim
793 5509 970 5578 misit,
1015 5512 1288 5583 quaesivit,
1312 5514 1568 5584 expetiit,
1604 5524 1659 5571 et
1682 5517 1784 5574 ab-

258 5665 273 5696 ¹
298 5665 401 5722 llic
427 5665 657 5723 subesse
683 5666 938 5723 mendum
968 5667 1208 5737 videtur,
1245 5670 1334 5726 cui
1361 5670 1625 5728 medelam
1670 5690 1779 5731 non
1851 5648 1857 5657 ’

188 5735 413 5793 afferunt
437 5752 573 5795 mss.
609 5738 874 5793 HABDUIN.

256 5810 277 5838 ’
306 5809 383 5865 Id.
417 5810 567 5877 cod.,
604 5810 982 5867 remittendum.

258 5878 277 5909 ⁸
298 5879 375 5936 ω.
394 5883 543 5948 cod.,
575 5897 684 5951 qua
711 5897 992 5951 nunquam.

471 5978 754 6040 Parnm"
804 5974 970 6036 LIX.

1868 1980 2064 2033 mansit
2088 1982 2139 2033 in
2173 1979 2415 2033 absoluta
2443 1980 2707 2034 sententia
2741 1998 2751 2031 :
2789 1979 2858 2032 ita
2897 1979 3007 2046 jam
3038 1994 3141 2033 non
3190 1978 3281 2031 tali
3319 1976 3460 2030 elﬁci

1871 2090 1975 2129 non
2020 2074 2221 2128 volenti
2279 2072 2522 2128 snlubilis
2591 2088 2698 2127 non
2755 2082 2934 2141 potest
2998 2086 3117 2125 esse
3166 2070 3457 2125 sententia.

1869 2166 2058 2223 Nonne
2097 2176 2275 2221 tantos
2316 2166 2545 2221 habebat
2600 2165 2827 2220 Aeacius
2880 2178 3112 2232 quorum
3155 2162 3459 2229 exemplum

1871 2262 2022 2331 sequi
2056 2261 2339 2330 potuisset,
2369 2259 2657 2326 antistites,
2692 2258 2803 2328 qui,
2832 2257 2887 2311 in
2914 2255 3191 2325 Ephesino
3224 2253 3463 2323 prolapsi

1873 2354 2178 2419 latrocinio,
2212 2352 2457 2421 quolibet
2504 2352 2665 2405 modo
2698 2352 2748 2404 in
2799 2347 3211 2404 consensionem
3258 2345 3463 2400 recide—

1871 2455 1993 2500 rant
2023 2443 2344 2514 pravitatis?
2378 2443 2572 2512 Utique
2604 2452 2782 2496 tamen
2813 2441 2939 2511 (etsi
2970 2440 3171 2494 dictum
3190 2453 3295 2493 non
3322 2437 3463 2507 erat)

1874 2548 1927 2594 et
1984 2546 2295 2607 perpetuam
2344 2534 2739 2590 damnationem
2801 2533 2944 2589 ferre
2992 2533 3308 2601 potuissent,
3362 2529 3464 2583 nisi

1875 2630 2289 2699 resipiscentes,
2325 2637 2382 2683 et
2432 2642 2535 2682 non
2595 2627 2730 2681 tales
2766 2626 2940 2680 ell'ecti
2981 2624 3166 2694 quales
3206 2621 3281 2681 illi
3339 2621 3462 2674 facti

1874 2725 2107 2791 fuerant,
2142 2722 2652 2790 damnationemque
2707 2728 3022 2789 perpetuam
3083 2714 3463 2776 merebantur,

1876 2817 2070 2872 resolvi
2099 2816 2239 2870 circa
2288 2829 2347 2870 se
2378 2814 2798 2876 damnationem,
2850 2810 3164 2866 recedentes
3212 2822 3239 2859 a
3274 2820 3466 2874 perpe-

1876 2918 1983 2964 tuae
2033 2906 2391 2961 damnationis
2431 2919 2626 2970 causa,
2679 2905 2699 2935 '
2746 2903 3068 2957 meruissent
3106 2918 3119 2952 :
3164 2913 3324 2964 quam
3371 2896 3463 2964 qui

1878 3002 2164 3073 perstitere
2211 3001 2352 3054 circa
2407 3014 2465 3053 se
2510 2996 2850 3051 insolubilem
2901 2990 3268 3047 reddiderunt.
3321 2986 3464 3040 Nihil

1879 3098 2104 3151 interest
2126 3095 2306 3163 igitur,
2339 3091 2470 3147 nihil
2502 3090 2699 3158 differt,
2731 3096 2913 3144 utrum
2941 3085 3150 3139 dicatur
3190 3093 3463 3149 nunquam

1880 3188 2193 3250 solvendus,
2228 3202 2294 3241 an
2324 3201 2430 3239 non
2453 3185 2662 3239 dicatur
2704 3199 2717 3240 :
2764 3181 2887 3251 quia
2939 3175 3306 3233 ecclesiastica
3341 3186 3464 3227 sen~

1884 3281 2045 3337 tentia
2076 3295 2199 3335 reos
2249 3289 2302 3334 et
2341 3278 2780 3348 praevaricatores
2819 3272 3047 3342 obligat;
3079 3269 3199 3340 quia
3231 3267 3367 3321 sicut
3415 3264 3467 3321 ci

1882 3392 1986 3432 non
2021 3385 2195 3445 potest
2235 3372 2508 3440 suffragari
2550 3368 2693 3437 quod
2723 3382 2827 3422 non
2858 3375 2939 3421 est
2968 3365 3141 3419 dictus
3190 3371 3467 3428 nunquam

1880 3469 2201 3534 solvendus,
2243 3466 2335 3522 sed
2372 3468 2416 3520 si
2462 3466 2514 3519 in
2547 3478 2730 3518 errore
2777 3457 3133 3531 permanserit
3164 3453 3467 3509 insolubilis

1879 3563 2056 3617 modis
2086 3560 2336 3615 omnibus
2363 3565 2708 3627 perseverat,
2737 3568 2837 3607 nec
2863 3558 3040 3618 potest
3067 3548 3191 3603 inde
3219 3546 3323 3602 nisi
3358 3560 3466 3599 non

1881 3657 2002 3710 talis
2033 3642 2255 3710 eﬂ'ectus
2293 3651 2499 3706 absolvi
2532 3667 2546 3715 ;
2584 3648 2659 3703 sic
2704 3648 2949 3715 cuiquam
2981 3642 3331 3711 praejudicare
3359 3653 3469 3693 nou

1883 3755 2079 3816 potest,
2118 3744 2328 3800 tametsi
2351 3742 2548 3797 dictum
2578 3748 2660 3793 est
2689 3750 2957 3804 nunquam
2982 3747 3103 3787 esse
3126 3732 3466 3793 solvendum,

1882 3841 2162 3895 manifesta
2219 3838 2427 3891 ratione
2493 3836 2824 3886 monstrante
2893 3825 3012 3894 quia
3073 3836 3343 3890 nunquam
3399 3821 3469 3872 sit

1883 3934 2102 3986 omnino
2129 3928 2438 3990 solvendus,
2464 3925 2507 3978 si
2533 3923 2651 3977 talis
2674 3919 2846 3990 qualis
2875 3918 3066 3988 ligatus
3097 3926 3180 3970 est
3209 3930 3329 3970 esse
3348 3930 3469 3983 per-

1884 4023 2055 4085 sistat,
2087 4023 2169 4075 vel
2200 4020 2317 4072 talis
2349 4017 2532 4085 utique
2574 4027 2845 4081 nunquam
2874 4008 3162 4064 solvendus
3192 4005 3365 4077 qualis
3387 4014 3471 4061 est

1884 4114 2168 4183 obligatus.
2210 4111 2327 4164 Non
2366 4109 2573 4175 adjecto
2604 4116 2803 4171 autem,
2862 4102 3069 4158 etiamsi
3122 4099 3474 4166 resipiscatet

1884 4211 2138 4280 corrigat,
2165 4216 2348 4276 patere
2381 4217 2598 4274 prorsus
2626 4209 2681 4256 et
2712 4200 2939 4254 liberum
2974 4209 3092 4249 esse
3124 4209 3227 4247 non
3250 4192 3472 4246 dubium

1884 4307 1976 4371 sit,
2003 4316 2062 4358 ut
2091 4317 2197 4357 non
2222 4300 2343 4354 talis
2381 4297 2603 4354 eﬂi-ctus
2644 4294 2815 4364 qualis
2864 4304 3130 4355 nunquam
3163 4288 3335 4341 dictus
3388 4295 3474 4338 est

1886 4416 2009 4459 esse
2046 4396 2359 4458 solvendus,
2392 4393 2487 4447 sed
2528 4390 2646 4444 talis
2677 4387 2848 4457 qualis
2876 4400 2984 4438 non
3025 4391 3108 4437 est
3134 4381 3305 4434 dictus
3336 4395 3473 4433 nun-

1887 4510 2045 4566 quam
2067 4506 2187 4547 esse
2205 4486 2516 4553 solvendus,
2546 4484 2597 4538 id
2621 4492 2721 4545 est,
2746 4488 3020 4535 correctus
3050 4484 3106 4530 et
3131 4474 3471 4538 emendatus,

1888 4594 2283 4656 consequenter
2329 4586 2605 4635 correctus
2658 4584 2711 4628 et
2758 4572 2928 4642 possit
2975 4569 3131 4623 solvi.
3168 4566 3472 4620 Notandum

1888 4679 2030 4751 quod
2057 4676 2297 4746 quolibet
2335 4684 2533 4741 genere
2584 4661 3077 4733 blasphemantibus
3118 4660 3171 4712 in
3216 4657 3476 4751 Spiritum

1891 4748 2157 4833 sanctum,
2183 4764 2575 4833 si'resipiscant
2596 4766 2650 4813 et
2676 4756 2967 4824 corrigunt,
3010 4762 3063 4806 et
3094 4751 3179 4804 hic
3220 4751 3297 4803 eis
3327 4758 3380 4803 et
3423 4748 3499 4801 iu'

1891 4866 2072 4919 futuro
2130 4860 2329 4915 saeculo
2382 4855 2730 4916 remittatur;
2776 4864 2872 4901 nec
2902 4846 3025 4901 inde
3072 4846 3237 4914 possit
3266 4840 3477 4895 Domini

1893 4968 2086 5013 nutare
2112 4952 2405 5013 sententia,
2429 4963 2549 5017 qua:
2593 4946 2732 4999 circa
2779 4942 2911 4996 tales
2942 4940 3123 5009 utique
3161 4952 3479 5007 permanen-

1896 5056 1989 5121 tes;
2017 5062 2335 5121 permanere
2364 5044 2501 5098 dicta
2534 5049 2647 5106 est,
2695 5052 2798 5091 non
2848 5037 2987 5088 circa
3038 5047 3141 5086 non
3190 5032 3323 5085 tales
3352 5029 3480 5085 effe-

1898 5152 2035 5199 ctos.
2068 5139 2312 5208 Quaudiu
2342 5144 2519 5190 autem
2546 5134 2600 5185 in
2630 5131 2729 5183 hoc
2767 5136 3003 5192 manent,
3031 5124 3161 5178 tales
3196 5134 3321 5179 sunt
3351 5139 3481 5194 qua-

1897 5237 2037 5291 libus
2058 5247 2164 5297 non
2178 5227 2562 5287 remittendum
2584 5238 2704 5279 esse
2729 5221 3003 5290 praeﬁxum
3031 5228 3129 5273 est.
3150 5216 3281 5273 Cum
3304 5230 3482 5271 autem

1898 5332 1966 5387 ab
1986 5329 2092 5385 hoc
2105 5324 2454 5386 recesserint,
2481 5334 2589 5374 non
2618 5319 2751 5370 tales
2774 5315 3079 5369 efﬁciuntur
3109 5314 3353 5382 qualibus
3377 5327 3484 5366 non

1898 5420 2281 5483 remittendum
2312 5429 2432 5471 esse
2464 5410 2777 5482 praedictum
2806 5416 2907 5463 est.
2946 5407 3009 5459 Et
3056 5406 3175 5458 ideo
3227 5420 3331 5457 non
3366 5404 3485 5456 tali-

1900 5516 2004 5571 bus
2031 5512 2235 5570 effectis
2264 5514 2444 5579 potest
2469 5513 2529 5561 et
2554 5504 2638 5558 hic
2663 5511 2717 5558 et
2758 5500 2936 5554 futuro
2981 5496 3178 5550 saeculo
3208 5497 3227 5526 ⁷
3261 5510 3364 5549 non
3399 5510 3485 5568 re—

1974 5672 1996 5703 ⁸
2029 5671 2106 5725 id.
2139 5666 2285 5734 cod.,
2313 5680 2416 5718 non
2448 5672 2565 5716 tatis
2589 5660 2813 5728 eﬂ'ectus.

1981 5744 2002 5775 "
2033 5742 2111 5797 1d.
2138 5738 2285 5803 cod.,
2314 5735 2583 5792 Solubii’ia.

1980 5816 2001 5845 °
2032 5812 2110 5867 ld.
2147 5810 2291 5876 cod.,
2326 5814 2635 5859 meruerunt.

1980 5888 2000 5917 ⁷
2029 5883 2106 5939 Id.
2140 5882 2284 5947 cod.,
2317 5881 2421 5941 iam
2448 5877 2654 5931 remitti.

1750 5950 1770 5972 ἓν
3287 5962 3325 6019 ὁ
