  <div class='ocr_page' id='page_1' title='image "/cluster/home/n/w/nwhite01/storage/ocr_20150623/59/hvd.32044073505257/1040.png"; bbox 0 0 3942 6310; ppageno 0'>
   <div class='ocr_carea' id='block_1_1' title="bbox 178 358 286 418">
    <p class='ocr_par' dir='ltr' id='par_1_1' title="bbox 178 358 286 418">
     <span class='ocr_line' id='line_1_1' title="bbox 178 358 286 418; baseline -0.019 0"><span class='ocrx_word' id='word_1_1' title='bbox 178 358 286 418; x_wconf 78' lang='grc'><strong>588</strong></span> 
     </span>
    </p>
   </div>
   <div class='ocr_carea' id='block_1_2' title="bbox 177 477 1335 548">
    <p class='ocr_par' dir='ltr' id='par_1_2' title="bbox 177 477 1335 548">
     <span class='ocr_line' id='line_1_2' title="bbox 177 477 1335 548; baseline 0.002 -16"><span class='ocrx_word' id='word_1_2' title='bbox 177 477 248 532; x_wconf 70' lang='grc' dir='ltr'><strong>ιδ</strong></span> <span class='ocrx_word' id='word_1_3' title='bbox 355 477 608 548; x_wconf 87' lang='lat' dir='ltr'><strong>Spectare</strong></span> <span class='ocrx_word' id='word_1_4' title='bbox 631 478 853 534; x_wconf 78' lang='lat' dir='ltr'><strong>formam</strong></span> <span class='ocrx_word' id='word_1_5' title='bbox 888 480 1086 536; x_wconf 84' lang='lat' dir='ltr'><strong>lumine</strong></span> <span class='ocrx_word' id='word_1_6' title='bbox 1114 479 1335 536; x_wconf 90' lang='lat' dir='ltr'><strong>lubrico.</strong></span> 
     </span>
    </p>
   </div>
   <div class='ocr_carea' id='block_1_3' title="bbox 355 568 1327 641">
    <p class='ocr_par' dir='ltr' id='par_1_3' title="bbox 355 568 1327 641">
     <span class='ocr_line' id='line_1_3' title="bbox 355 568 1327 641; baseline 0.005 -18"><span class='ocrx_word' id='word_1_7' title='bbox 355 568 436 624; x_wconf 84' lang='lat' dir='ltr'><strong>En</strong></span> <span class='ocrx_word' id='word_1_8' title='bbox 458 570 570 626; x_wconf 88' lang='lat' dir='ltr'><strong>ales</strong></span> <span class='ocrx_word' id='word_1_9' title='bbox 608 570 743 641; x_wconf 94' lang='lat' dir='ltr'><strong>ignis</strong></span> <span class='ocrx_word' id='word_1_10' title='bbox 775 571 1012 627; x_wconf 81' lang='lat' dir='ltr'><strong>fulminis</strong></span> <span class='ocrx_word' id='word_1_11' title='bbox 1034 573 1087 627; x_wconf 91' lang='lat' dir='ltr'><strong>in</strong></span> <span class='ocrx_word' id='word_1_12' title='bbox 1111 573 1327 628; x_wconf 91' lang='lat' dir='ltr'><strong>modum</strong></span> 
     </span>
    </p>
   </div>
   <div class='ocr_carea' id='block_1_4' title="bbox 355 659 1450 733">
    <p class='ocr_par' dir='ltr' id='par_1_4' title="bbox 355 659 1450 733">
     <span class='ocr_line' id='line_1_4' title="bbox 355 659 1450 733; baseline 0.01 -22"><span class='ocrx_word' id='word_1_13' title='bbox 355 659 603 716; x_wconf 79' lang='lat' dir='ltr'><strong>Vibratur</strong></span> <span class='ocrx_word' id='word_1_14' title='bbox 631 662 847 731; x_wconf 85' lang='lat' dir='ltr'><strong>ardens,</strong></span> <span class='ocrx_word' id='word_1_15' title='bbox 893 673 1052 733; x_wconf 87' lang='lat' dir='ltr'><strong>atque</strong></span> <span class='ocrx_word' id='word_1_16' title='bbox 1080 666 1264 720; x_wconf 90' lang='lat' dir='ltr'><strong>oculos</strong></span> <span class='ocrx_word' id='word_1_17' title='bbox 1291 666 1410 722; x_wconf 92' lang='lat' dir='ltr'><strong>ferit</strong></span> <span class='ocrx_word' id='word_1_18' title='bbox 1439 686 1450 721; x_wconf 84' lang='lat'><strong>:</strong></span> 
     </span>
    </p>
   </div>
   <div class='ocr_carea' id='block_1_5' title="bbox 359 753 1295 824">
    <p class='ocr_par' dir='ltr' id='par_1_5' title="bbox 359 753 1295 824">
     <span class='ocr_line' id='line_1_5' title="bbox 359 753 1295 824; baseline 0.01 -19"><span class='ocrx_word' id='word_1_19' title='bbox 359 753 546 807; x_wconf 65' lang='lat' dir='ltr'><strong>Caecus</strong></span> <span class='ocrx_word' id='word_1_20' title='bbox 574 770 799 812; x_wconf 90' lang='lat' dir='ltr'><strong>corusco</strong></span> <span class='ocrx_word' id='word_1_21' title='bbox 839 758 1039 814; x_wconf 84' lang='lat' dir='ltr'><strong>lumine</strong></span> <span class='ocrx_word' id='word_1_22' title='bbox 1068 763 1295 824; x_wconf 86' lang='lat' dir='ltr'><strong>corruit,</strong></span> 
     </span>
    </p>
   </div>
   <div class='ocr_carea' id='block_1_6' title="bbox 361 847 1340 923">
    <p class='ocr_par' dir='ltr' id='par_1_6' title="bbox 361 847 1340 923">
     <span class='ocr_line' id='line_1_6' title="bbox 361 847 1340 923; baseline 0.007 -23"><span class='ocrx_word' id='word_1_23' title='bbox 361 847 533 916; x_wconf 87' lang='lat' dir='ltr'><strong>Atque</strong></span> <span class='ocrx_word' id='word_1_24' title='bbox 563 848 613 902; x_wconf 92' lang='lat' dir='ltr'><strong>in</strong></span> <span class='ocrx_word' id='word_1_25' title='bbox 644 847 833 917; x_wconf 68' lang='lat' dir='ltr'><strong>plateae</strong></span> <span class='ocrx_word' id='word_1_26' title='bbox 853 851 1070 918; x_wconf 85' lang='lat' dir='ltr'><strong>pulvere</strong></span> <span class='ocrx_word' id='word_1_27' title='bbox 1099 855 1340 923; x_wconf 92' lang='lat' dir='ltr'><strong>palpitat.</strong></span> 
     </span>
    </p>
   </div>
   <div class='ocr_carea' id='block_1_7' title="bbox 173 939 1328 1006">
    <p class='ocr_par' dir='ltr' id='par_1_7' title="bbox 173 939 1328 1006">
     <span class='ocr_line' id='line_1_7' title="bbox 173 939 1328 1006; baseline -0.002 -8"><span class='ocrx_word' id='word_1_28' title='bbox 173 945 243 998; x_wconf 77' lang='lat'><strong>50</strong></span> <span class='ocrx_word' id='word_1_29' title='bbox 353 941 572 996; x_wconf 89' lang='lat' dir='ltr'><strong>Tollunt</strong></span> <span class='ocrx_word' id='word_1_30' title='bbox 605 939 817 995; x_wconf 86' lang='lat' dir='ltr'><strong>sodales</strong></span> <span class='ocrx_word' id='word_1_31' title='bbox 844 943 1167 997; x_wconf 87' lang='lat' dir='ltr'><strong>seminecem</strong></span> <span class='ocrx_word' id='word_1_32' title='bbox 1192 943 1328 1006; x_wconf 88' lang='lat' dir='ltr'><strong>solo,</strong></span> 
     </span>
    </p>
   </div>
   <div class='ocr_carea' id='block_1_8' title="bbox 355 1029 1333 1102">
    <p class='ocr_par' dir='ltr' id='par_1_8' title="bbox 355 1029 1333 1102">
     <span class='ocr_line' id='line_1_8' title="bbox 355 1029 1333 1102; baseline 0.002 -17"><span class='ocrx_word' id='word_1_33' title='bbox 355 1029 650 1100; x_wconf 89' lang='lat' dir='ltr'><strong>Verbisque</strong></span> <span class='ocrx_word' id='word_1_34' title='bbox 679 1030 882 1086; x_wconf 81' lang='lat' dir='ltr'><strong>deﬂent</strong></span> <span class='ocrx_word' id='word_1_35' title='bbox 915 1033 1333 1102; x_wconf 83' lang='lat' dir='ltr'><strong>exsequialibus.</strong></span> 
     </span>
    </p>
   </div>
   <div class='ocr_carea' id='block_1_9' title="bbox 374 1121 1548 1192">
    <p class='ocr_par' dir='ltr' id='par_1_9' title="bbox 374 1121 1548 1192">
     <span class='ocr_line' id='line_1_9' title="bbox 374 1121 1548 1192; baseline 0.003 -16"><span class='ocrx_word' id='word_1_36' title='bbox 374 1122 483 1176; x_wconf 90' lang='lat' dir='ltr'><strong>that</strong></span> <span class='ocrx_word' id='word_1_37' title='bbox 511 1121 846 1190; x_wconf 84' lang='lat' dir='ltr'><strong>triumphans</strong></span> <span class='ocrx_word' id='word_1_38' title='bbox 878 1123 1048 1192; x_wconf 88' lang='lat' dir='ltr'><strong>virgo,</strong></span> <span class='ocrx_word' id='word_1_39' title='bbox 1103 1124 1269 1179; x_wconf 88' lang='lat' dir='ltr'><strong>Deum</strong></span> <span class='ocrx_word' id='word_1_40' title='bbox 1317 1125 1548 1192; x_wconf 84' lang='lat' dir='ltr'><strong>Patrem,</strong></span> 
     </span>
    </p>
   </div>
   <div class='ocr_carea' id='block_1_10' title="bbox 363 1213 1544 1284">
    <p class='ocr_par' dir='ltr' id='par_1_10' title="bbox 363 1213 1544 1284">
     <span class='ocr_line' id='line_1_10' title="bbox 363 1213 1544 1284; baseline 0.003 -15"><span class='ocrx_word' id='word_1_41' title='bbox 363 1213 741 1284; x_wconf 83' lang='lat' dir='ltr'><strong>Christumque</strong></span> <span class='ocrx_word' id='word_1_42' title='bbox 768 1228 921 1269; x_wconf 89' lang='lat' dir='ltr'><strong>sacro</strong></span> <span class='ocrx_word' id='word_1_43' title='bbox 969 1215 1208 1271; x_wconf 87' lang='lat' dir='ltr'><strong>carmine</strong></span> <span class='ocrx_word' id='word_1_44' title='bbox 1236 1217 1544 1282; x_wconf 83' lang='lat' dir='ltr'><strong>concinens,</strong></span> 
     </span>
    </p>
   </div>
   <div class='ocr_carea' id='block_1_11' title="bbox 353 1303 1256 1376">
    <p class='ocr_par' dir='ltr' id='par_1_11' title="bbox 353 1303 1256 1376">
     <span class='ocr_line' id='line_1_11' title="bbox 353 1303 1256 1376; baseline 0.002 -16"><span class='ocrx_word' id='word_1_45' title='bbox 353 1305 504 1373; x_wconf 86' lang='lat' dir='ltr'><strong>Quod</strong></span> <span class='ocrx_word' id='word_1_46' title='bbox 533 1306 632 1361; x_wconf 90' lang='lat' dir='ltr'><strong>sub</strong></span> <span class='ocrx_word' id='word_1_47' title='bbox 657 1303 868 1376; x_wconf 80' lang='lat' dir='ltr'><strong>profani</strong></span> <span class='ocrx_word' id='word_1_48' title='bbox 889 1305 1007 1362; x_wconf 86' lang='lat' dir='ltr'><strong>labe</strong></span> <span class='ocrx_word' id='word_1_49' title='bbox 1034 1307 1256 1376; x_wconf 87' lang='lat' dir='ltr'><strong>periculi</strong></span> 
     </span>
    </p>
   </div>
   <div class='ocr_carea' id='block_1_12' title="bbox 177 1397 1251 1467">
    <p class='ocr_par' dir='ltr' id='par_1_12' title="bbox 177 1397 1251 1467">
     <span class='ocr_line' id='line_1_12' title="bbox 177 1397 1251 1467; baseline -0.001 -14"><span class='ocrx_word' id='word_1_50' title='bbox 177 1398 246 1453; x_wconf 73' lang='lat'><strong>55</strong></span> <span class='ocrx_word' id='word_1_51' title='bbox 355 1397 572 1452; x_wconf 86' lang='lat' dir='ltr'><strong>Castum</strong></span> <span class='ocrx_word' id='word_1_52' title='bbox 600 1397 846 1467; x_wconf 87' lang='lat' dir='ltr'><strong>lupanar,</strong></span> <span class='ocrx_word' id='word_1_53' title='bbox 872 1413 971 1452; x_wconf 89' lang='lat' dir='ltr'><strong>nec</strong></span> <span class='ocrx_word' id='word_1_54' title='bbox 1002 1398 1251 1452; x_wconf 82' lang='lat' dir='ltr'><strong>violabile</strong></span> 
     </span>
    </p>
   </div>
   <div class='ocr_carea' id='block_1_13' title="bbox 365 1489 1298 1561">
    <p class='ocr_par' dir='ltr' id='par_1_13' title="bbox 365 1489 1298 1561">
     <span class='ocr_line' id='line_1_13' title="bbox 365 1489 1298 1561; baseline 0.004 -17"><span class='ocrx_word' id='word_1_55' title='bbox 365 1489 593 1558; x_wconf 86' lang='lat' dir='ltr'><strong>Experta</strong></span> <span class='ocrx_word' id='word_1_56' title='bbox 624 1491 811 1545; x_wconf 81' lang='lat' dir='ltr'><strong>victrix</strong></span> <span class='ocrx_word' id='word_1_57' title='bbox 841 1492 1113 1561; x_wconf 79' lang='lat' dir='ltr'><strong>virginitas</strong></span> <span class='ocrx_word' id='word_1_58' title='bbox 1144 1492 1298 1548; x_wconf 90' lang='lat' dir='ltr'><strong>foret.</strong></span> 
     </span>
    </p>
   </div>
   <div class='ocr_carea' id='block_1_14' title="bbox 356 1581 1421 1654">
    <p class='ocr_par' dir='ltr' id='par_1_14' title="bbox 356 1581 1421 1654">
     <span class='ocr_line' id='line_1_14' title="bbox 356 1581 1421 1654; baseline 0.004 -18"><span class='ocrx_word' id='word_1_59' title='bbox 356 1583 492 1637; x_wconf 85' lang='lat' dir='ltr'><strong>Sunt</strong></span> <span class='ocrx_word' id='word_1_60' title='bbox 515 1581 604 1651; x_wconf 90' lang='lat' dir='ltr'><strong>qui</strong></span> <span class='ocrx_word' id='word_1_61' title='bbox 632 1590 870 1651; x_wconf 88' lang='lat' dir='ltr'><strong>rogatam</strong></span> <span class='ocrx_word' id='word_1_62' title='bbox 904 1583 1206 1638; x_wconf 85' lang='lat' dir='ltr'><strong>rettulerint</strong></span> <span class='ocrx_word' id='word_1_63' title='bbox 1238 1600 1421 1654; x_wconf 84' lang='lat' dir='ltr'><strong>preces</strong></span> 
     </span>
    </p>
   </div>
   <div class='ocr_carea' id='block_1_15' title="bbox 356 1669 1302 1737">
    <p class='ocr_par' dir='ltr' id='par_1_15' title="bbox 356 1669 1302 1737">
     <span class='ocr_line' id='line_1_15' title="bbox 356 1669 1302 1737; baseline 0.004 -11"><span class='ocrx_word' id='word_1_64' title='bbox 356 1671 577 1727; x_wconf 72' lang='lat' dir='ltr'><strong>FudiSse</strong></span> <span class='ocrx_word' id='word_1_65' title='bbox 597 1669 835 1737; x_wconf 83' lang='lat' dir='ltr'><strong>Christo,</strong></span> <span class='ocrx_word' id='word_1_66' title='bbox 857 1670 1109 1727; x_wconf 85' lang='lat' dir='ltr'><strong>redderet</strong></span> <span class='ocrx_word' id='word_1_67' title='bbox 1130 1684 1187 1728; x_wconf 85' lang='lat' dir='ltr'><strong>ut</strong></span> <span class='ocrx_word' id='word_1_68' title='bbox 1209 1691 1302 1730; x_wconf 91' lang='lat' dir='ltr'><strong>reo</strong></span> 
     </span>
    </p>
   </div>
   <div class='ocr_carea' id='block_1_16' title="bbox 366 1764 1756 1838">
    <p class='ocr_par' dir='ltr' id='par_1_16' title="bbox 366 1764 1756 1838">
     <span class='ocr_line' id='line_1_16' title="bbox 366 1764 1756 1838; baseline 0.006 -18"><span class='ocrx_word' id='word_1_69' title='bbox 366 1766 575 1837; x_wconf 70' lang='lat'><strong>1219</strong></span> <span class='ocrx_word' id='word_1_70' title='bbox 617 1764 815 1820; x_wconf 84' lang='lat' dir='ltr'><strong>Lucem</strong></span> <span class='ocrx_word' id='word_1_71' title='bbox 856 1764 1052 1834; x_wconf 89' lang='lat' dir='ltr'><strong>jacenti</strong></span> <span class='ocrx_word' id='word_1_72' title='bbox 1090 1784 1100 1819; x_wconf 91' lang='lat'>:</span> <span class='ocrx_word' id='word_1_73' title='bbox 1157 1777 1266 1823; x_wconf 91' lang='lat' dir='ltr'><strong>tum</strong></span> <span class='ocrx_word' id='word_1_74' title='bbox 1324 1771 1503 1838; x_wconf 88' lang='lat' dir='ltr'><strong>juveni</strong></span> <span class='ocrx_word' id='word_1_75' title='bbox 1539 1772 1756 1828; x_wconf 88' lang='lat' dir='ltr'><strong>halitum</strong></span> 
     </span>
    </p>
   </div>
   <div class='ocr_carea' id='block_1_17' title="bbox 171 1856 1400 1939">
    <p class='ocr_par' dir='ltr' id='par_1_17' title="bbox 171 1856 1400 1932">
     <span class='ocr_line' id='line_1_17' title="bbox 171 1856 1400 1932; baseline 0.002 -20"><span class='ocrx_word' id='word_1_76' title='bbox 171 1856 247 1912; x_wconf 83' lang='grc'><strong>60</strong></span> <span class='ocrx_word' id='word_1_77' title='bbox 435 1857 567 1912; x_wconf 64' lang='lat' dir='ltr'><strong>Vita</strong></span> <span class='ocrx_word' id='word_1_78' title='bbox 587 1858 898 1913; x_wconf 89' lang='lat' dir='ltr'><strong>innovatum</strong></span> <span class='ocrx_word' id='word_1_79' title='bbox 930 1858 1132 1914; x_wconf 88' lang='lat' dir='ltr'><strong>visibus</strong></span> <span class='ocrx_word' id='word_1_80' title='bbox 1161 1861 1400 1932; x_wconf 80' lang='lat' dir='ltr'><strong>integris.</strong></span> 
     </span>
    </p>
   </div>
   <div class='ocr_carea' id='block_1_18' title="bbox 1295 367 2286 428">
    <p class='ocr_par' dir='ltr' id='par_1_18' title="bbox 1295 367 2286 428">
     <span class='ocr_line' id='line_1_18' title="bbox 1295 367 2286 428; baseline 0.004 -5"><span class='ocrx_word' id='word_1_81' title='bbox 1295 367 1856 426; x_wconf 74' lang='lat' dir='ltr'><strong>PERISTEPHANON</strong></span> <span class='ocrx_word' id='word_1_82' title='bbox 1895 370 2108 428; x_wconf 75' lang='lat' dir='ltr'><strong>HYMN.</strong></span> <span class='ocrx_word' id='word_1_83' title='bbox 2153 371 2286 428; x_wconf 76' lang='lat' dir='ltr'><strong>XIV.</strong></span> 
     </span>
    </p>
   </div>
   <div class='ocr_carea' id='block_1_19' title="bbox 1781 488 1837 546">
    <p class='ocr_par' dir='ltr' id='par_1_19' title="bbox 1781 488 1837 546">
     <span class='ocr_line' id='line_1_19' title="bbox 1781 488 1837 546; baseline 0 0"><span class='ocrx_word' id='word_1_84' title='bbox 1781 488 1837 546; x_wconf 77' lang='grc' dir='ltr'><strong>Α</strong></span> 
     </span>
    </p>
   </div>
   <div class='ocr_carea' id='block_1_20' title="bbox 3333 377 3436 434">
    <p class='ocr_par' dir='ltr' id='par_1_20' title="bbox 3333 377 3436 434">
     <span class='ocr_line' id='line_1_20' title="bbox 3333 377 3436 434; baseline 0.01 -1"><span class='ocrx_word' id='word_1_85' title='bbox 3333 377 3436 434; x_wconf 66' lang='grc'><strong>586</strong></span> 
     </span>
    </p>
   </div>
   <div class='ocr_carea' id='block_1_21' title="bbox 2109 485 3308 561">
    <p class='ocr_par' dir='ltr' id='par_1_21' title="bbox 2109 485 3308 561">
     <span class='ocr_line' id='line_1_21' title="bbox 2109 485 3308 561; baseline 0.004 -21"><span class='ocrx_word' id='word_1_86' title='bbox 2109 486 2344 541; x_wconf 83' lang='lat' dir='ltr'><strong>Primum</strong></span> <span class='ocrx_word' id='word_1_87' title='bbox 2374 485 2468 541; x_wconf 90' lang='lat' dir='ltr'><strong>sed</strong></span> <span class='ocrx_word' id='word_1_88' title='bbox 2499 485 2678 556; x_wconf 82' lang='lat' dir='ltr'><strong>Agnes</strong></span> <span class='ocrx_word' id='word_1_89' title='bbox 2706 486 2848 542; x_wconf 91' lang='lat' dir='ltr'><strong>hunc</strong></span> <span class='ocrx_word' id='word_1_90' title='bbox 2877 486 3060 544; x_wconf 87' lang='lat' dir='ltr'><strong>habuit</strong></span> <span class='ocrx_word' id='word_1_91' title='bbox 3089 489 3308 561; x_wconf 81' lang='lat' dir='ltr'><strong>gradum</strong></span> 
     </span>
    </p>
   </div>
   <div class='ocr_carea' id='block_1_22' title="bbox 2112 578 3064 647">
    <p class='ocr_par' dir='ltr' id='par_1_22' title="bbox 2112 578 3064 647">
     <span class='ocr_line' id='line_1_22' title="bbox 2112 578 3064 647; baseline -0.003 -15"><span class='ocrx_word' id='word_1_92' title='bbox 2112 578 2357 633; x_wconf 73' lang='lat' dir='ltr'><strong>leestis</strong></span> <span class='ocrx_word' id='word_1_93' title='bbox 2387 578 2539 647; x_wconf 70' lang='lat' dir='ltr'><strong>aulae,</strong></span> <span class='ocrx_word' id='word_1_94' title='bbox 2573 593 2695 632; x_wconf 83' lang='lat' dir='ltr'><strong>mox</strong></span> <span class='ocrx_word' id='word_1_95' title='bbox 2726 579 2862 633; x_wconf 88' lang='lat' dir='ltr'><strong>alius</strong></span> <span class='ocrx_word' id='word_1_96' title='bbox 2889 579 3064 634; x_wconf 89' lang='lat' dir='ltr'><strong>datur.</strong></span> 
     </span>
    </p>
   </div>
   <div class='ocr_carea' id='block_1_23' title="bbox 2119 671 3087 728">
    <p class='ocr_par' dir='ltr' id='par_1_23' title="bbox 2119 671 3087 728">
     <span class='ocr_line' id='line_1_23' title="bbox 2119 671 3087 728; baseline 0 -2"><span class='ocrx_word' id='word_1_97' title='bbox 2119 674 2388 727; x_wconf 86' lang='lat' dir='ltr'><strong>Accensus</strong></span> <span class='ocrx_word' id='word_1_98' title='bbox 2415 671 2546 725; x_wconf 90' lang='lat' dir='ltr'><strong>iram</strong></span> <span class='ocrx_word' id='word_1_99' title='bbox 2577 685 2697 726; x_wconf 88' lang='lat' dir='ltr'><strong>nam</strong></span> <span class='ocrx_word' id='word_1_100' title='bbox 2730 672 2875 726; x_wconf 92' lang='lat' dir='ltr'><strong>furor</strong></span> <span class='ocrx_word' id='word_1_101' title='bbox 2902 673 3087 728; x_wconf 89' lang='lat' dir='ltr'><strong>incitat</strong></span> 
     </span>
    </p>
   </div>
   <div class='ocr_carea' id='block_1_24' title="bbox 2115 761 3184 832">
    <p class='ocr_par' dir='ltr' id='par_1_24' title="bbox 2115 761 3184 832">
     <span class='ocr_line' id='line_1_24' title="bbox 2115 761 3184 832; baseline 0.002 -16"><span class='ocrx_word' id='word_1_102' title='bbox 2115 762 2294 817; x_wconf 82' lang='lat' dir='ltr'><strong>llostis</strong></span> <span class='ocrx_word' id='word_1_103' title='bbox 2319 762 2545 816; x_wconf 88' lang='lat' dir='ltr'><strong>cruenti.</strong></span> <span class='ocrx_word' id='word_1_104' title='bbox 2591 761 2805 826; x_wconf 87' lang='lat' dir='ltr'><strong>Vincor,</strong></span> <span class='ocrx_word' id='word_1_105' title='bbox 2839 763 2911 816; x_wconf 88' lang='lat' dir='ltr'><strong>ait</strong></span> <span class='ocrx_word' id='word_1_106' title='bbox 2932 779 3184 832; x_wconf 78' lang='lat' dir='ltr'><strong>gemens,</strong></span> 
     </span>
    </p>
   </div>
   <div class='ocr_carea' id='block_1_25' title="bbox 1867 852 3117 922">
    <p class='ocr_par' dir='ltr' id='par_1_25' title="bbox 1867 852 3117 922">
     <span class='ocr_line' id='line_1_25' title="bbox 1867 852 3117 922; baseline 0.001 -15"><span class='ocrx_word' id='word_1_107' title='bbox 1867 852 1935 907; x_wconf 79' lang='lat'><strong>65</strong></span> <span class='ocrx_word' id='word_1_108' title='bbox 2121 853 2163 916; x_wconf 91' lang='lat' dir='ltr'><strong>l,</strong></span> <span class='ocrx_word' id='word_1_109' title='bbox 2192 853 2393 922; x_wconf 86' lang='lat' dir='ltr'><strong>stringe</strong></span> <span class='ocrx_word' id='word_1_110' title='bbox 2423 853 2642 917; x_wconf 91' lang='lat' dir='ltr'><strong>ferrum,</strong></span> <span class='ocrx_word' id='word_1_111' title='bbox 2674 853 2848 918; x_wconf 88' lang='lat' dir='ltr'><strong>miles,</strong></span> <span class='ocrx_word' id='word_1_112' title='bbox 2880 861 2935 908; x_wconf 91' lang='lat' dir='ltr'><strong>et</strong></span> <span class='ocrx_word' id='word_1_113' title='bbox 2957 870 3117 908; x_wconf 79' lang='lat' dir='ltr'><strong>exere</strong></span> 
     </span>
    </p>
   </div>
   <div class='ocr_carea' id='block_1_26' title="bbox 2115 944 3084 1014">
    <p class='ocr_par' dir='ltr' id='par_1_26' title="bbox 2115 944 3084 1014">
     <span class='ocr_line' id='line_1_26' title="bbox 2115 944 3084 1014; baseline 0.001 -17"><span class='ocrx_word' id='word_1_114' title='bbox 2115 944 2386 1010; x_wconf 74' lang='lat' dir='ltr'><strong>Prmcepta</strong></span> <span class='ocrx_word' id='word_1_115' title='bbox 2413 945 2603 998; x_wconf 89' lang='lat' dir='ltr'><strong>summi</strong></span> <span class='ocrx_word' id='word_1_116' title='bbox 2636 944 2776 1014; x_wconf 86' lang='lat' dir='ltr'><strong>regia</strong></span> <span class='ocrx_word' id='word_1_117' title='bbox 2813 944 3084 1014; x_wconf 90' lang='lat' dir='ltr'><strong>principis.</strong></span> 
     </span>
    </p>
   </div>
   <div class='ocr_carea' id='block_1_27' title="bbox 2116 1033 3158 1104">
    <p class='ocr_par' dir='ltr' id='par_1_27' title="bbox 2116 1033 3158 1104">
     <span class='ocr_line' id='line_1_27' title="bbox 2116 1033 3158 1104; baseline 0.006 -15"><span class='ocrx_word' id='word_1_118' title='bbox 2116 1033 2186 1089; x_wconf 84' lang='lat' dir='ltr'><strong>Ut</strong></span> <span class='ocrx_word' id='word_1_119' title='bbox 2214 1034 2348 1089; x_wconf 84' lang='lat' dir='ltr'><strong>vidit</strong></span> <span class='ocrx_word' id='word_1_120' title='bbox 2375 1042 2553 1104; x_wconf 86' lang='lat' dir='ltr'><strong>Agnes</strong></span> <span class='ocrx_word' id='word_1_121' title='bbox 2579 1045 2722 1091; x_wconf 90' lang='lat' dir='ltr'><strong>stare</strong></span> <span class='ocrx_word' id='word_1_122' title='bbox 2753 1047 2957 1093; x_wconf 84' lang='lat' dir='ltr'><strong>trucem</strong></span> <span class='ocrx_word' id='word_1_123' title='bbox 2990 1040 3158 1096; x_wconf 86' lang='lat' dir='ltr'><strong>virum</strong></span> 
     </span>
    </p>
   </div>
   <div class='ocr_carea' id='block_1_28' title="bbox 2116 1126 3029 1192">
    <p class='ocr_par' dir='ltr' id='par_1_28' title="bbox 2116 1126 3029 1192">
     <span class='ocr_line' id='line_1_28' title="bbox 2116 1126 3029 1192; baseline 0.002 -13"><span class='ocrx_word' id='word_1_124' title='bbox 2116 1126 2365 1182; x_wconf 85' lang='lat' dir='ltr'><strong>Mucrone</strong></span> <span class='ocrx_word' id='word_1_125' title='bbox 2396 1127 2558 1192; x_wconf 93' lang='lat' dir='ltr'><strong>nudo,</strong></span> <span class='ocrx_word' id='word_1_126' title='bbox 2586 1128 2755 1182; x_wconf 60' lang='lat' dir='ltr'><strong>laetior</strong></span> <span class='ocrx_word' id='word_1_127' title='bbox 2785 1129 2898 1184; x_wconf 67' lang='lat' dir='ltr'><strong>hinc</strong></span> <span class='ocrx_word' id='word_1_128' title='bbox 2920 1132 2994 1185; x_wconf 86' lang='lat' dir='ltr'><strong>ait</strong></span> <span class='ocrx_word' id='word_1_129' title='bbox 3018 1150 3029 1181; x_wconf 89' lang='lat'><strong>:</strong></span> 
     </span>
    </p>
   </div>
   <div class='ocr_carea' id='block_1_29' title="bbox 2116 1222 3061 1292">
    <p class='ocr_par' dir='ltr' id='par_1_29' title="bbox 2116 1222 3061 1292">
     <span class='ocr_line' id='line_1_29' title="bbox 2116 1222 3061 1292; baseline 0.003 -16"><span class='ocrx_word' id='word_1_130' title='bbox 2116 1222 2363 1287; x_wconf 83' lang='lat' dir='ltr'><strong>Exsulto,</strong></span> <span class='ocrx_word' id='word_1_131' title='bbox 2393 1222 2512 1276; x_wconf 90' lang='lat' dir='ltr'><strong>talis</strong></span> <span class='ocrx_word' id='word_1_132' title='bbox 2543 1223 2681 1291; x_wconf 92' lang='lat' dir='ltr'><strong>quod</strong></span> <span class='ocrx_word' id='word_1_133' title='bbox 2715 1227 2889 1292; x_wconf 88' lang='lat' dir='ltr'><strong>potius</strong></span> <span class='ocrx_word' id='word_1_134' title='bbox 2920 1227 3061 1280; x_wconf 87' lang='lat' dir='ltr'><strong>venit</strong></span> 
     </span>
    </p>
   </div>
   <div class='ocr_carea' id='block_1_30' title="bbox 1868 1315 3381 1390">
    <p class='ocr_par' dir='ltr' id='par_1_30' title="bbox 1868 1315 3381 1390">
     <span class='ocr_line' id='line_1_30' title="bbox 1868 1315 3381 1390; baseline 0.005 -22"><span class='ocrx_word' id='word_1_135' title='bbox 1868 1316 1934 1369; x_wconf 83' lang='grc'><strong>70</strong></span> <span class='ocrx_word' id='word_1_136' title='bbox 2119 1317 2329 1387; x_wconf 69' lang='lat'><strong>1220</strong></span> <span class='ocrx_word' id='word_1_137' title='bbox 2353 1315 2609 1382; x_wconf 81' lang='lat' dir='ltr'><strong>Vesanus,</strong></span> <span class='ocrx_word' id='word_1_138' title='bbox 2639 1327 2812 1382; x_wconf 86' lang='lat' dir='ltr'><strong>atrox,</strong></span> <span class='ocrx_word' id='word_1_139' title='bbox 2842 1319 3102 1384; x_wconf 89' lang='lat' dir='ltr'><strong>turbidus,</strong></span> <span class='ocrx_word' id='word_1_140' title='bbox 3133 1320 3381 1390; x_wconf 82' lang='lat' dir='ltr'><strong>armiger,</strong></span> 
     </span>
    </p>
   </div>
   <div class='ocr_carea' id='block_1_31' title="bbox 2114 1407 3219 1477">
    <p class='ocr_par' dir='ltr' id='par_1_31' title="bbox 2114 1407 3219 1477">
     <span class='ocr_line' id='line_1_31' title="bbox 2114 1407 3219 1477; baseline 0.005 -17"><span class='ocrx_word' id='word_1_141' title='bbox 2114 1408 2282 1474; x_wconf 90' lang='lat' dir='ltr'><strong>Quam</strong></span> <span class='ocrx_word' id='word_1_142' title='bbox 2314 1407 2356 1459; x_wconf 94' lang='lat' dir='ltr'><strong>si</strong></span> <span class='ocrx_word' id='word_1_143' title='bbox 2390 1407 2596 1462; x_wconf 88' lang='lat' dir='ltr'><strong>veniret</strong></span> <span class='ocrx_word' id='word_1_144' title='bbox 2628 1408 2927 1477; x_wconf 89' lang='lat' dir='ltr'><strong>languidus,</strong></span> <span class='ocrx_word' id='word_1_145' title='bbox 2955 1424 3018 1463; x_wconf 92' lang='lat' dir='ltr'><strong>ac</strong></span> <span class='ocrx_word' id='word_1_146' title='bbox 3050 1420 3219 1476; x_wconf 89' lang='lat' dir='ltr'><strong>tener,</strong></span> 
     </span>
    </p>
   </div>
   <div class='ocr_carea' id='block_1_32' title="bbox 2121 1497 3161 1567">
    <p class='ocr_par' dir='ltr' id='par_1_32' title="bbox 2121 1497 3161 1567">
     <span class='ocr_line' id='line_1_32' title="bbox 2121 1497 3161 1567; baseline 0.004 -16"><span class='ocrx_word' id='word_1_147' title='bbox 2121 1497 2398 1567; x_wconf 84' lang='lat' dir='ltr'><strong>Mollisquc</strong></span> <span class='ocrx_word' id='word_1_148' title='bbox 2419 1498 2653 1566; x_wconf 78' lang='lat' dir='ltr'><strong>ephebus</strong></span> <span class='ocrx_word' id='word_1_149' title='bbox 2679 1500 2873 1554; x_wconf 84' lang='lat' dir='ltr'><strong>tinctus</strong></span> <span class='ocrx_word' id='word_1_150' title='bbox 2901 1511 3161 1561; x_wconf 89' lang='lat' dir='ltr'><strong>aromate.</strong></span> 
     </span>
    </p>
   </div>
   <div class='ocr_carea' id='block_1_33' title="bbox 2117 1590 3138 1658">
    <p class='ocr_par' dir='ltr' id='par_1_33' title="bbox 2117 1590 3138 1658">
     <span class='ocr_line' id='line_1_33' title="bbox 2117 1590 3138 1658; baseline 0.002 -16"><span class='ocrx_word' id='word_1_151' title='bbox 2117 1591 2214 1657; x_wconf 85' lang='lat' dir='ltr'><strong>Qui</strong></span> <span class='ocrx_word' id='word_1_152' title='bbox 2249 1605 2332 1644; x_wconf 92' lang='lat' dir='ltr'><strong>me</strong></span> <span class='ocrx_word' id='word_1_153' title='bbox 2360 1590 2577 1658; x_wconf 89' lang='lat' dir='ltr'><strong>pudoris</strong></span> <span class='ocrx_word' id='word_1_154' title='bbox 2609 1590 2794 1644; x_wconf 89' lang='lat' dir='ltr'><strong>funere</strong></span> <span class='ocrx_word' id='word_1_155' title='bbox 2821 1591 3084 1658; x_wconf 83' lang='lat' dir='ltr'><strong>perderet.</strong></span> <span class='ocrx_word' id='word_1_156' title='bbox 3125 1600 3138 1632; x_wconf 76' lang='lat'><strong>‘-</strong></span> 
     </span>
    </p>
   </div>
   <div class='ocr_carea' id='block_1_34' title="bbox 2117 1683 3198 1752">
    <p class='ocr_par' dir='ltr' id='par_1_34' title="bbox 2117 1683 3198 1752">
     <span class='ocr_line' id='line_1_34' title="bbox 2117 1683 3198 1752; baseline -0.001 -16"><span class='ocrx_word' id='word_1_157' title='bbox 2117 1683 2232 1750; x_wconf 90' lang='lat' dir='ltr'><strong>llic,</strong></span> <span class='ocrx_word' id='word_1_158' title='bbox 2258 1684 2343 1736; x_wconf 90' lang='lat' dir='ltr'><strong>hic</strong></span> <span class='ocrx_word' id='word_1_159' title='bbox 2369 1691 2574 1736; x_wconf 89' lang='lat' dir='ltr'><strong>amator</strong></span> <span class='ocrx_word' id='word_1_160' title='bbox 2601 1683 2732 1752; x_wconf 90' lang='lat' dir='ltr'><strong>jam,</strong></span> <span class='ocrx_word' id='word_1_161' title='bbox 2765 1684 2953 1748; x_wconf 89' lang='lat' dir='ltr'><strong>fateor,</strong></span> <span class='ocrx_word' id='word_1_162' title='bbox 2987 1685 3152 1749; x_wconf 81' lang='lat' dir='ltr'><strong>placet</strong></span> <span class='ocrx_word' id='word_1_163' title='bbox 3189 1703 3198 1735; x_wconf 87' lang='lat'><strong>:</strong></span> 
     </span>
    </p>
   </div>
   <div class='ocr_carea' id='block_1_35' title="bbox 1869 1773 3028 1842">
    <p class='ocr_par' dir='ltr' id='par_1_35' title="bbox 1869 1773 3028 1842">
     <span class='ocr_line' id='line_1_35' title="bbox 1869 1773 3028 1842; baseline -0.003 -13"><span class='ocrx_word' id='word_1_164' title='bbox 1869 1776 1936 1829; x_wconf 78' lang='lat'><strong>75</strong></span> <span class='ocrx_word' id='word_1_165' title='bbox 2115 1773 2205 1828; x_wconf 91' lang='lat' dir='ltr'><strong>Ibo</strong></span> <span class='ocrx_word' id='word_1_166' title='bbox 2232 1774 2481 1828; x_wconf 90' lang='lat' dir='ltr'><strong>irruentis</strong></span> <span class='ocrx_word' id='word_1_167' title='bbox 2507 1773 2777 1842; x_wconf 87' lang='lat' dir='ltr'><strong>gressibus</strong></span> <span class='ocrx_word' id='word_1_168' title='bbox 2799 1775 3028 1837; x_wconf 79' lang='lat' dir='ltr'><strong>obviam,</strong></span> 
     </span>
    </p>
   </div>
   <div class='ocr_carea' id='block_1_36' title="bbox 1527 1987 2187 2044">
    <p class='ocr_par' dir='ltr' id='par_1_36' title="bbox 1527 1987 2187 2044">
     <span class='ocr_line' id='line_1_36' title="bbox 1527 1987 2187 2044; baseline 0 -4"><span class='ocrx_word' id='word_1_169' title='bbox 1527 1987 1812 2043; x_wconf 66' lang='lat' dir='ltr'><strong>GLOSSE</strong></span> <span class='ocrx_word' id='word_1_170' title='bbox 1857 1987 2187 2044; x_wconf 78' lang='lat' dir='ltr'><strong>VETERES.</strong></span> 
     </span>
    </p>
   </div>
   <div class='ocr_carea' id='block_1_37' title="bbox 248 2095 1013 2162">
    <p class='ocr_par' dir='ltr' id='par_1_37' title="bbox 248 2095 1013 2162">
     <span class='ocr_line' id='line_1_37' title="bbox 248 2095 1013 2162; baseline 0.001 -11"><span class='ocrx_word' id='word_1_171' title='bbox 248 2095 339 2151; x_wconf 71' lang='grc'><strong>16.</strong></span> <span class='ocrx_word' id='word_1_172' title='bbox 373 2095 450 2150; x_wconf 86' lang='lat' dir='ltr'><strong>En</strong></span> <span class='ocrx_word' id='word_1_173' title='bbox 480 2095 612 2162; x_wconf 84' lang='lat' dir='ltr'><strong>ales,</strong></span> <span class='ocrx_word' id='word_1_174' title='bbox 637 2113 747 2152; x_wconf 87' lang='lat' dir='ltr'><strong>ecce</strong></span> <span class='ocrx_word' id='word_1_175' title='bbox 775 2099 938 2162; x_wconf 74' lang='lat' dir='ltr'><strong>velox,</strong></span> <span class='ocrx_word' id='word_1_176' title='bbox 974 2098 1013 2153; x_wconf 91' lang='grc'><strong>1.</strong></span> 
     </span>
    </p>
   </div>
   <div class='ocr_carea' id='block_1_38' title="bbox 247 2165 1764 2236">
    <p class='ocr_par' dir='ltr' id='par_1_38' title="bbox 247 2165 1764 2236">
     <span class='ocr_line' id='line_1_38' title="bbox 247 2165 1764 2236; baseline 0.002 -17"><span class='ocrx_word' id='word_1_177' title='bbox 247 2165 341 2222; x_wconf 87' lang='grc'><strong>50.</strong></span> <span class='ocrx_word' id='word_1_178' title='bbox 364 2167 597 2229; x_wconf 84' lang='lat' dir='ltr'><strong>Tollunt,</strong></span> <span class='ocrx_word' id='word_1_179' title='bbox 629 2168 844 2222; x_wconf 87' lang='lat' dir='ltr'><strong>elevant.</strong></span> <span class='ocrx_word' id='word_1_180' title='bbox 870 2200 937 2208; x_wconf 94' lang='lat'><strong><em>—</em></strong></span> <span class='ocrx_word' id='word_1_181' title='bbox 968 2168 1209 2223; x_wconf 87' lang='lat' dir='ltr'><strong>Sodales.</strong></span> <span class='ocrx_word' id='word_1_182' title='bbox 1244 2169 1460 2223; x_wconf 81' lang='lat' dir='ltr'><strong>Sodales</strong></span> <span class='ocrx_word' id='word_1_183' title='bbox 1501 2170 1764 2236; x_wconf 87' lang='lat' dir='ltr'><strong>dicuntur,</strong></span> 
     </span>
    </p>
   </div>
   <div class='ocr_carea' id='block_1_39' title="bbox 172 2239 1565 2308">
    <p class='ocr_par' dir='ltr' id='par_1_39' title="bbox 172 2239 1565 2308">
     <span class='ocr_line' id='line_1_39' title="bbox 172 2239 1565 2308; baseline 0.001 -16"><span class='ocrx_word' id='word_1_184' title='bbox 172 2239 330 2308; x_wconf 81' lang='lat' dir='ltr'><strong>quasi</strong></span> <span class='ocrx_word' id='word_1_185' title='bbox 359 2240 511 2292; x_wconf 90' lang='lat' dir='ltr'><strong>simul</strong></span> <span class='ocrx_word' id='word_1_186' title='bbox 541 2240 729 2302; x_wconf 87' lang='lat' dir='ltr'><strong>edales,</strong></span> <span class='ocrx_word' id='word_1_187' title='bbox 751 2240 803 2291; x_wconf 88' lang='lat' dir='ltr'><strong>id</strong></span> <span class='ocrx_word' id='word_1_188' title='bbox 825 2250 919 2302; x_wconf 89' lang='lat' dir='ltr'><strong>est,</strong></span> <span class='ocrx_word' id='word_1_189' title='bbox 949 2241 1100 2292; x_wconf 89' lang='lat' dir='ltr'><strong>simul</strong></span> <span class='ocrx_word' id='word_1_190' title='bbox 1121 2240 1505 2303; x_wconf 82' lang='lat' dir='ltr'><strong>manducantes,</strong></span> <span class='ocrx_word' id='word_1_191' title='bbox 1529 2241 1565 2294; x_wconf 95' lang='lat' dir='ltr'><strong>I.</strong></span> 
     </span>
    </p>
   </div>
   <div class='ocr_carea' id='block_1_40' title="bbox 245 2309 1648 2379">
    <p class='ocr_par' dir='ltr' id='par_1_40' title="bbox 245 2309 1648 2379">
     <span class='ocr_line' id='line_1_40' title="bbox 245 2309 1648 2379; baseline 0.003 -17"><span class='ocrx_word' id='word_1_192' title='bbox 245 2309 336 2365; x_wconf 80' lang='grc'><strong>51.</strong></span> <span class='ocrx_word' id='word_1_193' title='bbox 363 2309 788 2377; x_wconf 84' lang='lat' dir='ltr'><strong>Exsequialibus,</strong></span> <span class='ocrx_word' id='word_1_194' title='bbox 819 2312 907 2379; x_wconf 87' lang='lat' dir='ltr'><strong>qui</strong></span> <span class='ocrx_word' id='word_1_195' title='bbox 929 2311 979 2364; x_wconf 90' lang='lat' dir='ltr'><strong>in</strong></span> <span class='ocrx_word' id='word_1_196' title='bbox 995 2312 1240 2379; x_wconf 70' lang='lat' dir='ltr'><strong>exsequiis</strong></span> <span class='ocrx_word' id='word_1_197' title='bbox 1267 2313 1590 2377; x_wconf 88' lang='lat' dir='ltr'><strong>conveniunt,</strong></span> <span class='ocrx_word' id='word_1_198' title='bbox 1612 2313 1648 2366; x_wconf 91' lang='lat' dir='ltr'><strong>l.</strong></span> 
     </span>
    </p>
   </div>
   <div class='ocr_carea' id='block_1_41' title="bbox 243 2380 899 2448">
    <p class='ocr_par' dir='ltr' id='par_1_41' title="bbox 243 2380 899 2448">
     <span class='ocr_line' id='line_1_41' title="bbox 243 2380 899 2448; baseline -0.002 -14"><span class='ocrx_word' id='word_1_199' title='bbox 243 2380 341 2434; x_wconf 79' lang='grc'><strong>54.</strong></span> <span class='ocrx_word' id='word_1_200' title='bbox 371 2380 543 2445; x_wconf 89' lang='lat' dir='ltr'><strong>Quod,</strong></span> <span class='ocrx_word' id='word_1_201' title='bbox 566 2395 626 2432; x_wconf 92' lang='lat' dir='ltr'><strong>eo</strong></span> <span class='ocrx_word' id='word_1_202' title='bbox 675 2381 831 2448; x_wconf 83' lang='lat' dir='ltr'><strong>quod,</strong></span> <span class='ocrx_word' id='word_1_203' title='bbox 859 2381 899 2433; x_wconf 86' lang='grc' dir='ltr'><strong>Ι.</strong></span> 
     </span>
    </p>
   </div>
   <div class='ocr_carea' id='block_1_42' title="bbox 241 2449 1762 2519">
    <p class='ocr_par' dir='ltr' id='par_1_42' title="bbox 241 2449 1762 2519">
     <span class='ocr_line' id='line_1_42' title="bbox 241 2449 1762 2519; baseline 0.002 -14"><span class='ocrx_word' id='word_1_204' title='bbox 241 2451 340 2507; x_wconf 88' lang='grc'><strong>60.</strong></span> <span class='ocrx_word' id='word_1_205' title='bbox 375 2449 720 2514; x_wconf 89' lang='lat' dir='ltr'><strong>lnnovatum,</strong></span> <span class='ocrx_word' id='word_1_206' title='bbox 767 2450 960 2504; x_wconf 83' lang='lat' dir='ltr'><strong>scilicet</strong></span> <span class='ocrx_word' id='word_1_207' title='bbox 997 2451 1244 2519; x_wconf 80' lang='lat' dir='ltr'><strong>referunt.</strong></span> <span class='ocrx_word' id='word_1_208' title='bbox 1288 2482 1353 2491; x_wconf 90' lang='lat'><strong>-—</strong></span> <span class='ocrx_word' id='word_1_209' title='bbox 1385 2451 1595 2508; x_wconf 85' lang='lat' dir='ltr'><strong>Visibus</strong></span> <span class='ocrx_word' id='word_1_210' title='bbox 1626 2452 1762 2508; x_wconf 82' lang='lat' dir='ltr'><strong>inte-</strong></span> 
     </span>
    </p>
   </div>
   <div class='ocr_carea' id='block_1_43' title="bbox 168 2521 996 2593">
    <p class='ocr_par' dir='ltr' id='par_1_43' title="bbox 168 2521 996 2593">
     <span class='ocr_line' id='line_1_43' title="bbox 168 2521 996 2593; baseline -0.005 -17"><span class='ocrx_word' id='word_1_211' title='bbox 168 2523 304 2593; x_wconf 86' lang='lat' dir='ltr'><strong>gris.</strong></span> <span class='ocrx_word' id='word_1_212' title='bbox 339 2521 644 2593; x_wconf 68' lang='lat' dir='ltr'><strong>virginitatis</strong></span> <span class='ocrx_word' id='word_1_213' title='bbox 669 2521 919 2593; x_wconf 86' lang='lat' dir='ltr'><strong>custodia,</strong></span> <span class='ocrx_word' id='word_1_214' title='bbox 956 2521 996 2574; x_wconf 92' lang='grc' dir='ltr'><strong>Ι.</strong></span> 
     </span>
    </p>
   </div>
   <div class='ocr_carea' id='block_1_44' title="bbox 243 2590 1050 2657">
    <p class='ocr_par' dir='ltr' id='par_1_44' title="bbox 243 2590 1050 2657">
     <span class='ocr_line' id='line_1_44' title="bbox 243 2590 1050 2657; baseline -0.002 -10"><span class='ocrx_word' id='word_1_215' title='bbox 243 2593 338 2647; x_wconf 78' lang='grc'><strong>61.</strong></span> <span class='ocrx_word' id='word_1_216' title='bbox 375 2590 630 2656; x_wconf 85' lang='lat' dir='ltr'><strong>Gradum,</strong></span> <span class='ocrx_word' id='word_1_217' title='bbox 659 2592 982 2657; x_wconf 84' lang='lat' dir='ltr'><strong>miraculum,</strong></span> <span class='ocrx_word' id='word_1_218' title='bbox 1009 2591 1050 2645; x_wconf 91' lang='grc' dir='ltr'><strong>Ι.</strong></span> 
     </span>
    </p>
   </div>
   <div class='ocr_carea' id='block_1_45' title="bbox 1942 2099 2914 2167">
    <p class='ocr_par' dir='ltr' id='par_1_45' title="bbox 1942 2099 2914 2167">
     <span class='ocr_line' id='line_1_45' title="bbox 1942 2099 2914 2167; baseline -0.003 -14"><span class='ocrx_word' id='word_1_219' title='bbox 1942 2102 2028 2155; x_wconf 75' lang='grc'><strong>65.</strong></span> <span class='ocrx_word' id='word_1_220' title='bbox 2064 2102 2350 2164; x_wconf 86' lang='lat' dir='ltr'><strong>Ascensus,</strong></span> <span class='ocrx_word' id='word_1_221' title='bbox 2379 2102 2606 2167; x_wconf 79' lang='lat' dir='ltr'><strong>mmtgrii</strong></span> <span class='ocrx_word' id='word_1_222' title='bbox 2637 2101 2849 2167; x_wconf 82' lang='lat' dir='ltr'><strong>gradus.</strong></span> <span class='ocrx_word' id='word_1_223' title='bbox 2876 2099 2914 2152; x_wconf 92' lang='grc' dir='ltr'><strong>Ι.</strong></span> 
     </span>
    </p>
   </div>
   <div class='ocr_carea' id='block_1_46' title="bbox 1942 2172 3438 2241">
    <p class='ocr_par' dir='ltr' id='par_1_46' title="bbox 1942 2172 3438 2241">
     <span class='ocr_line' id='line_1_46' title="bbox 1942 2172 3438 2241; baseline -0.002 -17"><span class='ocrx_word' id='word_1_224' title='bbox 1942 2174 2030 2226; x_wconf 77' lang='grc'><strong>65.</strong></span> <span class='ocrx_word' id='word_1_225' title='bbox 2065 2175 2329 2241; x_wconf 87' lang='lat' dir='ltr'><strong>Astringe,</strong></span> <span class='ocrx_word' id='word_1_226' title='bbox 2361 2173 2592 2240; x_wconf 71' lang='lat' dir='ltr'><strong>euagina.</strong></span> <span class='ocrx_word' id='word_1_227' title='bbox 2622 2197 2691 2209; x_wconf 89' lang='lat'><strong><em>—</em></strong></span> <span class='ocrx_word' id='word_1_228' title='bbox 2726 2173 2917 2233; x_wconf 61' lang='lat' dir='ltr'><strong>Exerc,</strong></span> <span class='ocrx_word' id='word_1_229' title='bbox 2951 2172 3152 2238; x_wconf 75' lang='lat' dir='ltr'><strong>perﬁce,</strong></span> <span class='ocrx_word' id='word_1_230' title='bbox 3182 2172 3371 2239; x_wconf 81' lang='lat' dir='ltr'><strong>profer,</strong></span> <span class='ocrx_word' id='word_1_231' title='bbox 3397 2190 3438 2229; x_wconf 69' lang='grc' dir='ltr'><strong>θ.</strong></span> 
     </span>
    </p>
   </div>
   <div class='ocr_carea' id='block_1_47' title="bbox 1871 2243 2144 2306">
    <p class='ocr_par' dir='ltr' id='par_1_47' title="bbox 1871 2243 2144 2306">
     <span class='ocr_line' id='line_1_47' title="bbox 1871 2243 2144 2306; baseline -0.007 -10"><span class='ocrx_word' id='word_1_232' title='bbox 1871 2260 2045 2296; x_wconf 74' lang='lat' dir='ltr'><strong>exerce</strong></span> <span class='ocrx_word' id='word_1_233' title='bbox 2059 2284 2073 2306; x_wconf 94' lang='lat'><strong>,</strong></span> <span class='ocrx_word' id='word_1_234' title='bbox 2105 2243 2144 2295; x_wconf 95' lang='lat' dir='ltr'><strong>l.</strong></span> 
     </span>
    </p>
   </div>
   <div class='ocr_carea' id='block_1_48' title="bbox 1945 2310 3072 2377">
    <p class='ocr_par' dir='ltr' id='par_1_48' title="bbox 1945 2310 3072 2377">
     <span class='ocr_line' id='line_1_48' title="bbox 1945 2310 3072 2377; baseline -0.003 -12"><span class='ocrx_word' id='word_1_235' title='bbox 1945 2314 2030 2368; x_wconf 89' lang='lat'><strong>70.</strong></span> <span class='ocrx_word' id='word_1_236' title='bbox 2067 2313 2330 2377; x_wconf 80' lang='lat' dir='ltr'><strong>Vesanus,</strong></span> <span class='ocrx_word' id='word_1_237' title='bbox 2371 2320 2678 2365; x_wconf 82' lang='lat' dir='ltr'><strong>transvectus</strong></span> <span class='ocrx_word' id='word_1_238' title='bbox 2709 2328 2740 2363; x_wconf 80' lang='grc' dir='ltr'><em>α</em></span> <span class='ocrx_word' id='word_1_239' title='bbox 2769 2312 3002 2370; x_wconf 77' lang='lat' dir='ltr'><strong>sanitate,</strong></span> <span class='ocrx_word' id='word_1_240' title='bbox 3035 2310 3072 2363; x_wconf 85' lang='lat' dir='ltr'><strong>i.</strong></span> 
     </span>
    </p>
   </div>
   <div class='ocr_carea' id='block_1_49' title="bbox 1943 2381 3432 2450">
    <p class='ocr_par' dir='ltr' id='par_1_49' title="bbox 1943 2381 3432 2450">
     <span class='ocr_line' id='line_1_49' title="bbox 1943 2381 3432 2450; baseline 0.001 -14"><span class='ocrx_word' id='word_1_241' title='bbox 1943 2384 2034 2438; x_wconf 80' lang='lat'><strong>7‘2.</strong></span> <span class='ocrx_word' id='word_1_242' title='bbox 2055 2383 2321 2450; x_wconf 68' lang='lat' dir='ltr'><strong>Eplnabus,</strong></span> <span class='ocrx_word' id='word_1_243' title='bbox 2343 2387 2556 2450; x_wconf 74' lang='lat' dir='ltr'><strong>juvenis,</strong></span> <span class='ocrx_word' id='word_1_244' title='bbox 2583 2382 2834 2434; x_wconf 78' lang='lat' dir='ltr'><strong>imberbis.</strong></span> <span class='ocrx_word' id='word_1_245' title='bbox 2859 2411 2927 2420; x_wconf 89' lang='lat'>—</span> <span class='ocrx_word' id='word_1_246' title='bbox 2946 2381 3162 2435; x_wconf 77' lang='lat' dir='ltr'><strong>Tinctus</strong></span> <span class='ocrx_word' id='word_1_247' title='bbox 3184 2394 3432 2448; x_wconf 80' lang='lat' dir='ltr'><strong>aromate,</strong></span> 
     </span>
    </p>
   </div>
   <div class='ocr_carea' id='block_1_50' title="bbox 1874 2453 2887 2522">
    <p class='ocr_par' dir='ltr' id='par_1_50' title="bbox 1874 2453 2887 2522">
     <span class='ocr_line' id='line_1_50' title="bbox 1874 2453 2887 2522; baseline -0.001 -16"><span class='ocrx_word' id='word_1_248' title='bbox 1874 2463 2055 2506; x_wconf 85' lang='lat' dir='ltr'><strong>unctus</strong></span> <span class='ocrx_word' id='word_1_249' title='bbox 2081 2463 2355 2522; x_wconf 83' lang='lat' dir='ltr'><strong>unguento,</strong></span> <span class='ocrx_word' id='word_1_250' title='bbox 2387 2453 2424 2506; x_wconf 88' lang='lat' dir='ltr'><strong>l.</strong></span> <span class='ocrx_word' id='word_1_251' title='bbox 2730 2521 2737 2522; x_wconf 14' lang='grc' dir='ltr'>ί</span> <span class='ocrx_word' id='word_1_252' title='bbox 2882 2465 2887 2469; x_wconf 83' lang='grc'>·</span> 
     </span>
    </p>
   </div>
   <div class='ocr_carea' id='block_1_51' title="bbox 1944 2521 2763 2586">
    <p class='ocr_par' dir='ltr' id='par_1_51' title="bbox 1944 2521 2763 2586">
     <span class='ocr_line' id='line_1_51' title="bbox 1944 2521 2763 2586; baseline -0.001 -9"><span class='ocrx_word' id='word_1_253' title='bbox 1944 2526 2030 2578; x_wconf 82' lang='grc'><strong>75.</strong></span> <span class='ocrx_word' id='word_1_254' title='bbox 2064 2521 2292 2586; x_wconf 81' lang='lat' dir='ltr'><strong>Funere,</strong></span> <span class='ocrx_word' id='word_1_255' title='bbox 2322 2533 2502 2585; x_wconf 89' lang='lat' dir='ltr'><strong>morte,</strong></span> <span class='ocrx_word' id='word_1_256' title='bbox 2537 2524 2690 2584; x_wconf 86' lang='lat' dir='ltr'><strong>luctu,</strong></span> <span class='ocrx_word' id='word_1_257' title='bbox 2727 2521 2763 2576; x_wconf 95' lang='grc' dir='ltr'><strong>Ι.</strong></span> 
     </span>
    </p>
   </div>
   <div class='ocr_carea' id='block_1_52' title="bbox 1944 2593 2560 2660">
    <p class='ocr_par' dir='ltr' id='par_1_52' title="bbox 1944 2593 2560 2660">
     <span class='ocr_line' id='line_1_52' title="bbox 1944 2593 2560 2660; baseline -0.002 -13"><span class='ocrx_word' id='word_1_258' title='bbox 1944 2593 2031 2648; x_wconf 76' lang='grc'><strong>74.</strong></span> <span class='ocrx_word' id='word_1_259' title='bbox 2066 2595 2181 2660; x_wconf 88' lang='lat' dir='ltr'><strong>llic,</strong></span> <span class='ocrx_word' id='word_1_260' title='bbox 2216 2594 2318 2658; x_wconf 89' lang='lat' dir='ltr'><strong>hic,</strong></span> <span class='ocrx_word' id='word_1_261' title='bbox 2352 2594 2488 2657; x_wconf 86' lang='lat' dir='ltr'><strong>talis,</strong></span> <span class='ocrx_word' id='word_1_262' title='bbox 2526 2594 2560 2646; x_wconf 92' lang='grc' dir='ltr'><strong>Ι.</strong></span> 
     </span>
    </p>
   </div>
   <div class='ocr_carea' id='block_1_53' title="bbox 1581 2701 2152 2760">
    <p class='ocr_par' dir='ltr' id='par_1_53' title="bbox 1581 2701 2152 2760">
     <span class='ocr_line' id='line_1_53' title="bbox 1581 2701 2152 2760; baseline -0.002 -3"><span class='ocrx_word' id='word_1_263' title='bbox 1581 2701 2152 2760; x_wconf 70' lang='lat' dir='ltr'><strong>COMMENTARIUS.</strong></span> 
     </span>
    </p>
   </div>
   <div class='ocr_carea' id='block_1_54' title="bbox 243 2796 1764 2865">
    <p class='ocr_par' dir='ltr' id='par_1_54' title="bbox 243 2796 1764 2865">
     <span class='ocr_line' id='line_1_54' title="bbox 243 2796 1764 2865; baseline -0.001 -13"><span class='ocrx_word' id='word_1_264' title='bbox 243 2797 340 2852; x_wconf 78' lang='grc'><strong>45.</strong></span> <span class='ocrx_word' id='word_1_265' title='bbox 367 2796 487 2850; x_wconf 85' lang='lat' dir='ltr'><strong>Ald.</strong></span> <span class='ocrx_word' id='word_1_266' title='bbox 515 2797 670 2860; x_wconf 88' lang='lat' dir='ltr'><strong>male,</strong></span> <span class='ocrx_word' id='word_1_267' title='bbox 698 2804 988 2864; x_wconf 78' lang='lat' dir='ltr'><strong>exspectare</strong></span> <span class='ocrx_word' id='word_1_268' title='bbox 1010 2797 1262 2865; x_wconf 79' lang='lat' dir='ltr'><strong>formam;</strong></span> <span class='ocrx_word' id='word_1_269' title='bbox 1281 2810 1378 2850; x_wconf 89' lang='lat' dir='ltr'><strong>nec</strong></span> <span class='ocrx_word' id='word_1_270' title='bbox 1401 2797 1593 2852; x_wconf 86' lang='lat' dir='ltr'><strong>melius</strong></span> <span class='ocrx_word' id='word_1_271' title='bbox 1613 2809 1764 2852; x_wconf 86' lang='lat' dir='ltr'><strong>vetus</strong></span> 
     </span>
    </p>
   </div>
   <div class='ocr_carea' id='block_1_55' title="bbox 167 2865 1764 2935">
    <p class='ocr_par' dir='ltr' id='par_1_55' title="bbox 167 2865 1764 2935">
     <span class='ocr_line' id='line_1_55' title="bbox 167 2865 1764 2935; baseline -0.001 -11"><span class='ocrx_word' id='word_1_272' title='bbox 167 2869 348 2924; x_wconf 83' lang='lat' dir='ltr'><strong>codex</strong></span> <span class='ocrx_word' id='word_1_273' title='bbox 378 2867 427 2921; x_wconf 92' lang='lat' dir='ltr'><strong>in</strong></span> <span class='ocrx_word' id='word_1_274' title='bbox 447 2866 682 2920; x_wconf 84' lang='lat' dir='ltr'><strong>editione</strong></span> <span class='ocrx_word' id='word_1_275' title='bbox 717 2865 1031 2929; x_wconf 87' lang='lat' dir='ltr'><strong>Weitziana,</strong></span> <span class='ocrx_word' id='word_1_276' title='bbox 1076 2866 1291 2934; x_wconf 80' lang='lat' dir='ltr'><strong>formum</strong></span> <span class='ocrx_word' id='word_1_277' title='bbox 1322 2879 1644 2935; x_wconf 75' lang='lat' dir='ltr'><strong>exspectare;</strong></span> <span class='ocrx_word' id='word_1_278' title='bbox 1672 2877 1764 2922; x_wconf 89' lang='lat' dir='ltr'><strong>aut</strong></span> 
     </span>
    </p>
   </div>
   <div class='ocr_carea' id='block_1_56' title="bbox 165 2937 1764 3006">
    <p class='ocr_par' dir='ltr' id='par_1_56' title="bbox 165 2937 1764 3006">
     <span class='ocr_line' id='line_1_56' title="bbox 165 2937 1764 3006; baseline -0.004 -12"><span class='ocrx_word' id='word_1_279' title='bbox 165 2941 676 3004; x_wconf 80' lang='lat' dir='ltr'><strong>Torn.,e.rspectans</strong></span> <span class='ocrx_word' id='word_1_280' title='bbox 702 2939 950 3004; x_wconf 80' lang='lat' dir='ltr'><strong>formam;</strong></span> <span class='ocrx_word' id='word_1_281' title='bbox 976 2944 1068 2989; x_wconf 86' lang='lat' dir='ltr'><strong>aut</strong></span> <span class='ocrx_word' id='word_1_282' title='bbox 1087 2937 1344 3001; x_wconf 87' lang='lat' dir='ltr'><strong>Latinius,</strong></span> <span class='ocrx_word' id='word_1_283' title='bbox 1374 2940 1634 3006; x_wconf 87' lang='lat' dir='ltr'><strong>despectas</strong></span> <span class='ocrx_word' id='word_1_284' title='bbox 1657 2941 1764 3004; x_wconf 74' lang='lat' dir='ltr'><strong>{or-</strong></span> 
     </span>
    </p>
   </div>
   <div class='ocr_carea' id='block_1_57' title="bbox 167 3007 1760 3078">
    <p class='ocr_par' dir='ltr' id='par_1_57' title="bbox 167 3007 1760 3078">
     <span class='ocr_line' id='line_1_57' title="bbox 167 3007 1760 3078; baseline 0.001 -17"><span class='ocrx_word' id='word_1_285' title='bbox 167 3025 336 3062; x_wconf 86' lang='lat' dir='ltr'><strong>mam.</strong></span> <span class='ocrx_word' id='word_1_286' title='bbox 391 3009 527 3061; x_wconf 86' lang='lat' dir='ltr'><strong>Dicit</strong></span> <span class='ocrx_word' id='word_1_287' title='bbox 556 3009 743 3059; x_wconf 87' lang='lat' dir='ltr'><strong>lumine</strong></span> <span class='ocrx_word' id='word_1_288' title='bbox 786 3007 993 3067; x_wconf 85' lang='lat' dir='ltr'><strong>lubrico,</strong></span> <span class='ocrx_word' id='word_1_289' title='bbox 1035 3018 1108 3078; x_wconf 17' lang='lat' dir='ltr'><strong>Aut</strong></span> <span class='ocrx_word' id='word_1_290' title='bbox 1153 3007 1206 3059; x_wconf 90' lang='lat' dir='ltr'><strong>in</strong></span> <span class='ocrx_word' id='word_1_291' title='bbox 1236 3007 1434 3078; x_wconf 83' lang='lat' dir='ltr'><strong>hymn.</strong></span> <span class='ocrx_word' id='word_1_292' title='bbox 1491 3010 1525 3060; x_wconf 77' lang='grc'>2</span> <span class='ocrx_word' id='word_1_293' title='bbox 1579 3009 1760 3072; x_wconf 78' lang='lat' dir='ltr'><strong>Cath.,</strong></span> 
     </span>
    </p>
   </div>
   <div class='ocr_carea' id='block_1_58' title="bbox 166 3076 1761 3147">
    <p class='ocr_par' dir='ltr' id='par_1_58' title="bbox 166 3076 1761 3147">
     <span class='ocr_line' id='line_1_58' title="bbox 166 3076 1761 3147; baseline -0.001 -13"><span class='ocrx_word' id='word_1_294' title='bbox 166 3095 320 3134; x_wconf 84' lang='lat' dir='ltr'><strong>vers.</strong></span> <span class='ocrx_word' id='word_1_295' title='bbox 357 3080 476 3145; x_wconf 75' lang='lat'><strong>103,</strong></span> <span class='ocrx_word' id='word_1_296' title='bbox 511 3078 716 3130; x_wconf 80' lang='lat' dir='ltr'><strong>Ueulive</strong></span> <span class='ocrx_word' id='word_1_297' title='bbox 736 3087 936 3147; x_wconf 80' lang='lat' dir='ltr'><strong>peccent</strong></span> <span class='ocrx_word' id='word_1_298' title='bbox 967 3076 1168 3129; x_wconf 84' lang='lat' dir='ltr'><strong>lubrici.</strong></span> <span class='ocrx_word' id='word_1_299' title='bbox 1210 3076 1418 3143; x_wconf 81' lang='lat' dir='ltr'><strong>Cicero,</strong></span> <span class='ocrx_word' id='word_1_300' title='bbox 1451 3079 1542 3133; x_wconf 88' lang='lat' dir='ltr'><strong>lib.</strong></span> <span class='ocrx_word' id='word_1_301' title='bbox 1607 3095 1640 3132; x_wconf 88' lang='lat' dir='ltr'><strong>ll</strong></span> <span class='ocrx_word' id='word_1_302' title='bbox 1695 3080 1761 3133; x_wconf 87' lang='lat' dir='ltr'><strong>de</strong></span> 
     </span>
    </p>
   </div>
   <div class='ocr_carea' id='block_1_59' title="bbox 166 3147 1759 3217">
    <p class='ocr_par' dir='ltr' id='par_1_59' title="bbox 166 3147 1759 3217">
     <span class='ocr_line' id='line_1_59' title="bbox 166 3147 1759 3217; baseline -0.001 -12"><span class='ocrx_word' id='word_1_303' title='bbox 166 3151 294 3205; x_wconf 67' lang='lat' dir='ltr'><strong>Nat.</strong></span> <span class='ocrx_word' id='word_1_304' title='bbox 317 3149 494 3212; x_wconf 88' lang='lat' dir='ltr'><strong>deur.,</strong></span> <span class='ocrx_word' id='word_1_305' title='bbox 515 3148 620 3202; x_wconf 84' lang='lat' dir='ltr'><strong>Sed</strong></span> <span class='ocrx_word' id='word_1_306' title='bbox 636 3148 854 3200; x_wconf 90' lang='lat' dir='ltr'><strong>lubricos</strong></span> <span class='ocrx_word' id='word_1_307' title='bbox 877 3147 1048 3200; x_wconf 88' lang='lat' dir='ltr'><strong>oculos</strong></span> <span class='ocrx_word' id='word_1_308' title='bbox 1073 3149 1191 3216; x_wconf 79' lang='lat' dir='ltr'><strong>fecit</strong></span> <span class='ocrx_word' id='word_1_309' title='bbox 1211 3148 1442 3217; x_wconf 90' lang='lat' dir='ltr'><strong>(natura)</strong></span> <span class='ocrx_word' id='word_1_310' title='bbox 1461 3159 1507 3202; x_wconf 89' lang='lat' dir='ltr'><strong>et</strong></span> <span class='ocrx_word' id='word_1_311' title='bbox 1533 3150 1759 3203; x_wconf 79' lang='lat' dir='ltr'><strong>mobiles.</strong></span> 
     </span>
    </p>
   </div>
   <div class='ocr_carea' id='block_1_60' title="bbox 1877 2798 3446 2866">
    <p class='ocr_par' dir='ltr' id='par_1_60' title="bbox 1877 2798 3446 2866">
     <span class='ocr_line' id='line_1_60' title="bbox 1877 2798 3446 2866; baseline 0.002 -14"><span class='ocrx_word' id='word_1_312' title='bbox 1877 2817 1994 2853; x_wconf 69' lang='lat' dir='ltr'><strong>mos:</strong></span> <span class='ocrx_word' id='word_1_313' title='bbox 2039 2800 2170 2852; x_wconf 89' lang='lat' dir='ltr'><strong>alius</strong></span> <span class='ocrx_word' id='word_1_314' title='bbox 2220 2800 2374 2850; x_wconf 86' lang='lat' dir='ltr'><strong>datur</strong></span> <span class='ocrx_word' id='word_1_315' title='bbox 2413 2801 2663 2850; x_wconf 79' lang='lat' dir='ltr'><strong>Ascensus</strong></span> <span class='ocrx_word' id='word_1_316' title='bbox 2694 2813 2712 2850; x_wconf 81' lang='lat'><strong>.&#39;</strong></span> <span class='ocrx_word' id='word_1_317' title='bbox 2743 2798 2873 2849; x_wconf 86' lang='lat' dir='ltr'><strong>iram</strong></span> <span class='ocrx_word' id='word_1_318' title='bbox 2918 2813 3030 2850; x_wconf 89' lang='lat' dir='ltr'><strong>nam</strong></span> <span class='ocrx_word' id='word_1_319' title='bbox 3065 2800 3206 2866; x_wconf 77' lang='lat' dir='ltr'><strong>[uror</strong></span> <span class='ocrx_word' id='word_1_320' title='bbox 3248 2801 3446 2860; x_wconf 86' lang='lat' dir='ltr'><strong>incitat.</strong></span> 
     </span>
    </p>
   </div>
   <div class='ocr_carea' id='block_1_61' title="bbox 1877 2867 3448 2932">
    <p class='ocr_par' dir='ltr' id='par_1_61' title="bbox 1877 2867 3448 2932">
     <span class='ocr_line' id='line_1_61' title="bbox 1877 2867 3448 2932; baseline 0.002 -8"><span class='ocrx_word' id='word_1_321' title='bbox 1877 2872 2124 2924; x_wconf 87' lang='lat' dir='ltr'><strong>lleinsius</strong></span> <span class='ocrx_word' id='word_1_322' title='bbox 2166 2869 2363 2920; x_wconf 89' lang='lat' dir='ltr'><strong>nullam</strong></span> <span class='ocrx_word' id='word_1_323' title='bbox 2407 2867 2650 2920; x_wconf 77' lang='lat' dir='ltr'><strong>lectionis</strong></span> <span class='ocrx_word' id='word_1_324' title='bbox 2695 2870 3006 2921; x_wconf 89' lang='lat' dir='ltr'><strong>varietatem</strong></span> <span class='ocrx_word' id='word_1_325' title='bbox 3050 2870 3307 2932; x_wconf 85' lang='lat' dir='ltr'><strong>advertit,</strong></span> <span class='ocrx_word' id='word_1_326' title='bbox 3353 2873 3448 2928; x_wconf 75' lang='lat' dir='ltr'><strong>sed</strong></span> 
     </span>
    </p>
   </div>
   <div class='ocr_carea' id='block_1_62' title="bbox 1875 2938 3446 3000">
    <p class='ocr_par' dir='ltr' id='par_1_62' title="bbox 1875 2938 3446 3000">
     <span class='ocr_line' id='line_1_62' title="bbox 1875 2938 3446 3000; baseline 0.001 -5"><span class='ocrx_word' id='word_1_327' title='bbox 1875 2941 2170 2995; x_wconf 83' lang='lat' dir='ltr'><strong>Giselinum</strong></span> <span class='ocrx_word' id='word_1_328' title='bbox 2202 2947 2447 3000; x_wconf 87' lang='lat' dir='ltr'><strong>secutus,</strong></span> <span class='ocrx_word' id='word_1_329' title='bbox 2477 2938 2645 2992; x_wconf 82' lang='lat' dir='ltr'><strong>edidit</strong></span> <span class='ocrx_word' id='word_1_330' title='bbox 2667 2954 2784 2990; x_wconf 77' lang='lat' dir='ltr'><strong>mox</strong></span> <span class='ocrx_word' id='word_1_331' title='bbox 2810 2939 2939 2990; x_wconf 88' lang='lat' dir='ltr'><strong>alius</strong></span> <span class='ocrx_word' id='word_1_332' title='bbox 2971 2939 3142 2991; x_wconf 87' lang='lat' dir='ltr'><strong>datur.</strong></span> <span class='ocrx_word' id='word_1_333' title='bbox 3195 2942 3446 2998; x_wconf 75' lang='lat' dir='ltr'><strong>Accensus</strong></span> 
     </span>
    </p>
   </div>
   <div class='ocr_carea' id='block_1_63' title="bbox 1875 3009 3445 3076">
    <p class='ocr_par' dir='ltr' id='par_1_63' title="bbox 1875 3009 3445 3076">
     <span class='ocr_line' id='line_1_63' title="bbox 1875 3009 3445 3076; baseline 0.001 -13"><span class='ocrx_word' id='word_1_334' title='bbox 1875 3013 2004 3063; x_wconf 85' lang='lat' dir='ltr'><strong>iram</strong></span> <span class='ocrx_word' id='word_1_335' title='bbox 2028 3027 2145 3063; x_wconf 86' lang='lat' dir='ltr'><strong>nam</strong></span> <span class='ocrx_word' id='word_1_336' title='bbox 2177 3014 2321 3076; x_wconf 78' lang='lat' dir='ltr'><strong>furor</strong></span> <span class='ocrx_word' id='word_1_337' title='bbox 2343 3010 2541 3071; x_wconf 87' lang='lat' dir='ltr'><strong>incitat,</strong></span> <span class='ocrx_word' id='word_1_338' title='bbox 2571 3009 2711 3076; x_wconf 91' lang='lat' dir='ltr'><strong>quod</strong></span> <span class='ocrx_word' id='word_1_339' title='bbox 2733 3018 2912 3062; x_wconf 88' lang='lat' dir='ltr'><strong>tenent</strong></span> <span class='ocrx_word' id='word_1_340' title='bbox 2944 3009 3087 3070; x_wconf 90' lang='lat' dir='ltr'><strong>Ald.,</strong></span> <span class='ocrx_word' id='word_1_341' title='bbox 3111 3010 3445 3076; x_wconf 78' lang='lat' dir='ltr'><strong>Parrhasius,</strong></span> 
     </span>
    </p>
   </div>
   <div class='ocr_carea' id='block_1_64' title="bbox 1879 3078 3445 3148">
    <p class='ocr_par' dir='ltr' id='par_1_64' title="bbox 1879 3078 3445 3148">
     <span class='ocr_line' id='line_1_64' title="bbox 1879 3078 3445 3148; baseline -0.001 -14"><span class='ocrx_word' id='word_1_342' title='bbox 1879 3081 2020 3134; x_wconf 87' lang='lat' dir='ltr'><strong>Vatt.</strong></span> <span class='ocrx_word' id='word_1_343' title='bbox 2071 3080 2130 3144; x_wconf 87' lang='grc' dir='ltr'><strong>Β,</strong></span> <span class='ocrx_word' id='word_1_344' title='bbox 2176 3078 2233 3144; x_wconf 83' lang='grc' dir='ltr'><strong>Ρ,</strong></span> <span class='ocrx_word' id='word_1_345' title='bbox 2281 3078 2432 3144; x_wconf 88' lang='lat' dir='ltr'><strong>Urh.,</strong></span> <span class='ocrx_word' id='word_1_346' title='bbox 2486 3079 2809 3133; x_wconf 85' lang='lat' dir='ltr'><strong>recentiores</strong></span> <span class='ocrx_word' id='word_1_347' title='bbox 2863 3098 2872 3130; x_wconf 93' lang='lat'>:</span> <span class='ocrx_word' id='word_1_348' title='bbox 2915 3095 3213 3148; x_wconf 83' lang='lat' dir='ltr'><strong>quanquam</strong></span> <span class='ocrx_word' id='word_1_349' title='bbox 3263 3081 3445 3134; x_wconf 84' lang='lat' dir='ltr'><strong>Tcolin</strong></span> 
     </span>
    </p>
   </div>
   <div class='ocr_carea' id='block_1_65' title="bbox 1877 3148 3446 3218">
    <p class='ocr_par' dir='ltr' id='par_1_65' title="bbox 1877 3148 3446 3218">
     <span class='ocr_line' id='line_1_65' title="bbox 1877 3148 3446 3218; baseline 0.003 -14"><span class='ocrx_word' id='word_1_350' title='bbox 1877 3153 2044 3206; x_wconf 89' lang='lat' dir='ltr'><strong>altera</strong></span> <span class='ocrx_word' id='word_1_351' title='bbox 2069 3151 2224 3205; x_wconf 84' lang='lat' dir='ltr'><strong>lectio</strong></span> <span class='ocrx_word' id='word_1_352' title='bbox 2255 3151 2422 3218; x_wconf 86' lang='lat' dir='ltr'><strong>magis</strong></span> <span class='ocrx_word' id='word_1_353' title='bbox 2453 3152 2659 3202; x_wconf 88' lang='lat' dir='ltr'><strong>videtur</strong></span> <span class='ocrx_word' id='word_1_354' title='bbox 2679 3148 2936 3202; x_wconf 84' lang='lat' dir='ltr'><strong>arridere.</strong></span> <span class='ocrx_word' id='word_1_355' title='bbox 2962 3149 3208 3204; x_wconf 86' lang='lat' dir='ltr'><strong>Nonnulli</strong></span> <span class='ocrx_word' id='word_1_356' title='bbox 3233 3152 3446 3208; x_wconf 86' lang='lat' dir='ltr'><strong>tradunt</strong></span> 
     </span>
    </p>
   </div>
   <div class='ocr_carea' id='block_1_66' title="bbox 242 3209 1767 3293">
    <p class='ocr_par' dir='ltr' id='par_1_66' title="bbox 242 3209 1767 3293">
     <span class='ocr_line' id='line_1_66' title="bbox 242 3209 1767 3293; baseline -0.003 -16"><span class='ocrx_word' id='word_1_357' title='bbox 242 3220 346 3277; x_wconf 73' lang='grc'><strong>46.</strong></span> <span class='ocrx_word' id='word_1_358' title='bbox 373 3209 794 3293; x_wconf 64' lang='grc' dir='ltr'><strong>ΒΐένίὶὶΐρΜοζ.</strong></span> <span class='ocrx_word' id='word_1_359' title='bbox 845 3209 1167 3293; x_wconf 61' lang='grc' dir='ltr'><strong>ςιεειιιιεινςίιε,Δ</strong></span> <span class='ocrx_word' id='word_1_360' title='bbox 1190 3209 1484 3293; x_wconf 65' lang='lat' dir='ltr'><strong>gehennalis</strong></span> <span class='ocrx_word' id='word_1_361' title='bbox 1519 3221 1652 3289; x_wconf 84' lang='lat' dir='ltr'><strong>ignis</strong></span> <span class='ocrx_word' id='word_1_362' title='bbox 1671 3224 1767 3288; x_wconf 78' lang='lat' dir='ltr'><strong>[la-</strong></span> 
     </span>
    </p>
   </div>
   <div class='ocr_carea' id='block_1_67' title="bbox 1880 3209 3445 3293">
    <p class='ocr_par' dir='ltr' id='par_1_67' title="bbox 1880 3209 3445 3293">
     <span class='ocr_line' id='line_1_67' title="bbox 1880 3209 3445 3293; baseline -0.001 -16"><span class='ocrx_word' id='word_1_363' title='bbox 1880 3209 2369 3293; x_wconf 53' lang='lat' dir='ltr'><strong>Symphorianum:</strong></span> <span class='ocrx_word' id='word_1_364' title='bbox 2378 3235 2446 3274; x_wconf 91' lang='lat' dir='ltr'><strong>ne</strong></span> <span class='ocrx_word' id='word_1_365' title='bbox 2467 3221 2519 3293; x_wconf 82' lang='lat' dir='ltr'><strong>in</strong></span> <span class='ocrx_word' id='word_1_366' title='bbox 2541 3219 2720 3293; x_wconf 83' lang='lat' dir='ltr'><strong>odium</strong></span> <span class='ocrx_word' id='word_1_367' title='bbox 2748 3221 3102 3293; x_wconf 74' lang='lat' dir='ltr'><strong>[tertianorum</strong></span> <span class='ocrx_word' id='word_1_368' title='bbox 3127 3222 3445 3293; x_wconf 85' lang='lat' dir='ltr'><strong>incurreret,</strong></span> 
     </span>
    </p>
   </div>
   <div class='ocr_carea' id='block_1_68' title="bbox 169 3289 1765 3357">
    <p class='ocr_par' dir='ltr' id='par_1_68' title="bbox 169 3289 1765 3357">
     <span class='ocr_line' id='line_1_68' title="bbox 169 3289 1765 3357; baseline -0.002 -10"><span class='ocrx_word' id='word_1_369' title='bbox 169 3294 338 3347; x_wconf 86' lang='lat' dir='ltr'><strong>minis</strong></span> <span class='ocrx_word' id='word_1_370' title='bbox 363 3292 413 3344; x_wconf 90' lang='lat' dir='ltr'><strong>in</strong></span> <span class='ocrx_word' id='word_1_371' title='bbox 437 3293 660 3344; x_wconf 88' lang='lat' dir='ltr'><strong>modum.</strong></span> <span class='ocrx_word' id='word_1_372' title='bbox 691 3289 950 3357; x_wconf 81' lang='lat' dir='ltr'><strong>Augelnm</strong></span> <span class='ocrx_word' id='word_1_373' title='bbox 983 3289 1082 3342; x_wconf 88' lang='lat' dir='ltr'><strong>sub</strong></span> <span class='ocrx_word' id='word_1_374' title='bbox 1121 3289 1262 3341; x_wconf 89' lang='lat' dir='ltr'><strong>alitis</strong></span> <span class='ocrx_word' id='word_1_375' title='bbox 1292 3289 1471 3355; x_wconf 90' lang='lat' dir='ltr'><strong>specie</strong></span> <span class='ocrx_word' id='word_1_376' title='bbox 1498 3293 1765 3344; x_wconf 89' lang='lat' dir='ltr'><strong>vibratum</strong></span> 
     </span>
    </p>
   </div>
   <div class='ocr_carea' id='block_1_69' title="bbox 168 3357 1769 3431">
    <p class='ocr_par' dir='ltr' id='par_1_69' title="bbox 168 3357 1769 3431">
     <span class='ocr_line' id='line_1_69' title="bbox 168 3357 1769 3431; baseline -0.009 -12"><span class='ocrx_word' id='word_1_377' title='bbox 168 3363 404 3431; x_wconf 83' lang='lat' dir='ltr'><strong>intelligi</strong></span> <span class='ocrx_word' id='word_1_378' title='bbox 430 3377 604 3428; x_wconf 89' lang='lat' dir='ltr'><strong>posse,</strong></span> <span class='ocrx_word' id='word_1_379' title='bbox 625 3371 811 3415; x_wconf 89' lang='lat' dir='ltr'><strong>censet</strong></span> <span class='ocrx_word' id='word_1_380' title='bbox 837 3359 1166 3431; x_wconf 83' lang='lat' dir='ltr'><strong>ltuinartius,</strong></span> <span class='ocrx_word' id='word_1_381' title='bbox 1198 3357 1356 3431; x_wconf 80' lang='lat' dir='ltr'><strong>Certe</strong></span> <span class='ocrx_word' id='word_1_382' title='bbox 1397 3361 1590 3428; x_wconf 91' lang='lat' dir='ltr'><strong>Agneti</strong></span> <span class='ocrx_word' id='word_1_383' title='bbox 1641 3363 1769 3416; x_wconf 86' lang='lat' dir='ltr'><strong>ade.</strong></span> 
     </span>
    </p>
   </div>
   <div class='ocr_carea' id='block_1_70' title="bbox 167 3428 1765 3501">
    <p class='ocr_par' dir='ltr' id='par_1_70' title="bbox 167 3428 1765 3501">
     <span class='ocr_line' id='line_1_70' title="bbox 167 3428 1765 3501; baseline -0.003 -12"><span class='ocrx_word' id='word_1_384' title='bbox 167 3447 257 3490; x_wconf 88' lang='lat' dir='ltr'><strong>rat</strong></span> <span class='ocrx_word' id='word_1_385' title='bbox 286 3428 511 3501; x_wconf 78' lang='lat' dir='ltr'><strong>angelus</strong></span> <span class='ocrx_word' id='word_1_386' title='bbox 534 3433 623 3498; x_wconf 88' lang='lat' dir='ltr'><strong>qui</strong></span> <span class='ocrx_word' id='word_1_387' title='bbox 677 3433 792 3499; x_wconf 87' lang='lat' dir='ltr'><strong>ejus</strong></span> <span class='ocrx_word' id='word_1_388' title='bbox 845 3430 1198 3498; x_wconf 79' lang='lat' dir='ltr'><strong>virginitatem</strong></span> <span class='ocrx_word' id='word_1_389' title='bbox 1239 3428 1564 3501; x_wconf 83' lang='lat' dir='ltr'><strong>defenderet</strong></span> <span class='ocrx_word' id='word_1_390' title='bbox 1616 3449 1628 3486; x_wconf 93' lang='lat'>:</span> <span class='ocrx_word' id='word_1_391' title='bbox 1671 3434 1765 3485; x_wconf 84' lang='lat' dir='ltr'><strong>sed</strong></span> 
     </span>
    </p>
   </div>
   <div class='ocr_carea' id='block_1_71' title="bbox 170 3500 1766 3572">
    <p class='ocr_par' dir='ltr' id='par_1_71' title="bbox 170 3500 1766 3572">
     <span class='ocr_line' id='line_1_71' title="bbox 170 3500 1766 3572; baseline -0.001 -12"><span class='ocrx_word' id='word_1_392' title='bbox 170 3504 315 3561; x_wconf 91' lang='lat' dir='ltr'><strong>nihil</strong></span> <span class='ocrx_word' id='word_1_393' title='bbox 371 3500 621 3572; x_wconf 88' lang='lat' dir='ltr'><strong>prohibet</strong></span> <span class='ocrx_word' id='word_1_394' title='bbox 671 3505 843 3570; x_wconf 86' lang='lat' dir='ltr'><strong>ignem</strong></span> <span class='ocrx_word' id='word_1_395' title='bbox 877 3502 1166 3572; x_wconf 86' lang='lat' dir='ltr'><strong>volucrem,</strong></span> <span class='ocrx_word' id='word_1_396' title='bbox 1207 3500 1322 3553; x_wconf 88' lang='lat' dir='ltr'><strong>sive</strong></span> <span class='ocrx_word' id='word_1_397' title='bbox 1348 3502 1579 3572; x_wconf 83' lang='lat' dir='ltr'><strong>celerem</strong></span> <span class='ocrx_word' id='word_1_398' title='bbox 1637 3505 1766 3569; x_wconf 88' lang='lat' dir='ltr'><strong>(non</strong></span> 
     </span>
    </p>
   </div>
   <div class='ocr_carea' id='block_1_72' title="bbox 168 3571 1768 3640">
    <p class='ocr_par' dir='ltr' id='par_1_72' title="bbox 168 3571 1768 3640">
     <span class='ocr_line' id='line_1_72' title="bbox 168 3571 1768 3640; baseline -0.003 -8"><span class='ocrx_word' id='word_1_399' title='bbox 168 3571 462 3640; x_wconf 56' lang='lat' dir='ltr'><strong>avemide</strong></span> <span class='ocrx_word' id='word_1_400' title='bbox 483 3573 622 3627; x_wconf 66' lang='lat' dir='ltr'><strong>caelo</strong></span> <span class='ocrx_word' id='word_1_401' title='bbox 659 3574 902 3637; x_wconf 89' lang='lat' dir='ltr'><strong>missum,</strong></span> <span class='ocrx_word' id='word_1_402' title='bbox 931 3571 1019 3640; x_wconf 91' lang='lat' dir='ltr'><strong>qui</strong></span> <span class='ocrx_word' id='word_1_403' title='bbox 1049 3571 1233 3624; x_wconf 88' lang='lat' dir='ltr'><strong>oculos</strong></span> <span class='ocrx_word' id='word_1_404' title='bbox 1262 3571 1513 3638; x_wconf 90' lang='lat' dir='ltr'><strong>impudici</strong></span> <span class='ocrx_word' id='word_1_405' title='bbox 1552 3574 1768 3640; x_wconf 86' lang='lat' dir='ltr'><strong>juvenis</strong></span> 
     </span>
    </p>
   </div>
   <div class='ocr_carea' id='block_1_73' title="bbox 207 3641 1769 3712">
    <p class='ocr_par' dir='ltr' id='par_1_73' title="bbox 207 3641 1769 3712">
     <span class='ocr_line' id='line_1_73' title="bbox 207 3641 1769 3712; baseline -0.002 -11"><span class='ocrx_word' id='word_1_406' title='bbox 207 3647 591 3712; x_wconf 87' lang='lat' dir='ltr'><strong>erstringeret.</strong></span> <span class='ocrx_word' id='word_1_407' title='bbox 619 3643 691 3697; x_wconf 83' lang='lat' dir='ltr'><strong>ita</strong></span> <span class='ocrx_word' id='word_1_408' title='bbox 715 3644 857 3696; x_wconf 91' lang='lat' dir='ltr'><strong>enim</strong></span> <span class='ocrx_word' id='word_1_409' title='bbox 884 3657 984 3710; x_wconf 85' lang='lat' dir='ltr'><strong>ego</strong></span> <span class='ocrx_word' id='word_1_410' title='bbox 1015 3641 1156 3695; x_wconf 83' lang='lat' dir='ltr'><strong>hunc</strong></span> <span class='ocrx_word' id='word_1_411' title='bbox 1202 3642 1397 3712; x_wconf 18' lang='lat' dir='ltr'><strong>locum;</strong></span> <span class='ocrx_word' id='word_1_412' title='bbox 1431 3645 1665 3711; x_wconf 88' lang='lat' dir='ltr'><strong>accipio;</strong></span> <span class='ocrx_word' id='word_1_413' title='bbox 1714 3657 1769 3698; x_wconf 91' lang='lat' dir='ltr'><strong>et</strong></span> 
     </span>
    </p>
   </div>
   <div class='ocr_carea' id='block_1_74' title="bbox 190 3710 1766 3784">
    <p class='ocr_par' dir='ltr' id='par_1_74' title="bbox 190 3710 1766 3784">
     <span class='ocr_line' id='line_1_74' title="bbox 190 3710 1766 3784; baseline -0.003 -14"><span class='ocrx_word' id='word_1_414' title='bbox 190 3733 296 3771; x_wconf 74' lang='lat' dir='ltr'><strong>nec</strong></span> <span class='ocrx_word' id='word_1_415' title='bbox 329 3710 616 3784; x_wconf 82' lang='lat' dir='ltr'><strong>explicatio</strong></span> <span class='ocrx_word' id='word_1_416' title='bbox 643 3714 989 3768; x_wconf 70' lang='lat' dir='ltr'><strong>confirmatur</strong></span> <span class='ocrx_word' id='word_1_417' title='bbox 1039 3728 1176 3765; x_wconf 86' lang='lat' dir='ltr'><strong>vers.</strong></span> <span class='ocrx_word' id='word_1_418' title='bbox 1226 3711 1319 3774; x_wconf 73' lang='lat'><strong>48,</strong></span> <span class='ocrx_word' id='word_1_419' title='bbox 1362 3710 1766 3769; x_wconf 80' lang='lat' dir='ltr'><strong>Ctecuscorusco</strong></span> 
     </span>
    </p>
   </div>
   <div class='ocr_carea' id='block_1_75' title="bbox 168 3784 1767 3853">
    <p class='ocr_par' dir='ltr' id='par_1_75' title="bbox 168 3784 1767 3853">
     <span class='ocr_line' id='line_1_75' title="bbox 168 3784 1767 3853; baseline -0.001 -12"><span class='ocrx_word' id='word_1_420' title='bbox 168 3787 372 3841; x_wconf 89' lang='lat' dir='ltr'><strong>lumine</strong></span> <span class='ocrx_word' id='word_1_421' title='bbox 396 3785 586 3837; x_wconf 86' lang='lat' dir='ltr'><strong>corruit</strong></span> <span class='ocrx_word' id='word_1_422' title='bbox 623 3801 641 3837; x_wconf 91' lang='lat'><strong><em>:</em></strong></span> <span class='ocrx_word' id='word_1_423' title='bbox 681 3800 802 3838; x_wconf 84' lang='lat' dir='ltr'><strong>nam</strong></span> <span class='ocrx_word' id='word_1_424' title='bbox 851 3784 1029 3836; x_wconf 89' lang='lat' dir='ltr'><strong>lumen</strong></span> <span class='ocrx_word' id='word_1_425' title='bbox 1062 3795 1346 3853; x_wconf 88' lang='lat' dir='ltr'><strong>coruscum</strong></span> <span class='ocrx_word' id='word_1_426' title='bbox 1393 3794 1474 3836; x_wconf 85' lang='lat' dir='ltr'><strong>est</strong></span> <span class='ocrx_word' id='word_1_427' title='bbox 1521 3785 1606 3838; x_wconf 90' lang='lat' dir='ltr'><strong>hic</strong></span> <span class='ocrx_word' id='word_1_428' title='bbox 1654 3787 1767 3853; x_wconf 87' lang='lat' dir='ltr'><strong>ipse</strong></span> 
     </span>
    </p>
   </div>
   <div class='ocr_carea' id='block_1_76' title="bbox 169 3852 1767 3927">
    <p class='ocr_par' dir='ltr' id='par_1_76' title="bbox 169 3852 1767 3927">
     <span class='ocr_line' id='line_1_76' title="bbox 169 3852 1767 3927; baseline -0.001 -15"><span class='ocrx_word' id='word_1_429' title='bbox 169 3857 455 3927; x_wconf 77' lang='lat' dir='ltr'><strong>ignisales</strong></span> <span class='ocrx_word' id='word_1_430' title='bbox 489 3854 752 3927; x_wconf 83' lang='lat' dir='ltr'><strong>etardens</strong></span> <span class='ocrx_word' id='word_1_431' title='bbox 772 3867 1082 3927; x_wconf 31' lang='lat' dir='ltr'><strong>quoucazcus</strong></span> <span class='ocrx_word' id='word_1_432' title='bbox 1111 3852 1569 3927; x_wconf 73' lang='lat' dir='ltr'><strong>corruitjuvenis.</strong></span> <span class='ocrx_word' id='word_1_433' title='bbox 1608 3852 1767 3927; x_wconf 70' lang='lat' dir='ltr'><strong>Juve-</strong></span> 
     </span>
    </p>
   </div>
   <div class='ocr_carea' id='block_1_77' title="bbox 170 3922 1762 3995">
    <p class='ocr_par' dir='ltr' id='par_1_77' title="bbox 170 3922 1762 3995">
     <span class='ocr_line' id='line_1_77' title="bbox 170 3922 1762 3995; baseline -0.002 -12"><span class='ocrx_word' id='word_1_434' title='bbox 170 3922 287 3992; x_wconf 71' lang='lat' dir='ltr'><strong>riis,</strong></span> <span class='ocrx_word' id='word_1_435' title='bbox 324 3925 538 3995; x_wconf 89' lang='lat' dir='ltr'><strong>inquam</strong></span> <span class='ocrx_word' id='word_1_436' title='bbox 565 3943 576 3976; x_wconf 88' lang='lat'>:</span> <span class='ocrx_word' id='word_1_437' title='bbox 610 3924 807 3979; x_wconf 89' lang='lat' dir='ltr'><strong>etenim</strong></span> <span class='ocrx_word' id='word_1_438' title='bbox 839 3924 1014 3995; x_wconf 8' lang='lat' dir='ltr'><strong>lilium,</strong></span> <span class='ocrx_word' id='word_1_439' title='bbox 1035 3923 1174 3976; x_wconf 92' lang='lat' dir='ltr'><strong>hunc</strong></span> <span class='ocrx_word' id='word_1_440' title='bbox 1205 3922 1367 3995; x_wconf 81' lang='lat' dir='ltr'><strong>fuisse</strong></span> <span class='ocrx_word' id='word_1_441' title='bbox 1398 3924 1634 3989; x_wconf 73' lang='lat' dir='ltr'><strong>prtefecti</strong></span> <span class='ocrx_word' id='word_1_442' title='bbox 1667 3926 1762 3980; x_wconf 84' lang='lat' dir='ltr'><strong>Ur-</strong></span> 
     </span>
    </p>
   </div>
   <div class='ocr_carea' id='block_1_78' title="bbox 167 3993 1767 4066">
    <p class='ocr_par' dir='ltr' id='par_1_78' title="bbox 167 3993 1767 4066">
     <span class='ocr_line' id='line_1_78' title="bbox 167 3993 1767 4066; baseline -0.001 -14"><span class='ocrx_word' id='word_1_443' title='bbox 167 4001 255 4053; x_wconf 85' lang='lat' dir='ltr'><strong>his</strong></span> <span class='ocrx_word' id='word_1_444' title='bbox 295 3993 429 4050; x_wconf 80' lang='lat' dir='ltr'><strong>Acta</strong></span> <span class='ocrx_word' id='word_1_445' title='bbox 462 3996 673 4060; x_wconf 88' lang='lat' dir='ltr'><strong>docent,</strong></span> <span class='ocrx_word' id='word_1_446' title='bbox 702 4004 754 4048; x_wconf 91' lang='lat' dir='ltr'><strong>et</strong></span> <span class='ocrx_word' id='word_1_447' title='bbox 785 4009 924 4048; x_wconf 87' lang='lat' dir='ltr'><strong>vers.</strong></span> <span class='ocrx_word' id='word_1_448' title='bbox 955 3994 1024 4046; x_wconf 73' lang='grc'><strong>29</strong></span> <span class='ocrx_word' id='word_1_449' title='bbox 1046 3996 1118 4047; x_wconf 86' lang='lat' dir='ltr'><strong>ait</strong></span> <span class='ocrx_word' id='word_1_450' title='bbox 1143 3993 1305 4062; x_wconf 80' lang='lat' dir='ltr'><strong>judex</strong></span> <span class='ocrx_word' id='word_1_451' title='bbox 1345 4011 1356 4047; x_wconf 92' lang='lat'>:</span> <span class='ocrx_word' id='word_1_452' title='bbox 1386 3996 1563 4048; x_wconf 81' lang='lat' dir='ltr'><strong>Omnis</strong></span> <span class='ocrx_word' id='word_1_453' title='bbox 1578 3999 1767 4066; x_wconf 79' lang='lat' dir='ltr'><strong>juven-</strong></span> 
     </span>
    </p>
   </div>
   <div class='ocr_carea' id='block_1_79' title="bbox 169 4070 618 4129">
    <p class='ocr_par' dir='ltr' id='par_1_79' title="bbox 169 4070 618 4129">
     <span class='ocr_line' id='line_1_79' title="bbox 169 4070 618 4129; baseline 0 -7"><span class='ocrx_word' id='word_1_454' title='bbox 169 4080 253 4122; x_wconf 89' lang='lat' dir='ltr'><strong>tus</strong></span> <span class='ocrx_word' id='word_1_455' title='bbox 287 4070 480 4129; x_wconf 83' lang='lat' dir='ltr'><strong>irruat,</strong></span> <span class='ocrx_word' id='word_1_456' title='bbox 514 4076 618 4122; x_wconf 89' lang='lat' dir='ltr'><strong>etc.</strong></span> 
     </span>
    </p>
   </div>
   <div class='ocr_carea' id='block_1_80' title="bbox 247 4131 1765 4205">
    <p class='ocr_par' dir='ltr' id='par_1_80' title="bbox 247 4131 1765 4205">
     <span class='ocr_line' id='line_1_80' title="bbox 247 4131 1765 4205; baseline -0.001 -11"><span class='ocrx_word' id='word_1_457' title='bbox 247 4139 346 4194; x_wconf 74' lang='lat'><strong>50.</strong></span> <span class='ocrx_word' id='word_1_458' title='bbox 380 4138 603 4191; x_wconf 90' lang='lat' dir='ltr'><strong>lmitatio</strong></span> <span class='ocrx_word' id='word_1_459' title='bbox 645 4135 847 4204; x_wconf 82' lang='lat' dir='ltr'><strong>Virgilii</strong></span> <span class='ocrx_word' id='word_1_460' title='bbox 877 4135 968 4189; x_wconf 89' lang='lat' dir='ltr'><strong>lib.</strong></span> <span class='ocrx_word' id='word_1_461' title='bbox 1000 4150 1047 4197; x_wconf 88' lang='lat' dir='ltr'><strong>v,</strong></span> <span class='ocrx_word' id='word_1_462' title='bbox 1085 4131 1175 4188; x_wconf 76' lang='lat' dir='ltr'><strong>Ast</strong></span> <span class='ocrx_word' id='word_1_463' title='bbox 1203 4133 1350 4188; x_wconf 87' lang='lat' dir='ltr'><strong>illum</strong></span> <span class='ocrx_word' id='word_1_464' title='bbox 1403 4136 1496 4202; x_wconf 80' lang='lat' dir='ltr'><strong>ﬁdi</strong></span> <span class='ocrx_word' id='word_1_465' title='bbox 1545 4138 1765 4205; x_wconf 67' lang='lat' dir='ltr'><strong>aquales</strong></span> 
     </span>
    </p>
   </div>
   <div class='ocr_carea' id='block_1_81' title="bbox 169 4208 974 4289">
    <p class='ocr_par' dir='ltr' id='par_1_81' title="bbox 169 4208 974 4289">
     <span class='ocr_line' id='line_1_81' title="bbox 169 4208 974 4289; baseline -0.011 -24"><span class='ocrx_word' id='word_1_466' title='bbox 169 4226 352 4289; x_wconf 54' lang='lat' dir='ltr'><strong>genua</strong></span> <span class='ocrx_word' id='word_1_467' title='bbox 377 4224 515 4289; x_wconf 47' lang='lat' dir='ltr'><strong>(egra</strong></span> <span class='ocrx_word' id='word_1_468' title='bbox 536 4208 834 4289; x_wconf 74' lang='lat' dir='ltr'><strong>trahentem,</strong></span> <span class='ocrx_word' id='word_1_469' title='bbox 869 4216 974 4286; x_wconf 80' lang='lat' dir='ltr'><strong>ctc.</strong></span> 
     </span>
    </p>
   </div>
   <div class='ocr_carea' id='block_1_82' title="bbox 247 4275 1766 4347">
    <p class='ocr_par' dir='ltr' id='par_1_82' title="bbox 247 4275 1766 4347">
     <span class='ocr_line' id='line_1_82' title="bbox 247 4275 1766 4347; baseline 0 -15"><span class='ocrx_word' id='word_1_470' title='bbox 247 4279 348 4334; x_wconf 69' lang='lat'><strong>35-2.</strong></span> <span class='ocrx_word' id='word_1_471' title='bbox 383 4275 654 4332; x_wconf 79' lang='lat' dir='ltr'><strong>Videture</strong></span> <span class='ocrx_word' id='word_1_472' title='bbox 679 4277 918 4344; x_wconf 82' lang='lat' dir='ltr'><strong>lupanari</strong></span> <span class='ocrx_word' id='word_1_473' title='bbox 943 4275 1088 4344; x_wconf 88' lang='lat' dir='ltr'><strong>virgo</strong></span> <span class='ocrx_word' id='word_1_474' title='bbox 1116 4283 1374 4347; x_wconf 82' lang='lat' dir='ltr'><strong>extracta,</strong></span> <span class='ocrx_word' id='word_1_475' title='bbox 1421 4286 1478 4331; x_wconf 91' lang='lat' dir='ltr'><strong>ut</strong></span> <span class='ocrx_word' id='word_1_476' title='bbox 1518 4291 1612 4347; x_wconf 90' lang='lat' dir='ltr'><strong>per</strong></span> <span class='ocrx_word' id='word_1_477' title='bbox 1651 4277 1766 4332; x_wconf 86' lang='lat' dir='ltr'><strong>vias</strong></span> 
     </span>
    </p>
   </div>
   <div class='ocr_carea' id='block_1_83' title="bbox 171 4345 1764 4415">
    <p class='ocr_par' dir='ltr' id='par_1_83' title="bbox 171 4345 1764 4415">
     <span class='ocr_line' id='line_1_83' title="bbox 171 4345 1764 4415; baseline -0.003 -8"><span class='ocrx_word' id='word_1_478' title='bbox 171 4353 503 4412; x_wconf 83' lang='lat' dir='ltr'><strong>duceretur;</strong></span> <span class='ocrx_word' id='word_1_479' title='bbox 552 4348 636 4400; x_wconf 89' lang='lat' dir='ltr'><strong>vel</strong></span> <span class='ocrx_word' id='word_1_480' title='bbox 663 4347 765 4400; x_wconf 87' lang='lat' dir='ltr'><strong>ibat</strong></span> <span class='ocrx_word' id='word_1_481' title='bbox 818 4347 1134 4413; x_wconf 80' lang='lat' dir='ltr'><strong>triumphans</strong></span> <span class='ocrx_word' id='word_1_482' title='bbox 1176 4345 1392 4415; x_wconf 86' lang='lat' dir='ltr'><strong>ponitur</strong></span> <span class='ocrx_word' id='word_1_483' title='bbox 1425 4345 1532 4414; x_wconf 15' lang='lat' dir='ltr'><strong>prof</strong></span> <span class='ocrx_word' id='word_1_484' title='bbox 1571 4349 1764 4404; x_wconf 87' lang='lat' dir='ltr'><strong>trium-</strong></span> 
     </span>
    </p>
   </div>
   <div class='ocr_carea' id='block_1_84' title="bbox 213 4421 410 4476">
    <p class='ocr_par' dir='ltr' id='par_1_84' title="bbox 213 4421 410 4476">
     <span class='ocr_line' id='line_1_84' title="bbox 213 4421 410 4476; baseline 0 -2"><span class='ocrx_word' id='word_1_485' title='bbox 213 4421 410 4476; x_wconf 69' lang='lat' dir='ltr'><strong>habet.</strong></span> 
     </span>
    </p>
   </div>
   <div class='ocr_carea' id='block_1_85' title="bbox 173 4439 1347 4556">
    <p class='ocr_par' dir='ltr' id='par_1_85' title="bbox 173 4439 1347 4556">
     <span class='ocr_line' id='line_1_85' title="bbox 173 4439 410 4493; baseline 0 -19"><span class='ocrx_word' id='word_1_486' title='bbox 173 4439 410 4493; x_wconf 79' lang='lat' dir='ltr'><strong>pnanat.</strong></span> 
     </span>
     <span class='ocr_line' id='line_1_86' title="bbox 248 4487 1347 4556; baseline -0.005 -11"><span class='ocrx_word' id='word_1_487' title='bbox 248 4492 349 4545; x_wconf 71' lang='grc'><strong>54.</strong></span> <span class='ocrx_word' id='word_1_488' title='bbox 377 4490 490 4542; x_wconf 86' lang='lat' dir='ltr'><strong>Vat.</strong></span> <span class='ocrx_word' id='word_1_489' title='bbox 523 4487 582 4552; x_wconf 87' lang='grc' dir='ltr'><strong>Β,</strong></span> <span class='ocrx_word' id='word_1_490' title='bbox 613 4489 787 4556; x_wconf 87' lang='lat' dir='ltr'><strong>pericli</strong></span> <span class='ocrx_word' id='word_1_491' title='bbox 818 4505 835 4540; x_wconf 89' lang='lat'><strong><em>:</em></strong></span> <span class='ocrx_word' id='word_1_492' title='bbox 865 4487 1087 4542; x_wconf 89' lang='lat' dir='ltr'><strong>emenda</strong></span> <span class='ocrx_word' id='word_1_493' title='bbox 1116 4489 1347 4555; x_wconf 87' lang='lat' dir='ltr'><strong>periculi.</strong></span> 
     </span>
    </p>
   </div>
   <div class='ocr_carea' id='block_1_86' title="bbox 245 4558 1846 4649">
    <p class='ocr_par' dir='ltr' id='par_1_86' title="bbox 245 4558 1846 4649">
     <span class='ocr_line' id='line_1_87' title="bbox 245 4558 1846 4649; baseline 0.002 -37"><span class='ocrx_word' id='word_1_494' title='bbox 376 4560 555 4628; x_wconf 86' lang='lat' dir='ltr'><strong>Prag.,</strong></span> <span class='ocrx_word' id='word_1_495' title='bbox 588 4577 646 4613; x_wconf 90' lang='lat' dir='ltr'><strong>ne</strong></span> <span class='ocrx_word' id='word_1_496' title='bbox 671 4559 926 4623; x_wconf 86' lang='lat' dir='ltr'><strong>violabile,</strong></span> <span class='ocrx_word' id='word_1_497' title='bbox 960 4568 1012 4612; x_wconf 89' lang='lat' dir='ltr'><strong>et</strong></span> <span class='ocrx_word' id='word_1_498' title='bbox 1032 4573 1188 4627; x_wconf 89' lang='lat' dir='ltr'><strong>supra</strong></span> <span class='ocrx_word' id='word_1_499' title='bbox 1216 4558 1390 4626; x_wconf 86' lang='lat' dir='ltr'><strong>glossa</strong></span> <span class='ocrx_word' id='word_1_500' title='bbox 1420 4577 1481 4614; x_wconf 89' lang='lat' dir='ltr'><strong>ne</strong></span> <span class='ocrx_word' id='word_1_501' title='bbox 1510 4575 1608 4616; x_wconf 78' lang='lat' dir='ltr'><strong>pro</strong></span> <span class='ocrx_word' id='word_1_502' title='bbox 1636 4577 1759 4615; x_wconf 84' lang='lat' dir='ltr'><strong>non.</strong></span> <span class='ocrx_word' id='word_1_503' title='bbox 1792 4589 1846 4649; x_wconf 64' lang='grc' dir='ltr'><strong>ῃ</strong></span> 
     </span>
    </p>
   </div>
   <div class='ocr_carea' id='block_1_87' title="bbox 151 4635 508 4690">
    <p class='ocr_par' dir='ltr' id='par_1_87' title="bbox 151 4635 508 4690">
     <span class='ocr_line' id='line_1_88' title="bbox 151 4635 508 4690; baseline -0.02 0"><span class='ocrx_word' id='word_1_504' title='bbox 151 4635 376 4690; x_wconf 63' lang='lat' dir='ltr'><strong>Melius</strong></span> <span class='ocrx_word' id='word_1_505' title='bbox 398 4648 508 4684; x_wconf 89' lang='lat' dir='ltr'><strong>nec.</strong></span> 
     </span>
    </p>
   </div>
   <div class='ocr_carea' id='block_1_88' title="bbox 249 4699 1408 4767">
    <p class='ocr_par' dir='ltr' id='par_1_88' title="bbox 249 4699 1408 4767">
     <span class='ocr_line' id='line_1_89' title="bbox 249 4699 1408 4767; baseline -0.005 -9"><span class='ocrx_word' id='word_1_506' title='bbox 249 4706 347 4759; x_wconf 79' lang='lat'><strong>56.</strong></span> <span class='ocrx_word' id='word_1_507' title='bbox 389 4705 566 4765; x_wconf 59' lang='lat' dir='ltr'><strong>Brem,</strong></span> <span class='ocrx_word' id='word_1_508' title='bbox 598 4699 734 4754; x_wconf 77' lang='lat' dir='ltr'><strong>Moz.</strong></span> <span class='ocrx_word' id='word_1_509' title='bbox 765 4709 966 4767; x_wconf 83' lang='lat' dir='ltr'><strong>aspectu</strong></span> <span class='ocrx_word' id='word_1_510' title='bbox 997 4715 1014 4751; x_wconf 93' lang='lat'><em>:</em></span> <span class='ocrx_word' id='word_1_511' title='bbox 1041 4700 1153 4767; x_wconf 84' lang='lat' dir='ltr'><strong>lege</strong></span> <span class='ocrx_word' id='word_1_512' title='bbox 1181 4710 1408 4764; x_wconf 75' lang='lat' dir='ltr'><strong>experta.</strong></span> 
     </span>
    </p>
   </div>
   <div class='ocr_carea' id='block_1_89' title="bbox 249 4768 1764 4838">
    <p class='ocr_par' dir='ltr' id='par_1_89' title="bbox 249 4768 1764 4838">
     <span class='ocr_line' id='line_1_90' title="bbox 249 4768 1764 4838; baseline 0.001 -13"><span class='ocrx_word' id='word_1_513' title='bbox 249 4775 349 4830; x_wconf 87' lang='lat'><strong>57.</strong></span> <span class='ocrx_word' id='word_1_514' title='bbox 379 4771 497 4824; x_wconf 88' lang='lat' dir='ltr'><strong>Vat.</strong></span> <span class='ocrx_word' id='word_1_515' title='bbox 532 4774 598 4834; x_wconf 90' lang='lat' dir='ltr'><strong>A,</strong></span> <span class='ocrx_word' id='word_1_516' title='bbox 630 4787 826 4836; x_wconf 87' lang='lat' dir='ltr'><strong>precem</strong></span> <span class='ocrx_word' id='word_1_517' title='bbox 863 4785 958 4837; x_wconf 84' lang='lat' dir='ltr'><strong>pro</strong></span> <span class='ocrx_word' id='word_1_518' title='bbox 979 4785 1168 4838; x_wconf 82' lang='lat' dir='ltr'><strong>preces.</strong></span> <span class='ocrx_word' id='word_1_519' title='bbox 1193 4768 1297 4821; x_wconf 86' lang='lat' dir='ltr'><strong>Alii</strong></span> <span class='ocrx_word' id='word_1_520' title='bbox 1341 4772 1629 4834; x_wconf 81' lang='lat' dir='ltr'><strong>retulerim,</strong></span> <span class='ocrx_word' id='word_1_521' title='bbox 1677 4774 1764 4827; x_wconf 87' lang='lat' dir='ltr'><strong>alii</strong></span> 
     </span>
    </p>
   </div>
   <div class='ocr_carea' id='block_1_90' title="bbox 173 4839 1768 4908">
    <p class='ocr_par' dir='ltr' id='par_1_90' title="bbox 173 4839 1768 4908">
     <span class='ocr_line' id='line_1_91' title="bbox 173 4839 1768 4908; baseline -0.001 -12"><span class='ocrx_word' id='word_1_522' title='bbox 173 4843 474 4899; x_wconf 85' lang='lat' dir='ltr'><strong>rettulerint</strong></span> <span class='ocrx_word' id='word_1_523' title='bbox 501 4841 743 4895; x_wconf 88' lang='lat' dir='ltr'><strong>scribunt</strong></span> <span class='ocrx_word' id='word_1_524' title='bbox 773 4839 1048 4908; x_wconf 85' lang='lat' dir='ltr'><strong>:utrisque</strong></span> <span class='ocrx_word' id='word_1_525' title='bbox 1079 4856 1171 4892; x_wconf 90' lang='lat' dir='ltr'><strong>sua</strong></span> <span class='ocrx_word' id='word_1_526' title='bbox 1202 4840 1356 4892; x_wconf 84' lang='lat' dir='ltr'><strong>adest</strong></span> <span class='ocrx_word' id='word_1_527' title='bbox 1385 4843 1541 4904; x_wconf 85' lang='lat' dir='ltr'><strong>ratio,</strong></span> <span class='ocrx_word' id='word_1_528' title='bbox 1591 4844 1768 4896; x_wconf 85' lang='lat' dir='ltr'><strong>Preci-</strong></span> 
     </span>
    </p>
   </div>
   <div class='ocr_carea' id='block_1_91' title="bbox 176 4911 1768 4980">
    <p class='ocr_par' dir='ltr' id='par_1_91' title="bbox 176 4911 1768 4980">
     <span class='ocr_line' id='line_1_92' title="bbox 176 4911 1768 4980; baseline -0.001 -11"><span class='ocrx_word' id='word_1_529' title='bbox 176 4918 281 4969; x_wconf 90' lang='lat' dir='ltr'><strong>bus</strong></span> <span class='ocrx_word' id='word_1_530' title='bbox 327 4916 386 4966; x_wconf 82' lang='lat' dir='ltr'><strong>S.</strong></span> <span class='ocrx_word' id='word_1_531' title='bbox 420 4913 634 4980; x_wconf 79' lang='lat' dir='ltr'><strong>Agnetis</strong></span> <span class='ocrx_word' id='word_1_532' title='bbox 664 4912 804 4964; x_wconf 91' lang='lat' dir='ltr'><strong>hunc</strong></span> <span class='ocrx_word' id='word_1_533' title='bbox 835 4911 1086 4979; x_wconf 90' lang='lat' dir='ltr'><strong>juvenem</strong></span> <span class='ocrx_word' id='word_1_534' title='bbox 1135 4911 1200 4963; x_wconf 92' lang='lat' dir='ltr'><strong>ad</strong></span> <span class='ocrx_word' id='word_1_535' title='bbox 1251 4912 1411 4964; x_wconf 87' lang='lat' dir='ltr'><strong>vitam</strong></span> <span class='ocrx_word' id='word_1_536' title='bbox 1463 4921 1768 4967; x_wconf 86' lang='lat' dir='ltr'><strong>revocatum</strong></span> 
     </span>
    </p>
   </div>
   <div class='ocr_carea' id='block_1_92' title="bbox 173 4981 1767 5039">
    <p class='ocr_par' dir='ltr' id='par_1_92' title="bbox 173 4981 1767 5039">
     <span class='ocr_line' id='line_1_93' title="bbox 173 4981 1767 5039; baseline -0.001 -1"><span class='ocrx_word' id='word_1_537' title='bbox 173 4992 438 5039; x_wconf 74' lang='lat' dir='ltr'><strong>narratur</strong></span> <span class='ocrx_word' id='word_1_538' title='bbox 467 4983 625 5036; x_wconf 86' lang='lat' dir='ltr'><strong>etiam</strong></span> <span class='ocrx_word' id='word_1_539' title='bbox 650 4983 701 5035; x_wconf 92' lang='lat' dir='ltr'><strong>in</strong></span> <span class='ocrx_word' id='word_1_540' title='bbox 726 4995 974 5036; x_wconf 87' lang='lat' dir='ltr'><strong>sermone</strong></span> <span class='ocrx_word' id='word_1_541' title='bbox 996 4982 1063 5034; x_wconf 75' lang='grc'><strong>48</strong></span> <span class='ocrx_word' id='word_1_542' title='bbox 1090 4981 1231 5036; x_wconf 91' lang='lat' dir='ltr'><strong>inter</strong></span> <span class='ocrx_word' id='word_1_543' title='bbox 1248 4996 1526 5037; x_wconf 87' lang='lat' dir='ltr'><strong>sermones</strong></span> <span class='ocrx_word' id='word_1_544' title='bbox 1555 4986 1610 5038; x_wconf 71' lang='grc' dir='ltr'><strong>ὃ.</strong></span> <span class='ocrx_word' id='word_1_545' title='bbox 1638 4988 1767 5037; x_wconf 84' lang='lat' dir='ltr'><strong>Am-</strong></span> 
     </span>
    </p>
   </div>
   <div class='ocr_carea' id='block_1_93' title="bbox 174 5051 1768 5121">
    <p class='ocr_par' dir='ltr' id='par_1_93' title="bbox 174 5051 1768 5121">
     <span class='ocr_line' id='line_1_94' title="bbox 174 5051 1768 5121; baseline -0.001 -12"><span class='ocrx_word' id='word_1_546' title='bbox 174 5055 369 5110; x_wconf 85' lang='lat' dir='ltr'><strong>brosio</strong></span> <span class='ocrx_word' id='word_1_547' title='bbox 407 5054 686 5121; x_wconf 88' lang='lat' dir='ltr'><strong>ascriptos,</strong></span> <span class='ocrx_word' id='word_1_548' title='bbox 714 5066 871 5121; x_wconf 90' lang='lat' dir='ltr'><strong>quem</strong></span> <span class='ocrx_word' id='word_1_549' title='bbox 894 5067 925 5107; x_wconf 92' lang='lat' dir='ltr'><strong>e</strong></span> <span class='ocrx_word' id='word_1_550' title='bbox 953 5051 1118 5105; x_wconf 86' lang='lat' dir='ltr'><strong>tribus</strong></span> <span class='ocrx_word' id='word_1_551' title='bbox 1161 5068 1292 5109; x_wconf 90' lang='lat' dir='ltr'><strong>mss.</strong></span> <span class='ocrx_word' id='word_1_552' title='bbox 1324 5051 1545 5107; x_wconf 80' lang='lat' dir='ltr'><strong>Maurini</strong></span> <span class='ocrx_word' id='word_1_553' title='bbox 1587 5053 1768 5109; x_wconf 82' lang='lat' dir='ltr'><strong>edide-</strong></span> 
     </span>
    </p>
   </div>
   <div class='ocr_carea' id='block_1_94' title="bbox 174 5135 336 5180">
    <p class='ocr_par' dir='ltr' id='par_1_94' title="bbox 174 5135 336 5180">
     <span class='ocr_line' id='line_1_95' title="bbox 174 5135 336 5180; baseline -0.012 0"><span class='ocrx_word' id='word_1_554' title='bbox 174 5135 336 5180; x_wconf 78' lang='grc' dir='ltr'><strong>ῐιιιη.</strong></span> 
     </span>
    </p>
   </div>
   <div class='ocr_carea' id='block_1_95' title="bbox 255 5192 1768 5264">
    <p class='ocr_par' dir='ltr' id='par_1_95' title="bbox 255 5192 1768 5264">
     <span class='ocr_line' id='line_1_96' title="bbox 255 5192 1768 5264; baseline -0.001 -16"><span class='ocrx_word' id='word_1_555' title='bbox 255 5196 354 5248; x_wconf 82' lang='lat'><strong>59.</strong></span> <span class='ocrx_word' id='word_1_556' title='bbox 384 5194 531 5258; x_wconf 87' lang='lat' dir='ltr'><strong>Ald.,</strong></span> <span class='ocrx_word' id='word_1_557' title='bbox 567 5193 720 5250; x_wconf 87' lang='lat' dir='ltr'><strong>Brev.</strong></span> <span class='ocrx_word' id='word_1_558' title='bbox 753 5192 910 5257; x_wconf 69' lang='lat' dir='ltr'><strong>MDL,</strong></span> <span class='ocrx_word' id='word_1_559' title='bbox 945 5200 1048 5243; x_wconf 90' lang='lat' dir='ltr'><strong>tum</strong></span> <span class='ocrx_word' id='word_1_560' title='bbox 1082 5192 1290 5248; x_wconf 83' lang='lat' dir='ltr'><strong>invenit.</strong></span> <span class='ocrx_word' id='word_1_561' title='bbox 1326 5193 1626 5264; x_wconf 87' lang='lat' dir='ltr'><strong>Legendum</strong></span> <span class='ocrx_word' id='word_1_562' title='bbox 1661 5204 1768 5247; x_wconf 89' lang='lat' dir='ltr'><strong>tum</strong></span> 
     </span>
    </p>
   </div>
   <div class='ocr_carea' id='block_1_96' title="bbox 185 5266 385 5319">
    <p class='ocr_par' dir='ltr' id='par_1_96' title="bbox 185 5266 385 5319">
     <span class='ocr_line' id='line_1_97' title="bbox 185 5266 385 5319; baseline -0.005 0"><span class='ocrx_word' id='word_1_563' title='bbox 185 5266 385 5319; x_wconf 82' lang='lat' dir='ltr'><strong>iuveni.</strong></span> 
     </span>
    </p>
   </div>
   <div class='ocr_carea' id='block_1_97' title="bbox 174 5289 1764 5404">
    <p class='ocr_par' dir='ltr' id='par_1_97' title="bbox 174 5289 1764 5404">
     <span class='ocr_line' id='line_1_98' title="bbox 174 5289 1764 5404; baseline -0.001 -14"><span class='ocrx_word' id='word_1_564' title='bbox 174 5289 550 5390; x_wconf 43' lang='lat' dir='ltr'><strong>lugahﬂrev.</strong></span> <span class='ocrx_word' id='word_1_565' title='bbox 603 5334 760 5398; x_wconf 82' lang='lat' dir='ltr'><strong>Moz.,</strong></span> <span class='ocrx_word' id='word_1_566' title='bbox 814 5334 1004 5387; x_wconf 84' lang='lat' dir='ltr'><strong>usibus.</strong></span> <span class='ocrx_word' id='word_1_567' title='bbox 1037 5331 1254 5390; x_wconf 89' lang='lat' dir='ltr'><strong>Cauchii</strong></span> <span class='ocrx_word' id='word_1_568' title='bbox 1297 5335 1464 5389; x_wconf 79' lang='lat' dir='ltr'><strong>codex</strong></span> <span class='ocrx_word' id='word_1_569' title='bbox 1506 5335 1764 5404; x_wconf 83' lang='lat' dir='ltr'><strong>jussibus,</strong></span> 
     </span>
    </p>
   </div>
   <div class='ocr_carea' id='block_1_98' title="bbox 177 5404 1764 5472">
    <p class='ocr_par' dir='ltr' id='par_1_98' title="bbox 177 5404 1764 5472">
     <span class='ocr_line' id='line_1_99' title="bbox 177 5404 1764 5472; baseline -0.001 -12"><span class='ocrx_word' id='word_1_570' title='bbox 177 5407 333 5461; x_wconf 87' lang='lat' dir='ltr'><strong>unde</strong></span> <span class='ocrx_word' id='word_1_571' title='bbox 363 5405 452 5459; x_wconf 87' lang='lat' dir='ltr'><strong>ille</strong></span> <span class='ocrx_word' id='word_1_572' title='bbox 489 5405 806 5472; x_wconf 86' lang='lat' dir='ltr'><strong>conjiciebat</strong></span> <span class='ocrx_word' id='word_1_573' title='bbox 837 5405 1077 5458; x_wconf 88' lang='lat' dir='ltr'><strong>sensibus.</strong></span> <span class='ocrx_word' id='word_1_574' title='bbox 1121 5405 1226 5461; x_wconf 85' lang='lat' dir='ltr'><strong>Sed</strong></span> <span class='ocrx_word' id='word_1_575' title='bbox 1267 5404 1404 5459; x_wconf 90' lang='lat' dir='ltr'><strong>bene</strong></span> <span class='ocrx_word' id='word_1_576' title='bbox 1445 5415 1527 5458; x_wconf 89' lang='lat' dir='ltr'><strong>est</strong></span> <span class='ocrx_word' id='word_1_577' title='bbox 1555 5407 1764 5459; x_wconf 79' lang='lat' dir='ltr'><strong>visibus.</strong></span> 
     </span>
    </p>
   </div>
   <div class='ocr_carea' id='block_1_99' title="bbox 179 5477 746 5544">
    <p class='ocr_par' dir='ltr' id='par_1_99' title="bbox 179 5477 746 5544">
     <span class='ocr_line' id='line_1_100' title="bbox 179 5477 746 5544; baseline -0.004 -14"><span class='ocrx_word' id='word_1_578' title='bbox 179 5478 380 5532; x_wconf 76' lang='lat' dir='ltr'><strong>Glussa</strong></span> <span class='ocrx_word' id='word_1_579' title='bbox 412 5491 518 5530; x_wconf 90' lang='lat' dir='ltr'><strong>non</strong></span> <span class='ocrx_word' id='word_1_580' title='bbox 555 5477 746 5544; x_wconf 86' lang='lat' dir='ltr'><strong>placet.</strong></span> 
     </span>
    </p>
   </div>
   <div class='ocr_carea' id='block_1_100' title="bbox 260 5542 1768 5616">
    <p class='ocr_par' dir='ltr' id='par_1_100' title="bbox 260 5542 1768 5616">
     <span class='ocr_line' id='line_1_101' title="bbox 260 5542 1768 5616; baseline -0.002 -16"><span class='ocrx_word' id='word_1_581' title='bbox 260 5549 352 5601; x_wconf 79' lang='lat'><strong>6|.</strong></span> <span class='ocrx_word' id='word_1_582' title='bbox 388 5542 709 5600; x_wconf 27' lang='lat' dir='ltr'><strong>Brev.’Moz.</strong></span> <span class='ocrx_word' id='word_1_583' title='bbox 745 5547 817 5600; x_wconf 88' lang='lat' dir='ltr'><strong>ita</strong></span> <span class='ocrx_word' id='word_1_584' title='bbox 844 5545 1149 5616; x_wconf 84' lang='lat' dir='ltr'><strong>distinguit,</strong></span> <span class='ocrx_word' id='word_1_585' title='bbox 1188 5547 1360 5600; x_wconf 80' lang='lat' dir='ltr'><strong>usibus</strong></span> <span class='ocrx_word' id='word_1_586' title='bbox 1403 5545 1613 5614; x_wconf 86' lang='lat' dir='ltr'><strong>integris</strong></span> <span class='ocrx_word' id='word_1_587' title='bbox 1647 5542 1768 5597; x_wconf 84' lang='lat' dir='ltr'><strong>Pri-</strong></span> 
     </span>
    </p>
   </div>
   <div class='ocr_carea' id='block_1_101' title="bbox 176 5618 1066 5688">
    <p class='ocr_par' dir='ltr' id='par_1_101' title="bbox 176 5618 1066 5688">
     <span class='ocr_line' id='line_1_102' title="bbox 176 5618 1066 5688; baseline 0.001 -18"><span class='ocrx_word' id='word_1_588' title='bbox 176 5633 368 5688; x_wconf 70' lang='lat' dir='ltr'><strong>mum,-</strong></span> <span class='ocrx_word' id='word_1_589' title='bbox 393 5620 479 5688; x_wconf 84' lang='lat' dir='ltr'><strong>sed</strong></span> <span class='ocrx_word' id='word_1_590' title='bbox 508 5618 703 5688; x_wconf 81' lang='lat' dir='ltr'><strong>Agnes,</strong></span> <span class='ocrx_word' id='word_1_591' title='bbox 745 5631 847 5670; x_wconf 93' lang='lat' dir='ltr'><strong>non</strong></span> <span class='ocrx_word' id='word_1_592' title='bbox 879 5619 1066 5686; x_wconf 90' lang='lat' dir='ltr'><strong>probe.</strong></span> 
     </span>
    </p>
   </div>
   <div class='ocr_carea' id='block_1_102' title="bbox 254 5684 1763 5756">
    <p class='ocr_par' dir='ltr' id='par_1_102' title="bbox 254 5684 1763 5756">
     <span class='ocr_line' id='line_1_103' title="bbox 254 5684 1763 5756; baseline 0.001 -16"><span class='ocrx_word' id='word_1_593' title='bbox 254 5687 351 5740; x_wconf 82' lang='grc'><strong>63.</strong></span> <span class='ocrx_word' id='word_1_594' title='bbox 383 5684 720 5752; x_wconf 65' lang='grc' dir='ltr'><strong>εἰρὴηὙεῑι.</strong></span> <span class='ocrx_word' id='word_1_595' title='bbox 755 5692 818 5754; x_wconf 82' lang='lat' dir='ltr'><strong>A,</strong></span> <span class='ocrx_word' id='word_1_596' title='bbox 857 5684 920 5754; x_wconf 92' lang='lat' dir='ltr'><strong>Q,</strong></span> <span class='ocrx_word' id='word_1_597' title='bbox 952 5689 1136 5752; x_wconf 90' lang='lat' dir='ltr'><strong>Alex.,</strong></span> <span class='ocrx_word' id='word_1_598' title='bbox 1169 5688 1349 5756; x_wconf 87' lang='lat' dir='ltr'><strong>Prag.,</strong></span> <span class='ocrx_word' id='word_1_599' title='bbox 1392 5687 1536 5749; x_wconf 83' lang='lat' dir='ltr'><strong>Rat.,</strong></span> <span class='ocrx_word' id='word_1_600' title='bbox 1570 5684 1763 5741; x_wconf 87' lang='lat' dir='ltr'><strong>Weitz.</strong></span> 
     </span>
    </p>
   </div>
   <div class='ocr_carea' id='block_1_103' title="bbox 176 5755 1764 5821">
    <p class='ocr_par' dir='ltr' id='par_1_103' title="bbox 176 5755 1764 5821">
     <span class='ocr_line' id='line_1_104' title="bbox 176 5755 1764 5821; baseline -0.002 -9"><span class='ocrx_word' id='word_1_601' title='bbox 176 5773 313 5812; x_wconf 88' lang='lat' dir='ltr'><strong>cum</strong></span> <span class='ocrx_word' id='word_1_602' title='bbox 373 5757 482 5812; x_wconf 88' lang='lat' dir='ltr'><strong>suis</strong></span> <span class='ocrx_word' id='word_1_603' title='bbox 515 5799 529 5821; x_wconf 91' lang='lat'><strong>,</strong></span> <span class='ocrx_word' id='word_1_604' title='bbox 580 5756 713 5810; x_wconf 87' lang='lat' dir='ltr'><strong>Gall.</strong></span> <span class='ocrx_word' id='word_1_605' title='bbox 769 5773 888 5811; x_wconf 90' lang='lat' dir='ltr'><strong>cum</strong></span> <span class='ocrx_word' id='word_1_606' title='bbox 948 5757 1134 5820; x_wconf 88' lang='lat' dir='ltr'><strong>Torn.,</strong></span> <span class='ocrx_word' id='word_1_607' title='bbox 1191 5755 1424 5812; x_wconf 76' lang='lat' dir='ltr'><strong>editione</strong></span> <span class='ocrx_word' id='word_1_608' title='bbox 1477 5755 1764 5811; x_wconf 89' lang='lat' dir='ltr'><strong>Parisiensi</strong></span> 
     </span>
    </p>
   </div>
   <div class='ocr_carea' id='block_1_104' title="bbox 179 5826 1761 5899">
    <p class='ocr_par' dir='ltr' id='par_1_104' title="bbox 179 5826 1761 5899">
     <span class='ocr_line' id='line_1_105' title="bbox 179 5826 1761 5899; baseline -0.001 -16"><span class='ocrx_word' id='word_1_609' title='bbox 179 5827 450 5884; x_wconf 85' lang='lat' dir='ltr'><strong>Biblioth.</strong></span> <span class='ocrx_word' id='word_1_610' title='bbox 480 5828 714 5890; x_wconf 82' lang='lat' dir='ltr'><strong>Patrum,</strong></span> <span class='ocrx_word' id='word_1_611' title='bbox 743 5843 842 5882; x_wconf 92' lang='lat' dir='ltr'><strong>ms.</strong></span> <span class='ocrx_word' id='word_1_612' title='bbox 867 5829 924 5884; x_wconf 90' lang='lat' dir='ltr'><strong>S.</strong></span> <span class='ocrx_word' id='word_1_613' title='bbox 961 5828 1228 5885; x_wconf 81' lang='lat' dir='ltr'><strong>Michaelis</strong></span> <span class='ocrx_word' id='word_1_614' title='bbox 1251 5828 1388 5899; x_wconf 89' lang='lat' dir='ltr'><strong>apud</strong></span> <span class='ocrx_word' id='word_1_615' title='bbox 1409 5826 1761 5890; x_wconf 82' lang='lat' dir='ltr'><strong>Ruinartium,</strong></span> 
     </span>
    </p>
   </div>
   <div class='ocr_carea' id='block_1_105' title="bbox 472 5921 918 5982">
    <p class='ocr_par' dir='ltr' id='par_1_105' title="bbox 472 5921 918 5982">
     <span class='ocr_line' id='line_1_106' title="bbox 472 5921 918 5982; baseline -0.013 0"><span class='ocrx_word' id='word_1_616' title='bbox 472 5923 738 5982; x_wconf 68' lang='lat' dir='ltr'><strong>Pnnoc.</strong></span> <span class='ocrx_word' id='word_1_617' title='bbox 789 5921 918 5980; x_wconf 72' lang='lat' dir='ltr'><strong>LX.</strong></span> 
     </span>
    </p>
   </div>
   <div class='ocr_carea' id='block_1_106' title="bbox 1872 3290 3445 3358">
    <p class='ocr_par' dir='ltr' id='par_1_106' title="bbox 1872 3290 3445 3358">
     <span class='ocr_line' id='line_1_107' title="bbox 1872 3290 3445 3358; baseline 0.001 -13"><span class='ocrx_word' id='word_1_618' title='bbox 1872 3290 2213 3346; x_wconf 84' lang='lat' dir='ltr'><strong>substituisse</strong></span> <span class='ocrx_word' id='word_1_619' title='bbox 2264 3291 2426 3344; x_wconf 90' lang='lat' dir='ltr'><strong>alium</strong></span> <span class='ocrx_word' id='word_1_620' title='bbox 2473 3291 2706 3358; x_wconf 77' lang='lat' dir='ltr'><strong>judicent</strong></span> <span class='ocrx_word' id='word_1_621' title='bbox 2749 3290 3031 3356; x_wconf 86' lang='lat' dir='ltr'><strong>Aspasium</strong></span> <span class='ocrx_word' id='word_1_622' title='bbox 3064 3291 3310 3358; x_wconf 87' lang='lat' dir='ltr'><strong>nomine,</strong></span> <span class='ocrx_word' id='word_1_623' title='bbox 3357 3295 3445 3358; x_wconf 86' lang='lat' dir='ltr'><strong>qui</strong></span> 
     </span>
    </p>
   </div>
   <div class='ocr_carea' id='block_1_107' title="bbox 1873 3360 3441 3431">
    <p class='ocr_par' dir='ltr' id='par_1_107' title="bbox 1873 3360 3441 3431">
     <span class='ocr_line' id='line_1_108' title="bbox 1873 3360 3441 3431; baseline 0.001 -18"><span class='ocrx_word' id='word_1_624' title='bbox 1873 3364 2128 3431; x_wconf 74' lang='lat' dir='ltr'><strong>virginem</strong></span> <span class='ocrx_word' id='word_1_625' title='bbox 2160 3363 2417 3430; x_wconf 82' lang='lat' dir='ltr'><strong>Agnetent</strong></span> <span class='ocrx_word' id='word_1_626' title='bbox 2448 3361 2801 3431; x_wconf 82' lang='lat' dir='ltr'><strong>primumigni</strong></span> <span class='ocrx_word' id='word_1_627' title='bbox 2831 3360 2982 3418; x_wconf 90' lang='lat' dir='ltr'><strong>tradi,</strong></span> <span class='ocrx_word' id='word_1_628' title='bbox 3022 3370 3127 3414; x_wconf 90' lang='lat' dir='ltr'><strong>tum</strong></span> <span class='ocrx_word' id='word_1_629' title='bbox 3157 3363 3276 3431; x_wconf 85' lang='lat' dir='ltr'><strong>igne</strong></span> <span class='ocrx_word' id='word_1_630' title='bbox 3305 3362 3441 3415; x_wconf 71' lang='lat' dir='ltr'><strong>illar-</strong></span> 
     </span>
    </p>
   </div>
   <div class='ocr_carea' id='block_1_108' title="bbox 1872 3429 3446 3501">
    <p class='ocr_par' dir='ltr' id='par_1_108' title="bbox 1872 3429 3446 3501">
     <span class='ocr_line' id='line_1_109' title="bbox 1872 3429 3446 3501; baseline -0.001 -14"><span class='ocrx_word' id='word_1_631' title='bbox 1872 3429 1985 3487; x_wconf 83' lang='lat' dir='ltr'><strong>sam</strong></span> <span class='ocrx_word' id='word_1_632' title='bbox 2015 3433 2192 3501; x_wconf 83' lang='lat' dir='ltr'><strong>gladio</strong></span> <span class='ocrx_word' id='word_1_633' title='bbox 2214 3429 2423 3500; x_wconf 83' lang='lat' dir='ltr'><strong>percuti</strong></span> <span class='ocrx_word' id='word_1_634' title='bbox 2449 3431 2626 3500; x_wconf 88' lang='lat' dir='ltr'><strong>jussit.</strong></span> <span class='ocrx_word' id='word_1_635' title='bbox 2667 3429 2724 3484; x_wconf 88' lang='lat' dir='ltr'><strong>In</strong></span> <span class='ocrx_word' id='word_1_636' title='bbox 2767 3441 3054 3484; x_wconf 86' lang='lat' dir='ltr'><strong>comment.</strong></span> <span class='ocrx_word' id='word_1_637' title='bbox 3104 3430 3169 3485; x_wconf 86' lang='lat' dir='ltr'><strong>ad</strong></span> <span class='ocrx_word' id='word_1_638' title='bbox 3203 3433 3222 3485; x_wconf 87' lang='lat' dir='ltr'><strong>t</strong></span> <span class='ocrx_word' id='word_1_639' title='bbox 3264 3433 3446 3501; x_wconf 88' lang='lat' dir='ltr'><strong>hymu.</strong></span> 
     </span>
    </p>
   </div>
   <div class='ocr_carea' id='block_1_109' title="bbox 1873 3501 3446 3573">
    <p class='ocr_par' dir='ltr' id='par_1_109' title="bbox 1873 3501 3446 3573">
     <span class='ocr_line' id='line_1_110' title="bbox 1873 3501 3446 3573; baseline -0.001 -16"><span class='ocrx_word' id='word_1_640' title='bbox 1873 3505 2094 3567; x_wconf 77' lang='lat' dir='ltr'><strong>l’erist.,</strong></span> <span class='ocrx_word' id='word_1_641' title='bbox 2118 3517 2260 3556; x_wconf 90' lang='lat' dir='ltr'><strong>vers.</strong></span> <span class='ocrx_word' id='word_1_642' title='bbox 2287 3503 2386 3564; x_wconf 77' lang='lat'><strong>95,</strong></span> <span class='ocrx_word' id='word_1_643' title='bbox 2418 3501 2766 3570; x_wconf 67' lang='lat' dir='ltr'><strong>quaestionem</strong></span> <span class='ocrx_word' id='word_1_644' title='bbox 2795 3501 3008 3568; x_wconf 85' lang='lat' dir='ltr'><strong>agitavi,</strong></span> <span class='ocrx_word' id='word_1_645' title='bbox 3039 3517 3135 3573; x_wconf 79' lang='lat' dir='ltr'><strong>cur</strong></span> <span class='ocrx_word' id='word_1_646' title='bbox 3186 3514 3446 3573; x_wconf 82' lang='lat' dir='ltr'><strong>martyres</strong></span> 
     </span>
    </p>
   </div>
   <div class='ocr_carea' id='block_1_110' title="bbox 1870 3572 3446 3639">
    <p class='ocr_par' dir='ltr' id='par_1_110' title="bbox 1870 3572 3446 3639">
     <span class='ocr_line' id='line_1_111' title="bbox 1870 3572 3446 3639; baseline 0.001 -14"><span class='ocrx_word' id='word_1_647' title='bbox 1870 3575 1972 3626; x_wconf 93' lang='lat' dir='ltr'><strong>alia</strong></span> <span class='ocrx_word' id='word_1_648' title='bbox 1999 3582 2259 3628; x_wconf 81' lang='lat' dir='ltr'><strong>tormenta</strong></span> <span class='ocrx_word' id='word_1_649' title='bbox 2292 3573 2556 3627; x_wconf 91' lang='lat' dir='ltr'><strong>interdum</strong></span> <span class='ocrx_word' id='word_1_650' title='bbox 2591 3579 2938 3639; x_wconf 89' lang='lat' dir='ltr'><strong>superarent,</strong></span> <span class='ocrx_word' id='word_1_651' title='bbox 2983 3572 3161 3638; x_wconf 87' lang='lat' dir='ltr'><strong>gladio</strong></span> <span class='ocrx_word' id='word_1_652' title='bbox 3191 3572 3334 3626; x_wconf 81' lang='lat' dir='ltr'><strong>vero</strong></span> <span class='ocrx_word' id='word_1_653' title='bbox 3359 3574 3446 3627; x_wconf 90' lang='lat' dir='ltr'><strong>vix</strong></span> 
     </span>
    </p>
   </div>
   <div class='ocr_carea' id='block_1_111' title="bbox 1871 3641 3447 3713">
    <p class='ocr_par' dir='ltr' id='par_1_111' title="bbox 1871 3641 3447 3713">
     <span class='ocr_line' id='line_1_112' title="bbox 1871 3641 3447 3713; baseline -0.001 -17"><span class='ocrx_word' id='word_1_654' title='bbox 1871 3660 2103 3713; x_wconf 87' lang='lat' dir='ltr'><strong>unquam</strong></span> <span class='ocrx_word' id='word_1_655' title='bbox 2135 3643 2409 3698; x_wconf 89' lang='lat' dir='ltr'><strong>cederent.</strong></span> <span class='ocrx_word' id='word_1_656' title='bbox 2441 3642 2630 3696; x_wconf 83' lang='lat' dir='ltr'><strong>Postea</strong></span> <span class='ocrx_word' id='word_1_657' title='bbox 2666 3641 2772 3695; x_wconf 89' lang='lat' dir='ltr'><strong>vidi</strong></span> <span class='ocrx_word' id='word_1_658' title='bbox 2803 3641 3236 3713; x_wconf 85' lang='lat' dir='ltr'><strong>dissertationcm</strong></span> <span class='ocrx_word' id='word_1_659' title='bbox 3263 3643 3447 3695; x_wconf 63' lang='lat' dir='ltr'><strong>Baruf&#39;v</strong></span> 
     </span>
    </p>
   </div>
   <div class='ocr_carea' id='block_1_112' title="bbox 1870 3712 3446 3780">
    <p class='ocr_par' dir='ltr' id='par_1_112' title="bbox 1870 3712 3446 3780">
     <span class='ocr_line' id='line_1_113' title="bbox 1870 3712 3446 3780; baseline -0.003 -12"><span class='ocrx_word' id='word_1_660' title='bbox 1870 3715 1998 3769; x_wconf 82' lang='lat' dir='ltr'><strong>ialdi</strong></span> <span class='ocrx_word' id='word_1_661' title='bbox 2033 3733 2046 3768; x_wconf 88' lang='lat'>:</span> <span class='ocrx_word' id='word_1_662' title='bbox 2086 3713 2181 3768; x_wconf 89' lang='lat' dir='ltr'><strong>Del</strong></span> <span class='ocrx_word' id='word_1_663' title='bbox 2224 3715 2372 3780; x_wconf 87' lang='lat' dir='ltr'><strong>colpo</strong></span> <span class='ocrx_word' id='word_1_664' title='bbox 2414 3713 2466 3765; x_wconf 90' lang='lat' dir='ltr'><strong>di</strong></span> <span class='ocrx_word' id='word_1_665' title='bbox 2501 3713 2664 3778; x_wconf 89' lang='lat' dir='ltr'><strong>spada</strong></span> <span class='ocrx_word' id='word_1_666' title='bbox 2687 3751 2700 3774; x_wconf 91' lang='lat'><strong>,</strong></span> <span class='ocrx_word' id='word_1_667' title='bbox 2733 3728 2762 3763; x_wconf 93' lang='lat' dir='ltr'><strong>o</strong></span> <span class='ocrx_word' id='word_1_668' title='bbox 2793 3712 2844 3762; x_wconf 90' lang='lat' dir='ltr'><strong>di</strong></span> <span class='ocrx_word' id='word_1_669' title='bbox 2874 3712 3164 3778; x_wconf 87' lang='lat' dir='ltr'><strong>qualunque</strong></span> <span class='ocrx_word' id='word_1_670' title='bbox 3192 3713 3327 3778; x_wconf 80' lang='lat' dir='ltr'><strong>ferro</strong></span> <span class='ocrx_word' id='word_1_671' title='bbox 3365 3725 3446 3764; x_wconf 86' lang='lat' dir='ltr'><strong>ta-</strong></span> 
     </span>
    </p>
   </div>
   <div class='ocr_carea' id='block_1_113' title="bbox 1870 3782 3446 3855">
    <p class='ocr_par' dir='ltr' id='par_1_113' title="bbox 1870 3782 3446 3855">
     <span class='ocr_line' id='line_1_114' title="bbox 1870 3782 3446 3855; baseline -0.002 -18"><span class='ocrx_word' id='word_1_672' title='bbox 1870 3787 2076 3855; x_wconf 79' lang='lat' dir='ltr'><strong>gliente,</strong></span> <span class='ocrx_word' id='word_1_673' title='bbox 2131 3801 2231 3837; x_wconf 87' lang='lat' dir='ltr'><strong>non</strong></span> <span class='ocrx_word' id='word_1_674' title='bbox 2260 3785 2541 3855; x_wconf 69' lang='lat' dir='ltr'><strong>maivano.</strong></span> <span class='ocrx_word' id='word_1_675' title='bbox 2570 3782 2803 3855; x_wconf 79' lang='lat' dir='ltr'><strong>o_[allace</strong></span> <span class='ocrx_word' id='word_1_676' title='bbox 2834 3782 2914 3834; x_wconf 82' lang='lat' dir='ltr'><strong>uel</strong></span> <span class='ocrx_word' id='word_1_677' title='bbox 2935 3782 3251 3855; x_wconf 63' lang='lat' dir='ltr'><strong>decepitare,</strong></span> <span class='ocrx_word' id='word_1_678' title='bbox 3297 3783 3446 3855; x_wconf 87' lang='lat' dir='ltr'><strong>o_dar</strong></span> 
     </span>
    </p>
   </div>
   <div class='ocr_carea' id='block_1_114' title="bbox 1871 3849 3446 3918">
    <p class='ocr_par' dir='ltr' id='par_1_114' title="bbox 1871 3849 3446 3918">
     <span class='ocr_line' id='line_1_115' title="bbox 1871 3849 3446 3918; baseline -0.002 -8"><span class='ocrx_word' id='word_1_679' title='bbox 1871 3849 1920 3910; x_wconf 73' lang='lat' dir='ltr'><strong>Ia</strong></span> <span class='ocrx_word' id='word_1_680' title='bbox 1949 3866 2108 3909; x_wconf 86' lang='lat' dir='ltr'><strong>morte</strong></span> <span class='ocrx_word' id='word_1_681' title='bbox 2145 3855 2196 3907; x_wconf 89' lang='lat' dir='ltr'><strong>ai</strong></span> <span class='ocrx_word' id='word_1_682' title='bbox 2233 3854 2430 3906; x_wconf 82' lang='lat' dir='ltr'><strong>martiri</strong></span> <span class='ocrx_word' id='word_1_683' title='bbox 2488 3853 2542 3904; x_wconf 85' lang='lat' dir='ltr'><strong>di</strong></span> <span class='ocrx_word' id='word_1_684' title='bbox 2595 3852 2826 3918; x_wconf 82' lang='lat' dir='ltr'><strong>Christo,</strong></span> <span class='ocrx_word' id='word_1_685' title='bbox 2861 3861 2988 3904; x_wconf 91' lang='lat' dir='ltr'><strong>tom.</strong></span> <span class='ocrx_word' id='word_1_686' title='bbox 3045 3849 3109 3904; x_wconf 91' lang='lat' dir='ltr'><strong>lll</strong></span> <span class='ocrx_word' id='word_1_687' title='bbox 3151 3851 3282 3906; x_wconf 83' lang='lat' dir='ltr'><strong>Nov.</strong></span> <span class='ocrx_word' id='word_1_688' title='bbox 3325 3851 3446 3907; x_wconf 85' lang='lat' dir='ltr'><strong>Col-</strong></span> 
     </span>
    </p>
   </div>
   <div class='ocr_carea' id='block_1_115' title="bbox 1877 3921 3446 3994">
    <p class='ocr_par' dir='ltr' id='par_1_115' title="bbox 1877 3921 3446 3994">
     <span class='ocr_line' id='line_1_116' title="bbox 1877 3921 3446 3994; baseline 0 -16"><span class='ocrx_word' id='word_1_689' title='bbox 1877 3927 2000 3980; x_wconf 91' lang='lat' dir='ltr'><strong>lect.</strong></span> <span class='ocrx_word' id='word_1_690' title='bbox 2031 3924 2367 3994; x_wconf 34' lang='lat' dir='ltr'><strong>oCalogeran.</strong></span> <span class='ocrx_word' id='word_1_691' title='bbox 2402 3923 2590 3978; x_wconf 90' lang='lat' dir='ltr'><strong>Venet.</strong></span> <span class='ocrx_word' id='word_1_692' title='bbox 2651 3921 2809 3994; x_wconf 74' lang='grc'><strong>1757.</strong></span> <span class='ocrx_word' id='word_1_693' title='bbox 2874 3921 3216 3994; x_wconf 71' lang='lat' dir='ltr'><strong>Baruflaldus_</strong></span> <span class='ocrx_word' id='word_1_694' title='bbox 3263 3922 3446 3994; x_wconf 80' lang='lat' dir='ltr'><strong>iisdem</strong></span> 
     </span>
    </p>
   </div>
   <div class='ocr_carea' id='block_1_116' title="bbox 1871 3992 3446 4064">
    <p class='ocr_par' dir='ltr' id='par_1_116' title="bbox 1871 3992 3446 4064">
     <span class='ocr_line' id='line_1_117' title="bbox 1871 3992 3446 4064; baseline -0.001 -16"><span class='ocrx_word' id='word_1_695' title='bbox 1871 3997 2166 4050; x_wconf 84' lang='lat' dir='ltr'><strong>rationibus</strong></span> <span class='ocrx_word' id='word_1_696' title='bbox 2193 3992 2567 4064; x_wconf 58' lang='lat' dir='ltr'><strong>quaestionem</strong></span> <span class='ocrx_word' id='word_1_697' title='bbox 2618 3993 2856 4047; x_wconf 85' lang='lat' dir='ltr'><strong>resolvit.</strong></span> <span class='ocrx_word' id='word_1_698' title='bbox 2901 3993 3028 4045; x_wconf 70' lang='lat' dir='ltr'><strong>Nam</strong></span> <span class='ocrx_word' id='word_1_699' title='bbox 3072 3992 3222 4064; x_wconf 71' lang='lat' dir='ltr'><strong>quod</strong></span> <span class='ocrx_word' id='word_1_700' title='bbox 3267 3992 3446 4054; x_wconf 91' lang='lat' dir='ltr'><strong>addit,</strong></span> 
     </span>
    </p>
   </div>
   <div class='ocr_carea' id='block_1_117' title="bbox 1873 4062 3450 4136">
    <p class='ocr_par' dir='ltr' id='par_1_117' title="bbox 1873 4062 3450 4136">
     <span class='ocr_line' id='line_1_118' title="bbox 1873 4062 3450 4136; baseline -0.004 -16"><span class='ocrx_word' id='word_1_701' title='bbox 1873 4068 2033 4120; x_wconf 90' lang='lat' dir='ltr'><strong>ictum</strong></span> <span class='ocrx_word' id='word_1_702' title='bbox 2075 4062 2666 4136; x_wconf 87' lang='lat' dir='ltr'><strong>gladiiinsuperabilem</strong></span> <span class='ocrx_word' id='word_1_703' title='bbox 2689 4064 2882 4125; x_wconf 88' lang='lat' dir='ltr'><strong>fuisse,</strong></span> <span class='ocrx_word' id='word_1_704' title='bbox 2919 4064 3040 4131; x_wconf 88' lang='lat' dir='ltr'><strong>quia</strong></span> <span class='ocrx_word' id='word_1_705' title='bbox 3072 4062 3211 4136; x_wconf 83' lang='lat' dir='ltr'><strong>Deus</strong></span> <span class='ocrx_word' id='word_1_706' title='bbox 3248 4073 3450 4136; x_wconf 85' lang='lat' dir='ltr'><strong>marty-</strong></span> 
     </span>
    </p>
   </div>
   <div class='ocr_carea' id='block_1_118' title="bbox 1870 4133 3447 4203">
    <p class='ocr_par' dir='ltr' id='par_1_118' title="bbox 1870 4133 3447 4203">
     <span class='ocr_line' id='line_1_119' title="bbox 1870 4133 3447 4203; baseline -0.003 -13"><span class='ocrx_word' id='word_1_707' title='bbox 1870 4139 2007 4191; x_wconf 91' lang='lat' dir='ltr'><strong>rium</strong></span> <span class='ocrx_word' id='word_1_708' title='bbox 2037 4133 2138 4191; x_wconf 80' lang='lat' dir='ltr'><strong>hoc</strong></span> <span class='ocrx_word' id='word_1_709' title='bbox 2174 4137 2368 4190; x_wconf 79' lang='lat' dir='ltr'><strong>mortis</strong></span> <span class='ocrx_word' id='word_1_710' title='bbox 2389 4148 2588 4203; x_wconf 86' lang='lat' dir='ltr'><strong>genere</strong></span> <span class='ocrx_word' id='word_1_711' title='bbox 2614 4136 2909 4201; x_wconf 83' lang='lat' dir='ltr'><strong>complere,</strong></span> <span class='ocrx_word' id='word_1_712' title='bbox 2937 4142 2992 4203; x_wconf 88' lang='lat' dir='ltr'><strong>et</strong></span> <span class='ocrx_word' id='word_1_713' title='bbox 3016 4147 3109 4201; x_wconf 91' lang='lat' dir='ltr'><strong>per</strong></span> <span class='ocrx_word' id='word_1_714' title='bbox 3139 4133 3299 4187; x_wconf 90' lang='lat' dir='ltr'><strong>ictum</strong></span> <span class='ocrx_word' id='word_1_715' title='bbox 3329 4133 3447 4201; x_wconf 87' lang='lat' dir='ltr'><strong>gla-</strong></span> 
     </span>
    </p>
   </div>
   <div class='ocr_carea' id='block_1_119' title="bbox 1810 4202 3450 4278">
    <p class='ocr_par' dir='ltr' id='par_1_119' title="bbox 1810 4202 3450 4278">
     <span class='ocr_line' id='line_1_120' title="bbox 1810 4202 3450 4278; baseline -0.001 -18"><span class='ocrx_word' id='word_1_716' title='bbox 1810 4243 1813 4260; x_wconf 68' lang='grc' dir='ltr'><strong>τ</strong></span> <span class='ocrx_word' id='word_1_717' title='bbox 1870 4207 1943 4260; x_wconf 90' lang='lat' dir='ltr'><strong>dii</strong></span> <span class='ocrx_word' id='word_1_718' title='bbox 1975 4217 2239 4278; x_wconf 84' lang='lat' dir='ltr'><strong>martyres</strong></span> <span class='ocrx_word' id='word_1_719' title='bbox 2286 4202 2547 4278; x_wconf 67' lang='lat' dir='ltr'><strong>coronare</strong></span> <span class='ocrx_word' id='word_1_720' title='bbox 2587 4205 2935 4278; x_wconf 58' lang='lat' dir='ltr'><strong>decreverat,</strong></span> <span class='ocrx_word' id='word_1_721' title='bbox 2969 4202 3070 4257; x_wconf 94' lang='lat' dir='ltr'><strong>hoc</strong></span> <span class='ocrx_word' id='word_1_722' title='bbox 3096 4203 3294 4278; x_wconf 58' lang='lat' dir='ltr'><strong>ipsum</strong></span> <span class='ocrx_word' id='word_1_723' title='bbox 3329 4216 3410 4258; x_wconf 87' lang='lat' dir='ltr'><strong>est</strong></span> <span class='ocrx_word' id='word_1_724' title='bbox 3436 4247 3450 4265; x_wconf 82' lang='lat'><strong>.</strong></span> 
     </span>
    </p>
   </div>
   <div class='ocr_carea' id='block_1_120' title="bbox 1869 4273 3451 4346">
    <p class='ocr_par' dir='ltr' id='par_1_120' title="bbox 1869 4273 3451 4346">
     <span class='ocr_line' id='line_1_121' title="bbox 1869 4273 3451 4346; baseline -0.002 -14"><span class='ocrx_word' id='word_1_725' title='bbox 1869 4277 2011 4346; x_wconf 92' lang='lat' dir='ltr'><strong>quod</strong></span> <span class='ocrx_word' id='word_1_726' title='bbox 2043 4273 2320 4346; x_wconf 69' lang='lat' dir='ltr'><strong>quieritur,</strong></span> <span class='ocrx_word' id='word_1_727' title='bbox 2345 4292 2440 4330; x_wconf 88' lang='lat' dir='ltr'><strong>cur</strong></span> <span class='ocrx_word' id='word_1_728' title='bbox 2471 4275 2610 4346; x_wconf 85' lang='lat' dir='ltr'><strong>Deus</strong></span> <span class='ocrx_word' id='word_1_729' title='bbox 2631 4274 2891 4346; x_wconf 33' lang='lat' dir='ltr'><strong>idupotius</strong></span> <span class='ocrx_word' id='word_1_730' title='bbox 2912 4289 3068 4346; x_wconf 86' lang='lat' dir='ltr'><strong>quam</strong></span> <span class='ocrx_word' id='word_1_731' title='bbox 3093 4273 3234 4326; x_wconf 89' lang='lat' dir='ltr'><strong>aliud</strong></span> <span class='ocrx_word' id='word_1_732' title='bbox 3264 4273 3451 4346; x_wconf 88' lang='lat' dir='ltr'><strong>decre-</strong></span> 
     </span>
    </p>
   </div>
   <div class='ocr_carea' id='block_1_121' title="bbox 1871 4343 3451 4418">
    <p class='ocr_par' dir='ltr' id='par_1_121' title="bbox 1871 4343 3451 4418">
     <span class='ocr_line' id='line_1_122' title="bbox 1871 4343 3451 4418; baseline -0.002 -17"><span class='ocrx_word' id='word_1_733' title='bbox 1871 4343 2028 4402; x_wconf 81' lang='lat' dir='ltr'><strong>verit.</strong></span> <span class='ocrx_word' id='word_1_734' title='bbox 2052 4343 2220 4418; x_wconf 81' lang='lat' dir='ltr'><strong>Negat</strong></span> <span class='ocrx_word' id='word_1_735' title='bbox 2240 4357 2498 4415; x_wconf 69' lang='lat' dir='ltr'><strong>prazterea</strong></span> <span class='ocrx_word' id='word_1_736' title='bbox 2527 4343 2858 4418; x_wconf 77' lang='lat' dir='ltr'><strong>Barult&#39;aldus</strong></span> <span class='ocrx_word' id='word_1_737' title='bbox 2875 4345 3110 4418; x_wconf 75' lang='lat' dir='ltr'><strong>gladium</strong></span> <span class='ocrx_word' id='word_1_738' title='bbox 3128 4345 3451 4418; x_wconf 66' lang='lat' dir='ltr'><strong>martyribus</strong></span> 
     </span>
    </p>
   </div>
   <div class='ocr_carea' id='block_1_122' title="bbox 1871 4412 3451 4489">
    <p class='ocr_par' dir='ltr' id='par_1_122' title="bbox 1871 4412 3451 4489">
     <span class='ocr_line' id='line_1_123' title="bbox 1871 4412 3451 4489; baseline -0.003 -17"><span class='ocrx_word' id='word_1_739' title='bbox 1871 4433 2100 4489; x_wconf 91' lang='lat' dir='ltr'><strong>unquam</strong></span> <span class='ocrx_word' id='word_1_740' title='bbox 2122 4412 2372 4482; x_wconf 68' lang='lat' dir='ltr'><strong>cessisse,</strong></span> <span class='ocrx_word' id='word_1_741' title='bbox 2404 4432 2466 4472; x_wconf 89' lang='lat' dir='ltr'><strong>ac</strong></span> <span class='ocrx_word' id='word_1_742' title='bbox 2490 4427 2701 4470; x_wconf 90' lang='lat' dir='ltr'><strong>veteres</strong></span> <span class='ocrx_word' id='word_1_743' title='bbox 2727 4414 2977 4489; x_wconf 81' lang='lat' dir='ltr'><strong>historias</strong></span> <span class='ocrx_word' id='word_1_744' title='bbox 3004 4412 3197 4489; x_wconf 83' lang='lat' dir='ltr'><strong>quibus</strong></span> <span class='ocrx_word' id='word_1_745' title='bbox 3229 4416 3276 4489; x_wconf 75' lang='lat' dir='ltr'><strong>id</strong></span> <span class='ocrx_word' id='word_1_746' title='bbox 3305 4414 3451 4468; x_wconf 72' lang='lat' dir='ltr'><strong>affir-</strong></span> 
     </span>
    </p>
   </div>
   <div class='ocr_carea' id='block_1_123' title="bbox 1869 4481 3448 4554">
    <p class='ocr_par' dir='ltr' id='par_1_123' title="bbox 1869 4481 3448 4554">
     <span class='ocr_line' id='line_1_124' title="bbox 1869 4481 3448 4554; baseline -0.004 -11"><span class='ocrx_word' id='word_1_747' title='bbox 1869 4481 2064 4554; x_wconf 81' lang='lat' dir='ltr'><strong>maiur,</strong></span> <span class='ocrx_word' id='word_1_748' title='bbox 2093 4499 2184 4544; x_wconf 88' lang='lat' dir='ltr'><strong>aut</strong></span> <span class='ocrx_word' id='word_1_749' title='bbox 2211 4489 2263 4544; x_wconf 90' lang='lat' dir='ltr'><strong>in</strong></span> <span class='ocrx_word' id='word_1_750' title='bbox 2289 4481 2511 4542; x_wconf 91' lang='lat' dir='ltr'><strong>dubium</strong></span> <span class='ocrx_word' id='word_1_751' title='bbox 2533 4499 2769 4548; x_wconf 87' lang='lat' dir='ltr'><strong>revocat,</strong></span> <span class='ocrx_word' id='word_1_752' title='bbox 2793 4493 2882 4537; x_wconf 89' lang='lat' dir='ltr'><strong>aut</strong></span> <span class='ocrx_word' id='word_1_753' title='bbox 2906 4481 3304 4537; x_wconf 31' lang='lat' dir='ltr'><strong>sine‘miraculo</strong></span> <span class='ocrx_word' id='word_1_754' title='bbox 3335 4498 3448 4537; x_wconf 89' lang='lat' dir='ltr'><strong>rem</strong></span> 
     </span>
    </p>
   </div>
   <div class='ocr_carea' id='block_1_124' title="bbox 1869 4558 2438 4615">
    <p class='ocr_par' dir='ltr' id='par_1_124' title="bbox 1869 4558 2438 4615">
     <span class='ocr_line' id='line_1_125' title="bbox 1869 4558 2438 4615; baseline -0.007 -1"><span class='ocrx_word' id='word_1_755' title='bbox 1869 4561 2116 4615; x_wconf 88' lang='lat' dir='ltr'><strong>evenisse</strong></span> <span class='ocrx_word' id='word_1_756' title='bbox 2145 4558 2438 4614; x_wconf 90' lang='lat' dir='ltr'><strong>contendit.</strong></span> 
     </span>
    </p>
   </div>
   <div class='ocr_carea' id='block_1_125' title="bbox 1941 4623 3448 4694">
    <p class='ocr_par' dir='ltr' id='par_1_125' title="bbox 1941 4623 3448 4694">
     <span class='ocr_line' id='line_1_126' title="bbox 1941 4623 3448 4694; baseline -0.007 -10"><span class='ocrx_word' id='word_1_757' title='bbox 1941 4630 2030 4684; x_wconf 77' lang='lat'><strong>63.</strong></span> <span class='ocrx_word' id='word_1_758' title='bbox 2065 4630 2179 4685; x_wconf 87' lang='lat' dir='ltr'><strong>Vat.</strong></span> <span class='ocrx_word' id='word_1_759' title='bbox 2231 4632 2290 4694; x_wconf 88' lang='grc' dir='ltr'><strong>Β,</strong></span> <span class='ocrx_word' id='word_1_760' title='bbox 2334 4627 2486 4689; x_wconf 65' lang='lat' dir='ltr'><strong>Man,</strong></span> <span class='ocrx_word' id='word_1_761' title='bbox 2529 4627 2675 4691; x_wconf 79' lang='lat' dir='ltr'><strong>Rat.,</strong></span> <span class='ocrx_word' id='word_1_762' title='bbox 2706 4624 2925 4683; x_wconf 87' lang='lat' dir='ltr'><strong>Weitz.,</strong></span> <span class='ocrx_word' id='word_1_763' title='bbox 2967 4623 3448 4694; x_wconf 63' lang='lat' dir='ltr'><strong>astringejerrum.</strong></span> 
     </span>
    </p>
   </div>
   <div class='ocr_carea' id='block_1_126' title="bbox 1871 4691 3446 4764">
    <p class='ocr_par' dir='ltr' id='par_1_126' title="bbox 1871 4691 3446 4764">
     <span class='ocr_line' id='line_1_127' title="bbox 1871 4691 3446 4764; baseline -0.005 -11"><span class='ocrx_word' id='word_1_764' title='bbox 1871 4699 2041 4764; x_wconf 81' lang='lat' dir='ltr'><strong>Rott.,</strong></span> <span class='ocrx_word' id='word_1_765' title='bbox 2078 4691 2312 4761; x_wconf 47' lang='lat' dir='ltr'><strong>&#39;l‘huani,</strong></span> <span class='ocrx_word' id='word_1_766' title='bbox 2362 4698 2507 4757; x_wconf 85' lang='lat' dir='ltr'><strong>Ald.,</strong></span> <span class='ocrx_word' id='word_1_767' title='bbox 2560 4697 2711 4750; x_wconf 87' lang='lat' dir='ltr'><strong>Brev.</strong></span> <span class='ocrx_word' id='word_1_768' title='bbox 2768 4695 2926 4757; x_wconf 82' lang='lat' dir='ltr'><strong>Moz.,</strong></span> <span class='ocrx_word' id='word_1_769' title='bbox 2972 4691 3150 4764; x_wconf 78' lang='lat' dir='ltr'><strong>Alex.,</strong></span> <span class='ocrx_word' id='word_1_770' title='bbox 3205 4691 3327 4764; x_wconf 78' lang='lat' dir='ltr'><strong>Vat.</strong></span> <span class='ocrx_word' id='word_1_771' title='bbox 3371 4695 3446 4759; x_wconf 90' lang='lat' dir='ltr'><strong>Q,</strong></span> 
     </span>
    </p>
   </div>
   <div class='ocr_carea' id='block_1_127' title="bbox 1870 4762 3450 4842">
    <p class='ocr_par' dir='ltr' id='par_1_127' title="bbox 1870 4762 3450 4842">
     <span class='ocr_line' id='line_1_128' title="bbox 1870 4762 3450 4842; baseline -0.006 -19"><span class='ocrx_word' id='word_1_772' title='bbox 1870 4762 2081 4842; x_wconf 77' lang='lat' dir='ltr'><strong>stringe.</strong></span> <span class='ocrx_word' id='word_1_773' title='bbox 2115 4771 2187 4823; x_wconf 88' lang='lat' dir='ltr'><strong>Ita</strong></span> <span class='ocrx_word' id='word_1_774' title='bbox 2217 4772 2265 4842; x_wconf 85' lang='lat' dir='ltr'><strong>in</strong></span> <span class='ocrx_word' id='word_1_775' title='bbox 2297 4767 2416 4842; x_wconf 83' lang='lat' dir='ltr'><strong>Vat.</strong></span> <span class='ocrx_word' id='word_1_776' title='bbox 2452 4767 2510 4842; x_wconf 65' lang='lat' dir='ltr'><strong>P,</strong></span> <span class='ocrx_word' id='word_1_777' title='bbox 2544 4767 2635 4820; x_wconf 91' lang='lat' dir='ltr'><strong>sed</strong></span> <span class='ocrx_word' id='word_1_778' title='bbox 2665 4765 3022 4842; x_wconf 35' lang='lat' dir='ltr'><strong>deest‘prima</strong></span> <span class='ocrx_word' id='word_1_779' title='bbox 3053 4762 3247 4842; x_wconf 76' lang='lat' dir='ltr'><strong>littera.</strong></span> <span class='ocrx_word' id='word_1_780' title='bbox 3262 4763 3450 4842; x_wconf 79' lang='lat' dir='ltr'><strong>_llein-</strong></span> 
     </span>
    </p>
   </div>
   <div class='ocr_carea' id='block_1_128' title="bbox 1871 4831 3444 4904">
    <p class='ocr_par' dir='ltr' id='par_1_128' title="bbox 1871 4831 3444 4904">
     <span class='ocr_line' id='line_1_129' title="bbox 1871 4831 3444 4904; baseline -0.005 -11"><span class='ocrx_word' id='word_1_781' title='bbox 1871 4842 1981 4893; x_wconf 87' lang='lat' dir='ltr'><strong>sius</strong></span> <span class='ocrx_word' id='word_1_782' title='bbox 2002 4831 2256 4894; x_wconf 52' lang='lat' dir='ltr'><strong>&#39;restituit</strong></span> <span class='ocrx_word' id='word_1_783' title='bbox 2310 4839 2362 4899; x_wconf 88' lang='lat' dir='ltr'><strong>i,</strong></span> <span class='ocrx_word' id='word_1_784' title='bbox 2404 4838 2596 4904; x_wconf 81' lang='lat' dir='ltr'><strong>stringe</strong></span> <span class='ocrx_word' id='word_1_785' title='bbox 2639 4850 2758 4887; x_wconf 91' lang='lat' dir='ltr'><strong>cum</strong></span> <span class='ocrx_word' id='word_1_786' title='bbox 2811 4831 3231 4904; x_wconf 17' lang='lat' dir='ltr'><strong>Ambr.,_trib¥us</strong></span> <span class='ocrx_word' id='word_1_787' title='bbox 3262 4832 3444 4904; x_wconf 77' lang='lat' dir='ltr'><strong>Tom.</strong></span> 
     </span>
    </p>
   </div>
   <div class='ocr_carea' id='block_1_129' title="bbox 1871 4901 3451 4969">
    <p class='ocr_par' dir='ltr' id='par_1_129' title="bbox 1871 4901 3451 4969">
     <span class='ocr_line' id='line_1_130' title="bbox 1871 4901 3451 4969; baseline -0.006 -6"><span class='ocrx_word' id='word_1_788' title='bbox 1871 4911 2196 4965; x_wconf 79' lang='lat' dir='ltr'><strong>Cauchiano.</strong></span> <span class='ocrx_word' id='word_1_789' title='bbox 2246 4908 2500 4963; x_wconf 60' lang='lat' dir='ltr'><strong>Adhaeret</strong></span> <span class='ocrx_word' id='word_1_790' title='bbox 2533 4901 2648 4958; x_wconf 80' lang='lat' dir='ltr'><strong>Vat.</strong></span> <span class='ocrx_word' id='word_1_791' title='bbox 2685 4909 2771 4969; x_wconf 85' lang='lat' dir='ltr'><strong>A.,</strong></span> <span class='ocrx_word' id='word_1_792' title='bbox 2807 4913 2862 4958; x_wconf 91' lang='lat' dir='ltr'><strong>et</strong></span> <span class='ocrx_word' id='word_1_793' title='bbox 2915 4903 2966 4956; x_wconf 92' lang='lat' dir='ltr'><strong>in</strong></span> <span class='ocrx_word' id='word_1_794' title='bbox 3004 4902 3120 4955; x_wconf 88' lang='lat' dir='ltr'><strong>Vat.</strong></span> <span class='ocrx_word' id='word_1_795' title='bbox 3154 4901 3194 4954; x_wconf 87' lang='grc' dir='ltr'>Β</span> <span class='ocrx_word' id='word_1_796' title='bbox 3243 4902 3451 4956; x_wconf 89' lang='lat' dir='ltr'><strong>videtur</strong></span> 
     </span>
    </p>
   </div>
   <div class='ocr_carea' id='block_1_130' title="bbox 1875 4971 3444 5040">
    <p class='ocr_par' dir='ltr' id='par_1_130' title="bbox 1875 4971 3444 5040">
     <span class='ocr_line' id='line_1_131' title="bbox 1875 4971 3444 5040; baseline -0.008 -6"><span class='ocrx_word' id='word_1_797' title='bbox 1875 4981 1927 5034; x_wconf 89' lang='lat' dir='ltr'><strong>id</strong></span> <span class='ocrx_word' id='word_1_798' title='bbox 1954 4981 2176 5034; x_wconf 88' lang='lat' dir='ltr'><strong>indicari</strong></span> <span class='ocrx_word' id='word_1_799' title='bbox 2207 4981 2272 5032; x_wconf 88' lang='lat' dir='ltr'><strong>ad</strong></span> <span class='ocrx_word' id='word_1_800' title='bbox 2302 4992 2470 5031; x_wconf 88' lang='lat' dir='ltr'><strong>oram.</strong></span> <span class='ocrx_word' id='word_1_801' title='bbox 2509 4974 2824 5030; x_wconf 87' lang='lat' dir='ltr'><strong>Parrhasius</strong></span> <span class='ocrx_word' id='word_1_802' title='bbox 2848 4973 2973 5026; x_wconf 89' lang='lat' dir='ltr'><strong>olim</strong></span> <span class='ocrx_word' id='word_1_803' title='bbox 3003 4972 3112 5040; x_wconf 88' lang='lat' dir='ltr'><strong>jam</strong></span> <span class='ocrx_word' id='word_1_804' title='bbox 3136 4971 3381 5026; x_wconf 83' lang='lat' dir='ltr'><strong>ediderat</strong></span> <span class='ocrx_word' id='word_1_805' title='bbox 3410 4975 3444 5034; x_wconf 86' lang='lat' dir='ltr'><strong>i,</strong></span> 
     </span>
    </p>
   </div>
   <div class='ocr_carea' id='block_1_131' title="bbox 1875 5042 3448 5119">
    <p class='ocr_par' dir='ltr' id='par_1_131' title="bbox 1875 5042 3448 5119">
     <span class='ocr_line' id='line_1_132' title="bbox 1875 5042 3448 5119; baseline -0.007 -16"><span class='ocrx_word' id='word_1_806' title='bbox 1875 5051 2096 5119; x_wconf 82' lang='lat' dir='ltr'><strong>stringe,</strong></span> <span class='ocrx_word' id='word_1_807' title='bbox 2148 5051 2240 5103; x_wconf 88' lang='lat' dir='ltr'><strong>sed</strong></span> <span class='ocrx_word' id='word_1_808' title='bbox 2291 5045 2736 5119; x_wconf 7' lang='lat' dir='ltr'><strong>mendusejiligco</strong></span> <span class='ocrx_word' id='word_1_809' title='bbox 2777 5045 3256 5119; x_wconf 36' lang='lat' dir='ltr'><strong>milesnexsequere.</strong></span> <span class='ocrx_word' id='word_1_810' title='bbox 3318 5042 3448 5119; x_wconf 51' lang='lat' dir='ltr'><strong>tiri).</strong></span> 
     </span>
    </p>
   </div>
   <div class='ocr_carea' id='block_1_132' title="bbox 1877 5112 3450 5188">
    <p class='ocr_par' dir='ltr' id='par_1_132' title="bbox 1877 5112 3450 5188">
     <span class='ocr_line' id='line_1_133' title="bbox 1877 5112 3450 5188; baseline -0.006 -15"><span class='ocrx_word' id='word_1_811' title='bbox 1877 5112 2038 5175; x_wconf 79' lang='lat' dir='ltr'><strong>habet</strong></span> <span class='ocrx_word' id='word_1_812' title='bbox 2056 5122 2170 5188; x_wconf 86' lang='lat' dir='ltr'><strong>jam</strong></span> <span class='ocrx_word' id='word_1_813' title='bbox 2199 5119 2410 5188; x_wconf 73' lang='lat' dir='ltr'><strong>stringe,</strong></span> <span class='ocrx_word' id='word_1_814' title='bbox 2442 5115 2580 5184; x_wconf 86' lang='lat' dir='ltr'><strong>quod</strong></span> <span class='ocrx_word' id='word_1_815' title='bbox 2615 5115 2758 5169; x_wconf 82' lang='lat' dir='ltr'><strong>fuita</strong></span> <span class='ocrx_word' id='word_1_816' title='bbox 2795 5115 3034 5188; x_wconf 69' lang='lat' dir='ltr'><strong>Gi_se_|in_o</strong></span> <span class='ocrx_word' id='word_1_817' title='bbox 3061 5113 3285 5166; x_wconf 84' lang='lat' dir='ltr'><strong>editum.</strong></span> <span class='ocrx_word' id='word_1_818' title='bbox 3321 5112 3450 5163; x_wconf 77' lang='lat' dir='ltr'><strong>Vide</strong></span> 
     </span>
    </p>
   </div>
   <div class='ocr_carea' id='block_1_133' title="bbox 1876 5183 3048 5255">
    <p class='ocr_par' dir='ltr' id='par_1_133' title="bbox 1876 5183 3048 5255">
     <span class='ocr_line' id='line_1_134' title="bbox 1876 5183 3048 5255; baseline -0.005 -13"><span class='ocrx_word' id='word_1_819' title='bbox 1876 5183 2162 5244; x_wconf 80' lang='lat' dir='ltr'><strong>comment.</strong></span> <span class='ocrx_word' id='word_1_820' title='bbox 2194 5191 2258 5241; x_wconf 91' lang='lat' dir='ltr'><strong>ad</strong></span> <span class='ocrx_word' id='word_1_821' title='bbox 2287 5183 2426 5242; x_wconf 74' lang='lat' dir='ltr'><strong>vers.</strong></span> <span class='ocrx_word' id='word_1_822' title='bbox 2463 5183 2561 5241; x_wconf 80' lang='lat' dir='ltr'><strong>t99</strong></span> <span class='ocrx_word' id='word_1_823' title='bbox 2593 5187 2773 5255; x_wconf 89' lang='lat' dir='ltr'><strong>hymn.</strong></span> <span class='ocrx_word' id='word_1_824' title='bbox 2814 5186 2871 5238; x_wconf 77' lang='lat' dir='ltr'><strong>tl</strong></span> <span class='ocrx_word' id='word_1_825' title='bbox 2899 5183 3048 5236; x_wconf 80' lang='lat' dir='ltr'><strong>Cath.</strong></span> 
     </span>
    </p>
   </div>
   <div class='ocr_carea' id='block_1_134' title="bbox 1948 5252 3452 5320">
    <p class='ocr_par' dir='ltr' id='par_1_134' title="bbox 1948 5252 3452 5320">
     <span class='ocr_line' id='line_1_135' title="bbox 1948 5252 3452 5320; baseline -0.005 -7"><span class='ocrx_word' id='word_1_826' title='bbox 1948 5261 2032 5313; x_wconf 74' lang='grc'><strong>72.</strong></span> <span class='ocrx_word' id='word_1_827' title='bbox 2069 5259 2257 5313; x_wconf 86' lang='lat' dir='ltr'><strong>Weitz.</strong></span> <span class='ocrx_word' id='word_1_828' title='bbox 2290 5273 2409 5312; x_wconf 90' lang='lat' dir='ltr'><strong>cum</strong></span> <span class='ocrx_word' id='word_1_829' title='bbox 2457 5252 2653 5310; x_wconf 42' lang='lat' dir='ltr'><strong>Widm&#39;.</strong></span> <span class='ocrx_word' id='word_1_830' title='bbox 2683 5256 2866 5310; x_wconf 89' lang='lat' dir='ltr'><strong>scribit</strong></span> <span class='ocrx_word' id='word_1_831' title='bbox 2906 5254 3147 5319; x_wconf 83' lang='lat' dir='ltr'><strong>ephebus.</strong></span> <span class='ocrx_word' id='word_1_832' title='bbox 3181 5253 3234 5305; x_wconf 85' lang='lat' dir='ltr'><strong>Iit</strong></span> <span class='ocrx_word' id='word_1_833' title='bbox 3269 5252 3452 5320; x_wconf 82' lang='lat' dir='ltr'><strong>Egm.,</strong></span> 
     </span>
    </p>
   </div>
   <div class='ocr_carea' id='block_1_135' title="bbox 1879 5324 3454 5399">
    <p class='ocr_par' dir='ltr' id='par_1_135' title="bbox 1879 5324 3454 5399">
     <span class='ocr_line' id='line_1_136' title="bbox 1879 5324 3454 5399; baseline -0.006 -15"><span class='ocrx_word' id='word_1_834' title='bbox 1879 5331 2134 5396; x_wconf 86' lang='lat' dir='ltr'><strong>Hai!sbr.,</strong></span> <span class='ocrx_word' id='word_1_835' title='bbox 2179 5329 2377 5399; x_wconf 76' lang='lat' dir='ltr'><strong>efybus.</strong></span> <span class='ocrx_word' id='word_1_836' title='bbox 2417 5327 2808 5382; x_wconf 85' lang='lat' dir='ltr'><strong>Chamillardus</strong></span> <span class='ocrx_word' id='word_1_837' title='bbox 2841 5324 3176 5399; x_wconf 74' lang='lat' dir='ltr'><strong>existimabat</strong></span> <span class='ocrx_word' id='word_1_838' title='bbox 3222 5334 3454 5399; x_wconf 67' lang='lat' dir='ltr'><strong>aromata</strong></span> 
     </span>
    </p>
   </div>
   <div class='ocr_carea' id='block_1_136' title="bbox 1879 5393 3452 5470">
    <p class='ocr_par' dir='ltr' id='par_1_136' title="bbox 1879 5393 3452 5470">
     <span class='ocr_line' id='line_1_137' title="bbox 1879 5393 3452 5470; baseline -0.005 -16"><span class='ocrx_word' id='word_1_839' title='bbox 1879 5410 2080 5456; x_wconf 90' lang='lat' dir='ltr'><strong>tantum</strong></span> <span class='ocrx_word' id='word_1_840' title='bbox 2112 5393 2313 5470; x_wconf 60' lang='lat' dir='ltr'><strong>plurale</strong></span> <span class='ocrx_word' id='word_1_841' title='bbox 2343 5399 2482 5470; x_wconf 82' lang='lat' dir='ltr'><strong>apud</strong></span> <span class='ocrx_word' id='word_1_842' title='bbox 2518 5399 2732 5470; x_wconf 86' lang='lat' dir='ltr'><strong>Latinos</strong></span> <span class='ocrx_word' id='word_1_843' title='bbox 2764 5393 3452 5470; x_wconf 34' lang='lat' dir='ltr'><strong>reperirinquamvisapud</strong></span> 
     </span>
    </p>
   </div>
   <div class='ocr_carea' id='block_1_137' title="bbox 1875 5461 3454 5536">
    <p class='ocr_par' dir='ltr' id='par_1_137' title="bbox 1875 5461 3454 5536">
     <span class='ocr_line' id='line_1_138' title="bbox 1875 5461 3454 5536; baseline -0.007 -9"><span class='ocrx_word' id='word_1_844' title='bbox 1875 5461 2296 5527; x_wconf 51' lang='lat' dir='ltr'><strong>Graecos&#39;etiam</strong></span> <span class='ocrx_word' id='word_1_845' title='bbox 2346 5461 2398 5522; x_wconf 80' lang='lat' dir='ltr'><strong>in</strong></span> <span class='ocrx_word' id='word_1_846' title='bbox 2453 5469 2712 5536; x_wconf 88' lang='lat' dir='ltr'><strong>singulari</strong></span> <span class='ocrx_word' id='word_1_847' title='bbox 2759 5461 3210 5536; x_wconf 46' lang='lat' dir='ltr'><strong>dicatura&#39;i‘mpa.</strong></span> <span class='ocrx_word' id='word_1_848' title='bbox 3259 5463 3454 5536; x_wconf 83' lang='lat' dir='ltr'><strong>Verum</strong></span> 
     </span>
    </p>
   </div>
   <div class='ocr_carea' id='block_1_138' title="bbox 1873 5532 3455 5598">
    <p class='ocr_par' dir='ltr' id='par_1_138' title="bbox 1873 5532 3455 5598">
     <span class='ocr_line' id='line_1_139' title="bbox 1873 5532 3455 5598; baseline -0.007 -2"><span class='ocrx_word' id='word_1_849' title='bbox 1873 5543 2173 5598; x_wconf 84' lang='lat' dir='ltr'><strong>Marcianus</strong></span> <span class='ocrx_word' id='word_1_850' title='bbox 2202 5556 2376 5593; x_wconf 87' lang='lat' dir='ltr'><strong>aroma</strong></span> <span class='ocrx_word' id='word_1_851' title='bbox 2404 5532 2642 5592; x_wconf 65' lang='lat' dir='ltr'><strong>Indicum</strong></span> <span class='ocrx_word' id='word_1_852' title='bbox 2669 5535 2803 5590; x_wconf 86' lang='lat' dir='ltr'><strong>dixit</strong></span> <span class='ocrx_word' id='word_1_853' title='bbox 2836 5535 2895 5586; x_wconf 88' lang='grc' dir='ltr'><strong>υ.</strong></span> <span class='ocrx_word' id='word_1_854' title='bbox 2933 5532 3222 5586; x_wconf 60' lang='grc' dir='ltr'><strong>ΙίΙ).’χκιιχ</strong></span> <span class='ocrx_word' id='word_1_855' title='bbox 3263 5534 3346 5584; x_wconf 91' lang='lat' dir='ltr'><strong>tit.</strong></span> <span class='ocrx_word' id='word_1_856' title='bbox 3389 5532 3455 5595; x_wconf 69' lang='grc' dir='ltr'><strong>ιι,</strong></span> 
     </span>
    </p>
   </div>
   <div class='ocr_carea' id='block_1_139' title="bbox 1873 5603 3458 5681">
    <p class='ocr_par' dir='ltr' id='par_1_139' title="bbox 1873 5603 3458 5681">
     <span class='ocr_line' id='line_1_140' title="bbox 1873 5603 3458 5681; baseline -0.008 -15"><span class='ocrx_word' id='word_1_857' title='bbox 1873 5612 1979 5681; x_wconf 87' lang='lat' dir='ltr'><strong>leg.</strong></span> <span class='ocrx_word' id='word_1_858' title='bbox 2010 5613 2106 5666; x_wconf 93' lang='lat' dir='ltr'><strong>ult.</strong></span> <span class='ocrx_word' id='word_1_859' title='bbox 2140 5610 2461 5681; x_wconf 83' lang='lat' dir='ltr'><strong>Prudentius</strong></span> <span class='ocrx_word' id='word_1_860' title='bbox 2508 5622 2686 5681; x_wconf 83' lang='lat' dir='ltr'><strong>aroma</strong></span> <span class='ocrx_word' id='word_1_861' title='bbox 2731 5608 2784 5658; x_wconf 91' lang='lat' dir='ltr'><strong>in</strong></span> <span class='ocrx_word' id='word_1_862' title='bbox 2822 5603 3080 5681; x_wconf 56' lang='lat' dir='ltr'><strong>singulari</strong></span> <span class='ocrx_word' id='word_1_863' title='bbox 3125 5603 3257 5656; x_wconf 84' lang='lat' dir='ltr'><strong>dixit</strong></span> <span class='ocrx_word' id='word_1_864' title='bbox 3296 5605 3458 5658; x_wconf 82' lang='lat' dir='ltr'><strong>etiam</strong></span> 
     </span>
    </p>
   </div>
   <div class='ocr_carea' id='block_1_140' title="bbox 1871 5675 2954 5748">
    <p class='ocr_par' dir='ltr' id='par_1_140' title="bbox 1871 5675 2954 5748">
     <span class='ocr_line' id='line_1_141' title="bbox 1871 5675 2954 5748; baseline -0.013 -10"><span class='ocrx_word' id='word_1_865' title='bbox 1871 5675 2026 5738; x_wconf 63' lang='lat' dir='ltr'><strong>ciui.</strong></span> <span class='ocrx_word' id='word_1_866' title='bbox 2059 5685 2114 5748; x_wconf 78' lang='lat'><strong>5,</strong></span> <span class='ocrx_word' id='word_1_867' title='bbox 2143 5696 2285 5735; x_wconf 91' lang='lat' dir='ltr'><strong>vers.</strong></span> <span class='ocrx_word' id='word_1_868' title='bbox 2317 5680 2409 5745; x_wconf 70' lang='lat'><strong>22,</strong></span> <span class='ocrx_word' id='word_1_869' title='bbox 2441 5677 2637 5746; x_wconf 89' lang='lat' dir='ltr'><strong>Apoth.</strong></span> <span class='ocrx_word' id='word_1_870' title='bbox 2666 5691 2806 5728; x_wconf 88' lang='lat' dir='ltr'><strong>vers.</strong></span> <span class='ocrx_word' id='word_1_871' title='bbox 2835 5675 2954 5727; x_wconf 81' lang='lat'><strong>758.</strong></span> 
     </span>
    </p>
   </div>
   <div class='ocr_carea' id='block_1_141' title="bbox 1945 5751 3075 5816">
    <p class='ocr_par' dir='ltr' id='par_1_141' title="bbox 1945 5751 3075 5816">
     <span class='ocr_line' id='line_1_142' title="bbox 1945 5751 3075 5816; baseline -0.01 -9"><span class='ocrx_word' id='word_1_872' title='bbox 1945 5755 2032 5807; x_wconf 66' lang='grc'><strong>74.</strong></span> <span class='ocrx_word' id='word_1_873' title='bbox 2067 5752 2279 5816; x_wconf 85' lang='lat' dir='ltr'><strong>Parrh.,</strong></span> <span class='ocrx_word' id='word_1_874' title='bbox 2309 5752 2389 5803; x_wconf 85' lang='lat' dir='ltr'><strong>hic</strong></span> <span class='ocrx_word' id='word_1_875' title='bbox 2418 5765 2581 5808; x_wconf 89' lang='lat' dir='ltr'><strong>amor,</strong></span> <span class='ocrx_word' id='word_1_876' title='bbox 2612 5755 2797 5800; x_wconf 89' lang='lat' dir='ltr'><strong>contra</strong></span> <span class='ocrx_word' id='word_1_877' title='bbox 2823 5751 3075 5797; x_wconf 66' lang='lat' dir='ltr'><strong>metrum.</strong></span> 
     </span>
    </p>
   </div>
   <div class='ocr_carea' id='block_1_142' title="bbox 1941 5818 2791 5888">
    <p class='ocr_par' dir='ltr' id='par_1_142' title="bbox 1941 5818 2791 5888">
     <span class='ocr_line' id='line_1_143' title="bbox 1941 5818 2791 5888; baseline -0.012 -10"><span class='ocrx_word' id='word_1_878' title='bbox 1941 5825 2031 5878; x_wconf 83' lang='lat'><strong>&#39;75.</strong></span> <span class='ocrx_word' id='word_1_879' title='bbox 2061 5822 2244 5888; x_wconf 82' lang='lat' dir='ltr'><strong>Alex.,</strong></span> <span class='ocrx_word' id='word_1_880' title='bbox 2279 5821 2424 5875; x_wconf 83' lang='lat' dir='ltr'><strong>Vatt.</strong></span> <span class='ocrx_word' id='word_1_881' title='bbox 2461 5823 2500 5874; x_wconf 87' lang='lat' dir='ltr'><strong>A</strong></span> <span class='ocrx_word' id='word_1_882' title='bbox 2556 5819 2614 5885; x_wconf 77' lang='grc' dir='ltr'><strong>Ρ,</strong></span> <span class='ocrx_word' id='word_1_883' title='bbox 2649 5818 2791 5871; x_wconf 85' lang='lat' dir='ltr'><strong>obvia</strong></span> 
     </span>
    </p>
   </div>
   <div class='ocr_carea' id='block_1_143' title="bbox 2943 5911 3015 5964">
    <p class='ocr_par' dir='ltr' id='par_1_143' title="bbox 2943 5911 3015 5964">
     <span class='ocr_line' id='line_1_144' title="bbox 2943 5911 3015 5964; baseline -0.014 0"><span class='ocrx_word' id='word_1_884' title='bbox 2943 5911 3015 5964; x_wconf 64' lang='lat'><strong>19</strong></span> 
     </span>
    </p>
   </div>
  </div>
