3942 6310
153 372 250 427 597
388 342 392 343 ί
532 359 542 364 ’
1353 365 1683 423 EPISTULA
1725 367 2198 426 DEDICATOBIA.
3292 361 3397 420 598

89 552 99 582 ι
150 488 462 628 ἔκπιεν-ἤ
490 485 820 623 editiorem
845 485 1272 563 inspiciamus,
1298 485 1522 564 quibus
1565 489 1638 548 de
1676 483 1868 549 veteri
1919 490 2134 551 divino
2176 489 2383 569 officio
2413 484 2706 547 Ecclesia:
2731 482 3035 560 Hispana
3064 479 3399 546 tam'dOcte

192 585 419 628 ιεερνις.
449 586 486 624 ll
549 583 612 625 ηρ
663 586 676 625 l
735 581 948 628 supra.

192 568 419 639 isseris,
449 574 517 624 ut
549 567 707 625 nihil
735 581 948 639 supra.

151 583 394 628 disseris
449 583 517 624 ut
549 583 705 625 ninu
735 583 810 625 su
853 583 948 623 ra.

117 653 126 684 ε
230 646 304 705 ν.
337 612 614 706 Dicerem
643 644 757 702 hoc
785 583 1026 722 {itidem
1083 645 1220 705 loco
1271 644 1343 705 de
1389 646 1751 708 academicis
1805 647 2185 710 con-sessibus
2219 667 2256 707 a
2306 656 2384 720 te,
2427 640 3265 724 princepsieminentissime,
3317 640 3400 703 ad

147 724 581 786 illustrandum
632 723 960 805 liturgiam
987 724 1367 805 constitutis
1399 734 1522 805 aut
1570 727 1896 803 promotis,
1945 729 2070 788 nisi
2095 723 2644 805 properantemme
2677 723 2758 782 ad
2797 727 3199 805 s_ese_vocaret
3223 739 3400 805 sum—

143 815 366 882 ptuosa
401 812 456 862 et
485 798 1091 883 magnificentissima
1141 802 1330 862 editio
1380 798 1646 883 Patrum
1669 805 1776 883 qui
1799 805 1990 864 sedem
2027 798 2193 865 tuam
2212 798 2646 883 pontificalem
2689 800 2964 883 antiquis
3020 798 3398 883 temporibus

147 879 567 960 obtinuerunt.
598 879 876 960 Quorum
903 882 1153 958 scriptis
1186 882 1560 958 singularem
1588 879 1994 960 splendorem,
2023 892 2076 942 et
2105 879 2306 943 lum-en
2340 879 2468 942 non
2496 882 2694 942 solum
2715 879 2917 960 doctis
2934 885 2988 960 et
3021 880 3397 960 opportunis

141 959 612 1040 praefationibus
640 959 940 1040 attulisti,
970 956 1178 1040 verum
1208 956 1387 1020 etiam
1424 956 1714 1039 subjectis
1734 961 2246 1022 adnotationibus
2295 980 2372 1021 ex
2404 962 2628 1022 intima
2677 958 3010 1040 theologia,
3060 956 3396 1040 exumulti-

141 1035 295 1118 plici
321 1039 770 1119 antiquitatum
799 1039 1351 1119 ecclesiasticarum
1375 1035 1633 1111 notitia,
1663 1049 1844 1119 atque
1871 1042 2184 1118 exquisita
2209 1042 2440 1101 artium
2475 1035 2940 1119 reconditarum
2971 1035 3394 1112 intelligentia

139 1117 725 1198 profectis.’Quoin
757 1134 969 1198 genere
995 1118 1342 1178 studiorum
1376 1119 1620 1198 silentio
1670 1117 2165 1198 prsetereundum
2192 1119 2357 1198 mihi,
2379 1137 2507 1198 non
2537 1128 2619 1178 est
2651 1117 2820 1198 quod
2853 1131 3041 1198 opera
3070 1124 3396 1198 conterre—

142 1191 240 1260 nei
261 1191 362 1258 lui
390 1198 592 1256 sancti
623 1191 894 1256 Martini
924 1197 1339 1273 Legionensis,
1370 1198 1496 1256 viri
1527 1191 1930 1268 theodidacti,
1979 1215 2245 1275 quorum
2289 1197 2619 1257 editionem
2651 1191 2917 1275 litterati
2963 1192 3237 1275 homines
3257 1191 3394 1270 jam

143 1277 248 1338 diu
267 1276 656 1355 expetebant,
684 1275 977 1334 nonnulli
1007 1271 1314 1334 incassum
1338 1283 1762 1355 tentaverant,
1798 1285 1864 1334 tu
1900 1271 2137 1353 primus
2173 1275 2253 1335 ad
2285 1277 2594 1353 exemplar
2617 1295 2694 1335 ex
2723 1271 3138 1352 chirographo
3169 1280 3396 1332 aucto—

139 1357 226 1416 ris
257 1354 637 1432 descriptum
669 1362 942 1431 quatuor
976 1355 1217 1430 magnis
1249 1354 1668 1413 voluminibus
1697 1355 1766 1413 in
1791 1355 2102 1434 publicam
2140 1356 2330 1434 lucem
2365 1357 2654 1415 emiseris.

218 1437 324 1498 \"l.
357 1430 567 1512 Neque
595 1430 737 1492 vero
772 1433 1236 1510 praetermittere
1265 1434 1408 1492 licet
1441 1430 1878 1511 antiquissima.
1911 1434 2066 1493 novi
2092 1434 2259 1493 orbis
2290 1433 2601 1502 Concilio,
2625 1451 2780 1511 quae,
2815 1433 2962 1492 dum
2979 1430 3390 1512 archiepisco-

138 1522 320 1591 patus
347 1508 670 1574 Mexicani
695 1508 915 1591 infulis
948 1520 1210 1591 ornatus
1240 1530 1420 1580 esses,
1468 1508 1738 1572 maxima
1765 1512 2093 1588 diligentia
2120 1531 2469 1588 summoque
2512 1508 2720 1572 studio
2777 1513 3058 1591 collecta,
3090 1508 3393 1591 catalogis

140 1588 490 1654 antistitum
543 1588 933 1670 singularum
991 1589 1383 1670 ecclesiarum
1435 1592 1777 1667 provincia
1831 1592 2216 1660 Mexicanx,
2263 1592 2522 1670 aliisque
2576 1590 2930 1668 insignibus
2980 1588 3391 1670 monumentis

138 1670 476 1743 illustrata,
510 1666 673 1746 typis
703 1669 1056 1748 mandasti:
1085 1686 1272 1746 neque
1309 1666 1450 1728 illos
1486 1670 1759 1746 egregios
1807 1670 1963 1728 duos
1994 1670 2295 1730 doctrinae
2322 1666 2975 1748 Christianazipopulo
3009 1666 3394 1745 explicanda

139 1749 350 1820 libros,
382 1767 534 1828 quos
584 1746 980 1828 catechismos
1009 1748 1293 1821 dicimus,
1316 1748 1500 1828 jussu
1533 1757 1589 1807 et
1619 1749 2000 1828 auctoritate
2052 1749 2308 1828 concilii
2358 1767 2415 1808 IV
2445 1746 2836 1828 iMexicani,
2878 1748 2982 1808 cui
3028 1748 3209 1807 etiam
3265 1747 3393 1828 ipse

135 1825 467 1906 prafaisii,
501 1835 608 1906 tua
651 1827 1042 1906 potissimum
1088 1845 1273 1904 opera
1314 1827 1600 1903 juvante.
1650 1829 1892 1888 Mexici
1923 1827 2302 1904 divulgatos.
2334 1827 2666 1890 Nobiliora
2697 1825 2923 1905 ubique
2952 1834 3124 1897 sunt,
3157 1825 3394 1906 multo—

138 1903 592 1985 que’gravioris
627 1903 918 1984 ponderis
952 1903 1189 1985 vetusta
1227 1906 1519 1985 Ecclesia:
1559 1907 1858 1983 Ilispame
1907 1907 2198 1976 concilia,
2249 1925 2382 1983 qua:
2429 1907 2609 1966 modo
2659 1909 2727 1969 in
2771 1903 3063 1985 summam
3116 1903 3390 1976 redacta,

134 1983 305 2045 modo
343 1983 599 2062 perinde
634 1983 937 2062 disposita
970 1993 1024 2043 et
1056 1984 1419 2063 distributa,
1458 1993 1530 2044 ut
1559 2003 1786 2058 corpus
1809 1986 1980 2063 juris
2013 1986 2302 2045 canonici
2329 1985 2631 2061 digestum
2664 1994 2784 2057 est,
2819 1992 2873 2044 te
2902 1984 3197 2043 nimirum
3224 1999 3394 2061 prce——

136 2063 297 2123 claro
333 2063 606 2142 auspice,
637 2065 700 2124 in
731 2081 1105 2142 communem
1141 2062 1474 2142 utilitatem
1503 2062 1903 2142 prodierunt.
1935 2065 2076 2124 Huc
2111 2065 2293 2123 etiam
2321 2064 2546 2142 referri
2569 2073 2773 2142 potest
2807 2063 2972 2142 quod
3010 2070 3104 2122 tot
3152 2070 3394 2139 tamque

133 2143 467 2219 flagitiosis
505 2141 681 2201 libris
717 2142 783 2200 in
816 2140 1037 2218 vulgus
1071 2149 1290 2200 contra
1314 2141 1636 2218 religionis
1687 2141 1780 2220 vel
1828 2142 2074 2215 decora,
2124 2143 2217 2203 vel
2251 2140 2654 2220 fundamenta
2693 2140 3110 2204 diss—eminulis
3146 2157 3391 2200 sacrum

138 2217 571 2312 Tridentinum
625 2217 958 2281 concilium.
1007 2220 1348 2298 Hispanice
1401 2217 1807 2298 cbnversum,
1865 2231 2091 2300 tuoque
2135 2217 2494 2298 patrocinio
2543 2221 2899 2283 decoratum
2925 2226 3394 2299 peropportune

136 2317 516 2359 οηοοςιιρνιε.

550 2397 690 2438 vero
726 2378 1079 2458 muniﬁcam
1108 2387 1274 2436 tuam
1319 2378 1635 2437 dexteram
1675 2381 1999 2458 porrigere
2040 2397 2360 2458 nunquam
2403 2381 2725 2451 destitisti,
2785 2381 2895 2458 qui
2956 2384 3094 2438 tuta
3155 2377 3257 2437 via
3315 2375 3396 2436 ad

133 2456 570 2542 graviorahxc
598 2456 807 2542 studia
833 2456 1306 2542 adolescentium
1339 2458 1582 2542 ingenia
1629 2456 2082 2542 anixnicribus
2111 2456 2435 2542 politioris
2482 2456 2856 2542 litteratura
2906 2457 3254 2542 praeceptis,
3285 2464 3395 2515 aut

133 2535 576 2617 philosophicis
608 2534 1113 2617 institutionibus
1136 2534 1482 2617 deducunt.
1510 2536 1890 2617 Quanquam
1919 2538 2032 2597 hoc
2060 2534 2129 2597 in
2166 2534 2530 2614 argumento
2561 2534 2941 2617 praecipuam
2986 2534 3226 2617 laudem
3267 2553 3394 2617 me-

133 2611 354 2674 rentur
376 2613 490 2676 illa
520 2615 654 2695 ipsa
685 2623 920 2695 quietu
948 2615 1016 2675 in
1049 2614 1357 2695 volumine
1383 2611 1850 2695 Epistolarum,
1883 2611 2267 2695 aliorumque
2321 2611 2578 2694 operum
2628 2611 2881 2676 tuorum
2936 2611 3149 2695 Tole‘ti'
3172 2615 3394 2692 formis

133 2713 418 2770 expresso
453 2693 929 2770 prudentissime
967 2693 1315 2767 tradidisti,
1353 2694 1497 2754 dum
1529 2695 1770 2754 scilicet
1814 2713 2036 2755 novam
2090 2693 2416 2756 editionem
2449 2696 2808 2755 Rhetorice:
2838 2710 3031 2754 sacra:
3058 2693 3392 2770 incompa-f

133 2768 347 2834 rabilis
378 2768 502 2832 viri
530 2772 833 2833 Ludovici
877 2771 1278 2833 Granatensis
1332 2773 1739 2844 commendas,
1791 2783 1896 2834 aut
1930 2775 2001 2833 de
2028 2784 2196 2834 recta
2223 2775 2577 2835 studiorum
2605 2773 2850 2834 ratione
2879 2771 3065 2832 verba
3091 2768 3280 2849 facis,
3310 2768 3390 2829 ad

131 2855 440 2932 majorum
452 2852 680 2932 utique
706 2869 1009 2932 normam,
1040 2851 1244 2932 quoad
1260 2851 1405 2932 ejus
1435 2854 1584 2932 fieri
1599 2855 1823 2929 possit,
1855 2852 2396 2913 accommodanda.
2889 2931 2895 2932 ί
3173 2853 3178 2857 ’

200 2929 373 2992 VIII.
414 2930 531 2990 llis
563 2929 840 2992 omnibus
868 2929 1126 3009 libenter
1151 2929 1456 3003 adderem,
1481 2931 1773 3008 princeps
1805 2933 2056 3005 optime,
2107 2932 2484 3009 singularem
2541 2931 2996 3009 beneﬁcentiam
3038 2945 3161 3006 qua
3203 2944 3386 3000 meas,

133 3010 406 3089 quamvis
441 3009 654 3086 exigui
683 3017 790 3089 aut
816 3008 1054 3070 nullius
1078 3010 1292 3088 pretii,
1331 3007 1796 3070 lucubrationes
1827 3011 2171 3088 largissime
2200 3007 2563 3087 prosecutus
2592 3007 2762 3085 es,‘si
2809 3007 2875 3070 id
2914 3025 3081 3068 nunc
3125 3023 3385 3085 agerem,

134 3088 190 3148 ut
219 3089 456 3168 ﬁdelem
482 3089 652 3166 grati
686 3088 880 3148 animi
913 3093 1264 3149 memoriam
1291 3097 1349 3147 et
1385 3089 1903 3167 testificationem,
1941 3107 2074 3168 qua:
2115 3106 2260 3148 sane
2308 3110 2342 3147 a
2371 3098 2620 3167 pectore
2648 3097 2754 3149 aut
2787 3106 2891 3150 ore
2914 3105 3040 3148 meo
3069 3103 3390 3166 nunquam

135 3169 346 3243 aberit,
381 3177 776 3240 ostentarem,
808 3185 880 3225 ac
906 3184 1035 3226 non
1078 3169 1294 3244 potius
1324 3175 1395 3226 ut
1430 3169 1677 3243 egregia
1709 3177 1817 3227 tua
1848 3170 1911 3228 in
1939 3184 2149 3227 sacras
2197 3168 2466 3228 Litteras
2512 3169 2729 3229 merita
2761 3168 2970 3244 aliqua
3015 3174 3256 3225 tantum
3310 3182 3388 3223 ex

135 3257 296 3324 parte
346 3247 753 3308 ostenderem.
809 3246 1033 3326 Verum
1055 3245 1182 3326 hoc
1236 3246 1421 3326 etiam
1451 3254 1535 3305 est
1568 3246 1867 3310 bonitatis
1905 3257 2045 3320 tux,
2077 3247 2255 3326 quod,
2292 3249 2359 3307 in
2393 3247 2624 3309 divinis
2654 3247 2748 3306 his
2779 3245 3063 3326 scientiis
3091 3244 3187 3303 vel
3217 3245 3387 3320 ipsos

136 3337 386 3390 conatus
413 3327 787 3402 proﬁciendi
817 3324 1092 3402 prxmiis
1119 3324 1480 3404 afficiendos
1508 3343 1630 3385 esse
1660 3344 1926 3397 censeas,
1953 3345 2063 3386 nec
2090 3324 2274 3386 modo
2303 3328 2638 3405 scriptores
2665 3343 2731 3384 re
2751 3333 2808 3386 et
2833 3324 3392 3405 maturitatecom—

135 3405 472 3496 mendatos,
517 3400 622 3480 sed
659 3424 757 3464 eos
803 3400 982 3465 etiam
1026 3405 1133 3482 qui
1158 3400 1341 3481 spem
1385 3412 1441 3465 et
1485 3408 2006 3484 exspectationem
2051 3405 2321 3484 aliquam
2377 3400 2507 3482 prae
2565 3424 2628 3465 se
2673 3407 2909 3483 ferunt,
2963 3400 3391 3480 benignissime

136 3502 433 3546 Ptl‘ClDlaS.

205 3503 534 3624 igmlilud
559 3579 700 3622 vero
731 3579 920 3639 neque
953 3572 1148 3642 tacere
1185 3561 1394 3642 debeo,
1425 3579 1616 3642 neque
1647 3571 1798 3625 satis
1845 3581 1960 3641 pro
2001 3563 2312 3642 dignitate
2363 3563 2566 3642 eloqui
2598 3581 2880 3642 possum,
2913 3571 2968 3622 te
3003 3562 3070 3622 in
3102 3560 3393 3642 ecclesia—

135 3644 298 3703 sticis
328 3642 563 3704 studiis
591 3641 1048 3719 promovendis.
1088 3643 1155 3703 in
1180 3639 1581 3722 publicandis
1615 3652 1668 3702 ct
1691 3660 1814 3722 eper
1841 3639 2184 3722 Europam;
2199 3639 2545 3722 liberaliter
2579 3639 2942 3722 spargendis
2981 3647 3073 3699 tot
3105 3639 3393 3698 ecclesia-

135 3723 296 3782 stica
324 3722 635 3782 doctrinas
659 3723 1096 3794 monumentis,
1131 3729 1205 3779 ut
1239 3719 1670 3799 bibliothecam
1696 3719 2278 3799 archiepiscopalem
2313 3719 2680 3780 Toletanam
2709 3719 3046 3797 insigniter
3097 3737 3133 3775 a
3173 3727 3229 3775 te
3252 3734 3395 3799 au—

136 3811 307 3874 ctam,
347 3800 656 3878 aliamque
683 3800 996 3877 privatam
1029 3799 1309 3860 selectam
1339 3808 1394 3860 et
1429 3798 1795 3878 locupletem
1834 3796 1950 3861 tibi
1994 3796 2411 3876 comparatam
2445 3800 2751 3878 omittam,
2783 3807 3034 3877 sumptu
3065 3804 3118 3854 et
3148 3796 3396 3878 magni-

135 3882 374 3955 ﬁcentia
413 3874 638 3957 incum
684 3874 932 3947 modum
975 3879 1316 3957 prodiisse,
1374 3887 1441 3937 ut
1478 3874 1674 3956 siquis
1707 3881 1908 3941 solum
1957 3874 2167 3939 oculos
2216 3879 2284 3937 in
2332 3878 2454 3939 hac
2509 3888 2616 3938 tua
2668 3874 2982 3956 benefacta
3031 3874 3394 3952 conjecerit,

135 3959 307 4036 facile
339 3956 464 4020 sibi
487 3957 852 4036 persuadeat
885 3956 1053 4018 tuam
1097 3958 1452 4036 largitatem
1486 3959 1656 4036 ultra
1688 3959 1796 4019 hos
1829 3958 2120 4018 terminos
2153 3957 2455 4035 progredi
2500 3974 2630 4016 non
2665 3958 2940 4036 potuisse
2969 3977 2987 4015 :
3015 3971 3158 4036 cum
3195 3961 3398 4036 tamen

138 4032 199 4109 ea
228 4039 425 4099 multo
457 4032 649 4110 magis
682 4036 1040 4114 excelluerit
1072 4037 1138 4097 in
1162 4032 1932 4098 sustentandamultorum
1966 4032 2201 4114 inopia,
2238 4032 2306 4096 in
2346 4035 2802 4096 calamitatibus
2830 4032 3211 4114 populorum
3239 4033 3428 4114 feles

137 4117 374 4189 vandis,
408 4116 476 4177 in
512 4116 628 4175 viis
653 4113 922 4194 publicis
955 4115 1327 4194 muniendis,
1357 4116 1427 4174 in
1453 4115 1753 4193 pontibus
1789 4111 2192 4194 xdiﬁcanliis,
2221 4115 2286 4175 in
2313 4114 2718 4176 xenodochiis
2752 4111 3094 4194 erigendis,
3132 4111 3203 4171 in
3255 4111 3400 4194 aliis

136 4195 359 4256 (edibus
395 4190 871 4274 constituendis,
908 4203 1083 4274 auta
1115 4190 1538 4274 fundamentis
1567 4190 1943 4274 excitandis,
1977 4192 2199 4274 quibus
2234 4196 2388 4274 agri
2411 4202 2741 4274 curentur,
2793 4190 3132 4253 amentibus
3177 4191 3402 4270 provi—
3460 4225 3466 4234 -

137 4275 374 4340 deatur.
408 4289 534 4333 uno
562 4273 742 4333 verbo
779 4274 846 4334 in
871 4271 1123 4351 publica
1148 4272 1462 4334 hominum
1489 4274 1793 4350 felicitate
1825 4271 2008 4351 longe
2039 4271 2451 4351 provehenda.
2504 4273 2583 4331 In
2616 4272 2930 4334 volumine
2967 4280 3217 4351 tuorum
3253 4286 3400 4347 ope—

136 4371 292 4424 rum,
327 4353 551 4431 dequo
580 4351 770 4426 paulo
808 4349 948 4412 ante
977 4355 1342 4431 mentionem
1366 4349 1509 4431 feci,
1545 4354 1755 4430 plures
1781 4349 2255 4428 sunt‘epistola,
2283 4352 2510 4431 quibus
2546 4369 2690 4411 vera
2741 4353 2908 4411 ratio
2943 4349 3222 4411 traditur
3245 4365 3402 4431 pro-

137 4427 456 4507 spiciendi
491 4431 686 4492 saluti
743 4443 802 4491 et
865 4430 1196 4492 commodis
1221 4427 1587 4508 egenorum;
1635 4432 1740 4493 sed
1789 4433 1904 4492 illa
1957 4427 2222 4490 maxime
2256 4427 2448 4508 digna
2500 4438 2588 4491 est
2637 4449 2771 4510 qua:
2805 4433 3052 4510 legatur
3077 4447 3148 4488 ac
3192 4427 3401 4510 palam

139 4503 472 4572 celebretur
503 4510 792 4588 epistola,
834 4530 966 4588 qua.
1001 4503 1356 4587 germanum
1385 4511 1645 4588 fratrem
1693 4519 1868 4570 tuum
1903 4511 2221 4581 Thomam,
2272 4503 2614 4570 antistitem
2648 4503 3123 4588 Gerundensem,
3179 4503 3400 4588 eisdem

137 4589 350 4664 quibus
387 4598 458 4648 tu
496 4581 721 4668 studiis
748 4581 1150 4668 gratiﬁcandi
1180 4581 1536 4668 incensum,
1568 4587 1712 4649 bene
1744 4590 1815 4650 de
1856 4588 2071 4668 multis
2099 4589 2384 4668 meritum
2413 4605 2485 4648 ac
2531 4595 2884 4668 merentem,
2929 4585 3008 4645 ad
3036 4581 3402 4668 hospitalem

139 4659 421 4729 caritatis
472 4666 718 4726 domum
748 4659 1005 4746 'aliaq'ue
1037 4664 1289 4745 publica
1319 4667 1574 4746 pietatis
1610 4684 1799 4746 opera
1847 4666 2256 4740 absolvenda,
2297 4667 2574 4745 quamvis
2627 4659 3305 4746 currentem,‘impel_lis
3343 4670 3398 4717 et

138 4747 494 4818 gravissime
531 4737 1153 4825 cohortarisfallatis
1184 4746 1249 4804 in
1278 4737 1553 4825 medium
1585 4737 1879 4825 exemplis
1909 4737 2337 4824 episcoporum
2371 4745 2715 4825 praesertim
2753 4741 3077 4825 Hispania?
3120 4737 3228 4825 qui
3273 4737 3410 4796 non‘

139 4827 374 4904 insanis
440 4831 492 4882 et
553 4823 884 4904 invidiosis
941 4823 1535 4904 substructionibus,
1582 4817 2154 4904 multoque-minus
2184 4817 2532 4904 sumpiibus
2579 4822 2791 4904 effusis
2831 4817 2976 4904 cum
3021 4817 3266 4904 probro
3329 4835 3400 4876 ac

139 4903 580 4986 dedecore,_sed
612 4902 889 4980 adiﬁciis
918 4901 1233 4986 commodo
1257 4901 1508 4979 publica
1541 4898 1976 4986 construendis
2002 4923 2077 4986 ac
2103 4898 2382 4986 domibus
2410 4902 2536 4980 piis
2564 4898 2904 4986 fu'ndandis
2924 4898 3148 4986 quibus
3175 4913 3398 4986 paupe-

139 4981 306 5041 ribus
337 4975 664 5059 utriusque
701 4975 884 5042 sexus
920 4975 1354 5059 providentur,
1381 4983 1564 5057 pueri
1598 4990 1655 5042 et
1679 4983 1919 5060 puellae.
1947 4983 2075 5042 viri
2101 4988 2158 5040 et
2183 4975 2424 5060 feminae
2450 4975 2722 5039 seorsum
2750 4975 2991 5040 artibus
3026 4978 3170 5038 vita:
3202 4975 3404 5034 homi~
3509 5031 3514 5036 _

141 5077 282 5120 num
313 5061 678 5120 necessariis
705 5070 760 5120 et
789 5060 1054 5139 opiﬁciis
1084 5069 1509 5139 exerceantur,
1540 5062 1970 5139 sempiternam
1998 5060 2117 5139 sibi
2139 5060 2412 5121 nominis
2435 5061 2660 5138 famam
2682 5065 3078 5139 pepererunt.

65 5213 74 5219 _
217 5140 298 5200 Χ.
339 5140 404 5200 11
415 5139 466 5200 is
502 5152 552 5198 et
581 5137 1215 5219 sinulibus’aliistuis
1241 5141 1562 5219 praeceptis
1594 5137 2229 5219 cit—cohortationibus,
2265 5137 2554 5217 princeps
2586 5138 3088 5219 eminentissime,
3138 5149 3404 5219 expres—

142 5236 265 5278 sam
310 5235 552 5278 cernere
597 5211 737 5277 licet
790 5225 909 5277 tux
943 5211 1342 5295 benignitatis
1374 5211 1722 5294 imaginem.
1756 5221 1881 5296 Tot
1907 5217 2067 5292 enim
2094 5211 2499 5296 exsto—mtuo?
2528 5217 2646 5296 pia:
2685 5216 3080 5296 liberalitatis
3099 5211 3407 5296 perennia

142 5305 540 5355 monumenta
571 5298 633 5356 in
685 5297 1068 5373 amplissima
1088 5293 1419 5355 idiceceseos
1453 5293 1571 5357 tux
1591 5295 1924 5373 provincia
1944 5295 2176 5373 partim
2207 5294 2280 5356 ab
2311 5295 2451 5357 aliis
2490 5293 2798 5362 inchoata,
2825 5294 2928 5354 sed
2958 5313 2994 5352 a
3026 5300 3082 5351 te
3107 5293 3408 5373 perfecta,
3446 5353 3451 5358 ,

143 5377 373 5450 partim
397 5394 431 5434 a
451 5369 872 5453 fundamentis
901 5375 980 5435 ad
1006 5374 1444 5453 fastigiumate
1463 5369 1719 5452 ipso'per
1746 5369 2163 5435 nobilissimos
2184 5374 2551 5435 architectos
2575 5373 2876 5451 perducta
2896 5381 2950 5453 et
2977 5369 3410 5453 perducenda,-

148 5449 264 5512 tam
283 5449 890 5533 effusaprovidentiu
918 5449 1314 5514 cumannona
1331 5449 1998 5533 ingravescit,populis
2023 5453 2336 5533 pastorali
2364 5462 2489 5533 tux
2511 5449 3412 5533 cunecommissisprospicis:

146 5534 232 5592 sic
261 5527 425 5591 artes
465 5527 769 5599 liberales,
802 5550 1012 5594 earum
1053 5533 1234 5594 etiam
1260 5527 1603 5592 academica
1655 5527 1870 5592 schola
1918 5527 2040 5593 rite
2095 5531 2412 5601 instituta,
2469 5532 2536 5590 in
2559 5531 2776 5591 melius
2803 5527 3125 5607 provehis;
3160 5528 3254 5607 sic
3278 5527 3411 5585 alia

149 5611 402 5688 opiﬁcia
445 5611 524 5672 ad
569 5612 714 5672 vitta
745 5629 922 5672 usum
972 5613 1313 5672 necessaria
1354 5627 1562 5687 auges,
1613 5619 1682 5670 ut
1727 5618 1794 5671 te
1826 5629 1958 5671 uno
1991 5611 2058 5672 in
2093 5611 2404 5688 exemplar
2455 5609 2786 5688 proposito
2809 5606 2999 5686 facile
3043 5606 3412 5688 ostendatur

148 5685 448 5768 quantum
477 5689 819 5753 Christiani
829 5691 1035 5754 cultus
1063 5685 1504 5768 disciplina,et
1526 5689 1980 5754 clari-catholici
2006 5685 2326 5750 institutio
2342 5685 2631 5768 inanibus
2650 5687 2986 5768 impiorum
3003 5685 3414 5766 quorumdam

150 5763 465 5831 hominum
503 5769 1118 5831 commentationibus
1148 5763 1397 5845 prastat
1428 5767 1506 5829 ad
1543 5770 1841 5832 universa
1871 5768 2219 5845 reipublicce
2249 5765 2559 5828 commoda
2579 5763 3003 5846 procuranda.
