3942 6310
567 395 669 453 599

1960 393 2000 445 υ
2015 389 2414 446 BACONTIUS.
3659 396 3736 450 600

650 507 759 566 ΧΙ.
788 506 1110 583 Intelligo,
1145 507 1429 583 princeps
1463 505 1712 584 optime,
1745 513 1991 584 tantam
2029 502 2396 579 dignitatem
2452 510 2504 560 et
2560 501 3084 584 magniﬁcentiam
3133 505 3196 564 in
3247 504 3500 581 publicis
3541 507 3738 584 pietatis

567 584 854 665 operibus
882 581 1383 665 quie'summatim
1408 581 1782 665 perstrinxi,
1816 583 2150 665 consistere
2182 599 2308 640 non
2345 599 2522 656 posse
2552 581 2684 640 sine
2725 582 2976 657 privata
3006 582 3116 642 illa
3143 584 3510 665 continentia
3539 581 3744 645 ceteris-

607 661 680 726 ue
709 661 1008 726 virtutum
1029 663 1337 740 prtesidiis
1355 661 1572 740 quibus
1593 663 1943 738 episcopum
1971 662 2344 721 instructum
2375 678 2496 718 esse
2525 665 2798 740 oportet,
2827 678 2959 718 eum
2986 664 3368 737 potissimum
3391 668 3488 738 qui
3509 682 3741 722 summum

607 687 680 726 ue
709 686 1008 726 virtutum
1029 686 1337 740 prwswus
1355 686 1572 740 quwus
1593 686 1943 738 eptscopum
1971 686 2344 721 Instructam
2375 686 2496 718 esse
2525 686 2668 735 υμυι
2689 686 2798 729 set,
2827 686 2959 718 cum
2986 686 3368 737 puusssmum
3391 686 3486 738 qm
3509 686 3741 722 summum

569 686 824 804 Zonoris
851 742 1109 818 gradum
1150 743 1216 800 in
1273 742 1547 801 Ecclesia
1577 741 1863 817 Hispana
1911 748 2094 813 tenet,
2130 748 2187 797 et
2213 738 2875 818 quempotentissimus
2905 756 3022 818 retr
3047 741 3383 801 catholicus
3411 741 3634 802 Carolus
3655 742 3741 812 Il',

569 815 953 902 tequissimus
983 821 1342 880 meritorum
1376 815 1732 902 a’stimator,
1769 819 1933 902 inter
1964 819 2099 902 ipsa
2137 815 2406 902 suscepti
2437 816 2618 902 regni
2647 815 2985 902 initia_SS_.
3019 819 3092 876 ο.
3121 818 3201 879 Ν.
3237 819 3352 879 Pio
3394 820 3476 878 ι’]
3504 839 3744 902 commen-

571 894 766 975 davit,
814 908 880 958 ut
931 900 996 958 in
1027 916 1270 958 sacrum
1319 897 2307 976 collegiumcntinenlissintorum
2348 897 2524 976 55R.
2567 895 2644 952 E.
2678 894 3093 976 cardinalium
3133 907 3534 976 cooptaretur.
3572 899 3745 957 Verum

573 972 890 1039 tantarum
927 977 1177 1036 laudum
1205 972 1600 1054 prceconium,
1632 975 1702 1034 de
1726 974 1949 1052 quibus
1978 992 2086 1054 nec
2112 972 2377 1032 bneviter
2412 973 2610 1054 dicere
2645 975 3046 1051 propositum
3076 976 3225 1035 mihi
3245 972 3370 1052 est,
3403 977 3533 1036 dum
3573 978 3745 1051 aliquis

573 1059 796 1132 uigebit
825 1051 1236 1116 humanitatis
1279 1074 1513 1123 sensus,
1566 1051 1877 1130 Hispania
1912 1051 2214 1132 celebrare
2267 1070 2396 1110 non
2447 1052 2718 1122 desistet,
2769 1061 2823 1110 et
2871 1071 2984 1130 per
3016 1051 3369 1114 uniuersum
3396 1055 3579 1114 orbem
3607 1054 3748 1114 Chri-

574 1139 865 1199 stianum.
902 1134 1045 1194 dum
1072 1135 1321 1194 stabunt
1354 1151 1543 1193 sacrte
1573 1134 1849 1205 Litterie,
1888 1140 2061 1190 tuum
2097 1131 2514 1210 dulcissimum
2540 1141 2594 1189 et
2637 1131 2980 1192 immortale
3006 1151 3224 1192 nomen
3251 1134 3608 1210 personabit.

657 1216 792 1274 XII.
827 1215 965 1275 Hoc
996 1231 1183 1272 unum
1209 1233 1243 1271 a
1273 1223 1351 1283 te,
1390 1213 1851 1270 eminentissime
1879 1210 2195 1286 princeps,
2225 1208 2372 1267 dum
2399 1209 2478 1288 ad
2507 1226 2695 1268 sacras
2721 1228 3020 1288 purpura:
3059 1208 3334 1271 osculum
3360 1211 3748 1272 uenerabundus

573 1294 818 1368 accedo,
846 1309 964 1371 pro
999 1302 1105 1350 tua
1133 1291 1282 1371 mihi
1315 1291 1738 1371 cognitissima
1765 1289 2148 1371 humanitate
2180 1305 2307 1371 non
2330 1287 2528 1371 solum
2555 1287 2864 1371 exspecto,
2898 1307 3106 1371 verum
3137 1292 3320 1371 etiam
3338 1292 3684 1371 postulo,_et,
3711 1292 3749 1349 si

570 1366 1032 1450 pateris—{omni
1078 1370 1288 1430 studio
1341 1366 1680 1450 contendo,
1710 1376 1780 1426 ut
1817 1370 1885 1450 in
1933 1366 2279 1450 [)ra_contii_
2311 1367 2414 1450 _tui
2472 1368 2738 1442 gratiam
2784 1367 2914 1450 ejus
2946 1369 3239 1428 editorem
3270 1366 3348 1429 in'
3369 1380 3522 1450 tuam
3546 1369 3751 1450 ﬁdem_et

572 1443 915 1510 clientelam
949 1451 1098 1510 velis
1120 1451 1410 1523 recipere.
1442 1449 1553 1506 Ea:
1579 1465 1698 1526 quo
1721 1448 2001 1524 profecto
2033 1448 2131 1526 ﬁet
2159 1450 2230 1526 u_t
2257 1443 2357 1526 hic
2383 1443 3156 1526 meusquantuluscunque
3181 1458 3436 1508 conatus
3455 1443 3748 1526 aliquando,

571 1531 624 1588 si
655 1539 895 1588 tantum
930 1545 1174 1606 sperare
1204 1522 1372 1602 licet,
1401 1528 1562 1587 inter
1588 1522 1953 1606 argumenta
1991 1522 2336 1606 singularis
2367 1522 2596 1584 amoris
2629 1524 2760 1606 tui,
2812 1535 2866 1583 et
2903 1522 3337 1606 benevolentia:
3367 1545 3502 1598 erqa
3527 1522 3751 1588 ecclesia~

573 1610 866 1670 sticar-um
899 1601 1377 1685 disciplinarum
1405 1601 1697 1681 cultores,
1725 1604 1921 1682 possit
1950 1603 2214 1680 aliquem
2238 1601 2331 1660 vel
2361 1612 2702 1662 extremum
2732 1604 2935 1664 locum
2968 1604 3272 1666 nancisci.

599 1778 888 1798 ...ιμ’-

987 1883 1867 1974 PROLEGOMENA
1951 1884 2068 1964 IN
2148 1878 2682 1963 CARMINA
2737 1881 3420 1965 DRACONTII.

1080 2149 1302 2206 CAPUT
1344 2146 1620 2202 ριιιδιιῖλι.

577 2268 838 2321 Dracontii
863 2265 1000 2333 apud
1027 2271 1212 2333 veteres
1239 2259 1404 2333 prima
1425 2255 1687 2333 memoria.
1715 2256 1775 2308 8.
1807 2253 1994 2333 lsirlori
2016 2255 2076 2305 de
2097 2269 2151 2304 eo

644 2324 999 2389 testimonium.
1029 2333 1087 2385 S.
1114 2324 1452 2384 Columbanus
1474 2328 1642 2394 plures
1671 2343 1840 2378 versus
1870 2341 1899 2375 ιι
1927 2324 2150 2376 Dracon-

645 2409 715 2459 tio
738 2414 996 2457 mutuatus
1023 2411 1116 2455 est.

650 2552 694 2618 ι
727 2543 1115 2601 Excellentium
1145 2555 1368 2610 operum
1401 2538 1690 2606 scriptores
1722 2535 2013 2602 inscriptis
2043 2535 2152 2587 suis

576 2641 909 2710 potissimum
931 2637 1134 2698 vivere,
1168 2642 1326 2701 atque
1367 2648 1430 2686 ex
1483 2633 1560 2684 eis
1609 2629 1738 2683 solis
1789 2626 2053 2681 interdum
2099 2625 2150 2679 in

577 2731 840 2800 publicam
871 2727 1142 2782 hominum
1176 2725 1418 2779 notitiam
1445 2723 1645 2786 venire,
1690 2720 1871 2775 multis
1897 2721 2153 2788 exemplis

577 2835 639 2876 ac
677 2819 904 2874 diversis
955 2816 1280 2885 temporibus
1327 2815 1586 2884 repetitis,
1633 2824 1714 2868 est
1759 2812 2156 2866 conﬁrmatum.

577 2911 690 2967 lloc
720 2913 892 2980 ipsum
923 2909 990 2964 de
1016 2907 1302 2963 Dracontio
1351 2922 1536 2976 magna
1583 2921 1646 2961 ex
1681 2915 1830 2974 parte
1858 2905 1979 2959 licet
2011 2904 2153 2957 allir-

576 3018 760 3062 mare:
794 3003 982 3072 dequo
1032 3015 1217 3070 pauca,
1264 3014 1433 3068 neque
1463 2999 1590 3054 satis
1621 2997 1848 3053 dilucide
1892 3000 2153 3067 exposita,

579 3104 785 3151 veteres
839 3094 988 3148 nobis
1036 3090 1401 3159 reliquerunt‘;
1455 3092 1784 3144 recentiores
1831 3090 2156 3158 conjecturis

578 3199 690 3240 rem
722 3194 936 3254 agentes
967 3185 1068 3238 alia
1111 3183 1355 3253 qumdam
1403 3182 1740 3245 addiderunt,
1791 3181 1883 3236 sed
1927 3197 2045 3249 qua:
2085 3197 2151 3236 ex

578 3291 708 3330 mss.
771 3275 1092 3329 membranis
1131 3274 1426 3329 carminum
1479 3272 1746 3326 Dracontii
1789 3288 1816 3323 a
1865 3289 1949 3326 me
1992 3289 2159 3340 nuper

578 3366 804 3435 repertis
859 3367 1046 3435 partim
1097 3365 1290 3434 corrigi
1349 3364 1575 3432 possint,
1637 3364 1825 3431 partim
1881 3364 2154 3417 illustrari.

582 3455 714 3509 Dum
746 3456 884 3509 enim
911 3457 1144 3509 carmina
1164 3465 1402 3508 veterum
1435 3463 1706 3524 poetarum
1732 3453 2152 3508 Christianorum

579 3545 810 3614 undique
843 3546 1111 3614 perquiro,
1145 3545 1427 3614 diligenter
1461 3545 1748 3612 perlustro,
1780 3555 1833 3597 et
1857 3545 1921 3597 ad
1949 3555 2154 3599 veteres

579 3633 793 3688 codices
822 3633 1013 3689 sedulo
1044 3649 1316 3697 recenseo,
1347 3635 1480 3689 forte
1511 3634 1717 3688 fortuna
1749 3634 1907 3688 incidi
1937 3635 1985 3688 in
2026 3636 2154 3690 Car--

577 3739 702 3780 men
730 3722 797 3780 de
825 3724 934 3779 Deo
977 3728 1074 3778 sub
1106 3724 1302 3779 Aurelii
1337 3725 1611 3793 Augustini
1661 3725 1873 3778 nomine
1911 3725 1961 3778 in
1989 3740 2156 3779 mem-

575 3815 764 3872 branis
793 3825 1085 3880 exaratum,
1137 3831 1200 3870 ac
1228 3825 1335 3870 tres
1364 3816 1413 3868 in
1447 3816 1614 3870 libros
1641 3816 1888 3879 divisum,
1941 3815 1991 3868 in
2023 3832 2154 3884 quo-

576 3923 698 3963 rum
749 3910 920 3978 primo
961 3902 1324 3964 Hexaemeron
1365 3907 1629 3961 Dracontii
1662 3909 1768 3975 jam
1797 3906 1998 3976 pridem
2043 3907 2155 3962 edi-

578 4009 693 4054 tum
718 3999 1126 4055 continebatur:
1173 4001 1378 4054 initium
1422 3999 1659 4065 ejusdem
1712 3999 1829 4053 libii
1881 3999 2054 4066 primi,
2103 4007 2156 4054 et

580 4089 716 4142 duos
746 4090 980 4158 reliquos
1010 4089 1176 4144 libros
1207 4090 1549 4143 Dracontium
1591 4106 1800 4158 quoque
1833 4089 2030 4144 habere
2061 4105 2153 4144 au-

549 4251 552 4256 _
579 4187 782 4233 ctorem
815 4194 911 4247 pro
937 4189 1084 4234 certo
1116 4195 1256 4232 nunc
1285 4188 1476 4242 statuo,
1511 4194 1577 4231 ne
1601 4195 1682 4245 ,ue
1713 4180 2031 4234 dubitabunt
2069 4182 2155 4249 qui

579 4280 894 4339 argumenta
921 4285 1041 4324 mox
1073 4270 1340 4325 alierenda
1379 4271 1703 4339 expendent.
1754 4280 1846 4324 aut
1892 4272 2152 4340 integrum

580 4376 714 4432 opus
743 4360 939 4432 legent.
975 4361 1048 4415 Ex
1083 4366 1133 4433 2
1167 4363 1264 4415 hoc
1294 4372 1532 4430 poetuate
1555 4363 1805 4415 nonnulla
1835 4363 1920 4415 lux
1948 4364 2071 4417 vitae
2095 4377 2157 4416 ac

580 4451 869 4508 conditioni
899 4453 1164 4507 Dracontii
1189 4452 1400 4521 allulget
1425 4469 1438 4513 ;
1472 4453 1564 4506 sed
1595 4452 1763 4506 multo
1787 4453 1954 4520 major
1974 4454 2153 4522 splen-

581 4545 682 4600 dor
705 4543 910 4600 accedit
955 4558 1019 4598 ex
1073 4545 1295 4612 epistola
1325 4543 1388 4597 ad
1427 4543 1777 4597 Guntharium
1807 4558 1982 4611 regem
2019 4544 2156 4596 Van-

581 4635 843 4698 dalorum,
892 4649 1048 4705 quam
1090 4635 1242 4690 valde
1293 4635 1647 4700 imminutam,
1701 4646 1753 4689 et
1795 4646 2039 4704 tanquam
2089 4636 2153 4688 ad

581 4727 943 4782 Theodosium
974 4727 1248 4782 Juniorem
1283 4729 1577 4796 Augustum
1619 4729 1869 4795 scriptam
1918 4728 2155 4782 Sirmon-

581 4819 681 4873 dus
709 4819 903 4889 aliique
931 4820 1066 4888 typis
1095 4819 1428 4887 evulgarunt.

653 4911 711 4964 2.
739 4911 852 4964 Non
879 4912 1049 4979 patiar
1075 4911 1252 4980 igitur,
1282 4919 1534 4981 quantum
1561 4912 1612 4964 in
1664 4925 1747 4964 me
1794 4920 1892 4977 est,
1946 4923 2001 4966 ut
2043 4921 2151 4967 tam

582 4999 808 5068 insignia
832 4999 1099 5054 Dracontii
1120 5002 1356 5055 carmina
1377 5001 1573 5056 diutius
1593 5003 1798 5070 jaceant
1821 5002 1871 5054 in
1900 5003 2152 5068 tenebris,

583 5100 814 5161 gratum,
840 5101 896 5145 ut
917 5092 1131 5160 opinor,
1157 5091 1391 5147 facturus
1425 5094 1488 5146 iis
1509 5093 1619 5161 qui,
1649 5095 1878 5162 religiosi
1923 5094 2155 5163 antiqui-

581 5182 708 5235 tatis
731 5189 1019 5248 amatores,
1050 5191 1291 5237 veterum
1337 5183 1680 5252 scriptorum,
1734 5184 2026 5253 praesertim
2071 5200 2158 5239 ec-

583 5273 1025 5340 clesiasticorum,
1061 5289 1221 5343 Opera
1245 5277 1484 5328 renovari
1529 5285 1582 5329 et
1625 5276 1878 5330 illustrari
1929 5277 2156 5345 malunt,

583 5378 740 5432 quam
765 5381 900 5421 nova
926 5368 1102 5437 aliqua
1130 5366 1249 5421 cudi
1280 5375 1332 5420 et
1363 5365 1416 5420 in
1443 5365 1612 5420 lucem
1661 5367 1850 5420 emitti.
1905 5367 2152 5422 Profecto

580 5467 726 5524 saepe
770 5472 990 5513 meeum.
1020 5458 1200 5512 animo
1227 5458 1452 5528 cogitavi
1480 5458 1613 5526 quid
1641 5473 1816 5513 causae
1841 5473 1961 5514 esse
1987 5462 2152 5528 possit

581 5562 682 5602 cur
704 5556 980 5618 tantopere
1008 5551 1210 5618 priscos
1240 5549 1530 5618 scriptores
1563 5551 1865 5605 recentibus
1895 5549 2154 5620 praefera-

582 5653 722 5701 mus,
749 5655 869 5693 cum
898 5649 1075 5696 tamen
1101 5641 1176 5696 illi
1208 5642 1308 5710 ipsi
1335 5652 1388 5697 et
1419 5656 1512 5696 sua
1535 5652 1690 5696 astate
1713 5643 1904 5696 fuerint
1932 5643 2078 5708 novi,
2101 5652 2158 5698 et

583 5728 910 5793 antiquiores
938 5733 1071 5786 alios
1097 5731 1251 5786 unice
1273 5733 1593 5787 amaverint.
1633 5733 2005 5801 Pervulgatum
2029 5733 2158 5787 illud

585 5825 666 5876 est
693 5817 758 5870 de
781 5821 1051 5878 (ctutcdds
1074 5822 1212 5879 quod
1237 5810 1468 5879 Muretus
1495 5824 1587 5879 lib.
1615 5839 1742 5892 xvn,
1784 5839 1899 5894 cap.
1939 5825 1996 5882 ll
2033 5823 2153 5880 Var.
2177 5898 2196 5902 Ψ

2175 2143 2215 2201 Α
2247 2142 2371 2196 lect.
2427 2141 2724 2212 prolert,ut
2756 2152 2990 2198 veterum
3021 2154 3346 2213 scriptorum
3379 2144 3623 2199 lectionem
3648 2156 3738 2196 cem

2258 2225 2491 2302 mendct,
2527 2252 2592 2291 ex
2624 2237 2844 2305 prologo
2872 2237 2934 2291 ad
2968 2238 3214 2292 Casinam
3245 2239 3447 2292 Plauti:

2443 2347 2561 2396 Vino
2585 2351 2665 2407 qui
2693 2354 2891 2396 utuntur
2915 2349 3071 2396 veteri
3092 2350 3343 2408 sapientes
3372 2355 3499 2406 puto.

2449 2410 2503 2470 lit
2536 2413 2614 2470 qui
2645 2418 2840 2457 veteres
2863 2417 3086 2470 spectant
3110 2411 3327 2458 libenter
3349 2410 3545 2458 fabulas.

2444 2469 2561 2532 Nam
2590 2485 2715 2517 nunc
2741 2484 2873 2520 nova:
2894 2469 3005 2532 qua:
3031 2473 3146 2521 tiunt
3173 2473 3421 2520 comoedice

2440 2531 2588 2581 Multo
2613 2541 2725 2582 sunt
2748 2531 3010 2595 nequiores
3035 2547 3174 2594 quam
3199 2536 3380 2581 nummi
3407 2535 3522 2582 novi.

2253 2632 2516 2688 Czeterum
2549 2637 2766 2704 querela
2797 2634 2911 2690 haec
2944 2635 3040 2690 fuit
3068 2637 3308 2692 omnium
3339 2647 3560 2701 tetalum,
3580 2632 3760 2688 omnium

2255 2726 2552 2786 nationum.
2581 2741 2740 2795 quam
2775 2726 3042 2794 Horatius,
3099 2728 3357 2784 Ma’rtialis
3401 2728 3580 2798 aliique
3603 2723 3763 2796 egregie

2257 2818 2573 2874 refutarunt.

2327 2911 2380 2966 5.
2415 2912 2595 2982 Neque
2625 2921 2803 2968 tamen
2848 2923 3133 2983 propterea
3167 2913 3295 2983 jure
3319 2915 3578 2984 quisquam
3603 2908 3767 2980 negabit

2257 3005 2490 3058 maximo
2537 3005 2589 3058 in
2641 3004 2844 3059 honore
2887 3015 2943 3060 et
2990 3004 3166 3075 pretio
3221 3005 3459 3061 habenda
3486 2999 3769 3061 esseealere

2257 3095 2436 3150 omnia
2469 3105 2812 3151 monumenta
2859 3111 2976 3165 qua:
3027 3111 3120 3166 per
3166 3095 3383 3167 longam
3413 3094 3768 3150 sxeulortunse-

2259 3189 2389 3243 riem
2419 3188 2484 3244 ad
2517 3204 2612 3244 nos
2641 3187 2953 3243 transmissa
2985 3199 3368 3258 pervenerunt.
3408 3189 3531 3244 Cum
3555 3184 3674 3242 enim
3697 3198 3768 3236 an-

2261 3280 2420 3350 liquis
2445 3264 2778 3350 temporibus
2819 3280 3020 3350 scripta
3048 3294 3153 3334 non
3179 3281 3302 3336 sine
3327 3293 3508 3349 magno
3531 3275 3768 3344 exscripto-

2260 3391 2375 3430 rum
2407 3376 2590 3431 labore
2611 3375 3032 3444 divulgarentur,
3072 3375 3428 3443 judicandum
3465 3380 3597 3428 certe
3615 3376 3680 3426 est
3701 3374 3769 3418 θος

2259 3469 2494 3534 codices,
2546 3471 2634 3538 qui
2667 3478 2786 3538 post
2817 3468 3012 3522 multos
3041 3468 3108 3523 ab
3153 3477 3433 3523 auctorum
3475 3463 3608 3520 obitu
3642 3467 3768 3512 annos

2260 3561 2775 3626 transcribebantur,
2800 3559 2998 3630 aliquid
3030 3574 3138 3628 prae
3170 3573 3229 3614 se
3262 3568 3316 3614 et
3351 3559 3404 3614 in
3445 3571 3499 3612 se
3526 3554 3647 3610 ferre
3666 3540 3768 3619 quod

2259 3655 2440 3708 laudes
2473 3653 2802 3722 posteritatis
2832 3653 2999 3721 possit
3028 3651 3300 3706 obtinere.
3343 3649 3497 3705 Certe
3524 3645 3663 3701 multa
3683 3650 3770 3708 qua

2259 3760 2399 3799 nunc
2426 3745 2566 3813 typis
2594 3743 2748 3798 facile
2778 3743 2918 3797 edita
2949 3753 3004 3797 et
3048 3740 3568 3811 magniﬁcentissime
3605 3729 3769 3804 quidem

2258 3851 2474 3901 excusa,
2524 3837 2810 3891 aeternitati
2839 3835 3237 3906 quodammodo
3259 3831 3688 3890 commendantur,
3707 3836 3771 3875 ve-

2259 3942 2381 3980 reor
2410 3935 2466 3979 ut
2499 3937 2614 3995 post
2643 3926 2922 3981 duodecim
2953 3934 3043 3980 aut
3070 3925 3376 3995 quindecim
3407 3922 3586 3979 saecula
3612 3915 3770 3989 patien-

2259 4026 2340 4070 ter
2371 4017 2648 4087 quisquam
2689 4016 2866 4086 legere
2894 4015 3171 4082 susﬁneat,
3215 4031 3341 4071 cum
3385 4014 3542 4084 gratia
3579 4019 3625 4064 et
3661 4005 3772 4059 lavor

2257 4109 2512 4174 cessabit,
2563 4124 2683 4164 cum
2733 4109 2972 4176 judicare
3017 4107 3186 4162 libere
3233 4107 3437 4163 licebit.
3481 4103 3599 4159 Huic
3635 4103 3769 4151 autem

2261 4199 2587 4269 prsejudicio,
2616 4199 2758 4269 quod
2789 4198 3022 4268 antiquis
3047 4198 3302 4253 omnibus
3331 4193 3654 4264 scriptoribus
3671 4198 3769 4254 quo-

2259 4305 2375 4344 rum
2405 4300 2618 4344 exstant
2644 4304 2803 4358 opera
2834 4291 2994 4354 lavet,
3027 4289 3078 4358 3
3103 4288 3168 4343 ad
3193 4287 3532 4343 Dracontium
3557 4288 3770 4335 commen-

2257 4382 2487 4436 dandum
2516 4381 2722 4437 accedit
2747 4381 3002 4450 praeclara
3047 4381 3114 4434 de
3156 4395 3221 4434 eo
3274 4375 3583 4434 existimatio
3611 4385 3665 4426 ex
3701 4367 3772 4420 im-

2259 4473 2494 4542 perlecto
2520 4473 2636 4541 ejus
2667 4482 2914 4541 poemate
2946 4471 3053 4540 jam
3084 4469 3286 4524 dudum
3311 4477 3570 4536 concepta.

2331 4569 2386 4620 4.
2415 4565 2546 4619 Cum
2586 4582 2714 4621 vero
2754 4568 2975 4620 ineunte
3008 4565 3204 4620 seculo
3245 4581 3276 4616 v
3322 4561 3555 4619 ﬂoruerit
3591 4557 3770 4611 Dncon'

2261 4657 2388 4723 tius,
2411 4673 2517 4728 quo
2547 4668 2789 4727 tempore
2827 4667 2882 4713 et
2910 4657 3064 4713 bonae
3091 4657 3283 4711 littera:
3314 4655 3572 4725 vigebant,
3601 4656 3647 4702 et
3669 4638 3774 4697 Lali-

2261 4750 2441 4805 nitatis
2473 4765 2575 4806 non
2622 4750 3028 4806 contemnendae
3074 4749 3362 4820 peculiaris
3389 4747 3588 4817 quidam
3612 4744 3774 4809 gustuS.

2182 4869 2229 4932 ρ
2263 4841 2559 4910 praesertim
2608 4841 2661 4896 in
2713 4842 2903 4910 poetis,
2955 4849 3254 4908 supererat,
3306 4847 3364 4894 et
3386 4835 3611 4893 doctrina
3644 4823 3776 4880 eccleo

2260 4932 2596 4986 siasticarum
2629 4947 2808 4986 rerum
2852 4946 3119 4986 summum
3163 4931 3372 4999 apicem
3416 4927 3657 4996 attigeral.
3698 4927 3776 4967 που

2259 5020 2446 5074 dubito
2469 5021 2595 5090 quin
2627 5031 2733 5074 tam
2763 5036 2928 5076 sacra:
2955 5036 3115 5089 quam
3135 5021 3373 5088 profante
3395 5014 3778 5073 litteraturaestu-

2261 5111 2393 5165 diosi
2437 5109 2693 5166 ambabus
2746 5111 2886 5166 ulnis
2929 5125 3106 5166 meum
3155 5111 3426 5180 excipiant
3471 5098 3774 5160 Dracontium-

2267 5205 2340 5259 De
2366 5204 2520 5273 cujus
2551 5203 2796 5260 laudibus
2828 5205 2976 5274 plura
3008 5220 3112 5258 non
3143 5202 3349 5268 dicam,
3391 5216 3457 5256 ne
3484 5199 3610 5252 forte
3631 5186 3778 5254 aliquig

2261 5311 2325 5351 ex
2354 5295 2554 5350 Lucilio
2585 5296 2723 5364 apud
2740 5297 2805 5351 A.
2831 5296 3058 5351 Gellium
3081 5295 3172 5354 lib.
3203 5310 3279 5358 ut,
3311 5308 3430 5362 cap.
3458 5288 3539 5350 M,
3561 5283 3776 5353 opponat:

2324 5405 2535 5469 Quidni?
2556 5415 2606 5456 et
2625 5415 2781 5455 scruta
2805 5407 3002 5469 quidem
3027 5412 3079 5454 ut
3101 5406 3278 5454 vendat
3296 5391 3720 5469 scrutariuslangﬂ.

2326 5462 2634 5516 Prefractam
2659 5462 2916 5529 strigilem,
2936 5467 3118 5516 soleam
3143 5469 3389 5529 improbos
3405 5462 3687 5511 dimidiatam.

2267 5549 2416 5617 Quod
2470 5551 2521 5603 in
2570 5549 2910 5604 Dracontium
2959 5550 3141 5604 multis
3188 5549 3316 5602 locis
3353 5546 3520 5598 adhuc
3563 5533 3774 5591 mutilum.

2272 5642 2454 5695 multis
2481 5650 2788 5709 corruptum
2823 5643 2992 5709 possit
3017 5642 3319 5696 convenire.
3367 5637 3476 5703 Qua
3504 5634 3551 5688 in
3581 5644 3631 5683 re
3655 5625 3690 5678 si
3711 5618 3777 5672 δε·

2271 5733 2516 5787 fensione
2546 5745 2679 5802 Opus
2701 5731 2788 5797 sit,
2822 5732 3095 5788 advocabo
3121 5729 3464 5800 antiquarios,
3494 5722 3574 5793 qui
3596 5714 3780 5783 βτο¹ί²³⁶

2271 5822 2702 5885 dissertationes,
2734 5837 2795 5876 ac
2829 5823 2969 5887 iusta
3011 5824 3275 5878 volumina
3315 5819 3380 5874 de
3416 5811 3620 5871 semesi:
3643 5811 3781 5864 θεῖτο·
